3924 6176
382 352 475 418 691
1034 359 1093 412 Β.
1136 357 1387 413 RABANI
1430 358 1648 415 MAURI
1687 357 2007 414 AllClilEi’.
2051 355 2362 416 MOGUNT.
2405 353 2685 413 OPERUM
2727 355 2906 411 PARS
2945 352 2986 410 i.

3507 351 3602 417 (illi

382 482 561 534 minus
585 472 870 544 diligenter
893 470 1209 535 intendunt,
1244 470 1434 525 eodem
1466 468 1606 523 iacta
1636 470 1825 524 ordine
1855 485 1962 539 quo
1991 474 2036 531 Α
2066 469 2277 524 crctcris
2306 468 2515 523 actiius
2537 466 2874 521 circumcisis
2897 463 3124 520 Domino
3146 466 3475 536 mancipavit,
3499 486 3608 524 ssn-

383 574 694 624 narrantur.

971 651 1198 708 CAPUT
1240 650 1379 707 XXX.

456 748 532 801 De
559 745 849 800 saccrdotio
880 744 1054 798 Aaron
1084 754 1239 814 atque
1264 738 1549 798 ministerio
1574 739 1893 799 Levitarum.
1936 808 1942 813 _

456 836 603 905 (Car.
641 835 819 907 XV’lll.)
862 834 1110 905 Dixitque
1142 833 1399 888 Dominus
1437 833 1506 887 ad
1540 835 1718 888 Aaron
1750 849 1768 886 :
1808 834 1886 888 Tu
1919 844 1967 890 et

386 928 484 994 [itii
509 926 586 979 tui
609 935 657 980 et
687 926 872 979 domus
901 926 1066 994 patris
1098 926 1175 978 tui
1209 934 1382 978 terum
1406 923 1687 994 portabunt
1720 925 1969 996 iniquita-

384 1027 482 1069 tem
508 1015 829 1078 sanctuarii,
856 1023 903 1067 et
932 1023 989 1069 tu
1013 1024 1061 1068 et
1084 1014 1184 1083 ﬁlii
1219 1015 1297 1068 tui
1324 1012 1484 1067 simul
1509 1015 1826 1069 sustinebitis
1853 1032 1968 1085 pec-

382 1114 499 1161 cata
530 1107 808 1160 sacerdotii
832 1107 1017 1172 vestri,
1048 1115 1104 1167 et
1132 1106 1227 1161 rel.
1262 1106 1388 1162 ιίλιιο
1416 1115 1541 1163 sunt
1572 1116 1819 1177 peccata,
1848 1124 1970 1179 qum

383 1197 723 1268 appellantur
750 1198 1018 1254 sacriﬁcia
1046 1214 1146 1269 pro
1180 1198 1437 1269 peccatis.
1479 1197 1712 1254 Proinde
1745 1210 1967 1270 peccata

384 1298 698 1346 Sanctorum
729 1289 871 1344 dicta
913 1297 1075 1354 sunt,
1103 1305 1210 1344 non
1236 1305 1356 1361 qua:
1384 1289 1557 1345 sancti
1588 1292 1965 1355 committunt,

382 1380 475 1435 sed
504 1374 570 1435 ab
599 1396 664 1435 eo
693 1380 838 1450 quod
867 1388 994 1434 sunt
1020 1389 1207 1435 sancta
1226 1422 1242 1447 ,
1276 1381 1477 1436 dictum
1503 1390 1590 1436 est
1623 1390 1964 1448 sanctorum,

382 1470 508 1540 q‘uia
539 1472 593 1525 in
623 1470 827 1526 sanctis
845 1469 1173 1537 oﬁ‘cruntur,
1193 1479 1249 1526 ct
1273 1481 1496 1542 peccata
1521 1472 1776 1527 dicuntur
1800 1473 1968 1527 sacri-

385 1562 504 1618 ticia
544 1578 641 1632 pro
676 1563 913 1632 peccatis
941 1582 953 1616 :
988 1558 1107 1619 ideo
1141 1557 1404 1634 appellata
1434 1572 1561 1620 sunt
1584 1571 1803 1633 peccata
1835 1580 1963 1620 sane

382 1667 624 1717 czortnn,
669 1664 724 1709 et
761 1664 983 1723 peccata
1024 1655 1312 1711 sacerdotii
1341 1657 1536 1722 vestri,
1571 1657 1623 1712 id
1658 1667 1742 1712 est
1777 1656 1965 1711 eadem

385 1737 499 1817 ipsa
528 1763 648 1817 qum
671 1746 972 1803 ofieruntur
997 1757 1093 1817 pro
1127 1748 1386 1818 peccatis.
1413 1748 1566 1803 Sicut
1592 1749 1762 1804 etiam
1791 1749 1845 1802 in
1869 1747 1981 1802 ἲιθς

384 1813 831 1901 vitieovdeciarat,
864 1847 920 1894 et
940 1813 1214 1908 pertinere
1241 1839 1438 1897 debere
1465 1839 1596 1894 dicit
1625 1840 1691 1894 ad
1715 1838 1965 1894 sacerdo-
1996 1813 2039 1872 υ

381 1940 510 1985 tem.
541 1930 753 1986 Aliter:
785 1930 884 1997 Qui
923 1929 1175 1985 nmiiores
1215 1943 1370 1995 sum,
1405 1928 1721 1985 inferiorum
1750 1942 1966 1999 semper

378 2024 563 2092 culpas
594 2030 648 2077 ct
673 2028 898 2093 peccata
928 2018 1251 2092 suscipiunt.
1296 2022 1389 2077 Sic
1415 2020 1556 2077 enim
1584 2032 1639 2077 et
1679 2020 1966 2091 Apostolus

377 2116 511 2171 dicit
541 2132 557 2170 :
600 2113 723 2181 Vos,
758 2115 852 2186 qui
888 2116 1130 2185 fortiores
1156 2115 1298 2177 estis,
1326 2108 1701 2168 imbecillitates
1727 2113 1965 2182 inﬁrmo-

378 2224 494 2260 rum
521 2208 770 2262 sustinete
801 2205 974 2278 (Rom.
1005 2205 1117 2277 xv).
1148 2206 1390 2261 Israelita
1421 2206 1466 2261 si
1508 2213 1727 2276 peccet,
1758 2204 1811 2260 id
1846 2213 1961 2270 est,

377 2290 568 2363 laicus,
600 2299 714 2369 ipse
747 2314 909 2354 suum
941 2313 1047 2353 non
1076 2306 1256 2369 potest
1278 2285 1493 2352 auferre
1521 2303 1798 2366 peccatum
1818 2335 1834 2361 ,
1867 2295 1962 2351 sed

380 2395 608 2465 requirit
643 2390 890 2449 Levitarn
910 2433 925 2457 ,
956 2392 1165 2462 indiget
1191 2391 1504 2457 sacerdote;
1537 2392 1645 2445 imo
1675 2389 1881 2460 potius,
1910 2396 1967 2446 et

379 2487 559 2541 adhuc
595 2485 790 2539 horum
826 2481 1026 2552 aliquid
1064 2484 1395 2539 eminentius
1430 2482 1624 2552 quaerit
1659 2500 1671 2535 :
1707 2480 1964 2550 pontiﬁce

378 2589 516 2644 opus
555 2582 668 2636 cst,
714 2581 775 2627 ut
811 2581 1159 2642 peccatorum
1199 2567 1571 2628 remissionem
1612 2571 1782 2642 possit
1821 2570 1965 2626 acci-

379 2682 525 2736 pere.
560 2663 827 2720 Sacerdos
849 2669 1028 2717 autem
1053 2661 1100 2718 si
1129 2654 1407 2732 delinquat
1434 2669 1525 2715 aut
1544 2659 1815 2731 pontifex,
1850 2660 1964 2730 ipse

377 2773 535 2812 suum
564 2764 743 2827 potest
770 2769 1001 2826 purgare
1023 2762 1329 2825 peccatum,
1364 2753 1409 2809 si
1437 2762 1616 2809 tamen
1642 2764 1748 2808 nan
1774 2762 1964 2823 peccet

378 2848 433 2903 in
460 2849 650 2903 Deum.
676 2846 1080 2918 Requirendum
1104 2853 1188 2901 est
1210 2845 1481 2915 quomodo
1503 2853 1557 2900 et
1580 2844 1755 2901 sancti
1779 2844 1963 2901 dican-

379 2949 467 2994 tur
492 2938 680 3008 aliqui,
708 2946 763 2993 et
788 2937 854 2992 dc
882 2936 1117 3007 peccatis
1143 2951 1330 2992 eorum
1357 2935 1644 2990 scribatur.
1673 2934 1792 2990 Non
1818 2934 1961 2990 enim

379 3038 571 3101 putant
598 3027 819 3099 quidam
838 3070 852 3093 ,
887 3028 1068 3101 statim
1105 3033 1167 3081 ut
1195 3026 1285 3096 qui
1322 3034 1540 3080 sanctus
1567 3040 1686 3081 esse
1714 3024 1961 3095 cmperit,

378 3096 756 3192 peccare—jam
798 3134 906 3175 non
949 3096 1157 3188 potest,
1203 3125 1258 3172 et
1288 3117 1548 3173 continuo
1584 3118 1704 3172 sine
1737 3123 1961 3186 peccato

378 3210 650 3281 putandus
687 3219 790 3265 est.
842 3208 902 3264 Si
942 3209 1087 3264 enim
1126 3215 1346 3263 sanctus
1387 3224 1493 3263 non
1530 3215 1811 3278 peccaret,
1852 3222 1960 3261 non

378 3301 567 3371 utique
597 3300 857 3371 scriptum
885 3307 1030 3353 esset
1056 3314 1075 3352 τ
1113 3297 1344 3354 Sumetis
1386 3304 1597 3369 peccata
1636 3307 1958 3352 sanctorum.

376 3392 437 3447 Si
472 3400 694 3447 sanctus
722 3390 839 3445 sine
876 3396 1100 3458 peccato
1127 3396 1300 3455 esset,
1333 3404 1440 3444 non
1470 3388 1676 3444 diceret
1702 3387 1963 3442 Dominus

378 3497 477 3552 per
500 3481 840 3536 Ezechieiem
868 3478 1189 3551 prophetam
1214 3482 1281 3536 ad
1308 3481 1529 3552 angelos
1553 3495 1689 3550 quos
1712 3479 1963 3535 mittebat

374 3581 691 3645 peccatores
710 3572 923 3643 punire,
948 3570 1015 3626 Et
1039 3589 1071 3625 a
1091 3573 1287 3633 sanctis
1310 3574 1440 3627 meis
1462 3571 1717 3642 incipiatis
1742 3569 1959 3642 (Ezeclt.

378 3663 520 3734 vnn).
549 3662 838 3734 Apostolus
866 3663 933 3719 ad
960 3661 1275 3719 Corinthios
1298 3661 1545 3719 scribens
1564 3662 1735 3717 dicit:
1757 3659 1962 3717 Paulus

375 3764 588 3811 vocatus
632 3753 899 3825 apostolus
938 3752 1068 3808 Iesu
1111 3753 1326 3809 Christi.
1369 3749 1437 3807 Et
1462 3760 1589 3822 post
1612 3766 1781 3822 pauca
1813 3750 1964 3807 :.Ec-

374 3847 545 3901 etesiae
573 3844 693 3910 Dei,
718 3856 837 3915 quae
873 3853 949 3898 est
987 3842 1245 3908 Corinthi,
1285 3841 1629 3910 sanctiﬁcatis
1661 3841 1716 3895 in
1755 3838 1963 3895 Christo

376 3937 528 3999 Jesu,
559 3936 757 3990 vocatis
782 3934 979 3989 sanctis
1009 3933 1061 4006 (Ι
1088 3932 1210 3988 Cor.
1241 3932 1304 4002 ι).
1349 3926 1486 3988 istos
1516 3947 1644 4002 ergo
1669 3942 1807 4000 Quos
1840 3946 1965 3986 san-

375 4024 647 4082 ctiﬁcatos
672 4032 729 4078 et
753 4032 974 4090 sanctos
998 4021 1255 4092 appellat,
1275 4020 1401 4075 audi
1428 4029 1631 4090 quanta
1660 4020 1715 4074 in
1735 4018 1816 4074 eis
1839 4032 1965 4088 pec-

374 4125 497 4174 cata
544 4114 921 4187 reprehendat.
967 4113 1058 4168 Ait
1103 4112 1249 4167 enim
1293 4111 1350 4166 in
1394 4109 1744 4181 sequentibus
1779 4125 1794 4164 :
1832 4108 1961 4164 Cum

372 4210 510 4264 enim
537 4210 642 4262 sint
668 4206 807 4261 inter
828 4222 914 4261 vos
935 4203 1294 4260 inmutatione:
1318 4213 1365 4257 et
1390 4203 1763 4267 contentiones,
1792 4218 1965 4257 nonne

375 4301 616 4356 carnales
635 4300 779 4367 estis,
800 4309 848 4354 et
872 4298 1160 4354 secundum
1181 4297 1441 4351 hominem
1463 4294 1743 4350 ambuletis
1764 4294 1816 4367 (Ι
1837 4292 1958 4349 Cor.

376 4392 496 4464 nt)?
523 4392 590 4447 Et
610 4392 811 4448 iterum
843 4408 858 4446 :
895 4384 1166 4462 Tanquam
1192 4398 1366 4443 autem
1402 4401 1509 4442 non
1539 4396 1756 4442 venturo
1782 4402 1864 4440 me
1893 4384 1967 4457 ad,

2069 570 2190 618 ctus
2229 561 2444 617 dicitur.
2491 560 2676 614 Potest
2706 568 2882 613 autem
2926 557 3064 625 fieri,
3102 567 3161 612 ut
3202 568 3253 613 et
3299 559 3350 612 in
3387 559 3481 615 hoc
3512 562 3613 631 ipso

2068 669 2173 725 quo
2200 652 2426 707 Domino
2479 650 2733 715 deservit,
2775 664 2880 703 non
2918 648 2994 703 ita
3035 649 3218 703 omnia
3255 658 3405 720 gerat
3437 659 3492 704 ut
3516 652 3613 721 geri

2067 742 2344 811 cmnpctit,
2372 741 2464 795 sed
2494 740 2769 808 delinquat
2796 738 2851 793 in
2881 738 3151 794 nonnullis
3173 748 3227 794 ct
3250 748 3451 809 peccet.
3482 739 3617 797 Sicut

2066 832 2208 887 enim
2258 832 2302 887 is
2346 830 2437 901 qui
2488 836 2789 899 sequestrat
2828 843 2886 884 se
2926 838 2985 883 et
3016 837 3262 900 segregat
3299 829 3366 885 ab
3389 831 3619 887 omnibus

2067 922 2294 986 actibus,
2339 930 2399 975 ut
2439 918 2779 991 disciplinam
2820 919 2970 974 verbi
3016 920 3189 990 gratia
3234 920 3504 975 medicina:
3539 924 3620 976 aut

2066 1012 2419 1086 philosophia:
2455 1018 2837 1080 consequatur,
2869 1025 2974 1065 non
3004 1010 3191 1082 utique
3220 1011 3469 1065 continuo
3491 1021 3546 1065 ut
3570 1028 3621 1067 se

2070 1101 2373 1172 hujusmodi
2402 1100 2680 1155 tradiderit
2708 1098 3031 1169 disciplinis,
3061 1100 3134 1153 ita
3160 1098 3426 1169 perfectus
3451 1102 3546 1154 erit
3571 1106 3622 1156 ut

2069 1209 2173 1248 non
2223 1190 2529 1248 inveniatur
2563 1188 2616 1246 in
2645 1187 2826 1259 aliquo
2865 1202 3126 1261 peccare;
3175 1189 3283 1244 imo
3315 1190 3487 1260 potius
3522 1190 3622 1258 plu-

2070 1284 2206 1339 rima
2251 1282 2630 1353 delinquendo,
2674 1280 2765 1336 vix
2812 1280 2879 1334 ad
2926 1276 3314 1350 perfectionem
3361 1278 3627 1348 aliquando

2067 1377 2377 1449 perveniet;
2406 1385 2461 1432 et
2488 1375 2669 1430 statim
2700 1383 2878 1430 tamen
2903 1381 2963 1427 ut
2987 1388 3045 1428 se
3071 1373 3137 1428 ad
3162 1370 3464 1444 huiusmodi
3492 1372 3627 1429 scho-

2067 1468 2147 1523 las
2175 1467 2426 1531 tradidit,
2458 1474 2667 1521 certnm
2699 1472 2783 1519 est
2822 1479 2948 1523 eum
2974 1463 3058 1517 vel
3097 1464 3241 1519 inter
3276 1463 3526 1528 medicos,
3552 1462 3626 1519 vel

2066 1560 2208 1614 inter
2230 1556 2574 1628 philosophos
2613 1554 2889 1610 numerari
2915 1572 2927 1608 :
2964 1554 3038 1609 ita
3063 1555 3129 1610 de
3155 1555 3357 1609 sanctis
3380 1556 3627 1626 accipiens

2066 1649 2193 1707 dum
2221 1656 2333 1713 est,
2375 1646 2516 1718 quod
2549 1645 2732 1700 statim
2767 1644 2984 1713 quidem
3015 1650 3072 1698 ut
3119 1644 3391 1714 mancipat
3432 1658 3489 1699 se
3520 1644 3627 1714 quis

2066 1740 2265 1795 studiis
2306 1737 2632 1803 sanctitatis,
2682 1735 2977 1791 secundum
3028 1734 3134 1789 hoc
3177 1735 3323 1804 quod
3373 1735 3628 1804 proposuit

2066 1840 2284 1887 sanctus
2311 1828 2637 1900 appelletur;
2663 1826 2958 1883 secundum
2979 1825 3082 1881 hoc
3102 1841 3232 1879 vero
3256 1826 3399 1896 quod
3427 1839 3629 1880 necesse

2066 1930 2151 1978 cst
2169 1938 2292 1976 cum
2322 1921 2377 1976 in
2402 1919 2585 1974 multis
2607 1917 2941 1988 delinquere,
2966 1916 3140 1971 donec
3168 1932 3269 1971 usu
3293 1923 3348 1971 et
3369 1914 3628 1986 disciplina

2065 2028 2130 2070 ac
2151 2013 2427 2086 diligentia
2455 2011 2801 2067 abscindatur
2829 2009 2895 2064 ab
2919 2024 2985 2063 eo
3005 2007 3342 2064 consuetudo
3368 2007 3626 2076 peccandi,

2064 2107 2228 2163 etiam
2256 2111 2531 2176 peccator,
2560 2108 2621 2155 ut
2648 2114 2809 2168 supra
2840 2097 3097 2163 diximus,
3128 2096 3497 2166 appellabitur.
3531 2096 3629 2163 Ego

2065 2207 2247 2253 autem
2285 2204 2342 2251 et
2380 2193 2610 2264 amplius
2640 2191 2799 2255 addo,
2832 2188 2976 2260 quod
3002 2188 3105 2242 nisi
3133 2195 3381 2242 sanctum
3407 2185 3629 2256 proposi-

2065 2299 2179 2344 tum
2205 2287 2399 2357 aliquis
2422 2285 2635 2346 habeat,
2660 2291 2715 2336 et
2741 2279 3045 2335 sanctitatis
3070 2278 3307 2333 studium
3334 2284 3496 2347 gerat,
3518 2290 3627 2329 cum

2063 2378 2401 2452 peccaverit,
2436 2375 2611 2431 nescit
2639 2373 2845 2445 peccati
2880 2371 3279 2442 ptenitudinem
3308 2382 3511 2440 gerere,
3550 2383 3629 2421 ne

2064 2472 2162 2527 scit
2189 2468 2368 2526 delicti
2399 2465 2695 2523 remedium
2729 2477 2992 2534 qumrere.
3025 2461 3125 2528 Qui
3158 2475 3266 2515 non
3298 2470 3423 2516 sunt
3450 2458 3625 2521 sancti,

2065 2564 2119 2619 in
2165 2561 2403 2634 peccatis
2443 2559 2557 2614 suis
2602 2555 2927 2611 moriuntur.
2971 2552 3073 2621 Qui
3119 2552 3298 2608 sancti
3349 2558 3497 2614 sunt,
3540 2562 3627 2619 pro

2063 2654 2302 2726 peccatis
2329 2647 2719 2722 pannitudinem
2758 2653 2974 2718 gerunt,
3005 2643 3225 2697 vulnera
3260 2657 3357 2697 sua
3384 2640 3629 2700 sentiunt,

2064 2741 2368 2815 intelligunt
2395 2740 2599 2812 lapsus,
2637 2737 2918 2808 requirunt
2942 2735 3319 2797 sacerdotem,
3357 2730 3623 2785 sanitatem

2065 2838 2383 2907 deposcunt,
2424 2829 2858 2905 puriﬁcationem
2894 2842 2993 2898 per
3022 2822 3339 2895 pontificem
3377 2827 3621 2892 qumrunt.

2064 2930 2272 2984 idcirco
2299 2942 2428 2999 ergo
2453 2934 2613 2982 caute
2647 2931 2702 2978 et
2730 2919 3104 2993 significanter
3130 2932 3316 2973 sermo
3345 2916 3472 2988 legis
3499 2912 3622 2968 desii-

2065 3025 2196 3086 gnat
2223 3016 2349 3086 quia
2377 3012 2658 3085 pontiﬁces
2688 3018 2741 3066 et
2770 3009 3102 3073 sacerdotes,
3132 3021 3241 3060 non
3274 3016 3619 3077 quorumcum

2068 3125 2191 3179 quc,
2232 3107 2331 3162 sed
2375 3112 2687 3161 sanctorum
2730 3100 3099 3156 tantummodo
3138 3106 3363 3153 sumant
3400 3101 3619 3167 peccata.

2066 3202 2299 3257 Sanctus
2320 3196 2462 3253 enim
2490 3204 2575 3252 est
2599 3196 2690 3268 qui
2715 3202 2996 3265 peccatum
3028 3206 3183 3248 suum
3212 3206 3317 3260 per
3339 3187 3621 3261 pontiﬁcem

2063 3299 2238 3347 curat.
2285 3288 2393 3345 Sed
2421 3287 2706 3343 redeamus
2733 3286 2799 3340 ad
2831 3283 3140 3355 pontiﬁcem
3168 3290 3449 3345 nostrum,
3468 3278 3624 3350 ponti—

2064 3383 2221 3439 ﬁcem
2250 3396 2528 3452 magnum,
2567 3379 2660 3450 qui
2697 3378 3002 3449 penetravit
3036 3375 3202 3431 cmlos
3244 3372 3428 3430 Jesum
3456 3370 3622 3426 Domi-

2062 3483 2192 3531 num
2219 3479 2461 3528 nostrum
2481 3510 2496 3537 ,
2534 3476 2591 3526 et
2614 3470 2892 3524 videamus
2921 3464 3190 3538 quomodo
3224 3466 3346 3536 ipse
3370 3479 3489 3521 cum
3515 3460 3625 3515 ﬁliis

2063 3566 2199 3631 suis,
2239 3563 2495 3636 apostolis
2525 3562 2731 3619 scilicet
2756 3570 2811 3616 et
2835 3560 3184 3631 martyribus,
3226 3559 3398 3613 sumit
3425 3561 3623 3628 peccata

2063 3664 2395 3712 sanctorum.
2442 3652 2511 3708 Et
2549 3652 2764 3724 quidem
2800 3649 2946 3719 quod
2986 3648 3249 3703 Dominus
3280 3656 3463 3703 nostcr
3486 3642 3626 3697 Iesus

2062 3747 2313 3807 Christus
2337 3747 2486 3803 venit
2509 3754 2570 3801 ut
2595 3743 2808 3800 tolleret
2835 3749 3116 3813 peccatum
3148 3740 3362 3805 mundi,
3390 3746 3443 3793 et
3469 3740 3626 3790 morte

2062 3854 2162 3895 sua
2204 3845 2427 3909 peccata
2465 3834 2766 3900 deleverit,
2817 3831 2998 3887 nullus
3036 3830 3125 3900 qui
3162 3826 3441 3885 Christum
3472 3824 3626 3881 credit

2063 3932 2294 4001 ignorat.
2331 3926 2612 3996 Quomodo
2639 3933 2818 3981 autem
2856 3932 2912 3979 et
2950 3922 3044 3977 ﬁlii
3081 3921 3198 3992 ejus
3236 3921 3487 3977 auferant
3511 3932 3623 3988 pec-

2063 4030 2184 4079 cata
2231 4030 2577 4086 sanctorum,
2629 4020 2684 4075 id
2730 4027 2814 4074 est
2860 4014 3089 4088 apostoli
3140 4023 3194 4071 et
3243 4025 3538 4087 martyres,
3586 4010 3625 4065 si

2060 4114 2381 4186 poterimus,
2405 4129 2468 4170 ex
2496 4112 2694 4169 divinis
2717 4107 3014 4180 Scripturis
3037 4109 3275 4178 probare
3297 4105 3622 4161 tentabimus.

2061 4207 2200 4263 Audi
2230 4206 2405 4277 primo
2434 4205 2661 4259 Paulum
2692 4201 2960 4258 dicentem
2986 4217 3000 4254 :
3035 4198 3304 4263 Libenter,
3333 4196 3523 4267 inquit,
3548 4208 3625 4248 ex—

2061 4297 2285 4370 pendunt
2315 4308 2362 4352 et
2390 4295 2656 4368 expendar
2691 4311 2786 4366 pro
2824 4293 3098 4348 animabus
3133 4292 3337 4345 nostris.
3374 4289 3438 4342 Et
3465 4286 3513 4341 in
3534 4283 3626 4338 alio

2063 4387 2202 4446 loco.
2238 4388 2353 4460 Ego
2381 4404 2486 4442 non
2506 4387 2623 4458 jam
2653 4385 2918 4450 immolor,
2947 4383 3140 4453 inquit,
3169 4391 3215 4436 et
3248 4391 3451 4452 tempus
3476 4391 3627 4448 egres-

377 4500 483 4549 ros,
520 4483 693 4553 inﬂati
728 4490 849 4538 sunt
884 4483 1100 4554 quidam
1130 4480 1183 4553 (I
1209 4479 1332 4534 Cor.
1364 4480 1461 4550 tv).
1506 4478 1574 4533 Et
1599 4477 1758 4548 paulo
1791 4485 1913 4547 post
1943 4488 1955 4530 ε
1985 4500 2039 4560 D
2065 4485 2227 4540 sionis
2271 4483 2375 4539 sive
2416 4481 2747 4537 resolutionis
2789 4494 2918 4533 metu
2964 4479 3146 4532 instat.
3200 4473 3307 4530 Pro
3351 4474 3437 4530 his
3481 4485 3621 4540 ergo.

376 4573 606 4630 Omnino
652 4577 870 4631 auditur
911 4577 967 4629 in
1006 4576 1146 4630 vobis
1177 4574 1455 4643 fornicatio
1483 4571 1657 4644 qualis
1689 4587 1782 4626 nec
1824 4559 2003 4626 inter,
2061 4577 2258 4647 quibus
2307 4574 2582 4631 scribebat
2627 4570 2949 4642 eXpendisse
2996 4582 3055 4624 se
3101 4574 3155 4621 et
3200 4564 3470 4621 immolari
3510 4559 3628 4617 dicit

372 4677 545 4735 gentes
576 4666 627 4737 (I
654 4664 780 4721 Cor.
812 4664 890 4737 v).
937 4667 993 4721 in
1034 4664 1491 4733 consequentibus
1525 4676 1653 4716 vero
1688 4673 1703 4714 :
1743 4661 1811 4715 Et
1851 4676 1957 4724 eos,

374 4755 566 4825 inquit,
610 4757 785 4827 inﬂati
825 4759 967 4820 estis,
1013 4767 1062 4812 et
1106 4773 1210 4810 non
1250 4755 1422 4825 potius
1464 4753 1662 4807 luctum
1705 4751 1961 4806 habuistis

372 4844 583 4917 (lbid.).
631 4846 688 4900 lu
732 4862 841 4915 quo
881 4848 1069 4917 utique
1114 4844 1318 4901 nullum
1363 4844 1583 4913 reliquit
1627 4843 1957 4905 immunem,

370 4939 498 4991 dum
546 4936 638 4991 alii
686 4934 1084 5002 fornicationis,
1132 4934 1224 4990 alii
1262 4934 1554 4990 inﬂationis
1595 4942 1649 4989 ct
1691 4932 1959 5002 superbiae

371 5028 577 5084 crimen
625 5028 868 5084 ascribit.
919 5027 1164 5099 Longum
1212 5044 1376 5098 porro
1423 5036 1506 5083 est
1554 5042 1654 5081 nec
1703 5027 1956 5096 praesenti

369 5119 698 5175 conveniens
734 5117 1000 5189 tempori,
1046 5126 1106 5173 ut
1148 5117 1380 5188 plurima
1423 5119 1490 5172 de
1528 5118 1615 5172 his
1647 5117 1954 5172 testimonia

376 5211 732 5280 proferamus,
764 5209 962 5279 quibus
989 5210 1251 5280 probetur
1276 5209 1419 5278 quod
1455 5206 1510 5262 hi
1540 5208 1634 5277 qui
1673 5208 1846 5263 sancti
1874 5209 1955 5263 di-

370 5315 589 5372 cuntur,
623 5320 733 5362 non
760 5303 1021 5361 continue
1045 5302 1211 5359 etiam
1242 5301 1357 5357 sine
1389 5309 1613 5370 peccato
1645 5316 1767 5357 esse
1798 5301 1955 5356 intel-

373 5399 624 5470 ligantur.
668 5397 775 5454 Sed
805 5403 863 5453 et
888 5410 1033 5451 nunc
1066 5401 1328 5465 quantum
1371 5391 1522 5448 locus
1557 5390 1783 5461 inquirit
1821 5390 1954 5447 dici-

372 5504 511 5544 mus.
560 5488 748 5545 Sancti
789 5487 1045 5544 dicuntur
1088 5484 1339 5553 idemque
1377 5491 1694 5553 peccatores
1734 5480 1827 5547 illi,
1859 5482 1953 5552 qui

370 5577 702 5632 devoverant
740 5592 799 5633 se
832 5578 1051 5648 quidem
1096 5577 1208 5632 Deo
1234 5615 1250 5641 ,
1312 5583 1368 5630 ct
1404 5583 1881 5644 sequestraverunt
1922 5590 1951 5629 a

371 5667 511 5735 Vulgi
548 5670 961 5724 conversatione
989 5666 1157 5723 vitam
1186 5683 1339 5722 suam
1359 5708 1373 5732 ,
1405 5667 1472 5721 ad
1503 5667 1605 5721 hoc
1639 5674 1699 5720 ut
1727 5666 1954 5721 Domino

374 5765 631 5811 serviant.
680 5756 993 5828 Huiusmodi
1034 5774 1168 5829 ergo
1214 5757 1509 5815 secundum
1556 5757 1660 5814 hoc
1703 5757 1845 5827 quod
1894 5772 1953 5813 se

2060 4668 2381 4741 Apostolus;
2412 4667 2600 4724 hostia-
2620 4674 2800 4720 autem
2839 4658 3173 4725 immolatur,
3205 4666 3267 4713 ut
3310 4671 3495 4713 eorum
3537 4665 3626 4722 pro

2065 4761 2262 4833 quibus
2284 4758 2585 4831 iugulatur,
2609 4761 2831 4828 peccata
2861 4758 3176 4824 purgentur.
3214 4749 3290 4803 De
3317 4741 3626 4816 martyribus

2065 4861 2245 4907 autem
2283 4849 2473 4906 scribit
2495 4847 2732 4903 Joannes
2780 4845 2834 4898 in
2873 4839 3232 4913 Apocalypsi:
3273 4838 3413 4904 Quia
3450 4834 3625 4888 animm

2063 4958 2261 5005 eorum,
2293 4941 2383 5012 qui
2402 4937 2637 5011 jugulati
2672 4944 2792 4991 sunt
2823 4943 3034 5006 propter
3062 4947 3246 4985 nomen
3277 4925 3484 4982 Domini
3507 4920 3621 5012 Iesu

2062 5010 2314 5088 assistant
2342 5010 2500 5084 uitari
2527 5029 2709 5098 (Apoc.
2733 5024 2830 5097 τι).
2873 5024 2975 5092 Qui
3004 5031 3183 5077 autem
3213 5019 3421 5075 assistit
3453 5010 3618 5070 altari.

2063 5122 2366 5179 ostenditur
2404 5119 2553 5191 fungi
2584 5116 2884 5174 sacerdotis
2930 5113 3126 5170 ofﬁcio.
3182 5108 3490 5166 Sacerdotis
3515 5102 3620 5159 olli-

2063 5217 2206 5272 cium
2236 5222 2337 5283 est,
2370 5228 2470 5284 pro
2496 5211 2679 5284 populi
2709 5207 3008 5280 supplicare
3043 5205 3298 5275 peccatis.
3349 5200 3500 5257 Unde
3532 5211 3621 5264 egit

2062 5319 2272 5370 vereor,
2295 5319 2362 5359 ne
2385 5304 2524 5358 forte
2545 5318 2609 5357 ex
2635 5306 2742 5370 quo
2764 5306 3032 5370 martyres
3060 5311 3165 5351 non
3191 5294 3344 5356 ﬁunt,
3367 5299 3422 5346 et
3447 5287 3620 5344 hostia:

2059 5403 2374 5450 sanctorum
2401 5407 2509 5448 non
2539 5388 2844 5446 offeruntur
2868 5402 2970 5458 pro
2996 5378 3235 5455 peccatis
3261 5379 3478 5442 nostris,
3508 5388 3621 5445 pce-

2061 5494 2305 5543 catorum
2327 5492 2635 5540 nostrorum
2658 5478 2906 5535 remissio
2927 5492 3032 5531 non
3056 5475 3167 5528 ﬁat.
3197 5473 3263 5527 Et
3281 5471 3406 5525 inde
3424 5478 3615 5523 vereor.

2059 5592 2129 5633 ne
2164 5574 2604 5647 permanentilms
2634 5571 2686 5625 in
2717 5568 2874 5623 nobis
2900 5565 3133 5637 peccatis
3160 5560 3386 5621 nostris,
3426 5554 3617 5647 accidat

2062 5641 2216 5721 nobis
2253 5666 2381 5719 illud
2419 5664 2559 5734 quod
2586 5660 2652 5715 de
2688 5657 2996 5727 semetipsis
3033 5655 3217 5709 dicunt
3253 5648 3420 5704 Judari
3450 5664 3462 5699 :
3501 5641 3612 5711 quia

2061 5775 2166 5814 non
2198 5757 2458 5812 habentes
2494 5754 2683 5817 altare,
2718 5766 2891 5821 neque
2921 5745 3176 5817 templum
3194 5783 3211 5812 ,
3246 5753 3423 5808 neque
3449 5746 3613 5789 sacer-
