3924 6176
321 352 425 411 αὖ

1022 332 1555 395 ENABBATIONES
1591 330 1657 387 IN
1699 325 1954 385 LIBRUM
1996 321 2460 381 NUMERORU“.
2497 349 2570 364 -
2606 319 2733 375 LIB.
2776 319 2842 376 ll‘.
2913 349 2925 360 -

3470 322 3574 380 694

318 467 558 527 dolium,
591 468 649 515 et
672 460 743 514 ob
770 459 873 512 hoc
900 469 1001 510 nec
1032 452 1237 507 hostias
1264 449 1582 512 offerentes,
1633 452 1852 515 peccata
1873 482 1890 506 ,
1923 443 1968 504 Α
1997 457 2077 494 me
2105 438 2317 509 (Matth.
2350 436 2484 508 nx).
2536 436 2768 527 Ideoque
2802 438 3095 493 observare
3135 437 3476 509 diiigeutius,
3522 449 3579 494 et

320 556 590 625 inquiunt,
615 560 795 605 nostra
821 553 1043 600 manent
1072 545 1124 598 in
1155 542 1327 605 nobis,
1352 548 1405 594 et
1430 539 1551 594 ideo
1573 538 1727 591 venia
1752 534 1897 589 nulla

317 645 686 715 subsequitur.
739 640 857 695 Scit
885 647 1064 692 tamen
1092 634 1376 692 Dominus,
1403 631 1495 700 qui
1527 637 1654 684 sunt
1675 642 1814 696 eius,
1842 633 1899 679 et

320 741 378 794 in
412 738 605 807 quibus
638 747 745 788 non
770 738 1045 801 speratur,
1093 725 1255 781 habet
1293 723 1383 777 ille
1421 722 1713 777 thesauros
1746 732 1894 774 suos.

320 831 439 887 Non
464 829 611 885 enim
640 826 782 882 sicut
816 825 979 879 homo
1005 821 1150 875 videt
1170 859 1185 883 ,
1234 819 1312 872 ita
1341 826 1397 870 et
1426 816 1588 871 Deus.
1642 814 1755 884 Ego
1790 827 1898 867 non

317 922 510 977 dubito
544 925 600 973 et
635 917 693 972 in
721 916 824 971 hoc
850 920 1117 969 conventu
1144 924 1265 964 esse
1298 907 1510 977 aliquos
1541 905 1641 974 ipsi
1673 903 1774 959 soli
1806 918 1898 959 co-

317 1016 516 1086 gnitos,
548 1011 639 1081 qui
662 1008 776 1078 jam
803 1006 944 1076 apud
970 1017 1094 1059 eum
1126 1008 1394 1071 martyres
1420 998 1550 1061 sint,
1584 992 1917 1051 testimonio

316 1102 666 1163 conscientiae
695 1099 892 1170 parati,
924 1096 970 1152 si
997 1095 1120 1164 quis
1153 1099 1432 1163 exposcat,
1464 1088 1743 1145 ell‘undere
1770 1102 1900 1142 san-

313 1195 537 1264 guinem
559 1206 715 1246 suum
740 1202 838 1258 pro
858 1185 1075 1239 nomine
1093 1180 1306 1236 Domini
1328 1179 1499 1234 nostri
1522 1178 1648 1233 Jesu
1670 1176 1895 1233 Christi.

317 1281 435 1339 Non
461 1281 650 1337 dubito
675 1291 798 1335 esse
823 1276 1052 1345 aliquos,
1090 1273 1183 1343 qui
1218 1271 1440 1326 tulerint
1469 1285 1688 1325 crucem
1721 1284 1895 1333 suam,

316 1384 369 1430 et
403 1379 703 1442 sequantur
731 1383 878 1423 eum.
925 1366 1050 1420 lianc
1092 1364 1220 1418 licet
1260 1378 1357 1432 per
1390 1376 1674 1417 excessum
1708 1375 1903 1428 quem-

316 1464 477 1522 dam,
507 1456 817 1514 necessario
844 1464 1024 1509 tamen
1053 1452 1304 1505 videntur
1329 1449 1505 1512 dicta,
1540 1456 1600 1502 ut
1628 1447 1897 1518 intellige-

316 1567 503 1606 remus
538 1546 806 1618 quomodo
848 1561 945 1615 per
982 1541 1291 1612 pontificem
1342 1549 1395 1594 et
1447 1539 1587 1593 filios
1633 1536 1903 1607 pontiﬁcis

317 1642 416 1695 ﬁat
439 1641 493 1694 in
515 1638 717 1694 sanctis
739 1634 986 1690 remissio
1006 1639 1371 1702 peccatorum.
1397 1628 1655 1696 Sequitur
1675 1627 1904 1696 loquens

316 1730 584 1786 Dominus
611 1728 677 1783 ad
706 1726 885 1780 Aaron
914 1723 1099 1777 dicens
1126 1739 1139 1773 :
1175 1720 1254 1773 Tu
1296 1729 1344 1773 et
1387 1717 1488 1786 ﬁlii
1525 1718 1604 1770 tui
1634 1716 1913 1769 ministra-7

318 1822 444 1877 bitis
478 1822 534 1875 in
566 1815 904 1874 tabernaculo
935 1813 1238 1877 testimonii,
1264 1809 1689 1879 excubabuutque
1714 1806 1904 1861 Levita:

317 1913 390 1967 ad
430 1918 691 1982 pra'cepta
733 1917 826 1962 tua
850 1945 867 1972 ,
914 1917 962 1961 et
1000 1904 1068 1959 ad
1109 1911 1296 1957 cuncta
1337 1916 1494 1970 opera
1537 1895 1902 1961 tabernaculi,

320 2003 395 2054 ita
430 2000 713 2061 duntaxat,
759 2005 815 2049 ut
856 2012 979 2050 vasa
1017 1991 1307 2047 sanctuarii
1339 2007 1443 2043 non
1480 1997 1719 2058 tangant,
1755 1996 1801 2042 et
1835 1987 1904 2040 ad

318 2090 495 2145 altare
546 2104 651 2142 non
702 2086 987 2148 accedant,
1049 2099 1111 2137 ne
1156 2092 1201 2136 et
1242 2080 1322 2135 illi
1365 2080 1681 2144 moriantur,
1730 2086 1779 2132 et
1820 2093 1906 2131 vos

317 2180 549 2251 pereatis
589 2174 769 2230 simul.
824 2173 942 2227 Sint
984 2182 1159 2227 autem
1198 2180 1398 2235 tecum,
1453 2177 1502 2222 et
1547 2166 1804 2221 excubent
1851 2166 1907 2219 in

316 2267 579 2323 custodiis
612 2263 960 2328 tabernaculi,
981 2273 1027 2317 et
1062 2262 1115 2315 in
1146 2259 1385 2314 omnibus
1415 2256 1739 2311 cwremoniis
1767 2254 1904 2325 ejus,

318 2358 621 2426 alienigena
653 2372 755 2409 non
788 2354 1067 2408 misceatur
1088 2351 1230 2406 vobis
1296 2348 1562 2404 Excubate
1587 2347 1641 2402 in
1667 2346 1908 2400 custodia

319 2448 644 2511 sanctuarii,
685 2455 734 2499 et
772 2446 827 2499 in
864 2442 1151 2498 ministerio
1182 2440 1390 2501 altaris,
1434 2456 1497 2492 ne
1535 2438 1739 2493 oriatur
1771 2436 1910 2490 indi-

318 2539 506 2609 gnatio
539 2553 697 2608 super
724 2535 863 2605 ﬁlios
890 2532 1078 2598 Israel,
1102 2540 1206 2586 etc.
1240 2531 1379 2585 Ecce
1404 2530 1624 2584 mandat
1652 2527 1909 2582 Dominus

318 2629 509 2684 Aaron
538 2643 695 2683 sacer
714 2627 806 2681 loti
845 2634 900 2680 et
936 2624 1060 2679 filiis
1092 2622 1230 2692 ejus,
1271 2631 1330 2675 ut
1366 2622 1467 2690 ipsi
1507 2620 1818 2675 ministrent
1854 2619 1908 2673 in

320 2717 679 2774 tabernaculo
709 2715 1044 2780 testimonii,
1090 2722 1146 2767 et
1189 2727 1345 2767 saera
1370 2726 1502 2773 vasa
1541 2708 1906 2778 prmvideant,

324 2819 378 2867 et
404 2810 593 2865 omnia
623 2825 744 2879 qua:
779 2808 848 2862 ad
881 2806 1084 2861 cultum
1121 2803 1308 2859 altaris
1339 2802 1644 2872 pertinent,
1680 2808 1738 2856 et
1769 2801 1910 2855 intra

321 2900 511 2955 velum
532 2907 677 2954 sunt.
711 2898 903 2954 Ca'tcri
927 2905 1107 2950 autem
1130 2894 1329 2948 Levita:
1354 2892 1419 2946 ad
1442 2901 1709 2962 punct-pta
1731 2892 1909 2945 Aaron

322 3002 377 3048 et
411 2992 651 3046 filiorum
680 2988 798 3058 ejus
828 2988 1096 3043 cxcubent
1139 2985 1192 3040 iu
1235 2983 1497 3040 custodiis
1537 2980 1908 3045 tabernaculi,

324 3093 377 3139 et
414 3084 475 3137 in
500 3081 752 3137 omnibus
780 3076 1119 3149 caeremoniis
1142 3076 1289 3144 ejus;
1328 3081 1696 3128 verumtamen
1732 3070 1801 3126 ad
1834 3070 1914 3125 al-

1998 527 2277 582 inteuderc
2308 528 2392 582 his
2424 542 2545 595 qua:
2581 526 2785 596 scripta
2814 535 2971 591 sunt,
3019 528 3272 582 convenit
3302 544 3397 584 eos
3435 544 3577 601 pra:-

1997 622 2153 691 cipue
2178 622 2270 692 qui
2307 622 2361 676 in
2387 620 2577 676 ordine
2608 618 2931 675 sacerdotali
2963 619 3285 689 gloriantur,
3316 629 3373 674 ut
3404 622 3582 677 sciant

1995 712 2216 781 quidem
2241 710 2385 780 quod
2413 710 2496 765 eis
2524 708 2610 764 lex
2640 709 2821 764 divina
2847 709 3099 779 prteccpit
3116 750 3132 774 ,
3158 709 3578 766 observandum.

1998 802 2101 866 'I‘n,
2133 801 2341 870 inquit,
2372 810 2428 854 ει
2458 799 2551 853 lilii
2579 800 2655 854 tui
2684 815 2893 854 mecum
2922 800 2975 853 in
3006 807 3299 870 conspectu
3336 800 3583 855 taberna-

1997 893 2104 948 culi
2135 892 2431 948 testimonii
2461 892 2744 947 observate
2772 891 3048 946 custodias
3078 902 3311 957 vestras,
3356 900 3412 947 et
3448 892 3586 948 alla-

1999 983 2096 1045 ris,
2131 989 2188 1036 et
2225 981 2578 1036 tabernaculi.
2634 981 2881 1035 Mandata
2923 981 3122 1051 quippe
3163 991 3314 1037 certa
3357 993 3485 1037 sunt
3528 989 3585 1037 et

1997 1072 2270 1128 evidentia
2301 1079 2358 1126 ut
2388 1073 2679 1126 observare
2706 1071 2999 1126 debeamus
3028 1071 3311 1127 custodias
3334 1072 3587 1127 taberna~

1999 1163 2106 1218 culi
2136 1170 2191 1217 et
2219 1162 2532 1231 sacerdotii.
2565 1162 2665 1228 Qui
2692 1177 2823 1217 sane
2847 1163 3029 1232 sitqui
3059 1162 3311 1217 observet
3334 1171 3390 1217 et
3418 1161 3585 1218 faciat

1999 1269 2061 1310 ea
2092 1269 2212 1324 qua:
2240 1254 2613 1308 sacerdotibus
2641 1255 2891 1308 mandata
2932 1262 3087 1317 sunt,
3138 1262 3194 1307 et
3240 1254 3333 1322 qui
3378 1253 3448 1309 sit
3488 1255 3584 1323 qui

2001 1354 2185 1400 utatur
2212 1344 2648 1415 quidem-ordine
2677 1353 2732 1399 et
2761 1345 2964 1399 honore
2994 1345 3313 1409 sacerdotii,
3346 1360 3454 1400 non
3483 1346 3583 1400 ob—

2001 1442 2184 1489 servet
2237 1440 2419 1487 autem
2466 1433 2719 1487 mandata
2768 1434 3139 1488 sacerdotibus
3185 1434 3401 1489 decreta
3428 1473 3445 1500 ,
3497 1434 3585 1489 ille

2001 1523 2148 1579 solus
2194 1538 2353 1578 nosse
2400 1532 2583 1592 potest
2627 1523 2718 1592 qui
2773 1527 3043 1578 seruentur
3089 1524 3251 1578 corda
3301 1531 3356 1578 et
3404 1540 3582 1579 renes.

2005 1613 2329 1669 Mandantur
2353 1625 2531 1669 autem
2563 1613 2856 1668 observare
2885 1632 2989 1669 non
3021 1615 3192 1670 solum
3223 1631 3283 1669 ea
3311 1630 3431 1685 qua:
3457 1615 3588 1670 foris

2004 1712 2159 1767 sunt,
2194 1703 2286 1759 sed
2318 1714 2374 1759 ot
2405 1720 2492 1769 ea,
2519 1704 2721 1774 inquit,
2752 1714 2934 1759 curent
2977 1708 3291 1761 sacerdotes
3317 1706 3585 1776 praecipue

1937 1789 1980 1848 Β
2008 1812 2129 1868 quae
2159 1797 2299 1850 intra
2330 1797 2578 1852 velamen
2604 1804 2758 1863 sunt;
2796 1797 2940 1852 velut
2969 1796 3012 1852 si
3043 1796 3287 1851 diceret:
3336 1795 3477 1852 Cura
3517 1798 3591 1857 sit

2007 1888 2382 1944 sacerdotibus
2409 1889 2677 1944 evidentia
2704 1904 2769 1945 ac
2796 1888 3080 1944 iuauifesta
3112 1890 3364 1943 mandata
3394 1888 3589 1944 divina:

2006 1980 2140 2051 legis
2161 1980 2403 2049 implere,
2425 1996 2494 2036 ac
2510 1982 2809 2038 ministeria
2835 1980 2949 2049 ejus
2986 1983 3300 2038 abscondita
3335 1990 3395 2038 et
3411 1982 3586 2038 velata

2006 2072 2154 2127 omni
2185 2072 2516 2143 perspicacia
2550 2073 2766 2127 intueri.
2811 2072 2868 2126 Si
2899 2088 3027 2128 vero
3057 2074 3125 2127 ad
3157 2074 3431 2129 hominem
3455 2074 3588 2128 velis

2007 2162 2212 2220 inferre
2256 2164 2663 2219 tabernaculum
2708 2164 3040 2228 testimonii,
3086 2164 3341 2234 quoniam
3368 2163 3586 2234 quidem

2006 2271 2202 2324 corpus
2222 2254 2456 2310 hominis
2478 2255 2881 2310 tabernaculum
2905 2254 3104 2310 Paulus
3126 2254 3356 2325 appellat
3372 2255 3584 2311 dicens:

2010 2345 2115 2410 Qui
2144 2345 2281 2399 enim
2308 2361 2488 2399 sumus
2526 2346 2580 2399 in
2605 2344 2943 2400 tabernaculo
2973 2346 3091 2410 hoc,
3118 2348 3371 2417 gemimus
3400 2363 3590 2418 aggra—

2009 2435 2154 2499 vati,
2203 2434 2258 2488 in
2300 2451 2401 2504 quo
2448 2433 2690 2498 nolumus
2748 2433 3065 2505 exspoliari,
3131 2434 3222 2490 sed
3262 2436 3591 2506 supervesliri

2011 2527 2060 2600 (1
2086 2528 2209 2582 Cor.
2235 2527 2322 2601 v);
2352 2529 2395 2584 si
2417 2544 2545 2600 ergo
2565 2529 2631 2584 ad
2655 2528 2927 2585 hominem
2956 2528 3364 2583 tabernaculum
3392 2526 3593 2584 refera-

2010 2638 2132 2678 mus
2173 2623 2433 2678 intcriora
2474 2622 2785 2687 velaminis,
2834 2623 2923 2677 ubi
2971 2621 3369 2678 inaccessibilia
3408 2630 3594 2677 conte-

2010 2722 2224 2783 guntur,
2254 2713 2552 2785 principale
2576 2715 2755 2769 cordis
2777 2714 3030 2778 dicimus,
3053 2714 3195 2783 quod
3218 2712 3391 2769 solum
3416 2719 3594 2781 potest

2012 2801 2253 2871 recipere
2274 2802 2530 2872 mysteria
2554 2802 2820 2866 veritatis,
2847 2812 2901 2856 et
2926 2817 3097 2870 capax
3123 2817 3245 2857 esse
3267 2816 3593 2856 arcanorum

2014 2891 2130 2945 Dei.
2178 2890 2383 2946 Altaria
2411 2907 2541 2946 vero
2567 2892 2693 2956 duo,
2726 2891 2779 2945 id
2807 2899 2913 2956 est,
2960 2892 3188 2947 interius
3229 2899 3286 2946 et
3327 2892 3590 2959 exterius,

2012 2982 2267 3051 quoniam
2315 2982 2490 3038 altare
2528 2982 2794 3038 orationis
2836 2982 3093 3038 indicium
3134 2991 3250 3048 est,
3299 2982 3431 3036 illud
3463 2992 3594 3053 puto

2013 3072 2339 3144 significare,
2358 3074 2503 3145 quod
2523 3074 2655 3130 dicit
2673 3073 2989 3145 Apostolus:
3015 3074 3191 3129 Urabo
3212 3074 3420 3144 spiritu,
3433 3073 3594 3130 orabo

328 3183 450 3227 lare
480 3187 584 3226 non
616 3140 914 3235 accedant,
965 3177 1020 3223 et
1064 3182 1216 3223 sacra
1255 3182 1386 3220 vasa
1428 3180 1534 3219 non
1572 3162 1908 3232 contingant.
1939 3134 1983 3196 C
2013 3173 2062 3218 et
2090 3174 2256 3218 mente
2283 3163 2334 3235 (Ι
2360 3163 2484 3219 Cor.
2510 3165 2645 3235 nv).

327 3263 476 3333 Quid
506 3262 559 3316 in
587 3261 770 3316 Aaron
797 3270 853 3316 et
882 3259 1006 3314 liliis
1044 3258 1185 3329 ejus,
1223 3257 1329 3313 nisi
1362 3254 1716 3325 perfectiores
1752 3268 1916 3322 quos-

328 3370 440 3425 que
473 3353 528 3406 in
559 3351 796 3407 Ecclesia
820 3391 837 3416 ,
881 3357 941 3404 et
983 3357 1201 3404 sanctos
1230 3347 1483 3403 doctores
1519 3346 1632 3400 sive
1660 3342 1916 3415 praesules

328 3443 690 3500 ecclesiarum
723 3441 817 3496 Dei
861 3441 1108 3511 accipere
1143 3439 1444 3495 debemus?
1487 3437 1727 3504 Quorum
1755 3435 1916 3492 cilicii

324 3542 452 3596 est,
492 3542 551 3587 ut
577 3540 922 3588 sacramenta
949 3531 1130 3586 divina
1159 3530 1778 3584 mauihuscontrectent
1799 3566 1816 3593 ,
1863 3536 1919 3582 ει

329 3640 469 3678 vasa
517 3632 743 3685 sancta,
793 3623 896 3677 hoc
928 3629 1049 3686 est,
1098 3629 1300 3676 sancta:
1347 3619 1641 3689 Scriptura:
1692 3618 1918 3688 mystica

331 3715 505 3766 verba
537 3710 908 3782 investigando
933 3710 1232 3773 ventileut,
1283 3716 1446 3779 atque
1481 3709 1550 3764 ad
1589 3708 1919 3763 intellectum

334 3801 641 3873 perducere
669 3801 962 3865 festinent,
1007 3814 1180 3869 eaque
1224 3813 1344 3868 qua:
1386 3798 1557 3852 ardua
1600 3805 1726 3852 sunt
1755 3806 1918 3862 actu,

337 3893 445 3963 ipsi
476 3907 641 3962 opere
669 3891 942 3961 complere
973 3892 1270 3946 decertent.
1317 3889 1524 3946 Caetera
1554 3898 1734 3943 autem
1765 3889 1922 3945 turba

340 3984 585 4039 fidelium
628 3998 765 4053 opus
796 3984 963 4039 habet
1004 3991 1064 4036 ut
1113 3983 1399 4053 diligenter
1441 3982 1593 4054 vigili
1633 3983 1815 4039 animo
1859 3998 1925 4038 ea

341 4074 636 4128 meditetur
660 4089 779 4143 qua:
805 4072 1048 4128 faciliora
1078 4081 1235 4136 sunt,
1276 4080 1333 4127 et
1361 4088 1480 4142 qua:
1509 4071 1784 4129 intellectu
1823 4073 1924 4142 ipsi

340 4176 543 4231 capere
569 4169 827 4232 pessum,
854 4161 1053 4231 illaque
1079 4161 1348 4216 custodiat
1377 4162 1681 4234 diligenter,
1730 4178 1849 4233 qua:
1894 4178 1926 4217 a

342 4253 627 4323 magistris
673 4253 774 4309 sibi
822 4269 1041 4310 servare
1081 4253 1362 4322 iubentur,
1415 4257 1540 4324 quia
1588 4271 1693 4310 non
1739 4257 1927 4312 eadem

343 4344 626 4416 capacitas
651 4352 736 4399 est
762 4359 956 4399 sensus
978 4345 1343 4415 perlecturum
1375 4346 1489 4415 jam
1528 4346 1580 4399 in
1615 4346 1840 4402 scientia
1876 4357 1932 4402 et

2084 3253 2219 3310 Cum
2259 3254 2404 3310 enim
2446 3254 2505 3310 in
2543 3257 2707 3311 corde
2744 3270 2996 3323 oravero,
3043 3256 3112 3311 ad
3154 3256 3327 3313 altare
3372 3257 3598 3314 interius

2016 3344 2309 3416 ingredior.
2353 3346 2423 3403 Et
2454 3347 2558 3403 hoc
2583 3358 2714 3417 puto
2740 3363 2860 3405 esse
2887 3349 3051 3404 etiam
3080 3349 3223 3419 quod
3255 3350 3515 3407 Dominus
3543 3354 3597 3408 in

2016 3433 2322 3506 Evangeliis
2351 3436 2521 3493 dicit:
2556 3436 2635 3492 Tu
2669 3450 2848 3493 autem
2881 3456 3001 3493 eum
3029 3457 3173 3506 oras,
3204 3441 3345 3496 intra
3375 3443 3429 3497 in
3456 3443 3603 3497 cubi-

2018 3523 2194 3578 culum
2221 3534 2390 3588 tuum,
2433 3536 2482 3581 et
2525 3526 2712 3583 claude
2747 3530 2939 3583 ostium
2973 3539 3141 3595 tuum,
3185 3541 3234 3585 et
3276 3548 3370 3587 ora
3398 3542 3598 3603 patrem

2018 3623 2167 3669 tuum
2196 3615 2252 3669 in
2281 3616 2586 3672 abscondito
2611 3618 2829 3690 (Matth.
2856 3620 2961 3692 vr).
3001 3621 3105 3688 Qui
3136 3611 3264 3690 ergo
3291 3624 3366 3679 ita
3392 3634 3515 3680 orat
3542 3636 3602 3680 ut

2021 3704 2162 3768 dixi,
2203 3704 2502 3776 ingreditur
2525 3707 2593 3762 ad
2617 3707 2788 3763 altare
2815 3709 3044 3778 incensi,
3071 3713 3215 3781 quod
3241 3724 3325 3768 εει
3354 3714 3599 3771 interius.

2021 3795 2155 3851 Cum
2185 3805 2366 3852 autem
2395 3797 2517 3868 quis
2543 3798 2691 3854 clara
2720 3815 2862 3857 voce
2882 3809 2936 3857 et
2964 3804 3145 3859 verbis
3171 3819 3294 3860 cum
3321 3821 3457 3862 sono
3482 3822 3605 3878 pro-

2023 3888 2178 3955 latis,
2206 3890 2363 3967 quasi
2394 3900 2453 3946 ut
2480 3893 2713 3948 aediﬁcet
2740 3894 3054 3962 audientes,
3093 3898 3403 3955 orationem
3430 3896 3608 3955 fundit

2025 3981 2094 4036 ad
2121 3982 2310 4047 Deum,
2343 3982 2431 4038 hic
2462 3982 2668 4053 Spiritu
2698 3993 2890 4040 sancto
2918 3996 3058 4052 orat,
3089 3996 3146 4043 et
3171 3987 3371 4044 offerre
3394 3988 3607 4047 videtur

2027 4070 2262 4126 hostiam
2299 4072 2353 4126 in
2387 4072 2545 4129 altari
2573 4078 2716 4146 quod
2751 4075 2884 4132 foris
2919 4087 3004 4133 est
3040 4078 3107 4132 ad
3149 4079 3608 4137 holocaustomata

2029 4154 2211 4232 populi
2249 4165 2625 4220 constitutum.
2660 4166 2891 4237 Oportet
2918 4184 3050 4241 ergo
3078 4172 3391 4227 sacerdotes
3420 4187 3487 4227 ea
3516 4189 3611 4228 cu-

2031 4268 2157 4307 rare
2192 4255 2465 4324 praecipue
2495 4264 2553 4310 et
2581 4258 2856 4312 custodire
2881 4274 3002 4328 «pia:
3030 4259 3173 4316 intra
3198 4261 3442 4319 velamen
3472 4263 3614 4319 inte-

2033 4343 2146 4398 rius
2172 4353 2554 4415 conteguntur,
2593 4361 2661 4401 ne
2688 4348 2819 4417 quid
2846 4348 2921 4403 ibi
2948 4349 3233 4419 pollutum,
3267 4366 3338 4406 ne
3366 4353 3496 4423 quid
3531 4354 3614 4409 in-

346 4437 568 4492 rudium
595 4435 772 4490 adhuc
801 4435 855 4489 in
888 4434 1024 4501 fide,
1067 4450 1167 4490 nec
1207 4451 1306 4506 par
1330 4444 1415 4491 est
1452 4438 1747 4492 Strenuitas
1782 4437 1931 4507 inge-
1956 4480 2009 4538 Β
2033 4434 2279 4489 veniatur
2307 4434 2681 4491 immundum:
2726 4437 2830 4495 hoc
2861 4449 2965 4506 est,
2998 4441 3311 4498 interiorem
3340 4445 3615 4501 hominem

347 4530 631 4585 niosorum
664 4535 719 4581 et
744 4527 1022 4581 hebetum.
1077 4524 1231 4582 Unde
1268 4535 1325 4582 et
1364 4525 1566 4581 Paulus
1610 4526 1930 4597 quihusdam

351 4619 537 4673 minus
574 4616 862 4687 capacibus
898 4632 1009 4673 suae
1045 4616 1303 4673 doctrinae
1338 4616 1450 4671 ait:
1490 4615 1600 4671 Lac
1635 4617 1758 4673 dedi
1794 4619 1935 4675 vobis

351 4718 558 4780 potant,
594 4726 699 4763 non
730 4726 904 4764 escam
924 4721 946 4761 :
983 4710 1218 4766 nondum
1255 4710 1392 4764 enim
1423 4711 1706 4781 poteratis;
1730 4712 1821 4766 sed
1844 4728 1936 4766 nec

356 4799 533 4853 adhuc
559 4800 771 4871 quidem
799 4802 1010 4871 potestis
1038 4800 1090 4874 (Ι
1118 4798 1242 4856 Cor.
1268 4802 1378 4872 ιιι).
1422 4801 1556 4857 Item
1593 4802 1700 4858 alio
1726 4803 1781 4857 in
1815 4803 1938 4859 loco

358 4892 426 4944 de
465 4889 884 4959 perfectiorihus
913 4891 1237 4959 quihusdam
1272 4891 1386 4946 ait:
1421 4890 1706 4962 Loquimnr
1733 4893 1941 4964 sapien-

332 4974 493 5033 tiam
541 4979 681 5035 inter
724 4979 1002 5051 perfectos,
1050 4997 1206 5051 quam
1254 4998 1402 5036 nemo
1446 4982 1739 5053 principum
1782 4984 1943 5053 hujus

363 5069 547 5125 seaculi
591 5071 825 5140 cognovit
869 5071 923 5142 (Ι
950 5069 1074 5127 Cor.
1107 5071 1192 5142 ιι).
1246 5073 1359 5128 Hoc
1396 5084 1480 5129 est
1519 5075 1662 5130 enim
1709 5076 1851 5146 quod
1891 5076 1946 5131 in

367 5158 659 5231 Evangelia
682 5158 986 5232 fragmenta
1008 5176 1132 5231 quae
1157 5172 1553 5231 superaverunt
1585 5165 1753 5221 turbae
1785 5181 1815 5221 a
1843 5166 1947 5222 Do-

370 5249 518 5303 mino
561 5259 729 5320 pastze
760 5251 989 5321 apostoli
1016 5251 1375 5321 collegerunt,
1422 5263 1478 5310 et
1521 5256 1805 5312 duodecim
1853 5273 1947 5315 co-

371 5339 565 5406 phinos
597 5340 974 5410 impleverunt.
1019 5340 1155 5396 llinc
1182 5353 1238 5396 et
1265 5343 1377 5412 ipsa
1411 5344 1621 5400 Veritas
1647 5348 1711 5401 de
1735 5346 1949 5402 virtuti-

373 5426 473 5481 bus
496 5428 943 5484 eminentioribus
968 5431 1267 5499 disputans,
1298 5432 1374 5485 ait
1401 5449 1413 5485 :
1451 5432 1550 5497 Qui
1576 5444 1739 5501 potest
1767 5452 1950 5505 capere

376 5520 567 5586 cupiat.
609 5519 677 5573 Et
705 5521 773 5574 ad
804 5520 1175 5591 lcgisperitum
1203 5539 1215 5574 :
1250 5522 1307 5576 Si
1340 5522 1432 5587 vis,
1465 5522 1657 5592 inquit,
1692 5526 1949 5595 perfectus

377 5621 505 5673 esse,
536 5611 669 5665 vade
708 5620 755 5664 et
786 5615 943 5665 vende
972 5614 1150 5666 omnia
1188 5631 1304 5683 qua:
1338 5614 1519 5679 habes,
1545 5625 1593 5668 et
1616 5616 1686 5670 da
1710 5620 1954 5688 pauperi-

378 5696 494 5765 bus,
531 5714 577 5756 et
619 5702 826 5758 habebis
865 5704 1165 5759 thesaurum
1209 5706 1260 5759 in
1300 5706 1422 5760 cwlo
1462 5720 1477 5759 :
1515 5716 1562 5760 et
1603 5709 1713 5764 veni
1742 5727 1954 5782 sequere

2034 4531 2091 4578 et
2117 4525 2295 4581 cordis
2323 4535 2535 4583 secreta
2560 4544 2785 4596 curare,
2827 4541 2887 4586 ut
2921 4533 2994 4588 ibi
3026 4533 3370 4605 immaculata
3400 4552 3619 4609 perma-

2034 4625 2201 4670 neant
2225 4616 2488 4672 cherubin
2515 4626 2571 4674 et
2592 4621 3048 4691 propitiatorium.
3084 4623 3359 4682 Cherubin
3388 4628 3615 4684 scientia

2036 4704 2383 4778 intelligenda
2429 4718 2514 4765 est
2561 4711 2828 4768 veritatis.
2883 4713 3267 4785 lnterpretatio
3312 4717 3616 4784 cherubin,

2036 4798 2454 4867 multitudinem,
2486 4801 2539 4857 id
2564 4810 2679 4868 est,
2711 4802 3098 4874 perfectionem
3128 4807 3372 4865 scientia:
3394 4809 3618 4865 indicat.

2038 4889 2108 4944 Et
2132 4906 2253 4961 qua:
2277 4900 2363 4947 est
2382 4893 2488 4948 alia
2516 4895 2754 4965 perfecta
2783 4897 3010 4954 scientia
3028 4938 3055 4965 ,
3075 4900 3181 4956 nisi
3205 4903 3495 4974 agnovisse
3520 4901 3624 4957 Pa-

2045 4990 2209 5047 trem,
2248 4992 2305 5037 et
2342 4984 2560 5051 Filium,
2606 4995 2663 5043 et
2706 4987 2970 5060 Spiritum
2997 4996 3291 5051 sanctum?
3340 4995 3470 5051 Haec
3493 5009 3626 5065 ergo

2047 5073 2282 5128 curanda
2319 5083 2447 5129 sunt
2480 5090 2513 5130 a
2551 5079 2955 5146 sacerdotibus,
3000 5096 3061 5137 ut
3100 5084 3524 5140 incontaminata
3570 5090 3625 5136 et

2048 5160 2211 5216 illaesa
2230 5172 2534 5219 serventur.
2564 5165 2670 5223 Sed
2694 5177 2749 5224 et
2766 5185 2902 5225 urna
2924 5172 3129 5229 habens
3149 5174 3424 5231 cmlestem
3445 5171 3628 5226 cibum

2052 5266 2283 5320 manum,
2309 5256 2597 5313 thesaurus
2626 5260 2812 5328 utique
2838 5263 2989 5319 verbi
3015 5264 3201 5328 divini,
3230 5272 3285 5318 et
3309 5276 3437 5317 arca
3462 5276 3627 5318 aurea

2052 5340 2108 5395 in
2146 5357 2252 5412 qua
2298 5353 2423 5399 sunt
2470 5347 2665 5403 tabula:
2709 5353 3041 5417 testamenti,
3082 5351 3293 5421 opinor,
3326 5367 3433 5406 non
3483 5352 3630 5409 aliud

2054 5449 2215 5504 quam
2238 5452 2391 5493 mens
2418 5448 2603 5495 nostra
2626 5456 2750 5497 esse
2771 5443 3096 5507 declaratur,
3124 5443 3176 5497 in
3203 5458 3310 5511 qua
3338 5443 3513 5515 legem
3534 5444 3630 5501 Dei

2055 5528 2315 5585 debemus
2344 5531 2546 5589 habere
2572 5534 2917 5604 descriptam.
2959 5535 3084 5588 llaec
3113 5542 3295 5587 autem
3322 5551 3509 5593 mensa
3537 5552 3632 5593 au-

2059 5637 2147 5677 rea
2184 5622 2344 5678 debet
2381 5639 2533 5690 esse,
2575 5627 2676 5681 hoc
2710 5636 2795 5680 est
2816 5666 2830 5692 ,
2868 5640 3002 5695 pura
3037 5634 3091 5680 et
3124 5626 3359 5694 pretiosa
3384 5670 3398 5696 ,
3439 5629 3492 5685 iu
3526 5644 3630 5701 qua

2056 5712 2215 5785 legem
2240 5715 2340 5770 Dei
2362 5717 2608 5786 scriptam
2635 5733 2833 5787 semper
2855 5716 3158 5781 habeamus,
3190 5718 3329 5776 sicut
3359 5724 3633 5794 apostolus
