3924 6176
357 301 464 358 695

993 302 1055 357 Β.
1093 301 1349 360 RABANl
1388 304 1607 364 MAURI
1644 305 1965 364 ARClllEP.
2007 305 2316 366 MOGUNT.
2358 306 2640 366 OPERUM
2681 310 2859 368 PARS
2896 311 2939 366 l.

3502 318 3603 374 695

348 418 556 478 Paulus
582 420 695 475 ait:
739 413 1004 490 Scriptum
1033 436 1135 474 non
1162 428 1473 483 atramento,
1508 421 1598 476 sed
1626 423 1812 493 spiritu
1841 420 1938 475 Dei
1966 423 2014 484 Α
2041 439 2199 493 super
2223 441 2412 479 aurum
2446 435 2493 479 et
2526 425 2751 496 lapidem
2781 426 3063 496 pretiosum
3101 429 3258 483 nimis
3295 438 3343 483 et
3382 430 3608 489 dulciora

355 512 473 573 νει-ἱ,
501 526 605 565 non
631 510 687 564 in
714 509 905 563 tabulis
932 508 1173 579 lapideis,
1204 510 1295 564 sed
1323 512 1377 565 in
1407 512 1603 567 tabulis
1625 511 1799 567 cordis
1824 529 1942 566 car-

358 602 565 656 natibus
591 598 677 672 (ll
707 598 831 655 Cor.
864 600 969 671 ιιι).
1026 600 1139 656 lloc
1167 610 1251 656 est
1279 604 1423 658 enim
1454 606 1597 675 quod
1624 605 1691 659 de
1718 604 1943 674 quibus-

359 695 484 747 dam
514 691 731 755 dicitur,
772 691 865 761 qui
907 693 1198 747 Ostendunt
1236 708 1371 763 opus
1408 693 1539 766 legis
1583 695 1845 765 scriptum
1884 695 1939 751 in

356 782 615 837 cordibus
643 782 775 837 suis.
821 781 953 848 Quis
988 789 1167 837 autem
1206 784 1424 853 scripsit
1462 785 1518 840 in
1559 787 1813 842 cordibus
1849 799 1940 840 eo-

361 888 502 936 rum,
533 873 636 926 nisi
664 872 807 926 Deus
835 872 1000 942 digito
1031 874 1171 927 suo?
1207 877 1403 945 Legem
1429 875 1616 945 utique
1639 876 1938 931 naturalem

357 978 521 1035 quam
554 964 698 1019 Deus
728 965 965 1019 humano
996 966 1205 1033 generi,
1232 975 1288 1020 et
1315 966 1368 1020 in
1399 978 1716 1023 cunctorum
1747 968 1941 1024 menti-

356 1061 457 1115 bus
488 1061 726 1130 scripsit.
764 1059 823 1115 Si
849 1062 967 1132 quis
1000 1071 1266 1127 externus,
1300 1061 1493 1132 inquit,
1527 1064 1822 1129 accesserit,
1854 1078 1942 1117 oc-

356 1152 578 1206 cidetur.
607 1151 913 1207 Secundum
935 1152 1239 1218 historiam,
1264 1160 1519 1208 externos
1540 1152 1775 1223 quidem,
1801 1153 1937 1217 sive,

357 1252 416 1295 ιιι
454 1244 705 1312 superius
739 1247 817 1297 ait
840 1282 855 1309 ,
904 1241 1238 1313 alienigenas
1274 1258 1368 1299 eos
1404 1243 1663 1315 appellat,
1706 1243 1797 1314 qui
1830 1259 1938 1298 non

355 1341 480 1387 sunt
509 1333 575 1388 de
603 1334 746 1388 tribu
776 1332 923 1397 Levi,
953 1341 1008 1388 et
1034 1333 1229 1404 quibus
1259 1349 1366 1389 non
1397 1343 1478 1389 est
1505 1335 1937 1389 commendatum

358 1423 642 1479 servitium
665 1423 760 1478 Dei
786 1424 839 1477 in
864 1423 1214 1479 tabernaculo
1236 1437 1415 1494 agere.
1435 1421 1555 1479 Non
1578 1424 1723 1478 enim
1744 1423 1941 1478 licebat

357 1498 654 1583 quemlibet
681 1513 748 1569 de
776 1513 879 1568 alia
912 1514 1054 1569 tribu
1091 1523 1295 1584 prmsto
1331 1528 1453 1570 esse
1486 1512 1675 1577 altari,
1727 1513 1841 1569 sive
1884 1513 1938 1568 in

361 1605 665 1660 ministerio
684 1605 918 1675 operari.
952 1603 1105 1660 Unde
1125 1604 1285 1661 Ozias
1309 1619 1426 1669 rex,
1446 1605 1539 1675 qui
1565 1612 1685 1660 erat
1705 1604 1771 1658 de
1793 1603 1939 1659 tribu

359 1690 495 1748 Juda
524 1693 664 1748 sicut
699 1693 752 1747 in
782 1694 922 1749 libro
946 1692 1398 1763 Paralipomenon
1426 1692 1640 1763 legitur,
1672 1709 1790 1747 cum
1821 1700 1938 1746 ten-

2039 530 2196 584 super
2214 515 2312 569 mel
2336 526 2383 569 et
2407 516 2586 586 favum
2615 513 2786 588 (Psal.
2813 517 3023 591 cxvm).
3064 517 3126 572 Ni
3153 532 3289 591 ergo
3311 531 3491 575 essent
3509 525 3610 578 sin-

2039 603 2161 675 gula
2192 604 2292 659 ista
2326 620 2354 658 a
2387 606 2674 676 semetipsa
2703 607 2935 673 diversa,
2970 623 3249 678 nunquam
3282 611 3469 681 utique
3496 628 3611 683 pro-

2038 695 2186 765 prias
2229 694 2521 766 unicuique
2567 695 2846 767 Scriptura
2888 699 3071 753 divina
3111 699 3447 758 dill‘erentias
3486 705 3611 759 indi-

2039 788 2237 851 disset,
2290 796 2350 842 ut
2397 788 2541 843 aliud
2587 790 2653 844 de
2696 789 2814 858 lege
2842 790 3057 845 Domini
3084 791 3324 858 diceret,
3373 793 3513 849 aliud
3551 799 3611 852 de

2039 880 2313 944 mandato,
2337 879 2481 934 aliud
2508 881 2574 935 de
2595 880 3096 950 justifieationibus,
3120 881 3268 937 aliud
3296 883 3367 937 de
3385 883 3609 954 judiciis.

2038 966 2135 1022 Εει
2164 982 2295 1040 ergo
2325 978 2385 1024 ut
2414 969 2467 1024 in
2496 970 2581 1023 bis
2605 971 2965 1036 ostendimus,
2997 970 3144 1026 aliud
3172 971 3286 1036 lex,
3316 971 3461 1027 aliud
3487 989 3613 1044 prte-

2038 1066 2282 1128 ceptum,
2320 1058 2463 1113 aliud
2496 1060 2864 1115 testimonium
2884 1100 2899 1127 ,
2933 1061 3077 1116 aliud
3098 1060 3443 1130 justiﬁeatio,
3476 1050 3611 1120 aliud

2033 1146 2318 1216 judicium.
2372 1148 2481 1204 Sed
2523 1157 2579 1204 et
2624 1150 2678 1204 in
2725 1150 2841 1221 ipsa
2891 1132 3042 1222 lege,
3090 1151 3401 1208 evidentior
3429 1154 3611 1209 horum

2037 1238 2341 1295 dill'erentia
2381 1240 2698 1312 designatur
2733 1242 2824 1296 ubi
2862 1243 3097 1298 dicitur:
3133 1242 3266 1298 Herc
3305 1253 3382 1297 est
3421 1244 3531 1308 lex,
3567 1256 3611 1300 et

2038 1330 2309 1395 mandata,
2334 1340 2383 1385 et
2395 1331 2824 1401 justiﬁcationes,
2847 1345 2896 1386 et
2920 1343 3202 1403 prteccpta,
3229 1343 3279 1387 et
3301 1334 3611 1401 testimonia,

2038 1429 2087 1474 et
2109 1420 2337 1491 judicia,
2373 1437 2491 1492 qua:
2522 1421 2769 1492 prterepit
2798 1419 3056 1476 Do'nifnus
3083 1421 3279 1493 Moysi.
3330 1422 3464 1478 Cum
3496 1439 3612 1494 ergo

2038 1513 2154 1568 haec
2185 1511 2259 1567 ita
2288 1527 2347 1568 se
2380 1513 2612 1578 habere,
2653 1512 2739 1568 his
2769 1527 2799 1567 a
2830 1526 2889 1568 se
2918 1512 3148 1567 invicem
3179 1513 3403 1568 dill'erre
3431 1514 3610 1568 distin-

2038 1602 2306 1658 ctionibus
2338 1602 2474 1673 legis
2509 1602 2679 1673 ipsius
2710 1602 3040 1657 testimoniis
3075 1604 3468 1672 approbentur,
3500 1603 3611 1658 diii-

2039 1693 2251 1762 gentius
2296 1693 2555 1749 debemus
2597 1692 2881 1749 intendere
2926 1694 3013 1749 his
3053 1708 3173 1763 qua:
3216 1695 3516 1749 recitantur
3553 1709 3611 1748 ex

356 1795 490 1840 taret
518 1801 675 1856 super
697 1786 868 1840 altare
893 1787 1249 1856 thymiamatis
1277 1784 1486 1841 adolere
1506 1785 1773 1839 incensum
1798 1799 1940 1839 more
1968 1783 2014 1843 B
2043 1782 2178 1852 lege.
2198 1781 2332 1848 Quia
2350 1782 2519 1838 sicubi
2543 1783 2818 1849 scribitur,
2833 1784 2986 1838 verbi
3008 1785 3179 1854 gratia
3208 1785 3316 1839 hoc
3335 1799 3454 1840 esse
3475 1801 3613 1839 man-

360 1877 714 1940 sacerdotum,
741 1877 972 1946 ﬁliorum
1001 1876 1236 1930 videlicet
1264 1878 1462 1941 Aaron,
1494 1876 1637 1947 lepra
1661 1893 1693 1929 a
1717 1875 1942 1929 Domino

356 1969 410 2022 in
437 1967 607 2037 fronte
629 1984 908 2038 percussus
932 1976 1029 2030 est,
1055 1976 1210 2038 atque
1232 1983 1324 2037 per
1344 1965 1638 2020 sacerdotes
1664 1965 1729 2019 de
1752 1963 1942 2034 templo

355 2059 580 2129 turpiter
613 2057 882 2129 expulsus,
914 2057 1166 2112 habitavit
1201 2057 1257 2110 in
1289 2056 1445 2111 domo
1480 2068 1744 2129 separata,
1783 2071 1944 2127 usque

357 2152 427 2204 ad
456 2150 593 2205 diem
622 2151 807 2204 mortis
834 2165 945 2205 sate
972 2147 1060 2222 (II
1087 2148 1273 2203 Paral.
1302 2147 1436 2223 xvi).

931 2260 1157 2321 CAPUT
1198 2261 1362 2319 XXII.

361 2352 458 2410 Ubi
486 2372 664 2410 omnes
693 2355 982 2426 oblationes
1010 2355 1243 2426 ﬁliorum
1276 2354 1446 2410 Israel
1487 2364 1642 2426 atque
1682 2352 1943 2425 primitias

628 2424 987 2479 sacerdotibus
1018 2435 1173 2495 atque
1197 2424 1387 2480 Levitis
1417 2424 1672 2481 concedit.

430 2512 610 2585 (lntn.)
642 2512 872 2567 Locutus
894 2522 970 2568 est
994 2513 1251 2569 Dominus
1277 2515 1346 2569 ad
1367 2516 1547 2570 Aaron
1565 2515 1744 2569 dicens
1763 2527 1782 2566 :
1810 2513 1945 2578 Ecce

357 2604 479 2659 dedi
507 2603 600 2657 tibi
628 2603 921 2658 custodiam
946 2604 1300 2675 primitiarum
1326 2621 1582 2660 mearum.
1616 2603 1807 2659 Omnia
1828 2620 1945 2676 qua:

359 2695 766 2765 sancti/leuatur
793 2713 825 2749 a
851 2694 979 2764 filiis
1008 2693 1197 2759 Israel,
1231 2696 1325 2750 tibi
1357 2695 1553 2749 tradidi
1581 2704 1632 2750 et
1654 2694 1782 2764 ﬁliis
1815 2695 1942 2759 tuis,

358 2801 452 2854 pro
478 2785 644 2855 o/Iicio
668 2783 1006 2850 sacerdotali,
1039 2782 1270 2856 legitima
1300 2786 1641 2855 sempiterna,
1669 2792 1776 2839 etc.
1832 2784 1946 2839 Pri-

358 2875 542 2930 mitias
569 2875 812 2930 omnium
840 2874 1077 2947 frugum,
1102 2876 1458 2948 omniumque
1482 2892 1739 2948 pecorum
1765 2892 1946 2932 sacer-

359 2965 575 3021 dotibus
601 2963 683 3019 lex
713 2965 935 3020 mandat
962 2964 1167 3032 oﬂ'crri,
1198 2968 1271 3022 ita
1301 2975 1361 3021 ut
1386 2968 1561 3023 omnis
1588 2968 1680 3038 qui
1705 2967 1945 3038 possidet

360 3070 571 3127 agrum,
604 3055 689 3111 vel
719 3056 952 3120 vincam,
978 3056 1063 3110 vel
1090 3056 1368 3122 olivetum,
1393 3058 1479 3113 vel
1508 3050 1725 3113 hortum
1753 3058 1938 3113 etiam.

2045 1874 2252 1939 datum,
2279 1888 2386 1927 non
2415 1874 2672 1929 continuo
2698 1874 3034 1940 mandatum,
3063 1874 3149 1930 lex
3179 1876 3495 1945 accipienda
3518 1886 3612 1930 est.

2044 1965 2139 2021 Vel
2169 1967 2341 2021 sicubi
2377 1967 2636 2036 scriptum
2677 1975 2798 2022 est:
2850 1966 2971 2022 Ιειεε
3017 1977 3143 2022 sunt
3181 1966 3612 2037 justil‘mtiones,

2042 2068 2104 2113 ut
2128 2058 2212 2112 lex
2241 2066 2335 2112 aut
2361 2058 2671 2112 mandatum
2701 2059 2956 2127 putanda:
2981 2067 3125 2114 sunt.
3158 2060 3426 2114 Similiter
3448 2068 3614 2113 autem

2043 2155 2096 2202 et
2121 2147 2292 2202 sicubi
2324 2148 2588 2217 scriptum
2615 2155 2736 2214 est,
2777 2148 3087 2204 testimonia
3120 2157 3215 2203 aut
3242 2149 3447 2221 judicia
3467 2191 3485 2217 ,
3518 2164 3613 2204 non

2043 2238 2267 2293 confusa
2294 2239 2349 2293 in
2377 2255 2544 2293 unum
2571 2254 2638 2295 ex
2668 2241 2882 2296 caeteris
2903 2280 2919 2306 ,
2957 2241 3050 2297 sed
3076 2241 3359 2297 diversum
3387 2244 3455 2298 ab
3482 2241 3615 2307 aliis,

2043 2329 2465 2399 unumquodque
2508 2330 2848 2387 sentiendum
2894 2340 2997 2387 est.
3069 2330 3127 2388 Si
3179 2348 3314 2405 ergo
3370 2334 3612 2403 scriptum

2043 2435 2165 2476 esse
2191 2419 2442 2490 legimus,
2478 2422 2603 2492 quia
2638 2420 2724 2476 lea:
2758 2423 2998 2478 umbram
3026 2424 3179 2479 habet
3208 2425 3507 2496 futurorum
3535 2428 3613 2479 bo-

2045 2526 2232 2564 norum
2269 2507 2456 2582 (Hebr.
2485 2510 2579 2582 x),
2631 2513 2891 2568 continuo
2939 2514 3103 2585 etiam
3153 2516 3499 2579 mandatum,
3539 2513 3615 2569 vel

2036 2600 2285 2671 iustitiae,
2315 2601 2401 2657 vel
2423 2601 2645 2669 divitite,
2668 2604 2734 2658 de
2758 2603 2954 2673 quibus
2977 2604 3081 2660 hoc
3104 2620 3210 2660 non
3240 2614 3329 2661 est
3348 2607 3610 2676 scriptum,

2042 2694 2234 2747 umbra
2287 2708 2410 2749 esse
2464 2694 2745 2749 credenda:
2796 2702 2923 2749 sunt
2971 2693 3279 2749 futurorum
3332 2697 3602 2751 bonorum.

2044 2782 2287 2852 Denique
2315 2791 2373 2837 ut
2405 2782 2637 2854 exempli
2679 2783 2853 2854 gratia
2884 2800 3049 2839 unum
3078 2800 3351 2855 ponamus
3385 2801 3449 2840 ex
3487 2784 3611 2841 mul-

2044 2874 2135 2938 tis,
2169 2889 2276 2928 nou
2306 2881 2390 2928 est
2419 2874 2703 2944 scriptum,
2754 2873 2869 2929 Hoc
2908 2881 2993 2930 est
3032 2875 3349 2931 mandatum
3379 2876 3610 2946 pasclue,

2043 2963 2157 3027 sed,
2183 2962 2313 3017 Htec
2337 2972 2410 3017 est
2437 2961 2521 3017 lea:
2549 2962 2969 3035 pasch¢e(Exod.
2994 2964 3114 3036 xu).
3142 2966 3208 3019 Et
3237 2967 3367 3036 quia
3400 2967 3478 3021 lcx
3507 2981 3610 3019 um-

2044 3051 2139 3106 bra
2173 3061 2257 3107 est
2285 3051 2588 3107 futurorum
2629 3054 2926 3119 bonorum,
2966 3054 3059 3110 lex
3077 3056 3195 3111 sine
3226 3058 3391 3115 dubio
3418 3057 3611 3127 pascluc

359 3146 480 3205 etsi
507 3145 635 3216 quid
661 3153 745 3201 est
764 3146 908 3215 quod
931 3155 1216 3201 exercetur
1243 3147 1296 3201 in
1320 3148 1481 3201 terris
1502 3186 1518 3212 ,
1552 3148 1646 3202 sed
1669 3154 1725 3200 et
1749 3147 1793 3200 si
1821 3146 1943 3216 quis
1970 3128 2015 3189 Ο
2047 3142 2236 3196 umbra
2264 3148 2349 3196 est
2376 3140 2680 3197 futurorum
2712 3144 2999 3200 bonorum.
3047 3146 3181 3201 Cum
3213 3163 3348 3220 ergo
3376 3148 3522 3203 venio
3552 3146 3609 3199 ad

360 3236 570 3308 peculia
593 3234 965 3306 cujuscunque
984 3237 1207 3300 nutriat,
1229 3236 1422 3292 offerat
1441 3253 1508 3293 cx
1534 3239 1620 3292 his
1645 3237 1759 3293 Deo
1783 3253 1945 3293 omne

358 3327 503 3396 quod
546 3326 783 3395 primum
825 3336 949 3391 est,
999 3326 1052 3382 id
1086 3334 1206 3392 est,
1252 3327 1319 3381 ad
1365 3328 1676 3384 sacerdotes
1712 3327 1939 3383 delerat.

360 3415 473 3471 Deo
503 3415 648 3470 enim
675 3414 860 3471 olferri
891 3415 1043 3483 dicit,
1078 3416 1222 3487 quod
1254 3416 1627 3474 sacerdotibus
1657 3419 1835 3474 datur.
1876 3418 1947 3474 Et

360 3507 465 3562 hoc
492 3513 576 3562 est
602 3506 744 3577 quod
770 3506 1031 3562 docemur
1052 3522 1120 3563 ex
1144 3507 1299 3581 lege:
1332 3508 1460 3579 quia
1486 3523 1648 3565 nemo
1677 3507 1823 3565 licite
1847 3523 1948 3565 nec

359 3596 600 3667 legitime
633 3604 821 3651 utatur
848 3596 1113 3655 fructibus
1155 3615 1292 3670 quos
1336 3608 1479 3656 terra
1510 3600 1796 3671 producit,
1845 3615 1947 3657 nec

360 3689 730 3745 animantibus
757 3704 877 3759 quae
904 3691 1171 3760 pecudum
1202 3691 1429 3763 protulit
1453 3700 1643 3763 partus
1663 3732 1679 3759 ,
1726 3692 1835 3748 nisi
1879 3707 1945 3749 ex

359 3779 587 3850 singulis
607 3781 912 3851 quibusque
933 3781 1046 3837 Deo
1066 3782 1342 3852 primitiae,
1366 3784 1419 3838 id
1441 3795 1547 3849 εει,
1570 3785 1947 3840 sacerdotibus

358 3872 681 3928 oil‘erantur.
713 3872 865 3927 Hanc
894 3887 1024 3944 ergo
1054 3873 1228 3943 legem
1255 3875 1536 3931 observari
1564 3875 1729 3930 etiam
1758 3890 1948 3931 secun-

359 3965 487 4019 dum
512 3964 765 4026 litteram,
789 3964 933 4020 sicut
956 3973 1013 4019 et
1034 3965 1142 4020 alia
1164 3965 1445 4031 nonnulla,
1467 3967 1773 4022 necessario
1794 3974 1944 4037 puto.

359 4054 501 4110 Sunt
530 4053 676 4109 enim
701 4044 977 4124 aliquanta
1006 4053 1141 4125 legis
1172 4056 1452 4121 mandata,
1481 4072 1603 4127 qua:
1628 4057 1792 4112 etiam
1812 4056 1947 4112 Novi

359 4144 694 4201 Tcstamenti
720 4143 971 4215 discipuli
997 4146 1306 4202 necessaria
1348 4147 1730 4203 observatione
1767 4156 1950 4203 custo-

360 4237 535 4293 diunt.
579 4235 647 4291 Et
678 4236 723 4292 si
754 4236 993 4304 videtur,
1023 4237 1177 4308 prius
1207 4236 1274 4293 de
1301 4237 1388 4293 his
1416 4236 1568 4309 ipsis,
1598 4253 1720 4309 qutc
1748 4238 1801 4293 in
1833 4238 1949 4309 lege

358 4327 578 4397 quidem
607 4328 810 4399 scripta
839 4369 855 4397 ,
903 4330 997 4386 sed
1030 4337 1288 4399 tanquam
1325 4330 1381 4385 in
1422 4330 1728 4403 Evangeliis
1756 4331 1948 4387 obser—

359 4421 533 4475 vanda
560 4421 692 4485 sint,
723 4435 902 4477 sermo
928 4430 1232 4477 moveatur.
1266 4421 1336 4477 Et
1358 4437 1485 4477 eum
1510 4423 1625 4479 haac
1649 4424 1942 4495 patuerint,

358 4525 489 4569 tunc
527 4514 642 4585 jam
681 4514 811 4584 quid
855 4516 910 4569 in
955 4514 1043 4570 his
1082 4514 1248 4569 etiam
1290 4514 1605 4585 spiritaliter
1634 4516 1825 4570 sentiri
1855 4517 1945 4570 de~

362 4604 506 4665 beat,
543 4604 897 4674 requiremus.
937 4602 1076 4659 Sunt
1101 4604 1247 4660 enim
1272 4604 1365 4674 qui
1396 4603 1470 4658 ita
1495 4603 1711 4669 dicant,
1745 4605 1870 4674 quia
1899 4604 1945 4659 si

361 4692 566 4762 aliquid
592 4693 814 4749 omnino
837 4696 1230 4750 observandum
1256 4702 1342 4749 est
1363 4695 1658 4749 secundum
1684 4694 1943 4759 litteram,

363 4784 456 4838 sed
483 4782 802 4853 spiritaliter
825 4785 1026 4840 debent
1052 4785 1306 4840 universa
1333 4784 1592 4841 discerni.
1623 4784 1734 4839 Nos
1762 4793 1943 4840 autem

365 4876 644 4944 utriusque
664 4876 978 4930 assertionis
999 4876 1342 4930 insolentiam
1368 4881 1750 4945 temperantes,
1774 4875 1950 4944 qualis

364 4965 546 5037 regula
580 4964 634 5019 in
668 4961 1039 5032 hujuscemodi
1073 4965 1210 5035 legis
1238 4966 1580 5020 sermonibus
1609 4966 1947 5021 observanda

364 5060 459 5125 sit,
487 5072 556 5113 ex
586 5056 908 5117 auctoritate
933 5057 1240 5112 divinarum
1267 5057 1671 5127 Scripturarum
1703 5058 1948 5128 proferre

365 5149 714 5205 tentabimus.
768 5146 1045 5217 Scriptum
1089 5156 1175 5203 est
1217 5149 1359 5203 enim
1410 5148 1463 5202 in
1505 5156 1702 5203 octavo
1736 5148 1946 5203 decimo

364 5243 574 5314 psalmo
610 5258 624 5294 :
677 5238 789 5294 Lea:
829 5238 1044 5293 Domini
1089 5238 1557 5309 irreprehensibilis
1583 5279 1598 5303 ,
1645 5248 1945 5294 convertens

364 5334 573 5386 animas
595 5343 616 5383 :
648 5330 1000 5386 testimonium
1028 5328 1243 5383 Domini
1268 5328 1440 5398 ﬁdele,
1475 5328 1787 5399 sapientiam
1812 5345 1949 5399 pl'tl’-

363 5433 512 5477 stans
530 5421 786 5493 paruulis.
816 5419 1141 5491 Prteceptum
1153 5419 1365 5473 Domini
1387 5417 1620 5471 lucidum
1641 5417 1948 5472 illuminans

365 5511 566 5567 oculos.
597 5512 776 5567 Timor
803 5512 1013 5566 Domini
1041 5522 1255 5565 sanctus
1281 5526 1589 5581 permanens
1616 5510 1671 5564 in
1695 5508 1947 5563 steculum

365 5602 547 5655 seculi
576 5615 597 5653 :
640 5603 867 5673 justitice
911 5602 1125 5657 Domini
1175 5610 1328 5655 recta:
1376 5599 1704 5670 ludiﬁcantes
1749 5601 1948 5663 corda,

363 5692 571 5759 Iudicia
611 5710 731 5748 vera
764 5695 1066 5765 justiﬁcata
1112 5695 1165 5748 in
1212 5693 1524 5764 semetipsa;
1579 5692 1951 5748 desiderabilia

1971 4468 2025 4528 D

2046 3230 2225 3285 locum
2256 3231 2438 3298 illum,
2465 3232 2555 3302 qui
2588 3233 2823 3304 scriptus
2850 3245 2934 3291 est
2959 3236 3026 3291 de
3053 3239 3255 3307 pascha
3276 3280 3300 3305 ,
3331 3240 3385 3294 in
3414 3252 3508 3294 ove
3536 3236 3612 3291 illa

2045 3324 2249 3378 carnali
2278 3324 2448 3379 debeo
2472 3324 2774 3396 lntclligere
2798 3327 3047 3399 umbram
3078 3327 3243 3383 futuri
3270 3330 3427 3396 boni,
3450 3338 3502 3383 et
3527 3328 3615 3384 hoc

2045 3415 2266 3489 sentire,
2290 3416 2431 3485 quod
2461 3417 2659 3486 pascha
2682 3425 2919 3471 nostrum
2941 3418 3242 3473 immolatus
3269 3430 3355 3474 est
3377 3420 3613 3474 Christus.

2047 3508 2225 3566 Simili
2253 3510 2413 3565 modo
2438 3510 2680 3566 invenies
2706 3511 2867 3566 etiam
2896 3512 2962 3567 de
2988 3512 3195 3582 azymis
3232 3522 3295 3568 et
3335 3513 3400 3568 de
3426 3511 3614 3568 caeteris

2047 3601 2309 3660 festorum
2338 3603 2547 3659 dierum
2584 3604 2947 3660 observantiis
2984 3604 3265 3674 scriptum.
3326 3604 3458 3672 Quia
3495 3618 3612 3672 ergo

2044 3693 2161 3749 bare
2188 3694 2369 3749 omnia
2399 3694 2500 3749 sub
2528 3693 2664 3765 legis
2693 3692 2847 3749 titulo
2874 3694 3186 3750 scribuntur
3212 3694 3267 3749 in
3304 3694 3419 3765 lege
3443 3708 3612 3749 neces-

2046 3783 2213 3849 Sario,
2242 3784 2368 3854 quia
2397 3782 2480 3837 lex
2509 3799 2605 3854 per
2631 3791 2956 3854 praesentem
2994 3784 3239 3838 umbram
3270 3783 3455 3841 futura
3488 3785 3611 3839 bona

2046 3876 2329 3946 designat,
2371 3876 2649 3945 requirere
2687 3876 2856 3932 debeo
2894 3890 3014 3946 qua:
3043 3877 3153 3931 sint
3188 3891 3385 3949 azyma
3415 3878 3609 3931 futuro-

2045 3984 2168 4024 rum
2192 3969 2456 4024 bonorum
2482 3987 2496 4023 :
2524 3978 2578 4024 et
2601 3969 2817 4025 invenio
2838 3968 2971 4023 mihi
2996 3969 3263 4024 dicentem
3287 3969 3609 4041 Apostolum,

2047 4067 2103 4110 ut
2133 4056 2269 4111 diem
2300 4057 2487 4126 festum
2512 4072 2751 4127 agamus,
2784 4074 2886 4112 non
2914 4059 2967 4112 in
2992 4058 3245 4127 fermento
3279 4060 3442 4114 veteri
3466 4071 3609 4128 neque

2048 4146 2300 4217 fermento
2328 4145 2565 4212 malitite,
2593 4147 2683 4200 sed
2711 4147 2765 4200 in
2792 4148 2992 4218 azymis
3020 4148 3339 4203 sinceritatis
3368 4158 3414 4202 et
3440 4148 3609 4202 verita-

2047 4238 2114 4290 tis
2136 4235 2187 4307 (I
2213 4234 2336 4290 Cor.
2361 4234 2436 4308 v).
2477 4236 2584 4291 Sed
2608 4245 2664 4291 et
2689 4235 2756 4290 de
2781 4236 3194 4293 circumcisione
3220 4239 3480 4308 scriptum
3501 4241 3602 4291 est:

2050 4326 2183 4381 Hcce
2227 4335 2301 4381 est
2346 4325 2432 4381 lea:
2475 4325 2888 4381 circumcisionis
2927 4324 3078 4398 (Gen.
3108 4326 3262 4397 xvu).
3318 4327 3452 4395 Quia
3493 4337 3608 4396 ergo

2050 4416 2393 4475 circumcisio
2420 4417 2521 4473 sub
2546 4417 2680 4489 legis
2705 4417 2860 4472 titulo
2886 4427 3161 4483 censetur,
3189 4416 3275 4472 lex
3302 4425 3480 4472 autem
3506 4428 3610 4467 um-

2051 4512 2148 4566 bra
2174 4518 2278 4575 est,
2302 4524 2484 4579 quaero
2504 4510 2633 4579 quid
2654 4508 3087 4564 circumcisionis
3108 4508 3299 4562 umbra
3322 4509 3607 4563 futurorum

2053 4603 2327 4656 contineat
2367 4602 2630 4656 bonorum
2655 4641 2670 4664 ,
2710 4616 2780 4656 ne
2810 4597 2951 4655 forte
2979 4600 3122 4654 dicat
3166 4599 3297 4653 mihi
3341 4600 3395 4654 in
3434 4597 3609 4652 umbra

2052 4691 2485 4747 circumcisionis
2505 4690 2680 4761 posito
2704 4690 2920 4754 Paulus,
2941 4690 3066 4760 quia
3086 4690 3129 4742 si
3156 4684 3608 4746 circumcidamini,

2051 4781 2292 4837 Christus
2318 4781 2458 4836 vobis
2484 4778 2615 4833 nihil
2641 4781 2905 4851 proderit,
2942 4780 3130 4833 etenim
3160 4795 3263 4832 non
3291 4794 3406 4849 qua:
3434 4778 3486 4830 in
3509 4790 3607 4827 nta-

2050 4874 2239 4944 nifesto
2268 4875 2322 4927 in
2352 4888 2511 4927 carne
2537 4883 2610 4926 est
2646 4872 2995 4935 circumcisio,
3036 4870 3127 4924 illa
3159 4869 3483 4924 circumcisio
3508 4875 3606 4928 est;

2050 4982 2212 5036 neque
2246 4965 2334 5035 qui
2371 4964 2426 5016 in
2461 4962 2734 5032 manifesto
2770 4963 2825 5015 in
2856 4978 3012 5016 carne
3038 4960 3260 5015 Juda'us
3287 4970 3380 5023 est,
3416 4956 3501 5011 sed
3530 4951 3608 5025 qui

2049 5058 2103 5112 in
2130 5056 2331 5112 occulto
2351 5054 2573 5109 Judteus
2602 5064 2711 5118 est;
2740 5063 2786 5107 et
2813 5052 3142 5107 circumcisio
3170 5051 3341 5104 cordis
3365 5050 3418 5101 in
3438 5045 3605 5117 spiritu

2053 5162 2158 5200 non
2186 5145 2394 5207 litterte,
2423 5143 2576 5212 cujus
2602 5141 2720 5196 laus
2748 5160 2850 5196 non
2878 5142 2942 5195 ab
2968 5140 3285 5204 hominibus,
3317 5138 3405 5192 sed
3431 5151 3493 5189 ea:
3515 5134 3606 5185 Deo

2053 5251 2126 5292 est
2159 5235 2300 5309 (Gal.
2331 5234 2408 5306 v).
2453 5235 2579 5290 lltec
2608 5251 2739 5305 ergo
2769 5233 2979 5305 singula
3016 5248 3135 5301 quae
3166 5242 3493 5301 nequaquam
3523 5239 3601 5295 pc-

2054 5331 2200 5385 nitus
2229 5329 2524 5383 secundum
2561 5326 2795 5381 litteram
2827 5324 3162 5380 observanda
3195 5322 3350 5383 dicit,
3387 5312 3607 5372 invenies

2054 5423 2234 5479 omnia
2263 5420 2377 5475 fere
2418 5419 2559 5489 apud
2606 5419 2824 5489 Moysen
2863 5418 2963 5472 sub
2991 5416 3123 5486 legis
3151 5414 3305 5469 titulo
3334 5402 3604 5478 designari.

2050 5513 2167 5568 Jam
2188 5527 2318 5567 vero
2340 5510 2394 5565 in
2419 5525 2484 5566 co
2510 5509 2598 5564 ubi
2626 5508 2780 5572 dicit,
2806 5506 2925 5561 Non
2948 5506 3172 5568 occides,
3191 5522 3294 5559 non
3314 5496 3604 5556 adulterium

2055 5603 2238 5672 facies,
2270 5617 2374 5654 non
2404 5598 2685 5670 furaberis,
2725 5605 2779 5653 et
2813 5597 2912 5652 rei.
2942 5597 3137 5668 (Exod.
3172 5597 3284 5659 xxi,
3326 5583 3602 5659 bujusmoii

2056 5709 2162 5748 non
2190 5689 2510 5756 invenimus,
2535 5688 2791 5761 quoniam
2815 5687 2951 5760 legis
2979 5688 3031 5741 iu
3064 5687 3148 5742 bis
3180 5687 3386 5739 t.tulum
3414 5675 3601 5745 premi-
