3932 6188
193 438 299 493 697

901 433 1437 494 ENARRATIONES
1470 435 1539 491 IN
1576 430 1838 490 LIBRUM
1879 429 2369 492 NUMERORUM..
2406 464 2476 477 -—
2513 433 2642 491 LIB.
2682 436 2747 493 ll.

3359 441 3464 501 698

193 551 351 615 serit,
376 550 473 605 sed
504 549 676 622 magis
700 550 816 606 hzec
839 552 1094 607 mandata
1120 553 1404 617 videntur;
1435 560 1490 607 et
1519 552 1639 606 ideo
1666 566 1773 605 non
1804 546 1855 605 A
1879 546 1948 601 de
1973 546 2263 619 Evangelio
2284 549 2497 615 vivant;
2529 558 2584 605 et
2609 550 2700 620 qui
2733 549 2888 605 altari
2918 551 3177 619 serviunt,
3205 553 3273 609 de
3296 556 3457 613 altari

193 643 507 697 exinanitur
544 643 685 714 apud
730 644 1024 715 discipulos
1070 645 1126 698 in
1175 644 1466 714 Evangelia
1510 644 1779 713 scriptura

195 733 326 798 ista,
368 733 465 789 sed
496 734 774 805 impletur,
813 735 973 805 quia,
1013 744 1075 813 ut
1101 736 1246 801 dixi,
1285 752 1388 790 non
1428 735 1779 800 mandatum,

193 825 286 880 sed
315 826 523 881 habere
552 826 749 881 dicitur
775 827 1022 881 umbram
1055 827 1363 882 futurorum
1393 827 1680 881 bonorum.
1715 826 1781 881 Et

196 918 314 973 ideo
339 918 458 972 [nec
478 916 635 973 nobis
661 919 957 973 secundum
988 916 1225 975 litteram
1251 918 1601 974 custodienda
1627 925 1777 974 sunt.

192 1007 324 1063 Item
361 1009 531 1064 alibi:
568 1008 752 1077 Iuste,
802 1010 1012 1081 inquit,
1047 1021 1251 1083 sectare
1274 1011 1427 1084 quod
1456 1011 1665 1082 justum
1702 1021 1779 1066 est

194 1096 375 1167 (Deut.
392 1098 530 1168 xvi).
563 1099 701 1167 Quid
723 1115 858 1171 opus
880 1108 965 1155 est
986 1101 1040 1156 in
1065 1101 1153 1156 his
1178 1102 1488 1171 allegoriam
1509 1116 1776 1172 quaerere,

193 1203 313 1242 cum
356 1188 590 1243 aediﬁcet
632 1190 795 1245 etiam
842 1190 1065 1246 littera?
1116 1189 1465 1248 Ostendimus
1493 1208 1623 1265 ergo
1657 1209 1779 1250 esse

192 1276 437 1346 quaedam
471 1292 592 1346 quae
625 1279 847 1334 omnino
881 1295 988 1335 non
1023 1288 1150 1335 sunt
1179 1282 1448 1337 servanda
1476 1282 1777 1337 secundum

193 1367 427 1423 litteram
458 1368 614 1441 legis,
643 1376 699 1426 et
726 1367 890 1426 etiam
918 1373 1165 1441 quaedam
1191 1388 1314 1443 qum
1337 1388 1436 1442 per
1464 1373 1776 1445 allegoriam

189 1457 404 1527 penitus
436 1457 709 1513 immutari
740 1477 846 1515 non
879 1458 1112 1527 debent,
1154 1462 1246 1516 sed
1276 1463 1587 1519 omnimodo
1617 1463 1693 1518 ita
1717 1470 1780 1518 ut

189 1549 491 1621 Scriptura:
518 1552 586 1608 de
612 1553 699 1607 bis
726 1554 1009 1609 continent
1033 1556 1388 1611 observanda:
1426 1566 1574 1611 sunt.
1623 1557 1778 1612 Nunc

187 1649 366 1695 autem
399 1642 621 1711 requiro
645 1641 690 1696 si
722 1651 850 1698 sunt
878 1644 1081 1713 aliqua,
1115 1661 1237 1716 quae
1273 1654 1328 1701 et
1361 1648 1656 1702 secundant
1691 1646 1778 1702 lit-

187 1737 358 1784 teram
388 1730 609 1800 quidem
636 1739 785 1789 stare
812 1734 1047 1803 possint,
1072 1736 1381 1790 necessario
1411 1744 1587 1791 tamen
1616 1736 1669 1791 in
1694 1736 1776 1792 eis

175 1823 346 1876 etiam
379 1822 639 1893 allegoria
667 1824 996 1895 requirenda
1027 1825 1119 1880 sit.
1171 1825 1238 1880 Et
1264 1827 1388 1882 vide
1411 1827 1457 1882 si
1487 1842 1775 1897 possumus

1880 640 2231 711 partieipent.
2258 641 2324 695 Et
2351 641 2491 698 sicut
2516 643 2618 697 hoc
2644 643 2843 698 decens
2871 652 2927 698 et
2952 642 3171 716 dignum
3200 653 3303 710 est,
3329 648 3407 701 sic
3431 664 3463 702 e

1880 732 2157 788 contrario
2184 741 2241 786 et
2265 733 2525 789 indecens
2564 744 2617 788 et
2660 733 2939 805 indignum
2970 743 3084 802 est,
3133 736 3242 790 imo
3275 745 3330 791 et
3365 737 3464 791 im-

1878 822 2063 892 pium,
2100 832 2162 878 ut
2191 825 2237 879 is
2265 825 2355 895 qui
2388 826 2557 881 Deum
2588 826 2713 881 colit
2746 836 2801 882 et
2834 826 3137 899 ingreditur
3164 827 3462 884 Ecclesium

1880 916 1996 982 Dei,
2025 917 2117 985 qui
2144 917 2248 972 scit
2274 919 2591 973 sacerdotes
2617 927 2671 973 et
2703 919 2992 989 magistros
3017 919 3276 974 assistere
3303 920 3463 973 altari

1878 1002 1996 1068 Dei,
2012 1013 2068 1060 et
2087 1015 2182 1060 aut
2196 1008 2361 1062 verbo
2376 1007 2469 1062 Dei
2494 1016 2585 1063 aut
2599 1008 2853 1063 Ecclesia:
2876 1009 3171 1075 deservire,
3195 1011 3261 1064 de
3284 1009 3466 1064 l'ructi-

1876 1091 1981 1149 bus
2004 1102 2163 1149 teme
2184 1110 2320 1166 quos
2346 1096 2493 1151 dedit
2520 1097 2683 1162 Dens,
2711 1098 2877 1154 solem
2904 1115 3059 1154 suum
3089 1100 3455 1170 producendo.

1875 1188 1931 1238 et
1958 1179 2166 1253 pluvias
2213 1187 2777 1253 snas'miuistrmulo,
2821 1206 2929 1244 non
2959 1191 3151 1246 ollerat
3186 1191 3458 1263 primitias

1878 1274 2287 1341 sacerdotibus;
2340 1279 2629 1334 non.mibi
2670 1281 2881 1335 videtur
2923 1282 3227 1352 lmjusmodi
3278 1287 3459 1337 anima

1877 1362 2079 1418 habere
2116 1366 2430 1436 memoriam
2473 1368 2595 1433 Dei,
2639 1385 2737 1425 nec
2767 1369 3027 1441 cogitare,
3055 1388 3156 1427 nec
3200 1374 3459 1439 credere,

1875 1456 2003 1525 quia
2045 1455 2187 1511 Deus
2223 1458 2432 1513 dederit
2467 1457 2674 1516 fructus
2704 1477 2842 1531 quos
2870 1465 3046 1534 cepit,
3092 1480 3228 1535 quos
3268 1466 3342 1522 ita
3372 1482 3462 1521 re—

1876 1547 2060 1601 condit
2081 1547 2234 1616 quasi
2260 1546 2465 1603 alienos
2492 1564 2522 1603 a
2549 1547 2681 1605 Deo.
2717 1550 2774 1606 Si
2802 1551 2945 1607 enim
2975 1568 3005 1606 a
3034 1552 3145 1608 Deo
3174 1554 3275 1609 sibi
3306 1554 3464 1610 datos

1876 1637 2154 1703 crederet,
2199 1639 2364 1694 sciret
2394 1641 2580 1711 utique
2608 1643 2945 1698 numerando
2974 1644 3317 1710 sacerdows,
3359 1645 3460 1699 bo-

1876 1743 2074 1785 norare
2100 1731 2269 1786 Deum
2299 1732 2365 1787 de
2391 1733 2531 1789 datis
2555 1741 2612 1789 et
2642 1735 2956 1790 muneribus
2992 1735 3125 1790 suis.
3154 1736 3221 1790 Et
3258 1735 3457 1801 adlmc,

1875 1828 1938 1874 ut
1960 1822 2192 1892 amplius
2213 1823 2328 1878 haec
2353 1825 2690 1880 observanda
2715 1826 2879 1881 etiam
2907 1826 3203 1882 secundmn
3226 1826 3463 1881 litteram

186 1916 299 1970 (me
351 1915 652 1984 apostolica
703 1926 760 1970 ρι
806 1916 1118 1988 evangelica
1168 1918 1495 1975 θυειοτίιεηθ
1537 1918 1771 1976 munita,
1800 1903 1849 1963 B
1878 1910 2048 1981 ipsius
2075 1911 2286 1968 Domini
2326 1915 2547 1970 vocibus
2581 1915 2901 1982 doceantur,
2927 1917 3188 1971 addemus
3216 1918 3282 1971 ad
3324 1918 3458 1973 lucc.

187 2002 468 2075 Scriptum
517 2014 602 2061 est
640 2007 784 2062 enim
828 2008 883 2062 in
929 2008 1082 2078 lege:
1122 2005 1352 2080 Propter
1386 2009 1483 2064 hoc
1522 2011 1776 2082 relinquet

184 2095 334 2151 homo
367 2105 580 2168 patrem
607 2108 656 2153 et
684 2107 928 2165 matrem,
961 2109 1012 2155 et
1042 2100 1329 2155 adluerebit
1366 2103 1521 2157 uxori
1555 2119 1689 2169 sum,
1726 2111 1775 2157 et

176 2198 332 2241 erunt
365 2188 527 2243 ambo
554 2190 610 2244 in
640 2206 797 2244 carne
827 2208 933 2246 una
958 2189 1110 2264 (Gen.
1142 2192 1224 2264 ιι).
1259 2192 1383 2250 ηωο
1409 2193 1549 2266 quod
1578 2194 1777 2267 allego-

185 2277 295 2333 rica
319 2280 584 2351 mysteria
606 2284 940 2349 contineant,
964 2282 1167 2341 Paulus
1188 2301 1309 2340 cum
1334 2284 1386 2341 in
1412 2286 1650 2358 Epistula
1679 2304 1775 2344 sua

185 2369 284 2424 hoc
313 2371 498 2441 ipsum
526 2374 796 2442 posuisset
826 2375 1164 2446 exemplum,
1200 2379 1518 2448 pronuntiat
1547 2379 1733 2435 dicens
1759 2397 1773 2435 :

188 2459 499 2531 Mysterium
522 2465 620 2518 hoc
643 2481 888 2536 magnum
911 2477 1011 2533 est,
1033 2485 1126 2539 ego
1152 2478 1328 2524 autem
1350 2470 1467 2525 dico
1491 2472 1548 2526 in
1569 2470 1776 2527 Christo

185 2561 230 2604 et
267 2552 321 2606 in
350 2551 597 2609 Ecclesia
625 2553 841 2627 (Ephes.
870 2556 946 2629 v).
997 2556 1150 2625 Quod
1188 2567 1368 2614 autem
1395 2570 1646 2631 oporteat
1673 2563 1778 2617 hoc

185 2642 345 2696 etiam
375 2645 678 2699 secundum
710 2645 948 2701 litteram
977 2647 1259 2714 custodiri,
1290 2650 1405 2721 ipse
1431 2650 1690 2706 Dominus
1721 2659 1777 2705 et

186 2729 444 2788 Salvator
481 2735 639 2790 docet
677 2736 898 2793 dicens:
947 2737 1221 2811 Scriptum
1263 2750 1379 2795 est:
1416 2738 1645 2811 Propter
1679 2743 1778 2797 hoc

186 2823 445 2896 relinquet
473 2826 628 2880 homo
655 2836 860 2898 patrem
886 2837 934 2883 et
959 2840 1202 2895 matrem,
1231 2841 1278 2885 et
1306 2831 1593 2887 adhmrebit
1620 2833 1776 2887 uxori

187 2929 318 2978 tute,
363 2925 415 2968 et
454 2926 606 2971 erunt
637 2918 790 2973 ambo
830 2919 884 2974 in
925 2937 1084 2975 carne
1110 2938 1238 2976 una.
1291 2920 1447 2987 Quod
1475 2922 1617 2978 Deus
1645 2939 1774 2977 con-

186 3001 383 3071 iunxit,
415 3006 573 3061 homo
601 3025 705 3062 non
741 3021 947 3081 separet
975 3010 1192 3084 (Matth.
1220 3012 1357 3084 XIX).
1403 3014 1471 3069 Et
1500 3015 1777 3085 respondit

189 3097 372 3167 utique
392 3100 730 3157 observanla
752 3119 872 3159 esse
892 3104 1008 3160 hmc
1031 3106 1195 3162 etiam
1217 3109 1514 3164 secundum
1536 3109 1773 3166 litteram

188 3201 305 3242 cum
334 3187 504 3244 dicit:
541 3189 690 3257 Quod
723 3194 864 3249 Deus
888 3193 1187 3265 conjunxit,
1212 3198 1372 3253 homo
1399 3215 1506 3254 non
1536 3209 1769 3271 separet.

189 3272 291 3330 Sed
333 3275 390 3332 in
433 3276 556 3335 aliis
590 3279 847 3352 Epistolis
876 3285 966 3340 ubi
994 3285 1157 3351 dicit,
1195 3289 1320 3359 quia
1350 3288 1615 3345 Abraham
1640 3290 1774 3347 duos

185 3367 321 3435 ﬁlios
366 3369 576 3436 habuit,
624 3389 785 3427 unum
831 3374 897 3429 de
936 3376 1154 3443 ancilla,
1200 3388 1248 3433 et
1293 3396 1454 3434 unum
1501 3381 1566 3435 de
1610 3380 1775 3436 libera

189 3455 327 3527 (Cal.
359 3458 461 3531 iv),
502 3462 625 3532 quis
654 3464 864 3533 dubitat
892 3468 1006 3524 haec
1034 3467 1331 3525 secundum
1361 3470 1596 3527 litteram
1627 3480 1776 3528 stare

188 3550 387 3606 debere
406 3551 432 3603 ?
464 3550 682 3609 Certum
712 3564 795 3611 est
819 3559 988 3625 enim,
1019 3561 1145 3631 quia
1174 3573 1229 3617 et
1258 3561 1409 3620 lsaac
1437 3564 1503 3619 de
1531 3562 1692 3631 Sara,
1720 3574 1776 3622 et

186 3637 377 3696 lsmael
413 3641 483 3697 de
510 3643 678 3714 Agar,
712 3647 807 3703 lilii
840 3647 1063 3706 fuerunt
1089 3652 1339 3709 Abrahze.
1392 3654 1557 3710 Addit
1592 3664 1775 3711 tamen

186 3729 270 3786 his
300 3731 598 3802 Apostolus
627 3745 683 3792 et
707 3737 877 3794 dicit:
913 3739 1046 3796 Hcce
1083 3753 1205 3797 sunt
1242 3752 1417 3798 autem
1460 3744 1773 3817 allegorica,

186 3836 308 3890 quae
331 3822 386 3877 in
415 3822 523 3879 duo
545 3832 867 3885 testamenta
899 3833 1189 3889 convertit.
1246 3834 1315 3889 Et
1362 3833 1513 3891 Sara:
1554 3836 1774 3907 quidem

186 3911 453 3977 sobolem,
487 3922 742 3986 tanquam
771 3920 826 3974 in
854 3921 1104 3979 libertate
1132 3924 1423 3996 gignentis,
1453 3928 1579 3984 novi
1609 3936 1776 3986 testa-
1824 3978 1827 3981 ‹

188 4003 354 4058 menti
397 4003 600 4062 liberos
637 4008 788 4065 dicit.
840 4010 988 4082 Agar
1016 4023 1198 4069 autem
1228 4021 1485 4086 tanquam
1516 4018 1571 4072 in
1602 4018 1776 4073 servi-

187 4100 300 4148 tute
326 4098 665 4165 generantis,
698 4107 925 4157 terrene
951 4101 1253 4160 Jerusalem
1282 4106 1423 4164 ﬁlios
1451 4109 1771 4165 nominavit.

187 4182 542 4245 Ostendimus
569 4198 629 4245 ut
653 4191 847 4263 opinor
878 4196 1206 4254 auctoritate
1234 4197 1529 4271 Scriptura:
1557 4202 1772 4270 divinat,

186 4292 251 4331 ex
281 4278 369 4334 bis
396 4295 519 4351 qua:
546 4281 600 4336 in
636 4281 753 4355 lege
788 4284 991 4357 scripta
1019 4297 1183 4355 sunt,
1231 4291 1411 4362 aliqua
1440 4293 1658 4363 penitus
1687 4311 1775 4351 re-

187 4366 439 4439 fugienda
471 4388 592 4428 esse
620 4382 674 4429 et
698 4377 936 4432 cavenda
955 4417 970 4443 ,
1007 4394 1077 4433 ne
1106 4382 1401 4436 secundum
1434 4382 1670 4440 litteram
1706 4385 1775 4441 ab

188 4457 464 4531 Evangelii
494 4461 778 4533 discipulis
804 4467 1191 4536 observentur;
1225 4469 1473 4540 quaedam
1502 4488 1634 4529 vero
1657 4488 1776 4529 om-

186 4549 422 4607 nimodis
451 4561 511 4606 ut
539 4553 744 4625 scripta
775 4563 903 4611 sunt
929 4557 1241 4615 obtinenda.
1294 4559 1415 4616 Alia
1453 4570 1639 4618 autem
1670 4565 1772 4619 ha-

194 4656 318 4696 :aere
344 4643 565 4713 quidem
607 4654 663 4701 et
698 4647 989 4703 veritatem
1027 4651 1325 4706 secundum
1363 4649 1601 4707 litteram
1640 4653 1767 4721 sui;

189 4734 433 4803 recipere
467 4743 649 4790 tamen
688 4736 897 4793 utiliter
922 4754 986 4794 ex
1023 4741 1336 4796 necessario
1369 4742 1533 4797 etiam
1569 4743 1772 4816 allego-

189 4823 362 4877 ricum
406 4839 648 4880 sensum.
709 4824 826 4882 Erit
860 4844 992 4901 ergo
1030 4828 1143 4899 jam
1189 4831 1451 4902 sapientis
1482 4835 1672 4891 scriba:
1717 4844 1773 4891 et

184 4912 366 4966 edocti
396 4914 463 4968 de
492 4929 658 4985 regno
685 4914 803 4983 Dei,
831 4919 922 4987 qui
952 4920 1091 4975 sciat
1117 4921 1184 4976 de
1213 4922 1483 4983 thesauris
1510 4924 1621 4981 suis
1647 4940 1774 4996 pro-

186 5002 337 5058 ferre
365 5022 500 5061 nova
530 5017 586 5063 et
613 5017 833 5075 vetera,
870 5009 1011 5066 scire
1036 5014 1307 5082 quomodo
1350 5015 1406 5070 in
1447 5032 1775 5087 unoquoque

188 5094 311 5151 loco
345 5097 673 5170 Scriptum,
703 5109 799 5156 aut
826 5099 1048 5171 ahjiciat
1075 5104 1293 5175 penitus
1321 5106 1657 5164 occidentem
1688 5108 1775 5164 lit-

187 5196 363 5241 teram
395 5197 450 5244 et
477 5190 726 5259 spiritum
755 5193 1121 5252 viviﬁcantem
1150 5198 1419 5267 requirat,
1457 5209 1551 5255 aut
1576 5200 1777 5256 contir-

186 5286 303 5332 met
333 5281 687 5349 omnimodis,
722 5292 779 5338 et
806 5285 995 5341 utilem
1044 5295 1139 5340 aut
1180 5289 1549 5344 necessariam
1581 5292 1776 5360 probet

186 5366 385 5425 littera:
413 5370 741 5440 doctrinam,
773 5382 867 5429 aut
896 5385 1149 5432 manente
1176 5376 1402 5432 historia
1421 5419 1435 5441 ,
1469 5389 1774 5450 Opportune

184 5467 242 5512 et
296 5458 551 5516 decenter
597 5462 913 5519 introducat
955 5466 1118 5520 etiam
1164 5467 1455 5538 mysticum
1506 5482 1770 5523 sensum:

184 5552 334 5607 sicut
355 5564 409 5608 et
439 5556 490 5616 in
518 5556 624 5611 hoc
654 5572 931 5622 sermone,
958 5574 1119 5627 quem
1145 5559 1411 5615 habemus
1440 5559 1492 5614 in
1521 5560 1774 5616 manibus

183 5643 427 5699 arbitror
454 5647 768 5702 convenire.
820 5649 986 5703 Decet
1021 5649 1167 5703 enim
1207 5657 1263 5704 et
1292 5651 1426 5705 utile
1452 5659 1568 5715 est,
1608 5651 1771 5708 etiam

186 5735 566 5793 sacerdotibus
594 5739 873 5810 Evangelii
902 5739 1086 5795 ollcrri
1119 5742 1405 5810 primitias.
1441 5741 1521 5797 lta
1550 5744 1691 5798 enim
1719 5752 1775 5799 et

186 5823 452 5883 Dominus
475 5829 776 5902 disposuit,
818 5840 877 5886 ut
910 5831 1002 5902 qui
1033 5831 1382 5906 Evangelium
1412 5833 1771 5900 annuntiant,

1799 4604 1852 4664 D

1877 1999 2138 2058 Dominus
2183 2004 2316 2060 dicit
2352 2006 2405 2059 in
2448 2006 2755 2077 Evangeliis
2800 2021 2815 2061 :
2866 2005 2955 2063 Vw
2994 2009 3135 2062 vobis
3174 2005 3371 2063 Scriba:
3414 2017 3461 2063 et

1878 2088 2143 2147 Pharisa-i
2168 2094 2473 2165 hypocritm,
2506 2098 2596 2165 qui
2622 2098 2913 2163 deeimatis,
2948 2099 3049 2153 hoc
3074 2109 3176 2162 est,
3203 2098 3293 2169 qui
3322 2097 3465 2152 deci-

1877 2200 1996 2240 mas
2018 2186 2156 2242 datis
2169 2186 2376 2253 inculte,
2395 2198 2444 2243 et
2465 2190 2641 2243 anethi
2665 2200 2711 2243 et
2735 2191 3055 2246 cinnamomi
3071 2230 3085 2255 ,
3116 2200 3162 2245 et
3185 2192 3465 2262 praeteritis

1875 2292 1994 2348 qua:
2021 2275 2227 2347 majora
2256 2289 2378 2333 sunt
2405 2278 2553 2350 legis.
2590 2279 2910 2351 Hypocn’ta’,
2935 2283 3047 2337 luce
3075 2283 3299 2353 oportuit
3324 2281 3461 2350 fieri,

1876 2376 1926 2421 et
1946 2366 2039 2421 illa
2062 2384 2166 2423 non
2186 2370 2356 2424 omitti
2382 2370 2598 2442 (Matth.
2630 2372 2811 2445 χχιιι).
2838 2373 2973 2428 Vide
2998 2389 3129 2446 ergo
3154 2373 3464 2445 diligentius

1876 2460 2147 2527 quomodo
2178 2474 2357 2515 sermo
2387 2460 2600 2518 Domini
2636 2464 2750 2519 vult
2785 2464 2902 2520 ﬁeri
2945 2464 3160 2534 quidem
3198 2464 3464 2520 omnimo-

1876 2547 1967 2605 dis
2000 2565 2120 2621 qua:
2173 2549 2380 2621 majora
2433 2561 2561 2607 sunt
2597 2552 2761 2624 legis,
2811 2570 2919 2609 non
2962 2563 3141 2624 tamen
3194 2556 3370 2610 emitti
3410 2562 3466 2611 et

1876 2654 1942 2697 ea
1972 2656 2093 2711 qua:
2132 2642 2427 2697 secundum
2466 2642 2702 2698 litteram
2731 2645 3104 2723 designantur.

1949 2730 2227 2788 Primitias
2262 2744 2439 2788 autent
2475 2752 2607 2806 quas
2648 2748 2891 2791 voverunt
2936 2746 2982 2790 et
3027 2736 3319 2791 obtulerunt
3363 2736 3465 2807 ﬁlii

1878 2823 2076 2889 Israel,
2106 2825 2201 2878 tibi
2230 2826 2373 2880 dedit
2404 2837 2451 2882 et
2477 2828 2604 2897 [iliis
2635 2846 2697 2881 ae
2726 2829 2939 2897 filiabus
2970 2832 3073 2884 tuis
3092 2872 3106 2895 ,
3139 2831 3258 2898 iure
3284 2848 3463 2901 perpe-

1876 2923 1988 2968 tuo.
2024 2915 2130 2982 Qui
2156 2916 2384 2970 mundus
2411 2927 2485 2972 est
2517 2919 2570 2971 in
2598 2918 2752 2972 domo
2795 2930 2913 2982 tua,
2944 2932 3174 2975 t'eseetur
3200 2923 3295 2976 eis.
3332 2919 3462 2976 Om-
3542 2987 3547 2992 ,

1877 3022 1994 3060 nem
2017 3006 2302 3061 medullam
2340 3007 2443 3062 olei
2465 3019 2511 3063 et
2540 3010 2645 3063 riui
2671 3026 2733 3063 ae
2762 3009 3039 3079 frumenti,
3067 3012 3320 3083 quidquid
3346 3014 3459 3084 pri-

1876 3096 2146 3152 mitiarum
2173 3097 2399 3167 offerunt
2417 3099 2660 3164 Domino,
2678 3099 2770 3153 tibi
2791 3099 2931 3155 dedi.
2952 3098 3234 3156 Universas
3249 3104 3461 3173 frugum

1876 3191 2136 3262 primitias
2153 3230 2167 3258 ,
2194 3208 2326 3263 quas
2348 3192 2512 3262 gignit
2532 3193 2721 3246 humus
2740 3234 2755 3257 ,
2775 3203 2821 3247 et
2844 3193 3069 3248 Domino
3098 3194 3461 3264 deportantur,

1879 3282 2058 3337 cedent
2080 3283 2133 3337 in
2157 3300 2284 3339 usus
2309 3293 2450 3349 tuos,
2475 3291 2529 3339 et
2553 3284 2650 3338 rel.
2678 3284 2810 3340 Illud
2838 3301 2969 3341 sane
2994 3286 3297 3341 necessario
3318 3302 3463 3342 com-

1879 3375 2203 3429 mouemlum
2231 3383 2335 3440 est,
2365 3376 2508 3444 quod
2532 3373 2617 3429 lex
2644 3375 2927 3445 dupliciter
2948 3376 3164 3431 dicitur.
3201 3375 3334 3430 Nam
3373 3392 3465 3448 ge-

1877 3465 2139 3520 neraliter
2162 3464 2344 3520 omnia
2384 3466 2517 3531 ista,
2546 3466 2650 3521 hoc
2683 3473 2763 3521 est
2787 3507 2801 3532 ,
2839 3467 3183 3532 mandatum,
3204 3464 3467 3535 justilica-

1878 3558 2085 3623 tiones,
2127 3565 2418 3626 prmcepta,
2447 3556 2776 3622 testimonia,
2806 3556 3008 3625 judicia
3028 3597 3043 3623 ,
3077 3556 3162 3611 lex
3199 3556 3469 3627 appellan-

1876 3658 1984 3705 tur.
2012 3646 2334 3719 Spccialiter
2358 3653 2537 3700 autem
2564 3661 2692 3715 pars
2717 3646 2900 3716 aliqua
2921 3662 2985 3701 ex
3008 3646 3095 3702 his
3120 3662 3240 3716 qua:
3261 3646 3314 3700 in
3344 3646 3465 3718 lege

1875 3747 2002 3797 sunt
2028 3738 2229 3809 scripta
2249 3736 2337 3792 lex
2360 3735 2559 3792 dicitur
2581 3754 2593 3790 :
2619 3744 2679 3790 ut
2702 3744 2829 3791 sunt
2854 3736 2979 3802 ista,
3002 3738 3067 3792 de
3091 3735 3287 3805 quibus
3306 3750 3465 3805 supe-

1875 3829 1992 3886 rius
2025 3830 2397 3887 disseruimus.
2444 3828 2729 3887 Generalis
2770 3838 2951 3885 autem
2996 3830 3080 3885 lex
3127 3828 3464 3902 significatur

1873 3924 2023 3980 verbi
2055 3924 2257 3996 gratia,
2284 3933 2345 3981 ut
2368 3939 2491 3982 cum
2533 3924 2600 3980 de
2630 3922 2915 3980 Salvatore
2950 3923 3168 3989 dicitur,
3195 3923 3323 3994 quia
3358 3939 3463 3978 non

1875 4015 2008 4069 venit
2035 4015 2233 4070 solvere
2260 4015 2446 4087 legem,
2474 4013 2567 4069 sed
2592 4012 2879 4085 adimplere
2904 4012 3120 4085 (Matth.
3145 4012 3223 4084 ν).
3242 4013 3310 4068 Et
3332 4013 3461 4068 item

1874 4105 2001 4160 alibi
2036 4124 2049 4160 :
2080 4103 2363 4160 Plenitudo
2390 4104 2519 4176 legis
2547 4113 2622 4159 est
2648 4103 2859 4158 dilectio
2891 4101 3069 4175 (Rom.
3100 4101 3249 4174 xm),
3275 4102 3330 4156 in
3353 4117 3462 4173 quo

1874 4197 2064 4267 utique
2086 4196 2269 4252 omnia
2298 4197 2477 4258 simul,
2506 4212 2627 4266 qua:
2649 4195 2851 4265 scripta
2880 4202 3008 4250 sunt
3031 4195 3086 4248 in
3108 4192 3257 4265 lege,
3286 4191 3462 4264 legem

1874 4286 2195 4342 nominavit.
2243 4285 2370 4342 llaec
2406 4285 2643 4341 diximus
2689 4292 2998 4340 asserentes
3038 4284 3353 4339 mandatum
3395 4282 3464 4340 de

1873 4373 2130 4447 primitiis
2163 4371 2374 4444 frugum
2415 4371 2499 4428 vel
2533 4385 2790 4443 pecorum
2823 4370 3022 4427 debere
3067 4370 3233 4425 etiam
3264 4383 3460 4427 secun-

1876 4466 2003 4520 dum
2031 4462 2267 4517 litteram
2296 4470 2460 4518 stare.
2491 4460 2648 4517 Nune
2673 4468 2856 4516 autem
2881 4460 3166 4517 videamus
3188 4462 3463 4532 quomodo

1876 4563 1933 4611 et
1963 4552 2343 4625 allegoricum,
2383 4551 2438 4607 id
2472 4560 2589 4618 est,
2631 4550 2969 4623 spiritualem
2999 4552 3227 4622 recipiat
3254 4553 3465 4610 intelle-

1877 4655 2044 4703 ctum.
2072 4645 2433 4716 Requiramus
2461 4660 2614 4717 ergo,
2638 4644 2812 4700 sicubi
2842 4644 2895 4700 in
2923 4643 3241 4716 Scripturis,
3266 4655 3466 4716 praeter

1876 4741 1943 4795 de
1964 4738 2157 4809 quibus
2184 4737 2552 4809 supradictum
2580 4745 2694 4803 est,
2724 4737 3029 4795 invenimus
3056 4738 3328 4809 primitias
3359 4756 3458 4797 no-

1877 4831 2095 4888 minari.
2125 4829 2237 4886 Nec
2260 4830 2405 4885 enim
2428 4829 2565 4884 dixit
2594 4846 2607 4883 :
2637 4828 2839 4885 Omnes
2861 4830 3119 4900 primitiae
3144 4830 3247 4886 olei
3271 4839 3327 4886 et
3349 4818 3488 4887 vini.

1878 4931 1935 4979 et
1969 4921 2261 4987 frumenti,
2290 4921 2483 4976 horum
2519 4921 2761 4976 omnium
2788 4922 3073 4992 primitiae,
3114 4938 3235 4993 qua:
3270 4923 3466 4979 oblata;

1876 5011 2080 5067 fuerint
2111 5012 2250 5077 Deo,
2283 5011 2379 5067 tibi
2408 5010 2617 5066 dedica.
2650 5009 2893 5081 Requiro
2927 5025 3059 5082 ergo
3098 5028 3240 5068 nunc
3266 5021 3466 5082 prmter

1876 5103 1993 5159 hinc
2019 5102 2109 5157 ubi
2137 5102 2391 5172 primitiae
2417 5101 2782 5157 nominentur.
2809 5100 2867 5157 Si
2894 5102 3039 5158 enim
3061 5117 3252 5158 omnes
3275 5102 3466 5173 primi-

1876 5195 1966 5249 tiae
1988 5194 2055 5249 ad
2081 5193 2390 5264 pontiﬁcem
2412 5193 2706 5275 pertinent,
2736 5192 3047 5248 necessario
3070 5194 3225 5249 nobis
3251 5200 3306 5247 et
3328 5207 3463 5261 pou-

1874 5284 2006 5341 tifex
2051 5285 2407 5354 requirendus
2448 5292 2564 5349 est,
2603 5284 2669 5338 ad
2707 5298 2870 5355 quem
2906 5284 3180 5354 pertinere
3226 5280 3459 5335 debeant

1875 5378 2041 5431 etiam
2078 5376 2182 5431 illa:
2206 5375 2476 5445 primitiae,
2503 5391 2640 5446 quas
2665 5377 2719 5431 in
2743 5376 2864 5431 aliis
2897 5375 3195 5446 Scriptura:
3219 5372 3352 5427 locis
3374 5372 3457 5424 in-

1877 5466 2018 5523 ditas
2046 5466 2371 5521 invenimus.
2406 5465 2476 5520 Et
2507 5467 2682 5537 primo
2708 5466 2924 5535 quidem
2951 5465 3212 5527 omnium,
3244 5460 3311 5515 de
3343 5460 3461 5529 ipso

1880 5558 2112 5614 Domino
2136 5556 2356 5612 Christo
2381 5556 2610 5627 legimus
2640 5557 2900 5626 scriptum
2918 5595 2933 5621 ,
2957 5555 3080 5625 quia
3114 5553 3182 5607 sit
3213 5551 3460 5622 primitia-

1878 5664 2202 5709 mortuorum
2241 5651 2305 5722 (1
2344 5650 2468 5705 Cor.
2501 5651 2625 5723 xv).
2665 5650 2762 5705 Est
2795 5662 2923 5717 ergo
2949 5656 3002 5701 et
3045 5647 3160 5715 ipse
3192 5645 3245 5699 in
3281 5645 3458 5715 aliqua

1878 5755 2031 5815 parte
2055 5742 2327 5813 primitiae.
2370 5741 2437 5795 Et
2477 5741 2671 5796 iterum
2703 5738 3005 5792 invenimus
3036 5738 3102 5791 de
3139 5738 3461 5808 quibusdam

1880 5836 1986 5891 dici
2009 5836 2076 5890 ab
2096 5833 2375 5906 Apostolo,
2402 5833 2529 5903 quia
2558 5839 2677 5884 sunt
2696 5828 2943 5899 primitia:
2966 5829 3140 5895 Asiw;
3160 5839 3207 5885 et
3233 5828 3327 5885 alii
3352 5831 3463 5899 pri-
