3932 6188
470 390 574 449 699

1109 383 1171 438 Β.
1214 381 1468 443 (MBAN!
1508 379 1727 440 MAURI
1763 375 2084 437 ARCHIEP.
2127 375 2438 438 MOGUNT.
2479 375 2764 432 OPERUM
2801 373 2984 432 PARS
3021 375 3063 431 1.

3628 379 3729 433 7θῦ

471 503 636 556 mitia'
665 497 878 554 Achaite
900 496 948 570 (Ι
972 494 1095 550 Cor.
1122 493 1256 564 xvi).
1292 492 1440 548 Unde
1468 507 1803 562 consequens
1823 500 1928 558 est,
1955 506 2054 562 per
2081 496 2129 556 Α
2155 491 2428 546 scribitur.
2460 489 2517 545 Si
2553 506 2684 562 ergo
2715 491 2768 544 in
2809 491 3038 548 Domino
3070 492 3356 563 gaudeam,
3391 505 3447 548 et
3483 510 3582 566 spe.
3614 513 3742 568 gai-

470 590 712 661 singulas
746 587 1009 643 ecclesias
1043 585 1254 655 aliquos
1293 583 1660 647 credentium,
1696 597 1834 652 quos
1874 590 2054 636 uinea

471 680 802 753 apostolicus
828 679 1052 748 spiritus
1082 675 1422 746 probaverit,
1457 673 1727 745 primitias
1761 673 2052 728 nominari.

472 772 548 825 Ex
577 770 774 840 quibus
800 784 920 823 esse
947 767 1186 822 arbitror
1209 766 1374 820 etiam
1403 763 1710 820 Cornelium
1742 761 1932 830 illum,
1962 761 2055 834 qui

471 859 825 917 Cmsariensis
860 857 1105 913 ecclesia:
1137 872 1260 911 eum
1301 855 1386 910 his
1430 854 1751 924 quibuscum
1791 851 2054 922 Spiritum

471 964 718 1012 sanctum
769 953 970 1008 meruit
1018 953 1264 1022 accipere
1310 949 1566 1022 primitite
1611 948 1806 1003 merito
1847 945 2059 1001 dicetur

473 1047 613 1119 (Act.
643 1045 721 1119 χ).
761 1045 827 1099 Ει
856 1060 962 1098 non
990 1043 1164 1098 solum
1200 1042 1361 1112 hujus
1394 1039 1656 1106 ecclesim,
1688 1039 1782 1096 sed
1813 1039 2060 1097 fortassis

472 1147 528 1194 et
556 1135 798 1192 omnium
827 1135 1068 1208 gentium
1107 1133 1362 1202 primitia:
1390 1131 1675 1188 Cornelius
1705 1129 2058 1202 appellandus

472 1234 576 1281 est.
625 1225 841 1280 Primus
885 1223 1030 1279 enim
1071 1223 1302 1278 credidit
1333 1238 1400 1278 ex
1440 1223 1720 1294 gentibus,
1761 1229 1816 1278 et
1850 1221 2062 1292 primus

473 1317 687 1389 Spiritu
717 1323 907 1372 sancto
933 1315 1172 1386 repletus
1202 1323 1287 1370 est
1329 1333 1344 1370 :
1383 1322 1440 1370 et
1469 1314 1590 1370 ideo
1619 1321 1768 1368 recte
1805 1311 2062 1384 primitiae

474 1409 717 1481 gentium
752 1408 1130 1480 appellabitur.
1179 1407 1288 1464 Sed
1333 1407 1580 1478 requiras
1632 1403 1898 1469 fortasse,
1939 1400 2061 1473 quis

474 1500 610 1555 istas
638 1499 907 1570 primitias
928 1498 1120 1555 oflcrat
1149 1498 1279 1567 Deo,
1308 1507 1402 1552 aut
1421 1497 1543 1569 quis
1564 1503 1648 1552 est
1675 1491 1938 1566 pontifex,
1960 1509 2058 1549 cu—

468 1587 561 1658 jus
599 1589 715 1643 litec
753 1588 1056 1644 rationibus
1101 1587 1316 1644 cedant.
1354 1587 1469 1658 Ego
1505 1585 1761 1649 arbitror,
1804 1581 1948 1654 quod
1975 1597 2063 1637 se-

483 1680 721 1735 cundum
751 1678 965 1736 Domini
991 1678 1242 1744 verbum,
1272 1694 1402 1750 ager
1425 1678 1656 1742 dicatur,
1688 1676 1776 1731 hic
1805 1674 2058 1730 mundus.

478 1771 625 1842 Ager
657 1781 838 1827 autem
870 1779 1028 1826 terra:
1057 1788 1164 1827 non
1195 1771 1368 1826 solum
1391 1809 1406 1836 ,
1440 1769 1535 1825 sed
1565 1767 1725 1823 corda
1757 1765 2062 1837 intelligan-

479 1871 566 1916 tur
605 1862 842 1917 humana

475 1952 833 2009 excolendum
863 1953 1082 2028 (Matth.
1115 1954 1260 2027 xm).
1292 1953 1529 2010 Cultura:
1555 1968 1684 2024 ergo
1719 1967 1831 2007 sua:
1855 1949 2064 2006 fructus

479 2045 580 2117 ipsi
617 2047 836 2118 quidem
873 2047 1152 2116 possident
1193 2055 1248 2102 et
1284 2046 1520 2110 habent,
1557 2060 1653 2100 eos
1693 2042 1942 2099 videlicet
1970 2041 2063 2112 qui

477 2137 580 2192 sub
614 2138 1058 2208 procuratoribus
1093 2146 1260 2209 agunt
1298 2147 1354 2192 et
1389 2136 1698 2200 actoribus,
1736 2143 1790 2190 et
1827 2134 2067 2190 nondum

480 2245 652 2300 usque
691 2230 760 2286 ad
799 2245 1068 2285 summam
1107 2229 1460 2300 perfectionis
1498 2235 1780 2282 venerunt.
1831 2224 1888 2280 Si
1935 2240 2070 2295 quo-

482 2337 602 2376 rum
642 2335 774 2376 vero
803 2321 970 2375 corda
999 2320 1287 2390 diligenter
1315 2318 1524 2374 exciilta
1545 2357 1562 2383 ,
1591 2327 1645 2372 ct
1671 2317 1736 2371 ad
1767 2315 2067 2388 perfectum

480 2411 742 2482 perducta
768 2418 925 2475 sunt,
956 2411 1056 2466 hos
1081 2419 1334 2480 tanquam
1361 2409 1564 2464 electos
1596 2416 1652 2462 et
1676 2407 1974 2478 pimcipuos
2001 2421 2068 2462 ex

481 2504 726 2568 caeteris,
761 2503 1030 2574 primitias
1072 2503 1306 2558 otl‘crunt
1345 2502 1586 2573 pontifici
1627 2517 1840 2574 magno.
1874 2502 2063 2557 Possu-

483 2609 607 2648 mus
653 2609 786 2664 ergo
822 2593 1002 2650 dicere
1045 2594 1172 2664 quia
1215 2593 1355 2650 forte
1399 2593 1454 2648 in
1493 2593 1674 2649 futuro
1717 2609 1841 2648 cum
1881 2608 2071 2648 omnes

484 2683 693 2740 fructus
713 2685 1188 2756 congregabantur
1210 2685 1276 2739 ad
1297 2699 1504 2751 aream,
1528 2673 1690 2739 erunt
1711 2683 1928 2753 quidam
1953 2699 2074 2753 por-

483 2776 562 2832 tio
589 2776 863 2847 pontificis
889 2775 1116 2841 Christi,
1137 2783 1298 2832 erunt
1323 2784 1380 2830 et
1409 2774 1496 2830 alii
1527 2773 1705 2845 portio
1733 2773 2070 2839 Levitarum,

482 2866 626 2923 sicut
647 2866 760 2937 jam
790 2882 953 2938 supra
987 2866 1242 2932 diximus,
1273 2866 1357 2922 vel
1384 2865 1614 2938 angelis,
1642 2863 1725 2918 vel
1759 2861 2072 2918 cmlestibus

485 2957 776 3012 virtutibus
805 2967 1163 3028 sequestrata.
1193 2957 1332 3013 Puto
1363 2967 1545 3012 autem
1583 2955 1727 3027 quod
1753 2963 1916 3010 erunt
1949 2953 2072 3026 qui-

481 3047 610 3102 dam
649 3047 830 3116 portio
866 3047 1145 3104 hominum
1184 3063 1370 3104 eorum
1403 3045 1699 3112 duntaxat,
1738 3045 1828 3115 qui
1871 3043 1923 3098 in
1970 3045 2074 3100 bac

485 3141 596 3196 vita
637 3141 935 3210 prudentes
982 3155 1048 3194 ac
1098 3139 1282 3194 fideles
1328 3139 1728 3208 dispensatores
1775 3136 1924 3191 verbi
1977 3135 2072 3190 Dei

2155 587 2336 649 deam,
2375 592 2432 640 et
2473 585 2522 638 si
2559 583 2822 656 gaudeant
2867 600 2966 655 pro
3006 587 3224 640 nomine
3264 586 3513 654 Domini,
3551 606 3746 660 passus

2155 678 2410 750 injuriam
2429 720 2446 746 ,
2487 679 2540 734 in
2574 679 2662 736 his
2689 678 2941 736 omnibus
2966 679 3194 752 aliisque
3223 681 3418 737 horum
3450 683 3746 750 similibus,

2155 772 2266 828 Deo
2285 771 2554 842 primitias
2574 772 2777 844 gaudii,
2801 780 2856 828 et
2880 787 2978 844 per
2997 773 3308 844 pontificem
3340 790 3526 830 verum
3551 777 3746 834 obtuli.

2157 859 2264 916 Sed
2285 870 2339 916 et
2361 861 2406 917 si
2435 862 2680 932 rapinam
2705 863 2974 920 bonorum
3001 879 3251 920 meorum
3268 879 3390 920 cum
3408 864 3607 936 gaudio
3626 881 3748 922 sus-

2158 950 2400 1016 tineam,
2449 959 2506 1006 et
2553 951 2599 1006 si
2647 949 3061 1019 tribuiationes,
3121 953 3169 1008 si
3226 964 3646 1025 paupertatem,
3702 957 3748 1012 si

2157 1041 2590 1113 qualemcunque
2636 1043 3016 1099 contumeliam
3057 1046 3298 1116 gaudens
3343 1047 3569 1103 tolerem
3599 1089 3615 1114 ,
3664 1061 3754 1104 est

2159 1135 2290 1189 mihi
2330 1144 2386 1189 et
2424 1133 2528 1189 iste
2569 1135 2808 1190 secundo
2849 1135 2902 1190 in
2942 1132 3062 1190 loco
3091 1150 3158 1192 ex
3199 1135 3467 1194 fructibus
3495 1140 3751 1210 spiritus,

2161 1221 2368 1280 fructus
2395 1225 2596 1296 gaudii.
2623 1224 2757 1280 Nam
2788 1227 2833 1282 si
2862 1228 3124 1300 gaudeam
3151 1228 3218 1282 de
3245 1229 3406 1284 rebus
3437 1231 3646 1294 swculi,
3685 1231 3756 1285 ἀι

2159 1313 2478 1381 honoribus,
2505 1316 2571 1372 de
2599 1316 2804 1373 divitiis
2822 1357 2838 1383 ,
2877 1317 3009 1372 falsa
3035 1328 3163 1373 sunt
3185 1319 3286 1374 ista
3313 1320 3510 1391 gaudia
3549 1337 3617 1376 cx
3659 1336 3758 1372 va-

2161 1403 2427 1463 nitatibus
2462 1408 2782 1464 vanitatum.
2817 1408 2875 1464 Si
2913 1424 3043 1465 vero
3077 1409 3131 1464 in
3172 1410 3330 1466 malis
3367 1412 3668 1483 gaudeam,
3702 1427 3760 1467 et

2158 1496 2422 1552 exsultem
2446 1498 2512 1554 de
2533 1495 2760 1554 aliorum
2789 1500 2982 1567 ruinis,
3005 1499 3104 1557 ista
3125 1500 3236 1572 jam
3260 1517 3366 1556 non
3393 1502 3567 1558 solum
3591 1519 3763 1567 vana,

2162 1587 2258 1642 sed
2305 1587 2570 1646 diabolica
2609 1591 2834 1662 gaudia,
2880 1592 2992 1649 imo
3026 1607 3127 1650 nec
3174 1593 3366 1663 gaudia
3417 1594 3763 1668 nominanda

2163 1689 2307 1736 sunt.
2350 1681 2474 1736 Non
2513 1694 2586 1739 est
2621 1683 2760 1738 enim
2798 1686 3028 1757 gaudere
3065 1686 3271 1756 impiis,
3316 1685 3446 1740 dicit
3490 1685 3765 1742 Dominus

2166 1771 2302 1844 (Isa.
2333 1772 2484 1846 Lvn).
2515 1773 2793 1844 Sequitur.

885 1879 898 1917 :
941 1878 1101 1932 quem
1137 1877 1325 1934 agrum
1364 1860 1537 1931 angeli
1578 1859 1672 1915 Dei
1711 1864 2064 1929 susceperunt
2092 1850 2139 1911 Β
2237 1855 2463 1918 Paetina
2491 1864 2618 1920 salis
2647 1876 2722 1920 est
2752 1865 3122 1939 sempiternum
3161 1883 3339 1922 coram
3376 1865 3624 1931 Domino,
3662 1865 3765 1920 tibi

2164 1965 2212 2011 et
2243 1955 2370 2026 ﬁliis
2405 1959 2530 2012 tufs.
2567 1957 2794 2014 Pactum
2823 1959 2952 2014 salis
2991 1959 3235 2014 nominat
3261 1958 3593 2016 oblationum
3623 1959 3762 2012 uui-

2166 2050 2509 2116 versitatem,
2540 2066 2660 2120 quae
2695 2051 2760 2106 ad
2792 2051 3152 2107 ministerium
3186 2051 3273 2106 vel
3297 2053 3364 2106 ad
3385 2050 3475 2122 jus
3504 2051 3762 2122 pertine-

2169 2139 2264 2194 bat
2302 2141 2662 2196 sacerdotum.
2709 2141 2863 2198 l‘nde
2903 2151 2986 2197 est
3044 2142 3171 2197 illud
3222 2141 3367 2214 quod
3411 2142 3462 2197 in
3511 2139 3770 2197 Levitico

2170 2231 2430 2301 scriptum
2458 2240 2542 2288 est
2574 2251 2587 2286 :
2623 2231 2894 2304 Quidquid
2923 2233 3170 2288 obtuleris
3197 2233 3466 2302 sacriﬁcii,
3495 2233 3608 2287 sale
3634 2252 3770 2288 can-

2171 2320 2281 2374 dies
2321 2335 2339 2373 :
2371 2338 2463 2375 nec
2492 2322 2706 2392 auferas
2744 2321 2827 2376 sal
2857 2321 3066 2394 [mderis
3109 2321 3206 2376 Dei
3243 2323 3353 2390 tui,
3391 2323 3456 2376 de
3487 2324 3800 2406 sacriﬁcio\

2171 2420 2281 2466 tuo.
2313 2408 2378 2465 In
2410 2414 2551 2466 omni
2580 2412 2842 2468 oblatione
2868 2415 3052 2484 o/j’cres
3083 2413 3165 2468 sal
3191 2409 3378 2486 (Leuit.
3413 2415 3492 2487 ιι).
3525 2413 3770 2486 Figura-

2170 2502 2295 2557 liter
2328 2512 2508 2558 autem
2539 2501 2775 2558 ostendit
2819 2504 3138 2575 sapientiam
3183 2504 3287 2559 rite
3333 2514 3648 2573 competere
3682 2521 3770 2558 sa-

2170 2593 2482 2647 evrdotihns
2509 2609 2572 2648 ac
2597 2593 3044 2663 praedicatoribus
3073 2594 3207 2664 legis
3231 2594 3438 2648 divinae.
3471 2593 3586 2648 Non
3610 2595 3776 2649 enim

2172 2684 2289 2738 vult
2316 2701 2412 2738 nos
2438 2683 2578 2740 Deus
2606 2685 2768 2740 nimis
2797 2685 3052 2740 exteriori
3083 2683 3161 2740 uti
3190 2685 3473 2756 sapientia,
3499 2686 3598 2740 sed
3633 2703 3778 2757 apo-

2173 2772 2381 2836 stolica,
2411 2775 2477 2828 de
2502 2790 2607 2846 qua
2631 2775 2828 2830 Paulus
2849 2776 2979 2832 dicit
3007 2795 3020 2830 :
3049 2773 3371 2846 Sapientiam
3397 2776 3674 2847 loquimur
3699 2779 3777 2832 in-

2173 2876 2252 2920 ter
2289 2868 2565 2937 perfectos.
2605 2863 2930 2936 Sapientiam
2972 2876 3145 2921 autem
3191 2883 3293 2920 non
3332 2867 3513 2920 mundi
3559 2867 3776 2938 hujus,

2175 2973 2336 3028 neque
2363 2957 2658 3028 principum
2696 2957 2880 3011 mundi
2915 2957 3106 3028 hujus,
3136 2957 3226 3028 qui
3263 2956 3630 3022 destruantur,
3679 2961 3778 3013 sed

2174 3047 2438 3118 loquimur
2476 3045 2574 3102 Dei
2617 3047 2928 3118 sapientiam
2975 3047 3030 3104 in
3074 3049 3320 3118 mysterio
3364 3046 3776 3114 absconditam,

2173 3154 2332 3211 quam
2359 3137 2747 3208 pra'dcstinavit
2774 3137 2912 3192 Deus
2941 3149 3062 3193 ante
3086 3139 3283 3194 strcula
3309 3139 3378 3192 ad
3414 3139 3647 3209 gratiam
3681 3158 3782 3194 no-

483 3199 726 3285 luerunt.
767 3229 882 3284 lloc
919 3230 1061 3282 enim
1097 3231 1334 3283 arbitror
1367 3229 1420 3282 in
1464 3225 1770 3296 Evangeliis
1799 3225 2073 3296 designari
2101 3199 2146 3260 C
2177 3199 2424 3298 strauit!
2457 3225 2580 3282 Cor.
2613 3226 2698 3299 ιι).
2729 3227 2796 3282 Et
2828 3229 2970 3283 unde
2997 3237 3205 3284 certum
3241 3237 3328 3284 est
3351 3199 3475 3293 hoc,
3502 3229 3661 3298 quod
3698 3231 3777 3285 sal

487 3335 519 3374 a
551 3319 816 3384 Domino,
863 3319 954 3374 ubi
991 3319 1068 3373 ait
1099 3319 1168 3372 ad
1211 3334 1334 3373 eum
1369 3319 1457 3373 cui
1497 3319 1803 3373 crediderat
1837 3317 2074 3387 quinque

489 3409 683 3474 minas,
713 3419 769 3465 et
796 3408 1000 3464 fecerat
1023 3427 1088 3464 ex
1116 3411 1195 3464 eis
1227 3410 1411 3464 decem
1443 3427 1456 3463 :
1493 3409 1620 3463 Esto
1649 3419 1951 3480 potestatem
1980 3410 2076 3462 ha-

485 3501 610 3556 bens
636 3518 794 3572 super
819 3501 995 3555 decem
1023 3501 1253 3556 civitates
1286 3499 1438 3572 (Luc.
1468 3499 1605 3573 xux).
1635 3499 1734 3556 Cui
1770 3500 2077 3555 crediderat

488 3609 656 3648 tutum
691 3603 746 3648 ct
773 3595 972 3648 lacerat
999 3610 1064 3648 ex
1091 3611 1154 3649 ea
1181 3587 1419 3664 quinque
1448 3613 1460 3648 :
1499 3592 1625 3648 Esto
1647 3603 1951 3665 potestatem
1981 3593 2078 3647 ha-

487 3683 611 3740 l'ens
657 3701 818 3754 supra
865 3685 1093 3756 quinque
1138 3683 1390 3738 ciuitates.
1435 3683 1567 3750 Qua:
1611 3683 1755 3738 enim
1797 3683 1884 3738 hic
1921 3691 2074 3756 pote-

487 3785 602 3831 stas
641 3777 925 3830 civitatum
967 3775 1313 3846 intelligenda
1348 3784 1464 3842 est,
1489 3773 1592 3829 nisi
1620 3774 1941 3846 gubernatio
1969 3772 2080 3828 ani-

494 3885 544 3921 in
555 3887 580 3918 a
591 3867 746 3920 rum?

562 3959 755 4012 Omnes
777 3959 1038 4028 primitias
1060 3959 1371 4022 sanctuarii,
1391 3975 1520 4030 quas
1539 3957 1764 4028 offerunt
1785 3956 1884 4028 ﬁlii
1910 3955 2081 4011 Israel

493 4047 740 4113 Domina,
759 4049 852 4102 tibi
887 4049 1008 4102 dedi
1035 4059 1081 4103 ct
1099 4048 1228 4118 ﬁliis
1244 4065 1306 4102 ac
1327 4048 1536 4119 ﬁliabus
1556 4050 1657 4102 tuis
1670 4048 1793 4120 jure
1811 4059 2077 4120 perpetua.

491 4144 572 4200 Ab
605 4144 860 4198 clunibus
891 4159 1022 4214 ergo
1055 4143 1318 4197 fructibus
1350 4141 1700 4196 sanctificatis
1727 4149 1928 4196 sancta:
1956 4149 2082 4196 sunt

489 4234 778 4290 efferendae
803 4233 1054 4304 primitiae
1089 4233 1318 4303 spiritali
1345 4233 1608 4304 pontifici.
1639 4233 1720 4288 Ex
1751 4231 1946 4304 quibus
1973 4231 2083 4302 spi-

492 4329 532 4384 ri
543 4329 674 4384 tales
687 4327 954 4398 primitias
970 4325 1273 4391 referimus,
1290 4326 1414 4380 audi
1431 4341 1568 4396 quos
1582 4323 1607 4378 f
1607 4333 1788 4379 ructus
1801 4333 2085 4381 enunieret

489 4419 779 4491 Apostolus
810 4437 822 4472 :
860 4416 1118 4483 Fructus,
1145 4417 1355 4488 inquit,
1381 4418 1626 4489 spiritus,
1659 4416 1922 4480 cltaritas,
1953 4432 2086 4488 gau—

488 4511 658 4576 dium,
680 4526 807 4580 pax,
830 4511 1107 4580 patientia,
1129 4520 1234 4564 ctc.
1268 4507 1478 4582 (Gulat.
1512 4525 1542 4561 v
1559 4509 1598 4579 ).
1628 4507 1772 4576 Quas
1796 4507 1960 4576 igitur
1980 4507 2085 4578 pri-

2177 3319 2474 3389 apostnlica
2517 3320 2744 3374 scicntia
2773 3320 3033 3390 posuerit.
3070 3319 3236 3375 Plane
3269 3320 3372 3376 hoc
3395 3318 3551 3376 nobis
3577 3320 3780 3377 Domi—

2178 3426 2279 3464 nus
2309 3410 2569 3474 ostendit,
2605 3411 2791 3465 dicens
2819 3410 3077 3481 apostolis
3108 3429 3122 3466 :
3165 3409 3268 3466 Vos
3296 3413 3420 3467 estis
3451 3409 3534 3465 sal
3563 3421 3739 3467 terra:
3759 3427 3779 3465 :

2176 3500 2222 3555 si
2252 3509 2427 3554 autem
2457 3499 2538 3553 sal
2571 3504 2864 3566 eranuen‘t,
2895 3501 2965 3555 ad
2993 3500 3225 3555 nihilum
3247 3501 3432 3556 valebit
3463 3501 3630 3564 ultra,
3671 3505 3778 3558 nisi

2179 3600 2236 3644 ut
2259 3590 2496 3644 'mittatur
2515 3589 2682 3659 foras,
2703 3600 2752 3644 et
2777 3589 3112 3645 conculcetur
3133 3592 3199 3644 ab
3219 3592 3518 3646 hominibus
3541 3589 3776 3664 (Matth.

2180 3683 2254 3755 v).
2289 3683 2577 3752 Propterea
2614 3691 2792 3736 autem
2819 3681 2900 3736 sal
2935 3682 3288 3753 apostolicam
3317 3683 3646 3752 sapientiam
3680 3701 3780 3756 ap-

2179 3772 2418 3844 pellavit,
2441 3772 2564 3842 quia
2589 3772 2729 3825 sicut
2749 3773 2926 3828 omnis
2948 3772 3100 3828 cibus
3121 3773 3188 3827 ad
3209 3773 3558 3828 nutriendum
3584 3785 3773 3846 aptus,

2181 3864 2491 3918 omnimodo
2529 3862 2641 3918 sale
2680 3863 2950 3928 conditur,
2983 3863 3058 3917 ita
3099 3871 3156 3919 et
3189 3863 3368 3920 omnis
3404 3879 3586 3919 sermo
3624 3865 3776 3920 utilis

2180 3957 2250 4009 ad
2301 3956 2628 4019 videndum,
2680 3955 2988 4024 apostolica:
3033 3955 3346 4010 omnimodo
3398 3957 3774 4011 necessarium

2181 4045 2347 4100 habet
2389 4046 2668 4115 sapientia:
2696 4047 3122 4102 condimentum.
3171 4046 3312 4117 Ergo
3341 4047 3522 4101 Aaron
3553 4057 3610 4103 et
3649 4047 3775 4102 ﬁliis

2181 4135 2322 4205 ejus,
2350 4148 2567 4206 pactum
2597 4137 2726 4192 salis
2753 4146 2836 4192 est
2864 4137 3272 4208 sempiternum,
3303 4139 3429 4210 quia
3460 4155 3568 4194 non
3595 4139 3774 4196 solum

2181 4225 2358 4296 primo
2393 4226 2644 4280 Ecclesia:
2683 4227 2908 4297 gradui,
2953 4243 3113 4298 quem
3153 4235 3335 4282 tenent
3375 4230 3642 4301 episcopi,
3682 4247 3774 4286 ne—

2183 4315 2418 4370 cessaria
2453 4325 2538 4370 est
2566 4317 2862 4386 sapientia,
2900 4320 2992 4374 sed
3017 4321 3180 4374 etiam
3219 4322 3436 4377 ea'teris
3471 4323 3773 4379 minoribus

2185 4411 2456 4482 gradibus,
2482 4411 2812 4484 presbyteris
2836 4413 3062 4478 scilicet,
3085 4414 3602 4486 diaconibus,atque
3623 4417 3768 4470 omni

2185 4503 2359 4558 ordini
2407 4503 2795 4558 ecclesiastico.
2841 4503 2907 4558 Et
2947 4505 3050 4559 hoc
3089 4521 3272 4560 coram
3316 4505 3545 4561 Domino
3589 4525 3602 4561 :
3646 4507 3772 4577 quia

491 4603 674 4658 mitias
697 4617 760 4656 cx
777 4601 1065 4657 eharitatis
1085 4600 1285 4665 fructu,
1309 4601 1398 4670 qui
1423 4600 1628 4670 primus
1649 4607 1734 4654 est
1753 4598 1962 4654 fructus
1981 4599 2086 4669 spi-
2109 4571 2162 4631 D
2187 4610 2377 4666 puram
2413 4603 2469 4650 et
2505 4595 2620 4650 sine
2656 4594 2800 4648 omni
2846 4609 3010 4650 succo
3048 4596 3300 4650 versutiac
3344 4604 3509 4666 atque
3551 4598 3774 4652 malitia:

495 4694 649 4758 ritus,
671 4693 900 4749 offeram
923 4709 1052 4749 vero
1075 4691 1352 4762 pontifici?
1381 4690 1502 4746 lllas
1527 4705 1656 4760 ergo
1676 4698 1806 4759 puto
1833 4706 1952 4744 esse
1978 4691 2086 4759 pri-

432 4799 437 4805 '
495 4781 994 4849 uiitiascharitatis,
1011 4790 1070 4836 ut
1090 4781 1308 4852 diligam
1333 4781 1617 4835 Dominum
1634 4779 1801 4834 Deum
1822 4795 1998 4835 meum
2015 4797 2082 4836 ex

495 4882 610 4928 toto
629 4875 793 4930 corde
810 4889 951 4937 meo,
967 4881 1021 4928 et
1037 4888 1102 4927 ex
1127 4881 1236 4926 tota
1259 4871 1438 4926 anima
1461 4886 1598 4934 mea,
1615 4877 1670 4924 et
1689 4883 1754 4924 ex
1779 4877 1887 4925 tota
1905 4879 2084 4926 mente

495 4979 636 5018 mea.
663 4963 781 5017 Ista:
805 4971 930 5018 sunt
946 4963 1218 5033 primitizc.
1243 4961 1382 5029 Quid
1405 4971 1586 5016 autem
1608 4970 1692 5016 est
1715 4962 1858 5032 quod
1885 4979 1953 5017 ex
1975 4963 2081 5018 isto

497 5055 781 5114 charitatis
829 5055 1007 5109 fructu
1057 5057 1294 5110 secundo
1340 5054 1458 5110 loco
1503 5053 1704 5109 habere
1746 5055 2082 5110 debeamus?

498 5149 570 5206 Ut
607 5147 832 5220 diligam
876 5146 1182 5217 proximum
1232 5162 1412 5200 meum
1457 5145 1596 5202 sicut
1638 5146 1925 5217 meipsmn.
1973 5134 2081 5201 Illic

497 5255 628 5314 ergo
657 5238 911 5311 primitiae
948 5236 1230 5292 charitatis
1270 5237 1378 5290 Dco
1404 5235 1703 5291 ofi‘eruutur
1736 5252 1834 5308 per
1861 5235 2081 5306 pontifi-

492 5349 636 5390 cem.
669 5329 795 5386 llaec
819 5345 949 5384 vero
977 5343 1099 5398 quae
1125 5328 1366 5386 secundo
1399 5327 1452 5382 in
1492 5327 1612 5384 loco
1650 5337 1795 5393 sunt,
1821 5327 1958 5384 meis
1979 5329 2085 5383 usi-

494 5429 600 5482 bus
631 5419 1030 5490 rclinquuutur.
1075 5417 1213 5475 Puto
1258 5417 1434 5474 adhuc
1472 5435 1595 5476 esse
1633 5419 1834 5491 aliquid
1875 5435 1941 5473 ex
1979 5419 2085 5475 hoc

503 5519 704 5578 fructu,
742 5514 886 5584 quod
927 5512 1089 5568 tertio
1123 5513 1242 5569 loco
1277 5513 1582 5570 habendum
1623 5514 1716 5580 sit,
1757 5522 1817 5568 ut
1855 5513 2076 5590 diligam

498 5610 660 5663 etiam
687 5607 936 5662 inimicos
958 5621 1126 5661 meos.
1159 5605 1311 5662 Unde
1333 5607 1497 5661 etiam
1526 5607 1605 5661 sic
1629 5614 1808 5676 potest
1829 5605 2079 5660 similiter

501 5697 568 5750 dc
597 5697 810 5751 ueteris
847 5695 1112 5751 fructibus
1149 5697 1403 5768 spiritus,
1437 5697 1645 5753 similes
1680 5697 1924 5751 invenire
1963 5696 2075 5766 pri-

506 5786 704 5841 mitias.
743 5786 1009 5842 Gaudium
1049 5791 1287 5846 secundo
1325 5790 1445 5845 loco
1478 5790 1688 5845 fructus
1729 5789 1950 5857 spiritus
1986 5789 2079 5843 de-

2186 4685 2458 4751 emlcstis,
2487 4685 2716 4738 amanda
2739 4691 2795 4738 et
2821 4683 3074 4739 discenda
3105 4693 3268 4754 atque
3295 4685 3536 4740 docenda
3567 4697 3650 4740 est
3681 4703 3763 4742 sa-

2185 4777 2404 4848 pientia.
2461 4773 2736 4846 Sapientia
2776 4774 2920 4830 enim
2957 4775 3120 4846 hujus
3170 4774 3350 4830 saeculi
3406 4776 3627 4830 inimica
3689 4789 3774 4832 est

2185 4865 2296 4921 Deo
2324 4883 2338 4920 :
2369 4880 2489 4935 quae
2515 4862 3061 4935 semperjactantiam
3091 4871 3147 4920 et
3171 4865 3554 4921 contentiones
3587 4883 3774 4936 super-

2186 4955 2322 5011 fluas
2358 4963 2523 5010 amat.
2569 4941 2722 5012 Unde
2763 4964 2818 5012 et
2856 4955 3090 5010 Iacobus
3131 4957 3409 5026 apostolus
3447 4956 3499 5010 in
3535 4957 3769 5027 Epistula

2187 5063 2283 5104 sua
2301 5089 2316 5113 ,
2341 5063 2501 5118 quam
2531 5048 2596 5102 ad
2622 5047 2896 5118 dispersos
2926 5047 3176 5118 scripsit,
3206 5048 3354 5102 rixas
3381 5055 3439 5103 et
3466 5049 3771 5104 contentio-

2186 5155 2283 5196 nes
2307 5139 2598 5212 prohibens
2625 5140 2700 5194 ait
2731 5157 2744 5194 :
2777 5137 3038 5205 Quoniam
3067 5141 3114 5194 si
3146 5139 3312 5194 zelum
3344 5157 3590 5195 amarunt
3613 5141 3770 5193 liabe-

2180 5234 2283 5299 tis,
2327 5242 2374 5287 et
2412 5234 2766 5287 contentiones
2800 5231 2853 5285 in
2891 5229 3140 5285 cordibus
3183 5231 3366 5286 uestris
3413 5242 3538 5286 sunt
3553 5273 3568 5292 ,
3610 5232 3767 5284 nolite

2183 5325 2430 5398 gloriari,
2472 5334 2521 5379 et
2559 5323 2834 5378 mendaces
2871 5340 2981 5378 esse
3017 5321 3292 5377 adversum
3325 5323 3614 5376 veritatem.
3645 5321 3768 5374 Non

2184 5428 2259 5472 est
2285 5418 2386 5472 ista
2419 5415 2676 5487 sapientia
2711 5414 2988 5469 desursum
3019 5411 3335 5466 descendens
3364 5429 3397 5464 a
3431 5409 3592 5466 Patre
3614 5411 3770 5462 lumi-

2189 5527 2336 5577 num,
2365 5509 2455 5563 sed
2481 5519 2708 5572 terrena,
2733 5505 3003 5569 animalis,
3027 5503 3310 5558 diabolica.
3341 5502 3440 5558 Ubi
3461 5505 3600 5556 enim
3627 5501 3770 5555 zelus

2186 5615 2231 5657 et
2261 5601 2552 5663 contentio,
2592 5599 2663 5652 ibi
2695 5597 3046 5652 inconstantia
3085 5605 3134 5650 et
3178 5611 3329 5649 omne
3365 5611 3494 5665 opus
3524 5609 3767 5663 pravum.

2189 5694 2320 5759 Quir
2349 5702 2520 5746 autem
2546 5690 2610 5744 de
2639 5705 2846 5742 sursum
2877 5697 2951 5741 est
2987 5686 3277 5756 sapientia,
3305 5686 3535 5754 primum
3559 5683 3768 5754 quidem

2183 5786 2374 5857 pudica
2404 5793 2498 5851 cst,
2528 5782 2715 5838 deinde
2743 5779 2985 5852 paciﬁca,
3013 5781 3268 5845 modesta,
3293 5779 3594 5841 suadibilis,
3616 5777 3767 5831 benis
