  <div class='ocr_page' id='page_1' title='image "/cluster/home/n/w/nwhite01/storage/ocr_20150623/108/hvd.32044054759733/357.png"; bbox 0 0 3924 6176; ppageno 0'>
   <div class='ocr_carea' id='block_1_1' title="bbox 527 392 628 455">
    <p class='ocr_par' dir='ltr' id='par_1_1' title="bbox 527 392 628 455">
     <span class='ocr_line' id='line_1_1' title="bbox 527 392 628 455; baseline -0.01 0"><span class='ocrx_word' id='word_1_1' title='bbox 527 392 628 455; x_wconf 78' lang='lat'><strong><em>703</em></strong></span> 
     </span>
    </p>
   </div>
   <div class='ocr_carea' id='block_1_2' title="bbox 1192 382 3692 454">
    <p class='ocr_par' dir='ltr' id='par_1_2' title="bbox 1192 382 3692 454">
     <span class='ocr_line' id='line_1_2' title="bbox 1192 382 3692 454; baseline 0.002 -8"><span class='ocrx_word' id='word_1_2' title='bbox 1192 391 1254 447; x_wconf 86' lang='lat' dir='ltr'><strong><em>B.</em></strong></span> <span class='ocrx_word' id='word_1_3' title='bbox 1289 386 1546 447; x_wconf 73' lang='lat' dir='ltr'><strong>RABANI</strong></span> <span class='ocrx_word' id='word_1_4' title='bbox 1584 389 1804 447; x_wconf 77' lang='lat' dir='ltr'><strong>MAURI</strong></span> <span class='ocrx_word' id='word_1_5' title='bbox 1843 389 2163 447; x_wconf 78' lang='lat' dir='ltr'><strong><em>ARClﬂEP‘.</em></strong></span> <span class='ocrx_word' id='word_1_6' title='bbox 2208 387 2515 445; x_wconf 75' lang='lat' dir='ltr'><strong><em>MOGUNT.</em></strong></span> <span class='ocrx_word' id='word_1_7' title='bbox 2555 382 2840 443; x_wconf 73' lang='lat' dir='ltr'><strong><em>OPERUM</em></strong></span> <span class='ocrx_word' id='word_1_8' title='bbox 2878 384 3131 443; x_wconf 69' lang='lat' dir='ltr'><strong><em>PARS‘I.</em></strong></span> <span class='ocrx_word' id='word_1_9' title='bbox 3618 398 3692 454; x_wconf 66' lang='lat' dir='ltr'><strong><em>illi</em></strong></span> 
     </span>
    </p>
   </div>
   <div class='ocr_carea' id='block_1_3' title="bbox 522 499 3698 585">
    <p class='ocr_par' dir='ltr' id='par_1_3' title="bbox 522 499 3698 585">
     <span class='ocr_line' id='line_1_3' title="bbox 522 499 3698 585; baseline 0.005 -36"><span class='ocrx_word' id='word_1_10' title='bbox 522 527 572 573; x_wconf 61' lang='grc' dir='ltr'><em>τι</em></span> <span class='ocrx_word' id='word_1_11' title='bbox 600 512 692 570; x_wconf 66' lang='lat' dir='ltr'><strong><em>me</em></strong></span> <span class='ocrx_word' id='word_1_12' title='bbox 722 511 814 585; x_wconf 66' lang='lat' dir='ltr'><strong><em>qui</em></strong></span> <span class='ocrx_word' id='word_1_13' title='bbox 841 509 1181 565; x_wconf 69' lang='grc' dir='ltr'>οοηιθιιεεεήι</span> <span class='ocrx_word' id='word_1_14' title='bbox 1202 523 1342 573; x_wconf 84' lang='lat' dir='ltr'><strong><em>eam,</em></strong></span> <span class='ocrx_word' id='word_1_15' title='bbox 1372 505 1565 561; x_wconf 85' lang='lat' dir='ltr'><strong><em>lavabit</em></strong></span> <span class='ocrx_word' id='word_1_16' title='bbox 1599 507 1896 561; x_wconf 78' lang='lat' dir='ltr'><strong><em>uestimenta</em></strong></span> <span class='ocrx_word' id='word_1_17' title='bbox 1931 522 2028 560; x_wconf 89' lang='lat' dir='ltr'><strong><em>sua</em></strong></span> <span class='ocrx_word' id='word_1_18' title='bbox 2058 515 2105 560; x_wconf 90' lang='lat' dir='ltr'><strong><em>et</em></strong></span> <span class='ocrx_word' id='word_1_19' title='bbox 2134 510 2185 569; x_wconf 82' lang='grc' dir='ltr'><strong>Α</strong></span> <span class='ocrx_word' id='word_1_20' title='bbox 2211 513 2443 575; x_wconf 74' lang='lat' dir='ltr'><strong><em>aspergat</em></strong></span> <span class='ocrx_word' id='word_1_21' title='bbox 2472 512 2653 557; x_wconf 87' lang='lat' dir='ltr'><strong><em>contra</em></strong></span> <span class='ocrx_word' id='word_1_22' title='bbox 2682 501 2820 571; x_wconf 83' lang='lat' dir='ltr'><strong><em>[ores</em></strong></span> <span class='ocrx_word' id='word_1_23' title='bbox 2849 499 3194 556; x_wconf 76' lang='lat' dir='ltr'><strong><em>tabernaculi.</em></strong></span> <span class='ocrx_word' id='word_1_24' title='bbox 3231 501 3357 569; x_wconf 83' lang='lat' dir='ltr'><strong><em>Quid</em></strong></span> <span class='ocrx_word' id='word_1_25' title='bbox 3381 518 3493 574; x_wconf 85' lang='lat' dir='ltr'><strong><em>ergo</em></strong></span> <span class='ocrx_word' id='word_1_26' title='bbox 3511 508 3594 563; x_wconf 90' lang='lat' dir='ltr'><strong><em>hoc</em></strong></span> <span class='ocrx_word' id='word_1_27' title='bbox 3611 509 3698 567; x_wconf 81' lang='lat' dir='ltr'><strong><em>loco</em></strong></span> 
     </span>
    </p>
   </div>
   <div class='ocr_carea' id='block_1_4' title="bbox 524 599 2107 678">
    <p class='ocr_par' dir='ltr' id='par_1_4' title="bbox 524 599 2107 678">
     <span class='ocr_line' id='line_1_4' title="bbox 524 599 2107 678; baseline -0.006 -15"><span class='ocrx_word' id='word_1_28' title='bbox 524 624 732 678; x_wconf 78' lang='lat' dir='ltr'><strong><em>corpus,</em></strong></span> <span class='ocrx_word' id='word_1_29' title='bbox 758 615 806 659; x_wconf 88' lang='lat' dir='ltr'><strong><em>et</em></strong></span> <span class='ocrx_word' id='word_1_30' title='bbox 833 603 1133 658; x_wconf 73' lang='lat' dir='ltr'><strong><em>immundus</em></strong></span> <span class='ocrx_word' id='word_1_31' title='bbox 1160 603 1259 654; x_wconf 76' lang='lat' dir='ltr'><strong><em>erit</em></strong></span> <span class='ocrx_word' id='word_1_32' title='bbox 1288 617 1452 672; x_wconf 87' lang='lat' dir='ltr'><strong><em>usque</em></strong></span> <span class='ocrx_word' id='word_1_33' title='bbox 1474 600 1548 653; x_wconf 81' lang='lat' dir='ltr'><strong><em>ad</em></strong></span> <span class='ocrx_word' id='word_1_34' title='bbox 1573 617 1857 670; x_wconf 77' lang='lat' dir='ltr'><strong><em>vesperam.</em></strong></span> <span class='ocrx_word' id='word_1_35' title='bbox 1889 599 2107 671; x_wconf 77' lang='lat' dir='ltr'><strong><em>Colliget</em></strong></span> 
     </span>
    </p>
   </div>
   <div class='ocr_carea' id='block_1_5' title="bbox 526 690 2110 759">
    <p class='ocr_par' dir='ltr' id='par_1_5' title="bbox 526 690 2110 759">
     <span class='ocr_line' id='line_1_5' title="bbox 526 690 2110 759; baseline -0.005 -7"><span class='ocrx_word' id='word_1_36' title='bbox 526 709 702 752; x_wconf 87' lang='lat' dir='ltr'><strong><em>autem</em></strong></span> <span class='ocrx_word' id='word_1_37' title='bbox 729 694 956 750; x_wconf 87' lang='lat' dir='ltr'><strong><em>mundus</em></strong></span> <span class='ocrx_word' id='word_1_38' title='bbox 984 694 1062 747; x_wconf 73' lang='lat' dir='ltr'><strong><em>vir</em></strong></span> <span class='ocrx_word' id='word_1_39' title='bbox 1082 693 1281 746; x_wconf 88' lang='lat' dir='ltr'><strong><em>cineres</em></strong></span> <span class='ocrx_word' id='word_1_40' title='bbox 1304 707 1471 745; x_wconf 77' lang='lat' dir='ltr'><strong><em>vacca:</em></strong></span> <span class='ocrx_word' id='word_1_41' title='bbox 1488 700 1570 756; x_wconf 87' lang='lat' dir='ltr'><strong><em>,et</em></strong></span> <span class='ocrx_word' id='word_1_42' title='bbox 1597 690 1830 759; x_wconf 72' lang='lat' dir='ltr'><strong><em>eﬂ&#39;undet</em></strong></span> <span class='ocrx_word' id='word_1_43' title='bbox 1856 700 2110 744; x_wconf 76' lang='lat' dir='ltr'><strong><em>eosea&#39;tra</em></strong></span> 
     </span>
    </p>
   </div>
   <div class='ocr_carea' id='block_1_6' title="bbox 529 780 2116 854">
    <p class='ocr_par' dir='ltr' id='par_1_6' title="bbox 529 780 2116 854">
     <span class='ocr_line' id='line_1_6' title="bbox 529 780 2116 854; baseline -0.005 -11"><span class='ocrx_word' id='word_1_44' title='bbox 529 798 726 851; x_wconf 85' lang='lat' dir='ltr'><strong><em>castra,</em></strong></span> <span class='ocrx_word' id='word_1_45' title='bbox 756 785 947 839; x_wconf 86' lang='lat' dir='ltr'><strong><em>inloco</em></strong></span> <span class='ocrx_word' id='word_1_46' title='bbox 975 784 1275 854; x_wconf 81' lang='lat' dir='ltr'><strong><em>purissimo,</em></strong></span> <span class='ocrx_word' id='word_1_47' title='bbox 1310 792 1368 836; x_wconf 89' lang='lat' dir='ltr'><strong><em>ut</em></strong></span> <span class='ocrx_word' id='word_1_48' title='bbox 1396 783 1501 836; x_wconf 85' lang='lat' dir='ltr'><strong><em>sint</em></strong></span> <span class='ocrx_word' id='word_1_49' title='bbox 1522 780 1848 835; x_wconf 84' lang='lat' dir='ltr'><strong><em>multitudini</em></strong></span> <span class='ocrx_word' id='word_1_50' title='bbox 1877 780 2116 848; x_wconf 77' lang='lat' dir='ltr'><strong><em>ﬁliorum</em></strong></span> 
     </span>
    </p>
   </div>
   <div class='ocr_carea' id='block_1_7' title="bbox 529 873 2111 949">
    <p class='ocr_par' dir='ltr' id='par_1_7' title="bbox 529 873 2111 949">
     <span class='ocr_line' id='line_1_7' title="bbox 529 873 2111 949; baseline -0.007 -13"><span class='ocrx_word' id='word_1_51' title='bbox 529 878 702 936; x_wconf 80' lang='lat' dir='ltr'><strong><em>israel</em></strong></span> <span class='ocrx_word' id='word_1_52' title='bbox 732 879 787 932; x_wconf 88' lang='lat' dir='ltr'><strong><em>in</em></strong></span> <span class='ocrx_word' id='word_1_53' title='bbox 810 876 1104 949; x_wconf 81' lang='lat' dir='ltr'><strong><em>custodiam</em></strong></span> <span class='ocrx_word' id='word_1_54' title='bbox 1127 883 1175 927; x_wconf 90' lang='lat' dir='ltr'><strong><em>et</em></strong></span> <span class='ocrx_word' id='word_1_55' title='bbox 1201 875 1475 944; x_wconf 82' lang='lat' dir='ltr'><strong><em>inaquam</em></strong></span> <span class='ocrx_word' id='word_1_56' title='bbox 1501 873 1840 943; x_wconf 87' lang='lat' dir='ltr'><strong><em>aspersionis,</em></strong></span> <span class='ocrx_word' id='word_1_57' title='bbox 1866 873 1990 942; x_wconf 67' lang='lat' dir='ltr'><strong><em>quia</em></strong></span> <span class='ocrx_word' id='word_1_58' title='bbox 2017 887 2111 942; x_wconf 87' lang='lat' dir='ltr'><strong><em>pro</em></strong></span> 
     </span>
    </p>
   </div>
   <div class='ocr_carea' id='block_1_8' title="bbox 529 961 2113 1041">
    <p class='ocr_par' dir='ltr' id='par_1_8' title="bbox 529 961 2113 1041">
     <span class='ocr_line' id='line_1_8' title="bbox 529 961 2113 1041; baseline -0.007 -17"><span class='ocrx_word' id='word_1_59' title='bbox 529 977 740 1041; x_wconf 77' lang='lat' dir='ltr'><strong><em>peccato</em></strong></span> <span class='ocrx_word' id='word_1_60' title='bbox 781 983 939 1021; x_wconf 86' lang='lat' dir='ltr'><strong><em>vacca</em></strong></span> <span class='ocrx_word' id='word_1_61' title='bbox 979 964 1249 1018; x_wconf 84' lang='lat' dir='ltr'><strong><em>combusta</em></strong></span> <span class='ocrx_word' id='word_1_62' title='bbox 1287 972 1384 1018; x_wconf 87' lang='lat' dir='ltr'><strong><em>est.</em></strong></span> <span class='ocrx_word' id='word_1_63' title='bbox 1429 961 1580 1017; x_wconf 84' lang='lat' dir='ltr'><strong><em>Solet</em></strong></span> <span class='ocrx_word' id='word_1_64' title='bbox 1618 978 1713 1032; x_wconf 85' lang='lat' dir='ltr'><strong><em>per</em></strong></span> <span class='ocrx_word' id='word_1_65' title='bbox 1758 961 2113 1016; x_wconf 88' lang='lat' dir='ltr'><strong><em>masculinum</em></strong></span> 
     </span>
    </p>
   </div>
   <div class='ocr_carea' id='block_1_9' title="bbox 531 1052 2118 1125">
    <p class='ocr_par' dir='ltr' id='par_1_9' title="bbox 531 1052 2118 1125">
     <span class='ocr_line' id='line_1_9' title="bbox 531 1052 2118 1125; baseline -0.004 -12"><span class='ocrx_word' id='word_1_66' title='bbox 531 1075 721 1114; x_wconf 81' lang='lat' dir='ltr'><strong><em>sexum</em></strong></span> <span class='ocrx_word' id='word_1_67' title='bbox 750 1056 1052 1120; x_wconf 72' lang='lat' dir='ltr'><strong><em>fortitudo,</em></strong></span> <span class='ocrx_word' id='word_1_68' title='bbox 1073 1070 1171 1125; x_wconf 90' lang='lat' dir='ltr'><strong><em>per</em></strong></span> <span class='ocrx_word' id='word_1_69' title='bbox 1204 1053 1522 1109; x_wconf 83' lang='lat' dir='ltr'><strong><em>femininum</em></strong></span> <span class='ocrx_word' id='word_1_70' title='bbox 1551 1052 1995 1108; x_wconf 84' lang='lat' dir='ltr'><strong><em>veroinﬁrmitas</em></strong></span> <span class='ocrx_word' id='word_1_71' title='bbox 2023 1052 2118 1106; x_wconf 88' lang='lat' dir='ltr'><strong><em>de-</em></strong></span> 
     </span>
    </p>
   </div>
   <div class='ocr_carea' id='block_1_10' title="bbox 531 1143 2118 1217">
    <p class='ocr_par' dir='ltr' id='par_1_10' title="bbox 531 1143 2118 1217">
     <span class='ocr_line' id='line_1_10' title="bbox 531 1143 2118 1217; baseline -0.003 -15"><span class='ocrx_word' id='word_1_72' title='bbox 531 1147 755 1217; x_wconf 81' lang='lat' dir='ltr'><strong><em>signari.</em></strong></span> <span class='ocrx_word' id='word_1_73' title='bbox 782 1145 937 1215; x_wconf 86' lang='lat' dir='ltr'><strong><em>Quid</em></strong></span> <span class='ocrx_word' id='word_1_74' title='bbox 974 1161 1105 1216; x_wconf 81' lang='lat' dir='ltr'><strong><em>ergo</em></strong></span> <span class='ocrx_word' id='word_1_75' title='bbox 1141 1160 1240 1214; x_wconf 89' lang='lat' dir='ltr'><strong><em>per</em></strong></span> <span class='ocrx_word' id='word_1_76' title='bbox 1278 1160 1534 1208; x_wconf 89' lang='lat' dir='ltr'><strong><em>vaccam,</em></strong></span> <span class='ocrx_word' id='word_1_77' title='bbox 1578 1144 1684 1199; x_wconf 86' lang='lat' dir='ltr'><strong><em>nisi</em></strong></span> <span class='ocrx_word' id='word_1_78' title='bbox 1727 1151 2003 1213; x_wconf 89' lang='lat' dir='ltr'><strong><em>assumpta</em></strong></span> <span class='ocrx_word' id='word_1_79' title='bbox 2048 1143 2118 1198; x_wconf 87' lang='lat' dir='ltr'><strong><em>ad</em></strong></span> 
     </span>
    </p>
   </div>
   <div class='ocr_carea' id='block_1_11' title="bbox 530 1232 2122 1304">
    <p class='ocr_par' dir='ltr' id='par_1_11' title="bbox 530 1232 2122 1304">
     <span class='ocr_line' id='line_1_11' title="bbox 530 1232 2122 1304; baseline -0.008 -11"><span class='ocrx_word' id='word_1_80' title='bbox 530 1236 858 1293; x_wconf 90' lang='lat' dir='ltr'><strong><em>sacriﬁcium</em></strong></span> <span class='ocrx_word' id='word_1_81' title='bbox 888 1235 1178 1290; x_wconf 90' lang='lat' dir='ltr'><strong><em>inﬁrmitas</em></strong></span> <span class='ocrx_word' id='word_1_82' title='bbox 1217 1233 1609 1289; x_wconf 80' lang='lat' dir='ltr'><strong><em>incarnationis</em></strong></span> <span class='ocrx_word' id='word_1_83' title='bbox 1652 1232 1945 1288; x_wconf 77' lang='lat' dir='ltr'><strong><em>Dominicae</em></strong></span> <span class='ocrx_word' id='word_1_84' title='bbox 1984 1232 2122 1304; x_wconf 69' lang='lat' dir='ltr'><strong><em>ﬁgm-</em></strong></span> 
     </span>
    </p>
   </div>
   <div class='ocr_carea' id='block_1_12' title="bbox 533 1323 2121 1395">
    <p class='ocr_par' dir='ltr' id='par_1_12' title="bbox 533 1323 2121 1395">
     <span class='ocr_line' id='line_1_12' title="bbox 533 1323 2121 1395; baseline -0.004 -13"><span class='ocrx_word' id='word_1_85' title='bbox 533 1327 721 1383; x_wconf 86' lang='lat' dir='ltr'><strong><em>ratur?</em></strong></span> <span class='ocrx_word' id='word_1_86' title='bbox 750 1326 827 1381; x_wconf 86' lang='lat' dir='ltr'><strong><em>De</em></strong></span> <span class='ocrx_word' id='word_1_87' title='bbox 848 1340 955 1395; x_wconf 89' lang='lat' dir='ltr'><strong><em>quo</em></strong></span> <span class='ocrx_word' id='word_1_88' title='bbox 981 1325 1249 1395; x_wconf 82' lang='lat' dir='ltr'><strong><em>scriptum</em></strong></span> <span class='ocrx_word' id='word_1_89' title='bbox 1268 1331 1383 1388; x_wconf 86' lang='lat' dir='ltr'><strong><em>est,</em></strong></span> <span class='ocrx_word' id='word_1_90' title='bbox 1396 1325 1521 1394; x_wconf 85' lang='lat' dir='ltr'><strong><em>quia</em></strong></span> <span class='ocrx_word' id='word_1_91' title='bbox 1545 1332 1593 1377; x_wconf 86' lang='lat' dir='ltr'><strong><em>et</em></strong></span> <span class='ocrx_word' id='word_1_92' title='bbox 1614 1323 1667 1376; x_wconf 85' lang='lat' dir='ltr'><strong><em>si</em></strong></span> <span class='ocrx_word' id='word_1_93' title='bbox 1689 1330 2033 1376; x_wconf 83' lang='lat' dir='ltr'><strong><em>mortuus.est</em></strong></span> <span class='ocrx_word' id='word_1_94' title='bbox 2054 1337 2121 1376; x_wconf 79' lang='lat' dir='ltr'><strong><em>ea:</em></strong></span> 
     </span>
    </p>
   </div>
   <div class='ocr_carea' id='block_1_13' title="bbox 533 1407 2117 1485">
    <p class='ocr_par' dir='ltr' id='par_1_13' title="bbox 533 1407 2117 1485">
     <span class='ocr_line' id='line_1_13' title="bbox 533 1407 2117 1485; baseline -0.004 -15"><span class='ocrx_word' id='word_1_95' title='bbox 533 1417 874 1485; x_wconf 78' lang='lat' dir='ltr'><strong><em>inﬁrmitate,</em></strong></span> <span class='ocrx_word' id='word_1_96' title='bbox 907 1413 1001 1469; x_wconf 82' lang='lat' dir='ltr'><strong><em>sed</em></strong></span> <span class='ocrx_word' id='word_1_97' title='bbox 1038 1414 1164 1468; x_wconf 78' lang='lat' dir='ltr'><strong><em>vivit</em></strong></span> <span class='ocrx_word' id='word_1_98' title='bbox 1196 1429 1262 1468; x_wconf 81' lang='lat' dir='ltr'><strong><em>ea:</em></strong></span> <span class='ocrx_word' id='word_1_99' title='bbox 1299 1413 1486 1467; x_wconf 85' lang='lat' dir='ltr'><strong><em>virtute</em></strong></span> <span class='ocrx_word' id='word_1_100' title='bbox 1525 1411 1627 1465; x_wconf 85' lang='lat' dir='ltr'><strong><em>Dei</em></strong></span> <span class='ocrx_word' id='word_1_101' title='bbox 1674 1408 1773 1481; x_wconf 83' lang='lat' dir='ltr'><strong><em>(II</em></strong></span> <span class='ocrx_word' id='word_1_102' title='bbox 1807 1408 1931 1464; x_wconf 83' lang='lat' dir='ltr'><strong><em>Car.</em></strong></span> <span class='ocrx_word' id='word_1_103' title='bbox 1962 1407 2117 1481; x_wconf 82' lang='lat' dir='ltr'><strong><em>xm).</em></strong></span> 
     </span>
    </p>
   </div>
   <div class='ocr_carea' id='block_1_14' title="bbox 532 1501 2122 1573">
    <p class='ocr_par' dir='ltr' id='par_1_14' title="bbox 532 1501 2122 1573">
     <span class='ocr_line' id='line_1_14' title="bbox 532 1501 2122 1573; baseline -0.004 -10"><span class='ocrx_word' id='word_1_104' title='bbox 532 1508 679 1563; x_wconf 86' lang='lat' dir='ltr'><strong><em>Bene</em></strong></span> <span class='ocrx_word' id='word_1_105' title='bbox 709 1516 893 1563; x_wconf 88' lang='lat' dir='ltr'><strong><em>autem</em></strong></span> <span class='ocrx_word' id='word_1_106' title='bbox 931 1522 1100 1561; x_wconf 82' lang='lat' dir='ltr'><strong><em>vacca</em></strong></span> <span class='ocrx_word' id='word_1_107' title='bbox 1145 1506 1262 1561; x_wconf 69' lang='lat' dir='ltr'><strong><em>ham</em></strong></span> <span class='ocrx_word' id='word_1_108' title='bbox 1300 1505 1464 1559; x_wconf 87' lang='lat' dir='ltr'><strong><em>etiam</em></strong></span> <span class='ocrx_word' id='word_1_109' title='bbox 1492 1502 1609 1558; x_wconf 76' lang='lat' dir='ltr'><strong><em>rul‘a</em></strong></span> <span class='ocrx_word' id='word_1_110' title='bbox 1639 1503 1858 1567; x_wconf 87' lang='lat' dir='ltr'><strong><em>dicitur,</em></strong></span> <span class='ocrx_word' id='word_1_111' title='bbox 1888 1502 2014 1573; x_wconf 84' lang='lat' dir='ltr'><strong><em>quia</em></strong></span> <span class='ocrx_word' id='word_1_112' title='bbox 2039 1501 2122 1556; x_wconf 91' lang='lat' dir='ltr'><strong><em>vi-</em></strong></span> 
     </span>
    </p>
   </div>
   <div class='ocr_carea' id='block_1_15' title="bbox 534 1591 2124 1670">
    <p class='ocr_par' dir='ltr' id='par_1_15' title="bbox 534 1591 2124 1670">
     <span class='ocr_line' id='line_1_15' title="bbox 534 1591 2124 1670; baseline -0.003 -18"><span class='ocrx_word' id='word_1_113' title='bbox 534 1598 733 1654; x_wconf 89' lang='lat' dir='ltr'><strong><em>delicet</em></strong></span> <span class='ocrx_word' id='word_1_114' title='bbox 758 1599 877 1670; x_wconf 88' lang='lat' dir='ltr'><strong><em>ejus</em></strong></span> <span class='ocrx_word' id='word_1_115' title='bbox 904 1595 1228 1655; x_wconf 77' lang='lat' dir='ltr'><strong><em>humanitas.</em></strong></span> <span class='ocrx_word' id='word_1_116' title='bbox 1245 1596 1405 1651; x_wconf 88' lang='lat' dir='ltr'><strong><em>rubra</em></strong></span> <span class='ocrx_word' id='word_1_117' title='bbox 1447 1608 1543 1665; x_wconf 87' lang='lat' dir='ltr'><strong><em>per</em></strong></span> <span class='ocrx_word' id='word_1_118' title='bbox 1579 1607 1829 1649; x_wconf 83' lang='lat' dir='ltr'><strong><em>cruorem</em></strong></span> <span class='ocrx_word' id='word_1_119' title='bbox 1855 1591 2124 1663; x_wconf 81' lang='lat' dir='ltr'><strong><em>passionis</em></strong></span> 
     </span>
    </p>
   </div>
   <div class='ocr_carea' id='block_1_16' title="bbox 534 1679 2125 1753">
    <p class='ocr_par' dir='ltr' id='par_1_16' title="bbox 534 1679 2125 1753">
     <span class='ocr_line' id='line_1_16' title="bbox 534 1679 2125 1753; baseline -0.006 -10"><span class='ocrx_word' id='word_1_120' title='bbox 534 1689 657 1743; x_wconf 75' lang='lat' dir='ltr'><strong><em>fuit.</em></strong></span> <span class='ocrx_word' id='word_1_121' title='bbox 688 1689 844 1746; x_wconf 88' lang='lat' dir='ltr'><strong><em>Unde</em></strong></span> <span class='ocrx_word' id='word_1_122' title='bbox 870 1698 925 1744; x_wconf 91' lang='lat' dir='ltr'><strong><em>et</em></strong></span> <span class='ocrx_word' id='word_1_123' title='bbox 961 1689 1016 1743; x_wconf 90' lang='lat' dir='ltr'><strong><em>in</em></strong></span> <span class='ocrx_word' id='word_1_124' title='bbox 1050 1687 1293 1743; x_wconf 85' lang='lat' dir='ltr'><strong><em>Canticis</em></strong></span> <span class='ocrx_word' id='word_1_125' title='bbox 1332 1686 1665 1742; x_wconf 77' lang='lat' dir='ltr'><strong><em>canticorum</em></strong></span> <span class='ocrx_word' id='word_1_126' title='bbox 1694 1683 1763 1739; x_wconf 91' lang='lat' dir='ltr'><strong><em>ab</em></strong></span> <span class='ocrx_word' id='word_1_127' title='bbox 1802 1697 1998 1753; x_wconf 90' lang='lat' dir='ltr'><strong><em>sponsa</em></strong></span> <span class='ocrx_word' id='word_1_128' title='bbox 2028 1679 2125 1735; x_wconf 90' lang='lat' dir='ltr'><strong><em>de-</em></strong></span> 
     </span>
    </p>
   </div>
   <div class='ocr_carea' id='block_1_17' title="bbox 534 1770 2126 1835">
    <p class='ocr_par' dir='ltr' id='par_1_17' title="bbox 534 1770 2126 1835">
     <span class='ocr_line' id='line_1_17' title="bbox 534 1770 2126 1835; baseline -0.006 -1"><span class='ocrx_word' id='word_1_129' title='bbox 534 1780 789 1835; x_wconf 84' lang='lat' dir='ltr'><strong><em>scribitur</em></strong></span> <span class='ocrx_word' id='word_1_130' title='bbox 834 1779 1046 1834; x_wconf 86' lang='lat' dir='ltr'><strong><em>dioente</em></strong></span> <span class='ocrx_word' id='word_1_131' title='bbox 1090 1796 1103 1832; x_wconf 88' lang='lat'><strong>:</strong></span> <span class='ocrx_word' id='word_1_132' title='bbox 1140 1776 1373 1831; x_wconf 77' lang='lat' dir='ltr'><strong><em>Dilectus</em></strong></span> <span class='ocrx_word' id='word_1_133' title='bbox 1410 1793 1556 1829; x_wconf 88' lang='lat' dir='ltr'><strong><em>meus</em></strong></span> <span class='ocrx_word' id='word_1_134' title='bbox 1599 1772 1857 1830; x_wconf 82' lang='lat' dir='ltr'><strong><em>candidus</em></strong></span> <span class='ocrx_word' id='word_1_135' title='bbox 1891 1782 1939 1826; x_wconf 89' lang='lat' dir='ltr'><strong><em>et</em></strong></span> <span class='ocrx_word' id='word_1_136' title='bbox 1978 1770 2126 1824; x_wconf 87' lang='lat' dir='ltr'><strong><em>rubi-</em></strong></span> 
     </span>
    </p>
   </div>
   <div class='ocr_carea' id='block_1_18' title="bbox 2213 591 3700 669">
    <p class='ocr_par' dir='ltr' id='par_1_18' title="bbox 2213 591 3700 669">
     <span class='ocr_line' id='line_1_18' title="bbox 2213 591 3700 669; baseline 0.005 -19"><span class='ocrx_word' id='word_1_137' title='bbox 2213 593 2641 659; x_wconf 84' lang='lat' dir='ltr'><strong><em>tahernaculum,</em></strong></span> <span class='ocrx_word' id='word_1_138' title='bbox 2685 593 2929 648; x_wconf 86' lang='lat' dir='ltr'><strong><em>nisi&#39;tota</em></strong></span> <span class='ocrx_word' id='word_1_139' title='bbox 2974 591 3424 665; x_wconf 81' lang='lat' dir='ltr'><strong><em>simul&#39;Synagoga</em></strong></span> <span class='ocrx_word' id='word_1_140' title='bbox 3462 599 3700 669; x_wconf 70' lang='lat' dir='ltr'><strong><em>accipitur?</em></strong></span> 
     </span>
    </p>
   </div>
   <div class='ocr_carea' id='block_1_19' title="bbox 2210 684 3704 758">
    <p class='ocr_par' dir='ltr' id='par_1_19' title="bbox 2210 684 3704 758">
     <span class='ocr_line' id='line_1_19' title="bbox 2210 684 3704 758; baseline 0.005 -17"><span class='ocrx_word' id='word_1_141' title='bbox 2210 687 2312 754; x_wconf 86' lang='lat' dir='ltr'><strong><em>Qui</em></strong></span> <span class='ocrx_word' id='word_1_142' title='bbox 2342 701 2473 757; x_wconf 87' lang='lat' dir='ltr'><strong><em>ergo</em></strong></span> <span class='ocrx_word' id='word_1_143' title='bbox 2518 684 2740 740; x_wconf 81' lang='lat' dir='ltr'><strong><em>tinxerit</em></strong></span> <span class='ocrx_word' id='word_1_144' title='bbox 2782 685 2837 739; x_wconf 93' lang='lat' dir='ltr'><strong><em>in</em></strong></span> <span class='ocrx_word' id='word_1_145' title='bbox 2877 685 3197 757; x_wconf 89' lang='lat' dir='ltr'><strong><em>sanguinem</em></strong></span> <span class='ocrx_word' id='word_1_146' title='bbox 3221 684 3333 757; x_wconf 89' lang='lat' dir='ltr'><strong><em>ejus</em></strong></span> <span class='ocrx_word' id='word_1_147' title='bbox 3356 687 3568 758; x_wconf 85' lang='lat' dir='ltr'><strong><em>digitum,</em></strong></span> <span class='ocrx_word' id='word_1_148' title='bbox 3589 707 3704 748; x_wconf 79' lang='lat' dir='ltr'><strong><em>eum-</em></strong></span> 
     </span>
    </p>
   </div>
   <div class='ocr_carea' id='block_1_20' title="bbox 2211 774 3700 851">
    <p class='ocr_par' dir='ltr' id='par_1_20' title="bbox 2211 774 3700 851">
     <span class='ocr_line' id='line_1_20' title="bbox 2211 774 3700 851; baseline 0.003 -18"><span class='ocrx_word' id='word_1_149' title='bbox 2211 780 2332 834; x_wconf 90' lang='lat' dir='ltr'><strong><em>dem</em></strong></span> <span class='ocrx_word' id='word_1_150' title='bbox 2360 777 2675 848; x_wconf 84' lang='lat' dir='ltr'><strong><em>sangninem</em></strong></span> <span class='ocrx_word' id='word_1_151' title='bbox 2708 785 2897 832; x_wconf 89' lang='lat' dir='ltr'><strong><em>contra</em></strong></span> <span class='ocrx_word' id='word_1_152' title='bbox 2938 774 3086 831; x_wconf 82' lang='lat' dir='ltr'><strong><em>fores</em></strong></span> <span class='ocrx_word' id='word_1_153' title='bbox 3126 776 3443 833; x_wconf 85' lang='lat' dir='ltr'><strong><em>tabernaculi</em></strong></span> <span class='ocrx_word' id='word_1_154' title='bbox 3480 789 3700 851; x_wconf 79' lang='lat' dir='ltr'><strong><em>aspergat,</em></strong></span> 
     </span>
    </p>
   </div>
   <div class='ocr_carea' id='block_1_21' title="bbox 2212 865 3707 942">
    <p class='ocr_par' dir='ltr' id='par_1_21' title="bbox 2212 865 3707 942">
     <span class='ocr_line' id='line_1_21' title="bbox 2212 865 3707 942; baseline 0.004 -22"><span class='ocrx_word' id='word_1_155' title='bbox 2212 865 2266 920; x_wconf 88' lang='lat' dir='ltr'><strong><em>id</em></strong></span> <span class='ocrx_word' id='word_1_156' title='bbox 2301 875 2415 932; x_wconf 88' lang='lat' dir='ltr'><strong><em>est,</em></strong></span> <span class='ocrx_word' id='word_1_157' title='bbox 2439 866 2686 937; x_wconf 86' lang='lat' dir='ltr'><strong><em>quisquis</em></strong></span> <span class='ocrx_word' id='word_1_158' title='bbox 2714 866 2983 936; x_wconf 84' lang='lat' dir='ltr'><strong><em>passionis</em></strong></span> <span class='ocrx_word' id='word_1_159' title='bbox 3010 865 3128 936; x_wconf 86' lang='lat' dir='ltr'><strong><em>ejus</em></strong></span> <span class='ocrx_word' id='word_1_160' title='bbox 3156 867 3271 921; x_wconf 86' lang='lat' dir='ltr'><strong><em>vias</em></strong></span> <span class='ocrx_word' id='word_1_161' title='bbox 3296 866 3543 935; x_wconf 82' lang='lat' dir='ltr'><strong><em>imitatur,</em></strong></span> <span class='ocrx_word' id='word_1_162' title='bbox 3577 869 3707 942; x_wconf 79' lang='lat' dir='ltr'><strong><em>Syna-</em></strong></span> 
     </span>
    </p>
   </div>
   <div class='ocr_carea' id='block_1_22' title="bbox 2213 956 3708 1029">
    <p class='ocr_par' dir='ltr' id='par_1_22' title="bbox 2213 956 3708 1029">
     <span class='ocr_line' id='line_1_22' title="bbox 2213 956 3708 1029; baseline 0 -16"><span class='ocrx_word' id='word_1_163' title='bbox 2213 972 2362 1029; x_wconf 74' lang='lat' dir='ltr'><strong><em>gogze</em></strong></span> <span class='ocrx_word' id='word_1_164' title='bbox 2401 974 2510 1013; x_wconf 89' lang='lat' dir='ltr'><strong><em>non</em></strong></span> <span class='ocrx_word' id='word_1_165' title='bbox 2545 956 2787 1012; x_wconf 80' lang='lat' dir='ltr'><strong><em>credenti</em></strong></span> <span class='ocrx_word' id='word_1_166' title='bbox 2837 963 2892 1011; x_wconf 87' lang='lat' dir='ltr'><strong><em>et</em></strong></span> <span class='ocrx_word' id='word_1_167' title='bbox 2935 956 3347 1021; x_wconf 90' lang='lat' dir='ltr'><strong><em>contradicenti,</em></strong></span> <span class='ocrx_word' id='word_1_168' title='bbox 3405 972 3493 1027; x_wconf 89' lang='lat' dir='ltr'><strong><em>per</em></strong></span> <span class='ocrx_word' id='word_1_169' title='bbox 3520 960 3708 1029; x_wconf 81' lang='lat' dir='ltr'><strong><em>exempl:</em></strong></span> 
     </span>
    </p>
   </div>
   <div class='ocr_carea' id='block_1_23' title="bbox 2213 1048 3710 1120">
    <p class='ocr_par' dir='ltr' id='par_1_23' title="bbox 2213 1048 3710 1120">
     <span class='ocr_line' id='line_1_23' title="bbox 2213 1048 3710 1120; baseline -0.001 -15"><span class='ocrx_word' id='word_1_170' title='bbox 2213 1050 2377 1114; x_wconf 90' lang='lat' dir='ltr'><strong><em>bona,</em></strong></span> <span class='ocrx_word' id='word_1_171' title='bbox 2405 1064 2503 1118; x_wconf 90' lang='lat' dir='ltr'><strong><em>per</em></strong></span> <span class='ocrx_word' id='word_1_172' title='bbox 2539 1048 2983 1120; x_wconf 63' lang='lat' dir='ltr'><strong><em>praedicationem</em></strong></span> <span class='ocrx_word' id='word_1_173' title='bbox 3014 1055 3251 1113; x_wconf 90' lang='lat' dir='ltr'><strong><em>rectam,</em></strong></span> <span class='ocrx_word' id='word_1_174' title='bbox 3282 1048 3479 1117; x_wconf 84' lang='lat' dir='ltr'><strong><em>signum</em></strong></span> <span class='ocrx_word' id='word_1_175' title='bbox 3519 1049 3633 1103; x_wconf 90' lang='lat' dir='ltr'><strong><em>bene</em></strong></span> <span class='ocrx_word' id='word_1_176' title='bbox 3656 1050 3710 1104; x_wconf 80' lang='lat' dir='ltr'><strong><em>vi-</em></strong></span> 
     </span>
    </p>
   </div>
   <div class='ocr_carea' id='block_1_24' title="bbox 2214 1137 3712 1212">
    <p class='ocr_par' dir='ltr' id='par_1_24' title="bbox 2214 1137 3712 1212">
     <span class='ocr_line' id='line_1_24' title="bbox 2214 1137 3712 1212; baseline -0.003 -15"><span class='ocrx_word' id='word_1_177' title='bbox 2214 1141 2375 1197; x_wconf 85' lang='lat' dir='ltr'><strong><em>vendi</em></strong></span> <span class='ocrx_word' id='word_1_178' title='bbox 2400 1141 2657 1212; x_wconf 79' lang='lat' dir='ltr'><strong><em>praebeat.</em></strong></span> <span class='ocrx_word' id='word_1_179' title='bbox 2687 1139 2889 1195; x_wconf 79' lang='lat' dir='ltr'><strong><em>centra</em></strong></span> <span class='ocrx_word' id='word_1_180' title='bbox 2913 1137 3058 1194; x_wconf 82' lang='lat' dir='ltr'><strong><em>fores</em></strong></span> <span class='ocrx_word' id='word_1_181' title='bbox 3088 1139 3233 1194; x_wconf 90' lang='lat' dir='ltr'><strong><em>enim</em></strong></span> <span class='ocrx_word' id='word_1_182' title='bbox 3259 1137 3561 1194; x_wconf 86' lang='lat' dir='ltr'><strong><em>tabernaculi</em></strong></span> <span class='ocrx_word' id='word_1_183' title='bbox 3579 1154 3712 1193; x_wconf 70' lang='lat' dir='ltr'><strong><em>vacca</em></strong></span> 
     </span>
    </p>
   </div>
   <div class='ocr_carea' id='block_1_25' title="bbox 2217 1227 3715 1303">
    <p class='ocr_par' dir='ltr' id='par_1_25' title="bbox 2217 1227 3715 1303">
     <span class='ocr_line' id='line_1_25' title="bbox 2217 1227 3715 1303; baseline -0.004 -14"><span class='ocrx_word' id='word_1_184' title='bbox 2217 1233 2533 1303; x_wconf 86' lang='lat' dir='ltr'><strong><em>sanguinem</em></strong></span> <span class='ocrx_word' id='word_1_185' title='bbox 2573 1246 2885 1302; x_wconf 76' lang='lat' dir='ltr'><strong><em>aspergere,</em></strong></span> <span class='ocrx_word' id='word_1_186' title='bbox 2923 1238 3010 1286; x_wconf 90' lang='lat' dir='ltr'><strong><em>est</em></strong></span> <span class='ocrx_word' id='word_1_187' title='bbox 3049 1230 3320 1285; x_wconf 85' lang='lat' dir='ltr'><strong><em>resistenti</em></strong></span> <span class='ocrx_word' id='word_1_188' title='bbox 3360 1229 3489 1299; x_wconf 92' lang='lat' dir='ltr'><strong><em>plebi</em></strong></span> <span class='ocrx_word' id='word_1_189' title='bbox 3532 1227 3715 1284; x_wconf 70' lang='lat' dir='ltr'><strong><em>iudaice</em></strong></span> 
     </span>
    </p>
   </div>
   <div class='ocr_carea' id='block_1_26' title="bbox 2216 1321 3717 1394">
    <p class='ocr_par' dir='ltr' id='par_1_26' title="bbox 2216 1321 3717 1394">
     <span class='ocr_line' id='line_1_26' title="bbox 2216 1321 3717 1394; baseline -0.002 -18"><span class='ocrx_word' id='word_1_190' title='bbox 2216 1337 2316 1394; x_wconf 87' lang='lat' dir='ltr'><strong><em>per</em></strong></span> <span class='ocrx_word' id='word_1_191' title='bbox 2348 1321 2789 1393; x_wconf 56' lang='lat' dir='ltr'><strong><em>praedicationem</em></strong></span> <span class='ocrx_word' id='word_1_192' title='bbox 2825 1328 3060 1387; x_wconf 90' lang='lat' dir='ltr'><strong><em>rectam,</em></strong></span> <span class='ocrx_word' id='word_1_193' title='bbox 3098 1335 3199 1390; x_wconf 91' lang='lat' dir='ltr'><strong><em>per</em></strong></span> <span class='ocrx_word' id='word_1_194' title='bbox 3222 1326 3404 1374; x_wconf 88' lang='lat' dir='ltr'><strong><em>sancta</em></strong></span> <span class='ocrx_word' id='word_1_195' title='bbox 3435 1334 3605 1390; x_wconf 83' lang='lat' dir='ltr'><strong><em>opera,</em></strong></span> <span class='ocrx_word' id='word_1_196' title='bbox 3626 1334 3717 1388; x_wconf 84' lang='lat' dir='ltr'><strong><em>pas-</em></strong></span> 
     </span>
    </p>
   </div>
   <div class='ocr_carea' id='block_1_27' title="bbox 2219 1410 3719 1483">
    <p class='ocr_par' dir='ltr' id='par_1_27' title="bbox 2219 1410 3719 1483">
     <span class='ocr_line' id='line_1_27' title="bbox 2219 1410 3719 1483; baseline -0.004 -15"><span class='ocrx_word' id='word_1_197' title='bbox 2219 1412 2395 1469; x_wconf 83' lang='lat' dir='ltr'><strong><em>sionis</em></strong></span> <span class='ocrx_word' id='word_1_198' title='bbox 2428 1412 2543 1483; x_wconf 88' lang='lat' dir='ltr'><strong><em>ejus</em></strong></span> <span class='ocrx_word' id='word_1_199' title='bbox 2571 1411 2817 1482; x_wconf 83' lang='lat' dir='ltr'><strong><em>exempla</em></strong></span> <span class='ocrx_word' id='word_1_200' title='bbox 2855 1419 3183 1466; x_wconf 89' lang='lat' dir='ltr'><strong><em>monstrare.</em></strong></span> <span class='ocrx_word' id='word_1_201' title='bbox 3209 1410 3348 1465; x_wconf 89' lang='lat' dir='ltr'><strong><em>Bene</em></strong></span> <span class='ocrx_word' id='word_1_202' title='bbox 3378 1417 3542 1465; x_wconf 88' lang='lat' dir='ltr'><strong><em>autem</em></strong></span> <span class='ocrx_word' id='word_1_203' title='bbox 3571 1410 3719 1465; x_wconf 82' lang='lat' dir='ltr'><strong><em>dicitur</em></strong></span> 
     </span>
    </p>
   </div>
   <div class='ocr_carea' id='block_1_28' title="bbox 2219 1502 3725 1577">
    <p class='ocr_par' dir='ltr' id='par_1_28' title="bbox 2219 1502 3725 1577">
     <span class='ocr_line' id='line_1_28' title="bbox 2219 1502 3725 1577; baseline -0.005 -16"><span class='ocrx_word' id='word_1_204' title='bbox 2219 1515 2281 1561; x_wconf 88' lang='lat' dir='ltr'><strong><em>ut</em></strong></span> <span class='ocrx_word' id='word_1_205' title='bbox 2317 1506 2515 1577; x_wconf 78' lang='lat' dir='ltr'><strong><em>digitus</em></strong></span> <span class='ocrx_word' id='word_1_206' title='bbox 2545 1504 2599 1559; x_wconf 93' lang='lat' dir='ltr'><strong><em>in</em></strong></span> <span class='ocrx_word' id='word_1_207' title='bbox 2633 1504 2749 1575; x_wconf 92' lang='lat' dir='ltr'><strong><em>ejus</em></strong></span> <span class='ocrx_word' id='word_1_208' title='bbox 2775 1504 3038 1575; x_wconf 79' lang='lat' dir='ltr'><strong><em>sanguine</em></strong></span> <span class='ocrx_word' id='word_1_209' title='bbox 3078 1512 3285 1574; x_wconf 87' lang='lat' dir='ltr'><strong><em>septem</em></strong></span> <span class='ocrx_word' id='word_1_210' title='bbox 3327 1503 3521 1559; x_wconf 85' lang='lat' dir='ltr'><strong><em>vicibus</em></strong></span> <span class='ocrx_word' id='word_1_211' title='bbox 3551 1502 3725 1572; x_wconf 85' lang='lat' dir='ltr'><strong><em>intinga-</em></strong></span> 
     </span>
    </p>
   </div>
   <div class='ocr_carea' id='block_1_29' title="bbox 2220 1592 3727 1668">
    <p class='ocr_par' dir='ltr' id='par_1_29' title="bbox 2220 1592 3727 1668">
     <span class='ocr_line' id='line_1_29' title="bbox 2220 1592 3727 1668; baseline -0.003 -17"><span class='ocrx_word' id='word_1_212' title='bbox 2220 1603 2310 1651; x_wconf 88' lang='lat' dir='ltr'><strong><em>tur</em></strong></span> <span class='ocrx_word' id='word_1_213' title='bbox 2333 1604 2389 1653; x_wconf 90' lang='lat' dir='ltr'><strong><em>et</em></strong></span> <span class='ocrx_word' id='word_1_214' title='bbox 2414 1603 2753 1668; x_wconf 80' lang='lat' dir='ltr'><strong><em>aspergatur.</em></strong></span> <span class='ocrx_word' id='word_1_215' title='bbox 2780 1595 2838 1650; x_wconf 88' lang='lat' dir='ltr'><strong><em>In</em></strong></span> <span class='ocrx_word' id='word_1_216' title='bbox 2868 1596 3176 1666; x_wconf 86' lang='lat' dir='ltr'><strong><em>septenario</em></strong></span> <span class='ocrx_word' id='word_1_217' title='bbox 3204 1594 3347 1650; x_wconf 90' lang='lat' dir='ltr'><strong><em>enim</em></strong></span> <span class='ocrx_word' id='word_1_218' title='bbox 3370 1609 3571 1649; x_wconf 87' lang='lat' dir='ltr'><strong><em>numero</em></strong></span> <span class='ocrx_word' id='word_1_219' title='bbox 3592 1592 3727 1664; x_wconf 81' lang='lat' dir='ltr'><strong><em>perle-</em></strong></span> 
     </span>
    </p>
   </div>
   <div class='ocr_carea' id='block_1_30' title="bbox 2220 1686 3726 1759">
    <p class='ocr_par' dir='ltr' id='par_1_30' title="bbox 2220 1686 3726 1759">
     <span class='ocr_line' id='line_1_30' title="bbox 2220 1686 3726 1759; baseline -0.005 -15"><span class='ocrx_word' id='word_1_220' title='bbox 2220 1689 2331 1745; x_wconf 90' lang='lat' dir='ltr'><strong><em>ctio</em></strong></span> <span class='ocrx_word' id='word_1_221' title='bbox 2378 1688 2663 1759; x_wconf 88' lang='lat' dir='ltr'><strong><em>accipitur.</em></strong></span> <span class='ocrx_word' id='word_1_222' title='bbox 2715 1687 2869 1743; x_wconf 89' lang='lat' dir='ltr'><strong><em>Unde</em></strong></span> <span class='ocrx_word' id='word_1_223' title='bbox 2903 1696 2958 1742; x_wconf 86' lang='lat' dir='ltr'><strong><em>et</em></strong></span> <span class='ocrx_word' id='word_1_224' title='bbox 3005 1696 3211 1756; x_wconf 88' lang='lat' dir='ltr'><strong><em>septem</em></strong></span> <span class='ocrx_word' id='word_1_225' title='bbox 3244 1686 3429 1742; x_wconf 89' lang='lat' dir='ltr'><strong><em>diebus</em></strong></span> <span class='ocrx_word' id='word_1_226' title='bbox 3472 1686 3726 1740; x_wconf 84' lang='lat' dir='ltr'><strong><em>universum</em></strong></span> 
     </span>
    </p>
   </div>
   <div class='ocr_carea' id='block_1_31' title="bbox 2222 1777 3727 1855">
    <p class='ocr_par' dir='ltr' id='par_1_31' title="bbox 2222 1777 3727 1855">
     <span class='ocr_line' id='line_1_31' title="bbox 2222 1777 3727 1855; baseline -0.005 -16"><span class='ocrx_word' id='word_1_227' title='bbox 2222 1793 2438 1855; x_wconf 86' lang='lat' dir='ltr'><strong><em>tempus</em></strong></span> <span class='ocrx_word' id='word_1_228' title='bbox 2485 1783 2776 1854; x_wconf 90' lang='lat' dir='ltr'><strong><em>impletur,</em></strong></span> <span class='ocrx_word' id='word_1_229' title='bbox 2821 1790 2878 1837; x_wconf 92' lang='lat' dir='ltr'><strong><em>et</em></strong></span> <span class='ocrx_word' id='word_1_230' title='bbox 2917 1780 3152 1852; x_wconf 87' lang='lat' dir='ltr'><strong><em>Spiritus</em></strong></span> <span class='ocrx_word' id='word_1_231' title='bbox 3203 1788 3419 1836; x_wconf 88' lang='lat' dir='ltr'><strong><em>sanctus</em></strong></span> <span class='ocrx_word' id='word_1_232' title='bbox 3461 1777 3727 1849; x_wconf 78' lang='lat' dir='ltr'><strong><em>septiformis</em></strong></span> 
     </span>
    </p>
   </div>
   <div class='ocr_carea' id='block_1_32' title="bbox 534 1862 3733 1945">
    <p class='ocr_par' dir='ltr' id='par_1_32' title="bbox 534 1862 3733 1945">
     <span class='ocr_line' id='line_1_32' title="bbox 534 1862 3733 1945; baseline -0.006 -19"><span class='ocrx_word' id='word_1_233' title='bbox 534 1872 739 1927; x_wconf 81' lang='lat' dir='ltr'><strong><em>candus</em></strong></span> <span class='ocrx_word' id='word_1_234' title='bbox 772 1870 959 1944; x_wconf 83' lang='lat' dir='ltr'><strong><em>(Cant.</em></strong></span> <span class='ocrx_word' id='word_1_235' title='bbox 996 1869 1084 1943; x_wconf 90' lang='lat' dir='ltr'><strong><em>v).</em></strong></span> <span class='ocrx_word' id='word_1_236' title='bbox 1125 1868 1403 1925; x_wconf 88' lang='lat' dir='ltr'><strong><em>Candidus</em></strong></span> <span class='ocrx_word' id='word_1_237' title='bbox 1437 1866 1687 1922; x_wconf 82' lang='lat' dir='ltr'><strong><em>videlicet</em></strong></span> <span class='ocrx_word' id='word_1_238' title='bbox 1716 1879 1782 1920; x_wconf 81' lang='lat' dir='ltr'><strong><em>ex</em></strong></span> <span class='ocrx_word' id='word_1_239' title='bbox 1813 1862 2120 1925; x_wconf 83' lang='lat' dir='ltr'><strong><em>divinitate,</em></strong></span> <span class='ocrx_word' id='word_1_240' title='bbox 2147 1862 2194 1921; x_wconf 89' lang='lat' dir='ltr'><strong><em>B</em></strong></span> <span class='ocrx_word' id='word_1_241' title='bbox 2221 1881 2463 1929; x_wconf 67' lang='grc' dir='ltr'><strong><em>νοωιυιι,</em></strong></span> <span class='ocrx_word' id='word_1_242' title='bbox 2499 1871 2718 1943; x_wconf 51' lang='lat' dir='ltr'><strong><em>septem</em></strong></span> <span class='ocrx_word' id='word_1_243' title='bbox 2756 1887 2885 1945; x_wconf 66' lang='lat' dir='ltr'><strong><em>ergo</em></strong></span> <span class='ocrx_word' id='word_1_244' title='bbox 2911 1871 3122 1927; x_wconf 66' lang='lat' dir='ltr'><strong><em>vicibus</em></strong></span> <span class='ocrx_word' id='word_1_245' title='bbox 3146 1871 3202 1927; x_wconf 70' lang='lat' dir='ltr'><strong>in</strong></span> <span class='ocrx_word' id='word_1_246' title='bbox 3232 1870 3483 1942; x_wconf 64' lang='lat' dir='ltr'><strong><em>sanguine</em></strong></span> <span class='ocrx_word' id='word_1_247' title='bbox 3509 1867 3610 1936; x_wconf 70' lang='lat' dir='ltr'><strong><em>ejus</em></strong></span> <span class='ocrx_word' id='word_1_248' title='bbox 3631 1867 3733 1938; x_wconf 67' lang='lat' dir='ltr'><strong><em>djgj-</em></strong></span> 
     </span>
    </p>
   </div>
   <div class='ocr_carea' id='block_1_33' title="bbox 536 1950 2117 2031">
    <p class='ocr_par' dir='ltr' id='par_1_33' title="bbox 536 1950 2117 2031">
     <span class='ocr_line' id='line_1_33' title="bbox 536 1950 2117 2031; baseline -0.008 -14"><span class='ocrx_word' id='word_1_249' title='bbox 536 1962 867 2017; x_wconf 85' lang='lat' dir='ltr'><strong><em>rubicundus</em></strong></span> <span class='ocrx_word' id='word_1_250' title='bbox 886 1977 952 2017; x_wconf 86' lang='lat' dir='ltr'><strong><em>ex</em></strong></span> <span class='ocrx_word' id='word_1_251' title='bbox 975 1959 1256 2031; x_wconf 86' lang='lat' dir='ltr'><strong><em>sanguine.</em></strong></span> <span class='ocrx_word' id='word_1_252' title='bbox 1277 1956 1550 2013; x_wconf 86' lang='lat' dir='ltr'><strong><em>Candidus</em></strong></span> <span class='ocrx_word' id='word_1_253' title='bbox 1569 1970 1667 2025; x_wconf 84' lang='lat' dir='ltr'><strong><em>per</em></strong></span> <span class='ocrx_word' id='word_1_254' title='bbox 1680 1953 1946 2026; x_wconf 86' lang='lat' dir='ltr'><strong><em>justitiam</em></strong></span> <span class='ocrx_word' id='word_1_255' title='bbox 1973 1950 2117 2015; x_wconf 67' lang='lat' dir='ltr'><strong><em>vitm,</em></strong></span> 
     </span>
    </p>
   </div>
   <div class='ocr_carea' id='block_1_34' title="bbox 535 2043 2121 2123">
    <p class='ocr_par' dir='ltr' id='par_1_34' title="bbox 535 2043 2121 2123">
     <span class='ocr_line' id='line_1_34' title="bbox 535 2043 2121 2123; baseline -0.007 -15"><span class='ocrx_word' id='word_1_256' title='bbox 535 2053 872 2110; x_wconf 88' lang='lat' dir='ltr'><strong><em>rubicundus</em></strong></span> <span class='ocrx_word' id='word_1_257' title='bbox 907 2068 971 2109; x_wconf 82' lang='lat' dir='ltr'><strong><em>ex</em></strong></span> <span class='ocrx_word' id='word_1_258' title='bbox 1011 2066 1203 2108; x_wconf 86' lang='lat' dir='ltr'><strong><em>cruore</em></strong></span> <span class='ocrx_word' id='word_1_259' title='bbox 1243 2050 1531 2123; x_wconf 87' lang='lat' dir='ltr'><strong><em>passionis.</em></strong></span> <span class='ocrx_word' id='word_1_260' title='bbox 1560 2047 2031 2116; x_wconf 77' lang='lat' dir='ltr'><strong><em>/Etatis.integra:,</em></strong></span> <span class='ocrx_word' id='word_1_261' title='bbox 2066 2043 2121 2097; x_wconf 81' lang='lat' dir='ltr'><strong><em>in</em></strong></span> 
     </span>
    </p>
   </div>
   <div class='ocr_carea' id='block_1_35' title="bbox 534 2136 2122 2215">
    <p class='ocr_par' dir='ltr' id='par_1_35' title="bbox 534 2136 2122 2215">
     <span class='ocr_line' id='line_1_35' title="bbox 534 2136 2122 2215; baseline -0.008 -16"><span class='ocrx_word' id='word_1_262' title='bbox 534 2160 641 2215; x_wconf 87' lang='lat' dir='ltr'><strong><em>qua</em></strong></span> <span class='ocrx_word' id='word_1_263' title='bbox 677 2143 824 2198; x_wconf 86' lang='lat' dir='ltr'><strong><em>nulla</em></strong></span> <span class='ocrx_word' id='word_1_264' title='bbox 853 2146 921 2199; x_wconf 86' lang='lat' dir='ltr'><strong><em>sit</em></strong></span> <span class='ocrx_word' id='word_1_265' title='bbox 945 2142 1179 2198; x_wconf 86' lang='lat' dir='ltr'><strong><em>macula.</em></strong></span> <span class='ocrx_word' id='word_1_266' title='bbox 1211 2140 1371 2196; x_wconf 63' lang='lat' dir='ltr'><strong><em>)Etas</em></strong></span> <span class='ocrx_word' id='word_1_267' title='bbox 1398 2139 1755 2196; x_wconf 86' lang='lat' dir='ltr'><strong><em>humanitatis</em></strong></span> <span class='ocrx_word' id='word_1_268' title='bbox 1790 2136 1885 2192; x_wconf 88' lang='lat' dir='ltr'><strong><em>Dei</em></strong></span> <span class='ocrx_word' id='word_1_269' title='bbox 1913 2136 2122 2205; x_wconf 83' lang='lat' dir='ltr'><strong><em>integra</em></strong></span> 
     </span>
    </p>
   </div>
   <div class='ocr_carea' id='block_1_36' title="bbox 534 2225 2123 2304">
    <p class='ocr_par' dir='ltr' id='par_1_36' title="bbox 534 2225 2123 2304">
     <span class='ocr_line' id='line_1_36' title="bbox 534 2225 2123 2304; baseline -0.008 -13"><span class='ocrx_word' id='word_1_270' title='bbox 534 2244 651 2301; x_wconf 84' lang='lat' dir='ltr'><strong><em>est,</em></strong></span> <span class='ocrx_word' id='word_1_271' title='bbox 688 2235 867 2291; x_wconf 91' lang='lat' dir='ltr'><strong><em>omnis</em></strong></span> <span class='ocrx_word' id='word_1_272' title='bbox 901 2233 1025 2303; x_wconf 86' lang='lat' dir='ltr'><strong><em>ejus</em></strong></span> <span class='ocrx_word' id='word_1_273' title='bbox 1054 2233 1299 2304; x_wconf 83' lang='lat' dir='ltr'><strong><em>operatio</em></strong></span> <span class='ocrx_word' id='word_1_274' title='bbox 1339 2230 1601 2301; x_wconf 82' lang='lat' dir='ltr'><strong><em>perfecta.</em></strong></span> <span class='ocrx_word' id='word_1_275' title='bbox 1633 2228 1691 2282; x_wconf 91' lang='lat' dir='ltr'><strong><em>ln</em></strong></span> <span class='ocrx_word' id='word_1_276' title='bbox 1725 2243 1832 2298; x_wconf 87' lang='lat' dir='ltr'><strong><em>qua</em></strong></span> <span class='ocrx_word' id='word_1_277' title='bbox 1871 2225 2123 2281; x_wconf 81' lang='lat' dir='ltr'><strong><em>videlicet</em></strong></span> 
     </span>
    </p>
   </div>
   <div class='ocr_carea' id='block_1_37' title="bbox 537 2317 2125 2394">
    <p class='ocr_par' dir='ltr' id='par_1_37' title="bbox 537 2317 2125 2394">
     <span class='ocr_line' id='line_1_37' title="bbox 537 2317 2125 2394; baseline -0.008 -10"><span class='ocrx_word' id='word_1_278' title='bbox 537 2330 876 2384; x_wconf 82' lang='lat' dir='ltr'><strong><em>humanitate</em></strong></span> <span class='ocrx_word' id='word_1_279' title='bbox 899 2327 1111 2382; x_wconf 83' lang='lat' dir='ltr'><strong><em>macula</em></strong></span> <span class='ocrx_word' id='word_1_280' title='bbox 1141 2341 1247 2380; x_wconf 91' lang='lat' dir='ltr'><strong><em>non</em></strong></span> <span class='ocrx_word' id='word_1_281' title='bbox 1277 2324 1399 2390; x_wconf 82' lang='lat' dir='ltr'><strong><em>fuit,</em></strong></span> <span class='ocrx_word' id='word_1_282' title='bbox 1428 2323 1554 2394; x_wconf 88' lang='lat' dir='ltr'><strong><em>quia</em></strong></span> <span class='ocrx_word' id='word_1_283' title='bbox 1583 2331 1639 2378; x_wconf 90' lang='lat' dir='ltr'><strong><em>et</em></strong></span> <span class='ocrx_word' id='word_1_284' title='bbox 1662 2320 1930 2376; x_wconf 87' lang='lat' dir='ltr'><strong><em>veraciter</em></strong></span> <span class='ocrx_word' id='word_1_285' title='bbox 1966 2317 2032 2373; x_wconf 89' lang='lat' dir='ltr'><strong><em>de</em></strong></span> <span class='ocrx_word' id='word_1_286' title='bbox 2059 2331 2125 2372; x_wconf 90' lang='lat' dir='ltr'><strong><em>eo</em></strong></span> 
     </span>
    </p>
   </div>
   <div class='ocr_carea' id='block_1_38' title="bbox 535 2409 2127 2489">
    <p class='ocr_par' dir='ltr' id='par_1_38' title="bbox 535 2409 2127 2489">
     <span class='ocr_line' id='line_1_38' title="bbox 535 2409 2127 2489; baseline -0.007 -15"><span class='ocrx_word' id='word_1_287' title='bbox 535 2418 800 2489; x_wconf 75' lang='lat' dir='ltr'><strong><em>scriptum</em></strong></span> <span class='ocrx_word' id='word_1_288' title='bbox 828 2424 912 2472; x_wconf 84' lang='lat' dir='ltr'><strong><em>est</em></strong></span> <span class='ocrx_word' id='word_1_289' title='bbox 944 2435 957 2471; x_wconf 89' lang='lat'><strong>:</strong></span> <span class='ocrx_word' id='word_1_290' title='bbox 991 2416 1094 2482; x_wconf 90' lang='lat' dir='ltr'><strong><em>Qui</em></strong></span> <span class='ocrx_word' id='word_1_291' title='bbox 1132 2425 1401 2486; x_wconf 84' lang='lat' dir='ltr'><strong><em>peccatum</em></strong></span> <span class='ocrx_word' id='word_1_292' title='bbox 1431 2431 1539 2467; x_wconf 80' lang='lat' dir='ltr'><strong><em>non</em></strong></span> <span class='ocrx_word' id='word_1_293' title='bbox 1567 2413 1719 2483; x_wconf 81' lang='lat' dir='ltr'><strong><em>fecit,</em></strong></span> <span class='ocrx_word' id='word_1_294' title='bbox 1742 2427 1834 2466; x_wconf 87' lang='lat' dir='ltr'><strong><em>nec</em></strong></span> <span class='ocrx_word' id='word_1_295' title='bbox 1857 2409 2012 2463; x_wconf 83' lang='lat' dir='ltr'><strong><em>dolus</em></strong></span> <span class='ocrx_word' id='word_1_296' title='bbox 2045 2409 2127 2463; x_wconf 83' lang='lat' dir='ltr'><strong><em>in-</em></strong></span> 
     </span>
    </p>
   </div>
   <div class='ocr_carea' id='block_1_39' title="bbox 534 2499 2129 2576">
    <p class='ocr_par' dir='ltr' id='par_1_39' title="bbox 534 2499 2129 2576">
     <span class='ocr_line' id='line_1_39' title="bbox 534 2499 2129 2576; baseline -0.006 -13"><span class='ocrx_word' id='word_1_297' title='bbox 534 2517 716 2563; x_wconf 68' lang='lat' dir='ltr'><strong><em>ventus</em></strong></span> <span class='ocrx_word' id='word_1_298' title='bbox 739 2517 815 2561; x_wconf 90' lang='lat' dir='ltr'><strong><em>est</em></strong></span> <span class='ocrx_word' id='word_1_299' title='bbox 851 2507 907 2561; x_wconf 90' lang='lat' dir='ltr'><strong><em>in</em></strong></span> <span class='ocrx_word' id='word_1_300' title='bbox 938 2523 1028 2560; x_wconf 88' lang='lat' dir='ltr'><strong><em>ore</em></strong></span> <span class='ocrx_word' id='word_1_301' title='bbox 1061 2506 1175 2576; x_wconf 85' lang='lat' dir='ltr'><strong><em>ejus</em></strong></span> <span class='ocrx_word' id='word_1_302' title='bbox 1212 2503 1360 2576; x_wconf 90' lang='lat' dir='ltr'><strong><em>(Isa.</em></strong></span> <span class='ocrx_word' id='word_1_303' title='bbox 1393 2520 1537 2558; x_wconf 85' lang='lat' dir='ltr'><strong><em>xxxv</em></strong></span> <span class='ocrx_word' id='word_1_304' title='bbox 1550 2503 1592 2575; x_wconf 86' lang='grc'><strong><em>).</em></strong></span> <span class='ocrx_word' id='word_1_305' title='bbox 1627 2502 1770 2558; x_wconf 90' lang='lat' dir='ltr'><strong><em>Bene</em></strong></span> <span class='ocrx_word' id='word_1_306' title='bbox 1793 2509 1973 2556; x_wconf 89' lang='lat' dir='ltr'><strong><em>autem</em></strong></span> <span class='ocrx_word' id='word_1_307' title='bbox 2000 2499 2129 2554; x_wconf 89' lang='lat' dir='ltr'><strong><em>sub-</em></strong></span> 
     </span>
    </p>
   </div>
   <div class='ocr_carea' id='block_1_40' title="bbox 534 2594 2123 2670">
    <p class='ocr_par' dir='ltr' id='par_1_40' title="bbox 534 2594 2123 2670">
     <span class='ocr_line' id='line_1_40' title="bbox 534 2594 2123 2670; baseline -0.007 -14"><span class='ocrx_word' id='word_1_308' title='bbox 534 2600 713 2666; x_wconf 81' lang='lat' dir='ltr'><strong><em>ditur,</em></strong></span> <span class='ocrx_word' id='word_1_309' title='bbox 745 2615 848 2656; x_wconf 92' lang='lat' dir='ltr'><strong><em>nec</em></strong></span> <span class='ocrx_word' id='word_1_310' title='bbox 890 2598 1187 2670; x_wconf 88' lang='lat' dir='ltr'><strong><em>portaverit</em></strong></span> <span class='ocrx_word' id='word_1_311' title='bbox 1213 2598 1424 2669; x_wconf 85' lang='lat' dir='ltr'><strong><em>jugum.</em></strong></span> <span class='ocrx_word' id='word_1_312' title='bbox 1462 2596 1736 2665; x_wconf 89' lang='lat' dir='ltr'><strong><em>Scriptum</em></strong></span> <span class='ocrx_word' id='word_1_313' title='bbox 1771 2594 1970 2664; x_wconf 87' lang='lat' dir='ltr'><strong><em>quippe</em></strong></span> <span class='ocrx_word' id='word_1_314' title='bbox 1997 2599 2080 2648; x_wconf 90' lang='lat' dir='ltr'><strong><em>est</em></strong></span> <span class='ocrx_word' id='word_1_315' title='bbox 2108 2610 2123 2646; x_wconf 88' lang='lat'><strong>:</strong></span> 
     </span>
    </p>
   </div>
   <div class='ocr_carea' id='block_1_41' title="bbox 536 2682 2125 2764">
    <p class='ocr_par' dir='ltr' id='par_1_41' title="bbox 536 2682 2125 2764">
     <span class='ocr_line' id='line_1_41' title="bbox 536 2682 2125 2764; baseline -0.006 -16"><span class='ocrx_word' id='word_1_316' title='bbox 536 2690 725 2749; x_wconf 81' lang='lat' dir='ltr'><strong><em>Omnis</em></strong></span> <span class='ocrx_word' id='word_1_317' title='bbox 748 2693 841 2764; x_wconf 87' lang='lat' dir='ltr'><strong><em>qui</em></strong></span> <span class='ocrx_word' id='word_1_318' title='bbox 867 2700 1073 2762; x_wconf 79' lang='lat' dir='ltr'><strong><em>peccat,</em></strong></span> <span class='ocrx_word' id='word_1_319' title='bbox 1090 2707 1267 2745; x_wconf 85' lang='lat' dir='ltr'><strong><em>servus</em></strong></span> <span class='ocrx_word' id='word_1_320' title='bbox 1289 2700 1364 2744; x_wconf 88' lang='lat' dir='ltr'><strong><em>est</em></strong></span> <span class='ocrx_word' id='word_1_321' title='bbox 1391 2689 1589 2760; x_wconf 84' lang='lat' dir='ltr'><strong><em>peccati</em></strong></span> <span class='ocrx_word' id='word_1_322' title='bbox 1616 2686 1796 2759; x_wconf 83' lang='lat' dir='ltr'><strong><em>(Joan.</em></strong></span> <span class='ocrx_word' id='word_1_323' title='bbox 1821 2685 1964 2756; x_wconf 78' lang='lat' dir='ltr'><strong><em>vni).</em></strong></span> <span class='ocrx_word' id='word_1_324' title='bbox 1988 2682 2125 2751; x_wconf 87' lang='lat' dir='ltr'><strong><em>Quia</em></strong></span> 
     </span>
    </p>
   </div>
   <div class='ocr_carea' id='block_1_42' title="bbox 535 2774 2126 2856">
    <p class='ocr_par' dir='ltr' id='par_1_42' title="bbox 535 2774 2126 2856">
     <span class='ocr_line' id='line_1_42' title="bbox 535 2774 2126 2856; baseline -0.008 -15"><span class='ocrx_word' id='word_1_325' title='bbox 535 2798 666 2856; x_wconf 68' lang='lat' dir='ltr'><strong><em>ergo</em></strong></span> <span class='ocrx_word' id='word_1_326' title='bbox 702 2782 960 2839; x_wconf 90' lang='lat' dir='ltr'><strong><em>Dominus</em></strong></span> <span class='ocrx_word' id='word_1_327' title='bbox 1005 2780 1135 2835; x_wconf 91' lang='lat' dir='ltr'><strong><em>nulli</em></strong></span> <span class='ocrx_word' id='word_1_328' title='bbox 1179 2787 1405 2850; x_wconf 87' lang='lat' dir='ltr'><strong><em>peccato</em></strong></span> <span class='ocrx_word' id='word_1_329' title='bbox 1442 2777 1762 2841; x_wconf 85' lang='lat' dir='ltr'><strong><em>succubuit,</em></strong></span> <span class='ocrx_word' id='word_1_330' title='bbox 1794 2774 1983 2846; x_wconf 89' lang='lat' dir='ltr'><strong><em>jugum</em></strong></span> <span class='ocrx_word' id='word_1_331' title='bbox 2024 2775 2126 2829; x_wconf 89' lang='lat' dir='ltr'><strong><em>mi-</em></strong></span> 
     </span>
    </p>
   </div>
   <div class='ocr_carea' id='block_1_43' title="bbox 535 2864 2123 2944">
    <p class='ocr_par' dir='ltr' id='par_1_43' title="bbox 535 2864 2123 2944">
     <span class='ocr_line' id='line_1_43' title="bbox 535 2864 2123 2944; baseline -0.008 -16"><span class='ocrx_word' id='word_1_332' title='bbox 535 2872 681 2928; x_wconf 86' lang='lat' dir='ltr'><strong><em>nime</em></strong></span> <span class='ocrx_word' id='word_1_333' title='bbox 718 2870 976 2944; x_wconf 80' lang='lat' dir='ltr'><strong><em>portavit.</em></strong></span> <span class='ocrx_word' id='word_1_334' title='bbox 1018 2868 1276 2941; x_wconf 87' lang='lat' dir='ltr'><strong><em>Sequitur</em></strong></span> <span class='ocrx_word' id='word_1_335' title='bbox 1313 2886 1326 2923; x_wconf 89' lang='lat'><strong>:</strong></span> <span class='ocrx_word' id='word_1_336' title='bbox 1373 2866 1670 2937; x_wconf 81' lang='lat' dir='ltr'><strong><em>Tradesqrse</em></strong></span> <span class='ocrx_word' id='word_1_337' title='bbox 1701 2882 1818 2919; x_wconf 86' lang='lat' dir='ltr'><strong><em>eam</em></strong></span> <span class='ocrx_word' id='word_1_338' title='bbox 1864 2864 2123 2919; x_wconf 74' lang='lat' dir='ltr'><strong><em>Eleazaro</em></strong></span> 
     </span>
    </p>
   </div>
   <div class='ocr_carea' id='block_1_44' title="bbox 533 2955 2124 3035">
    <p class='ocr_par' dir='ltr' id='par_1_44' title="bbox 533 2955 2124 3035">
     <span class='ocr_line' id='line_1_44' title="bbox 533 2955 2124 3035; baseline -0.008 -16"><span class='ocrx_word' id='word_1_339' title='bbox 533 2963 814 3027; x_wconf 79' lang='lat' dir='ltr'><strong><em>sacerdoti,</em></strong></span> <span class='ocrx_word' id='word_1_340' title='bbox 846 2962 936 3035; x_wconf 81' lang='lat' dir='ltr'><strong><em>qui</em></strong></span> <span class='ocrx_word' id='word_1_341' title='bbox 959 2961 1199 3016; x_wconf 83' lang='lat' dir='ltr'><strong><em>eductam</em></strong></span> <span class='ocrx_word' id='word_1_342' title='bbox 1228 2969 1385 3033; x_wconf 75' lang='lat' dir='ltr'><strong><em>extra</em></strong></span> <span class='ocrx_word' id='word_1_343' title='bbox 1409 2968 1583 3013; x_wconf 86' lang='lat' dir='ltr'><strong><em>castra</em></strong></span> <span class='ocrx_word' id='word_1_344' title='bbox 1610 2955 1898 3012; x_wconf 82' lang='lat' dir='ltr'><strong><em>immolabit</em></strong></span> <span class='ocrx_word' id='word_1_345' title='bbox 1923 2956 1977 3010; x_wconf 89' lang='lat' dir='ltr'><strong><em>in</em></strong></span> <span class='ocrx_word' id='word_1_346' title='bbox 1999 2971 2124 3009; x_wconf 84' lang='lat' dir='ltr'><strong><em>con-</em></strong></span> 
     </span>
    </p>
   </div>
   <div class='ocr_carea' id='block_1_45' title="bbox 536 3047 2124 3126">
    <p class='ocr_par' dir='ltr' id='par_1_45' title="bbox 536 3047 2124 3126">
     <span class='ocr_line' id='line_1_45' title="bbox 536 3047 2124 3126; baseline -0.006 -16"><span class='ocrx_word' id='word_1_347' title='bbox 536 3064 715 3126; x_wconf 85' lang='lat' dir='ltr'><strong><em>spectu</em></strong></span> <span class='ocrx_word' id='word_1_348' title='bbox 752 3052 986 3108; x_wconf 85' lang='lat' dir='ltr'><strong><em>Domini.</em></strong></span> <span class='ocrx_word' id='word_1_349' title='bbox 1028 3051 1166 3120; x_wconf 84' lang='lat' dir='ltr'><strong><em>Quid</em></strong></span> <span class='ocrx_word' id='word_1_350' title='bbox 1193 3051 1440 3120; x_wconf 87' lang='lat' dir='ltr'><strong><em>estquod</em></strong></span> <span class='ocrx_word' id='word_1_351' title='bbox 1468 3050 1583 3105; x_wconf 82' lang='lat' dir='ltr'><strong><em>haec</em></strong></span> <span class='ocrx_word' id='word_1_352' title='bbox 1621 3063 1789 3103; x_wconf 87' lang='lat' dir='ltr'><strong><em>vacca</em></strong></span> <span class='ocrx_word' id='word_1_353' title='bbox 1828 3048 1894 3103; x_wconf 91' lang='lat' dir='ltr'><strong><em>ad</em></strong></span> <span class='ocrx_word' id='word_1_354' title='bbox 1935 3047 2124 3101; x_wconf 89' lang='lat' dir='ltr'><strong><em>immo-</em></strong></span> 
     </span>
    </p>
   </div>
   <div class='ocr_carea' id='block_1_46' title="bbox 534 3137 2118 3210">
    <p class='ocr_par' dir='ltr' id='par_1_46' title="bbox 534 3137 2118 3210">
     <span class='ocr_line' id='line_1_46' title="bbox 534 3137 2118 3210; baseline -0.006 -9"><span class='ocrx_word' id='word_1_355' title='bbox 534 3145 756 3202; x_wconf 81' lang='lat' dir='ltr'><strong><em>landum</em></strong></span> <span class='ocrx_word' id='word_1_356' title='bbox 784 3143 1055 3201; x_wconf 85' lang='lat' dir='ltr'><strong><em>sacerdoti</em></strong></span> <span class='ocrx_word' id='word_1_357' title='bbox 1087 3143 1339 3207; x_wconf 88' lang='lat' dir='ltr'><strong><em>tradilur,</em></strong></span> <span class='ocrx_word' id='word_1_358' title='bbox 1372 3140 1475 3195; x_wconf 91' lang='lat' dir='ltr'><strong><em>nisi</em></strong></span> <span class='ocrx_word' id='word_1_359' title='bbox 1504 3141 1646 3210; x_wconf 90' lang='lat' dir='ltr'><strong><em>quod</em></strong></span> <span class='ocrx_word' id='word_1_360' title='bbox 1673 3138 1987 3194; x_wconf 82' lang='lat' dir='ltr'><strong><em>incarnatus</em></strong></span> <span class='ocrx_word' id='word_1_361' title='bbox 2012 3137 2118 3191; x_wconf 91' lang='lat' dir='ltr'><strong><em>Do-</em></strong></span> 
     </span>
    </p>
   </div>
   <div class='ocr_carea' id='block_1_47' title="bbox 2220 1957 3733 2036">
    <p class='ocr_par' dir='ltr' id='par_1_47' title="bbox 2220 1957 3733 2036">
     <span class='ocr_line' id='line_1_47' title="bbox 2220 1957 3733 2036; baseline -0.007 -15"><span class='ocrx_word' id='word_1_362' title='bbox 2220 1974 2335 2021; x_wconf 89' lang='lat' dir='ltr'><strong><em>tum</em></strong></span> <span class='ocrx_word' id='word_1_363' title='bbox 2384 1964 2669 2036; x_wconf 89' lang='lat' dir='ltr'><strong><em>intingere,</em></strong></span> <span class='ocrx_word' id='word_1_364' title='bbox 2717 1972 2804 2021; x_wconf 90' lang='lat' dir='ltr'><strong><em>est</em></strong></span> <span class='ocrx_word' id='word_1_365' title='bbox 2836 1961 3077 2034; x_wconf 83' lang='lat' dir='ltr'><strong><em>perfecta</em></strong></span> <span class='ocrx_word' id='word_1_366' title='bbox 3117 1962 3432 2032; x_wconf 84' lang='lat' dir='ltr'><strong><em>operatione</em></strong></span> <span class='ocrx_word' id='word_1_367' title='bbox 3477 1957 3733 2030; x_wconf 81' lang='lat' dir='ltr'><strong><em>mysterium</em></strong></span> 
     </span>
    </p>
   </div>
   <div class='ocr_carea' id='block_1_48' title="bbox 2221 2051 3738 2129">
    <p class='ocr_par' dir='ltr' id='par_1_48' title="bbox 2221 2051 3738 2129">
     <span class='ocr_line' id='line_1_48' title="bbox 2221 2051 3738 2129; baseline -0.007 -17"><span class='ocrx_word' id='word_1_368' title='bbox 2221 2055 2492 2129; x_wconf 86' lang='lat' dir='ltr'><strong><em>passionis</em></strong></span> <span class='ocrx_word' id='word_1_369' title='bbox 2514 2054 2633 2126; x_wconf 85' lang='lat' dir='ltr'><strong><em>ejus</em></strong></span> <span class='ocrx_word' id='word_1_370' title='bbox 2659 2054 2888 2109; x_wconf 89' lang='lat' dir='ltr'><strong><em>imitari.</em></strong></span> <span class='ocrx_word' id='word_1_371' title='bbox 2925 2053 2993 2108; x_wconf 87' lang='lat' dir='ltr'><strong><em>Et</em></strong></span> <span class='ocrx_word' id='word_1_372' title='bbox 3023 2061 3232 2123; x_wconf 85' lang='lat' dir='ltr'><strong><em>septem</em></strong></span> <span class='ocrx_word' id='word_1_373' title='bbox 3261 2051 3465 2108; x_wconf 91' lang='lat' dir='ltr'><strong><em>vicibus</em></strong></span> <span class='ocrx_word' id='word_1_374' title='bbox 3493 2057 3651 2105; x_wconf 85' lang='lat' dir='ltr'><strong><em>contra</em></strong></span> <span class='ocrx_word' id='word_1_375' title='bbox 3673 2061 3738 2116; x_wconf 79' lang='lat' dir='ltr'><strong><em>sy-</em></strong></span> 
     </span>
    </p>
   </div>
   <div class='ocr_carea' id='block_1_49' title="bbox 2222 2141 3737 2219">
    <p class='ocr_par' dir='ltr' id='par_1_49' title="bbox 2222 2141 3737 2219">
     <span class='ocr_line' id='line_1_49' title="bbox 2222 2141 3737 2219; baseline -0.007 -17"><span class='ocrx_word' id='word_1_376' title='bbox 2222 2163 2489 2219; x_wconf 87' lang='lat' dir='ltr'><strong><em>nagogam</em></strong></span> <span class='ocrx_word' id='word_1_377' title='bbox 2534 2160 2854 2217; x_wconf 77' lang='lat' dir='ltr'><strong><em>aspergere,</em></strong></span> <span class='ocrx_word' id='word_1_378' title='bbox 2891 2153 2974 2200; x_wconf 88' lang='lat' dir='ltr'><strong><em>est</em></strong></span> <span class='ocrx_word' id='word_1_379' title='bbox 3004 2142 3248 2214; x_wconf 82' lang='lat' dir='ltr'><strong><em>perfecta</em></strong></span> <span class='ocrx_word' id='word_1_380' title='bbox 3292 2141 3642 2213; x_wconf 59' lang='lat' dir='ltr'><strong><em>praedicatione</em></strong></span> <span class='ocrx_word' id='word_1_381' title='bbox 3674 2152 3737 2192; x_wconf 75' lang='lat' dir='ltr'><strong><em>sa-</em></strong></span> 
     </span>
    </p>
   </div>
   <div class='ocr_carea' id='block_1_50' title="bbox 2224 2228 3741 2304">
    <p class='ocr_par' dir='ltr' id='par_1_50' title="bbox 2224 2228 3741 2304">
     <span class='ocr_line' id='line_1_50' title="bbox 2224 2228 3741 2304; baseline -0.009 -12"><span class='ocrx_word' id='word_1_382' title='bbox 2224 2244 2502 2292; x_wconf 88' lang='lat' dir='ltr'><strong><em>cramenta</em></strong></span> <span class='ocrx_word' id='word_1_383' title='bbox 2536 2235 2925 2291; x_wconf 84' lang='lat' dir='ltr'><strong><em>incarnationis</em></strong></span> <span class='ocrx_word' id='word_1_384' title='bbox 2951 2250 3016 2290; x_wconf 91' lang='lat' dir='ltr'><strong><em>ac</em></strong></span> <span class='ocrx_word' id='word_1_385' title='bbox 3038 2233 3311 2304; x_wconf 87' lang='lat' dir='ltr'><strong><em>passionis</em></strong></span> <span class='ocrx_word' id='word_1_386' title='bbox 3337 2231 3472 2301; x_wconf 81' lang='lat' dir='ltr'><strong><em>ejus,</em></strong></span> <span class='ocrx_word' id='word_1_387' title='bbox 3497 2228 3741 2285; x_wconf 80' lang='lat' dir='ltr'><strong><em>inﬁdelibus</em></strong></span> 
     </span>
    </p>
   </div>
   <div class='ocr_carea' id='block_1_51' title="bbox 2227 2319 3740 2396">
    <p class='ocr_par' dir='ltr' id='par_1_51' title="bbox 2227 2319 3740 2396">
     <span class='ocr_line' id='line_1_51' title="bbox 2227 2319 3740 2396; baseline -0.01 -12"><span class='ocrx_word' id='word_1_388' title='bbox 2227 2327 2568 2384; x_wconf 89' lang='lat' dir='ltr'><strong><em>denuntiare.</em></strong></span> <span class='ocrx_word' id='word_1_389' title='bbox 2623 2325 3011 2396; x_wconf 88' lang='lat' dir='ltr'><strong><em>Comburitque</em></strong></span> <span class='ocrx_word' id='word_1_390' title='bbox 3067 2340 3197 2379; x_wconf 87' lang='lat' dir='ltr'><strong><em>eam</em></strong></span> <span class='ocrx_word' id='word_1_391' title='bbox 3249 2324 3454 2379; x_wconf 87' lang='lat' dir='ltr'><strong><em>cunctis</em></strong></span> <span class='ocrx_word' id='word_1_392' title='bbox 3496 2319 3740 2375; x_wconf 80' lang='lat' dir='ltr'><strong><em>videntibus</em></strong></span> 
     </span>
    </p>
   </div>
   <div class='ocr_carea' id='block_1_52' title="bbox 2226 2414 3746 2489">
    <p class='ocr_par' dir='ltr' id='par_1_52' title="bbox 2226 2414 3746 2489">
     <span class='ocr_line' id='line_1_52' title="bbox 2226 2414 3746 2489; baseline -0.009 -14"><span class='ocrx_word' id='word_1_393' title='bbox 2226 2428 2381 2475; x_wconf 81' lang='lat' dir='ltr'><strong><em>extra</em></strong></span> <span class='ocrx_word' id='word_1_394' title='bbox 2409 2428 2616 2485; x_wconf 89' lang='lat' dir='ltr'><strong><em>castra,</em></strong></span> <span class='ocrx_word' id='word_1_395' title='bbox 2646 2428 2753 2472; x_wconf 89' lang='lat' dir='ltr'><strong><em>tam</em></strong></span> <span class='ocrx_word' id='word_1_396' title='bbox 2794 2416 2934 2489; x_wconf 88' lang='lat' dir='ltr'><strong><em>pelle</em></strong></span> <span class='ocrx_word' id='word_1_397' title='bbox 2961 2426 3016 2472; x_wconf 88' lang='lat' dir='ltr'><strong><em>et</em></strong></span> <span class='ocrx_word' id='word_1_398' title='bbox 3036 2417 3300 2472; x_wconf 86' lang='lat' dir='ltr'><strong><em>carnibus</em></strong></span> <span class='ocrx_word' id='word_1_399' title='bbox 3324 2414 3456 2485; x_wconf 85' lang='lat' dir='ltr'><strong><em>ejus,</em></strong></span> <span class='ocrx_word' id='word_1_400' title='bbox 3482 2428 3623 2484; x_wconf 89' lang='lat' dir='ltr'><strong><em>quam</em></strong></span> <span class='ocrx_word' id='word_1_401' title='bbox 3655 2424 3746 2463; x_wconf 85' lang='lat' dir='ltr'><strong><em>san-</em></strong></span> 
     </span>
    </p>
   </div>
   <div class='ocr_carea' id='block_1_53' title="bbox 2225 2505 3744 2584">
    <p class='ocr_par' dir='ltr' id='par_1_53' title="bbox 2225 2505 3744 2584">
     <span class='ocr_line' id='line_1_53' title="bbox 2225 2505 3744 2584; baseline -0.01 -17"><span class='ocrx_word' id='word_1_402' title='bbox 2225 2513 2390 2584; x_wconf 86' lang='lat' dir='ltr'><strong><em>guine</em></strong></span> <span class='ocrx_word' id='word_1_403' title='bbox 2425 2519 2480 2567; x_wconf 89' lang='lat' dir='ltr'><strong><em>et</em></strong></span> <span class='ocrx_word' id='word_1_404' title='bbox 2520 2509 2648 2566; x_wconf 87' lang='lat' dir='ltr'><strong><em>ﬁmo</em></strong></span> <span class='ocrx_word' id='word_1_405' title='bbox 2677 2510 2909 2565; x_wconf 75' lang='lat' dir='ltr'><strong><em>ﬂamma:</em></strong></span> <span class='ocrx_word' id='word_1_406' title='bbox 2938 2509 3177 2565; x_wconf 87' lang='lat' dir='ltr'><strong><em>traditis.</em></strong></span> <span class='ocrx_word' id='word_1_407' title='bbox 3212 2507 3351 2575; x_wconf 86' lang='lat' dir='ltr'><strong><em>Quid</em></strong></span> <span class='ocrx_word' id='word_1_408' title='bbox 3379 2521 3473 2577; x_wconf 86' lang='lat' dir='ltr'><strong><em>per</em></strong></span> <span class='ocrx_word' id='word_1_409' title='bbox 3494 2515 3676 2560; x_wconf 89' lang='lat' dir='ltr'><strong><em>carnem</em></strong></span> <span class='ocrx_word' id='word_1_410' title='bbox 3707 2505 3744 2551; x_wconf 79' lang='lat' dir='ltr'><strong><em>et</em></strong></span> 
     </span>
    </p>
   </div>
   <div class='ocr_carea' id='block_1_54' title="bbox 2224 2588 3749 2676">
    <p class='ocr_par' dir='ltr' id='par_1_54' title="bbox 2224 2588 3749 2676">
     <span class='ocr_line' id='line_1_54' title="bbox 2224 2588 3749 2676; baseline -0.009 -18"><span class='ocrx_word' id='word_1_411' title='bbox 2224 2603 2442 2676; x_wconf 88' lang='lat' dir='ltr'><strong><em>pellem,</em></strong></span> <span class='ocrx_word' id='word_1_412' title='bbox 2476 2602 2605 2673; x_wconf 91' lang='lat' dir='ltr'><strong><em>quid</em></strong></span> <span class='ocrx_word' id='word_1_413' title='bbox 2646 2617 2745 2672; x_wconf 90' lang='lat' dir='ltr'><strong><em>per</em></strong></span> <span class='ocrx_word' id='word_1_414' title='bbox 2787 2601 3106 2672; x_wconf 87' lang='lat' dir='ltr'><strong><em>sanguinem</em></strong></span> <span class='ocrx_word' id='word_1_415' title='bbox 3149 2608 3209 2655; x_wconf 86' lang='lat' dir='ltr'><strong><em>et</em></strong></span> <span class='ocrx_word' id='word_1_416' title='bbox 3240 2598 3425 2653; x_wconf 76' lang='lat' dir='ltr'><strong><em>limum</em></strong></span> <span class='ocrx_word' id='word_1_417' title='bbox 3462 2609 3639 2657; x_wconf 67' lang='lat' dir='ltr'><strong><em>vacca,</em></strong></span> <span class='ocrx_word' id='word_1_418' title='bbox 3671 2588 3749 2645; x_wconf 84' lang='lat' dir='ltr'><strong><em>nisi</em></strong></span> 
     </span>
    </p>
   </div>
   <div class='ocr_carea' id='block_1_55' title="bbox 2226 2685 3748 2751">
    <p class='ocr_par' dir='ltr' id='par_1_55' title="bbox 2226 2685 3748 2751">
     <span class='ocr_line' id='line_1_55' title="bbox 2226 2685 3748 2751; baseline -0.009 0"><span class='ocrx_word' id='word_1_419' title='bbox 2226 2695 2463 2751; x_wconf 86' lang='lat' dir='ltr'><strong><em>carnalia</em></strong></span> <span class='ocrx_word' id='word_1_420' title='bbox 2496 2692 2840 2750; x_wconf 72' lang='lat' dir='ltr'><strong><em>sacriﬁciai‘n</em></strong></span> <span class='ocrx_word' id='word_1_421' title='bbox 2866 2691 3223 2747; x_wconf 87' lang='lat' dir='ltr'><strong><em>Testamento</em></strong></span> <span class='ocrx_word' id='word_1_422' title='bbox 3252 2688 3435 2746; x_wconf 80' lang='lat' dir='ltr'><strong><em>Veteri</em></strong></span> <span class='ocrx_word' id='word_1_423' title='bbox 3461 2685 3639 2746; x_wconf 84' lang='lat' dir='ltr'><strong><em>habita,</em></strong></span> <span class='ocrx_word' id='word_1_424' title='bbox 3659 2695 3748 2750; x_wconf 73' lang='lat' dir='ltr'><strong><em>qua:</em></strong></span> 
     </span>
    </p>
   </div>
   <div class='ocr_carea' id='block_1_56' title="bbox 2226 2772 3751 2850">
    <p class='ocr_par' dir='ltr' id='par_1_56' title="bbox 2226 2772 3751 2850">
     <span class='ocr_line' id='line_1_56' title="bbox 2226 2772 3751 2850; baseline -0.013 -6"><span class='ocrx_word' id='word_1_425' title='bbox 2226 2790 2600 2845; x_wconf 89' lang='lat' dir='ltr'><strong><em>inﬁrmitatem</em></strong></span> <span class='ocrx_word' id='word_1_426' title='bbox 2654 2787 3049 2843; x_wconf 90' lang='lat' dir='ltr'><strong><em>denuntiabant</em></strong></span> <span class='ocrx_word' id='word_1_427' title='bbox 3117 2783 3361 2850; x_wconf 89' lang='lat' dir='ltr'><strong><em>Domini,</em></strong></span> <span class='ocrx_word' id='word_1_428' title='bbox 3415 2772 3751 2848; x_wconf 71' lang='lat' dir='ltr'><strong><em>designantur?</em></strong></span> 
     </span>
    </p>
   </div>
   <div class='ocr_carea' id='block_1_57' title="bbox 2226 2865 3753 2949">
    <p class='ocr_par' dir='ltr' id='par_1_57' title="bbox 2226 2865 3753 2949">
     <span class='ocr_line' id='line_1_57' title="bbox 2226 2865 3753 2949; baseline -0.01 -14"><span class='ocrx_word' id='word_1_429' title='bbox 2226 2879 2357 2947; x_wconf 75' lang='lat' dir='ltr'><strong><em>Quze</em></strong></span> <span class='ocrx_word' id='word_1_430' title='bbox 2385 2879 2566 2936; x_wconf 89' lang='lat' dir='ltr'><strong><em>omnia</em></strong></span> <span class='ocrx_word' id='word_1_431' title='bbox 2608 2879 2951 2949; x_wconf 85' lang='lat' dir='ltr'><strong><em>postmodum</em></strong></span> <span class='ocrx_word' id='word_1_432' title='bbox 2981 2876 3312 2947; x_wconf 89' lang='lat' dir='ltr'><strong><em>spiritaliter</em></strong></span> <span class='ocrx_word' id='word_1_433' title='bbox 3330 2891 3361 2930; x_wconf 87' lang='lat' dir='ltr'><strong><em>a</em></strong></span> <span class='ocrx_word' id='word_1_434' title='bbox 3386 2870 3618 2928; x_wconf 85' lang='lat' dir='ltr'><strong><em>Patribus</em></strong></span> <span class='ocrx_word' id='word_1_435' title='bbox 3639 2865 3753 2921; x_wconf 55' lang='lat' dir='ltr'><strong><em>intelv</em></strong></span> 
     </span>
    </p>
   </div>
   <div class='ocr_carea' id='block_1_58' title="bbox 2223 2965 3753 3039">
    <p class='ocr_par' dir='ltr' id='par_1_58' title="bbox 2223 2965 3753 3039">
     <span class='ocr_line' id='line_1_58' title="bbox 2223 2965 3753 3039; baseline -0.008 -16"><span class='ocrx_word' id='word_1_436' title='bbox 2223 2969 2385 3035; x_wconf 87' lang='lat' dir='ltr'><strong><em>lecta,</em></strong></span> <span class='ocrx_word' id='word_1_437' title='bbox 2405 2969 2559 3039; x_wconf 81' lang='lat' dir='ltr'><strong><em>juxta</em></strong></span> <span class='ocrx_word' id='word_1_438' title='bbox 2588 2968 2829 3023; x_wconf 87' lang='lat' dir='ltr'><strong><em>exterius</em></strong></span> <span class='ocrx_word' id='word_1_439' title='bbox 2873 2966 3244 3021; x_wconf 85' lang='lat' dir='ltr'><strong><em>ministerium</em></strong></span> <span class='ocrx_word' id='word_1_440' title='bbox 3278 2973 3514 3020; x_wconf 79' lang='lat' dir='ltr'><strong><em>stercora</em></strong></span> <span class='ocrx_word' id='word_1_441' title='bbox 3545 2965 3654 3015; x_wconf 88' lang='lat' dir='ltr'><strong><em>sunt</em></strong></span> <span class='ocrx_word' id='word_1_442' title='bbox 3685 2970 3753 3008; x_wconf 79' lang='lat' dir='ltr'><strong><em>vo-</em></strong></span> 
     </span>
    </p>
   </div>
   <div class='ocr_carea' id='block_1_59' title="bbox 2220 3045 3752 3120">
    <p class='ocr_par' dir='ltr' id='par_1_59' title="bbox 2220 3045 3752 3120">
     <span class='ocr_line' id='line_1_59' title="bbox 2220 3045 3752 3120; baseline -0.014 0"><span class='ocrx_word' id='word_1_443' title='bbox 2220 3069 2361 3120; x_wconf 87' lang='lat' dir='ltr'><strong><em>cata.</em></strong></span> <span class='ocrx_word' id='word_1_444' title='bbox 2395 3060 2548 3116; x_wconf 90' lang='lat' dir='ltr'><strong><em>Unde</em></strong></span> <span class='ocrx_word' id='word_1_445' title='bbox 2588 3059 2788 3114; x_wconf 91' lang='lat' dir='ltr'><strong><em>Paulus</em></strong></span> <span class='ocrx_word' id='word_1_446' title='bbox 2816 3073 2938 3113; x_wconf 89' lang='lat' dir='ltr'><strong><em>cum</em></strong></span> <span class='ocrx_word' id='word_1_447' title='bbox 2968 3058 3034 3113; x_wconf 82' lang='lat' dir='ltr'><strong><em>de</em></strong></span> <span class='ocrx_word' id='word_1_448' title='bbox 3064 3057 3364 3113; x_wconf 81' lang='lat' dir='ltr'><strong><em>sacriﬁciis</em></strong></span> <span class='ocrx_word' id='word_1_449' title='bbox 3403 3045 3752 3112; x_wconf 78' lang='lat' dir='ltr'><strong><em>carnalibuslo-</em></strong></span> 
     </span>
    </p>
   </div>
   <div class='ocr_carea' id='block_1_60' title="bbox 2223 3142 3757 3220">
    <p class='ocr_par' dir='ltr' id='par_1_60' title="bbox 2223 3142 3757 3220">
     <span class='ocr_line' id='line_1_60' title="bbox 2223 3142 3757 3220; baseline -0.011 -15"><span class='ocrx_word' id='word_1_450' title='bbox 2223 3157 2500 3220; x_wconf 90' lang='lat' dir='ltr'><strong><em>queretur,</em></strong></span> <span class='ocrx_word' id='word_1_451' title='bbox 2541 3149 2675 3204; x_wconf 87' lang='lat' dir='ltr'><strong><em>dicit</em></strong></span> <span class='ocrx_word' id='word_1_452' title='bbox 2725 3166 2738 3202; x_wconf 90' lang='lat'><strong>:</strong></span> <span class='ocrx_word' id='word_1_453' title='bbox 2792 3147 3020 3218; x_wconf 89' lang='lat' dir='ltr'><strong><em>Propter</em></strong></span> <span class='ocrx_word' id='word_1_454' title='bbox 3060 3164 3186 3219; x_wconf 72' lang='lat' dir='ltr'><strong><em>qum</em></strong></span> <span class='ocrx_word' id='word_1_455' title='bbox 3216 3145 3397 3202; x_wconf 82' lang='lat' dir='ltr'><strong><em>omnia</em></strong></span> <span class='ocrx_word' id='word_1_456' title='bbox 3447 3142 3757 3198; x_wconf 64' lang='lat' dir='ltr'><strong><em>detrimentum</em></strong></span> 
     </span>
    </p>
   </div>
   <div class='ocr_carea' id='block_1_61' title="bbox 539 3219 3759 3312">
    <p class='ocr_par' dir='ltr' id='par_1_61' title="bbox 539 3219 3759 3312">
     <span class='ocr_line' id='line_1_61' title="bbox 539 3219 3759 3312; baseline -0.007 -7"><span class='ocrx_word' id='word_1_457' title='bbox 539 3237 754 3303; x_wconf 59' lang='lat' dir='ltr'><strong><em>minus:</em></strong></span> <span class='ocrx_word' id='word_1_458' title='bbox 792 3234 888 3304; x_wconf 67' lang='lat' dir='ltr'><strong><em>qui</em></strong></span> <span class='ocrx_word' id='word_1_459' title='bbox 921 3248 1019 3303; x_wconf 71' lang='grc' dir='ltr'><strong><em>ιπο</em></strong></span> <span class='ocrx_word' id='word_1_460' title='bbox 1054 3231 1421 3301; x_wconf 64' lang='grc' dir='ltr'><strong><em>τωθηιριίοηθ</em></strong></span> <span class='ocrx_word' id='word_1_461' title='bbox 1456 3238 1638 3283; x_wconf 68' lang='grc' dir='ltr'><strong><em>ηοδιηι</em></strong></span> <span class='ocrx_word' id='word_1_462' title='bbox 1677 3225 2004 3282; x_wconf 64' lang='grc' dir='ltr'><strong><em>εδετίίῖείυω</em></strong></span> <span class='ocrx_word' id='word_1_463' title='bbox 2037 3239 2122 3279; x_wconf 67' lang='lat' dir='ltr'><strong><em>se&quot;</em></strong></span> <span class='ocrx_word' id='word_1_464' title='bbox 2148 3219 2193 3281; x_wconf 55' lang='grc' dir='ltr'><strong>(ἶ</strong></span> <span class='ocrx_word' id='word_1_465' title='bbox 2227 3219 2350 3312; x_wconf 70' lang='lat' dir='ltr'><strong><em>feci,</em></strong></span> <span class='ocrx_word' id='word_1_466' title='bbox 2380 3251 2429 3294; x_wconf 87' lang='lat' dir='ltr'><strong><em>et</em></strong></span> <span class='ocrx_word' id='word_1_467' title='bbox 2454 3241 2701 3305; x_wconf 82' lang='lat' dir='ltr'><strong><em>arbitror,</em></strong></span> <span class='ocrx_word' id='word_1_468' title='bbox 2743 3248 2803 3292; x_wconf 93' lang='lat' dir='ltr'><strong><em>ut</em></strong></span> <span class='ocrx_word' id='word_1_469' title='bbox 2833 3248 3066 3294; x_wconf 84' lang='lat' dir='ltr'><strong><em>stercora</em></strong></span> <span class='ocrx_word' id='word_1_470' title='bbox 3102 3236 3339 3309; x_wconf 84' lang='lat' dir='ltr'><strong><em>(Philip.</em></strong></span> <span class='ocrx_word' id='word_1_471' title='bbox 3365 3236 3469 3307; x_wconf 91' lang='grc' dir='ltr'>ιιι).</span> <span class='ocrx_word' id='word_1_472' title='bbox 3496 3234 3611 3301; x_wconf 74' lang='lat' dir='ltr'><strong><em>Quae</em></strong></span> <span class='ocrx_word' id='word_1_473' title='bbox 3643 3229 3759 3284; x_wconf 52' lang='lat' dir='ltr'><strong><em>ﬁam.</em></strong></span> 
     </span>
    </p>
   </div>
   <div class='ocr_carea' id='block_1_62' title="bbox 537 3318 2119 3398">
    <p class='ocr_par' dir='ltr' id='par_1_62' title="bbox 537 3318 2119 3398">
     <span class='ocr_line' id='line_1_62' title="bbox 537 3318 2119 3398; baseline -0.009 -13"><span class='ocrx_word' id='word_1_474' title='bbox 537 3327 829 3398; x_wconf 88' lang='lat' dir='ltr'><strong><em>metipsum</em></strong></span> <span class='ocrx_word' id='word_1_475' title='bbox 872 3326 1031 3390; x_wconf 81' lang='lat' dir='ltr'><strong><em>fecit,</em></strong></span> <span class='ocrx_word' id='word_1_476' title='bbox 1076 3324 1130 3379; x_wconf 91' lang='lat' dir='ltr'><strong><em>in</em></strong></span> <span class='ocrx_word' id='word_1_477' title='bbox 1169 3322 1374 3393; x_wconf 85' lang='lat' dir='ltr'><strong><em>judicio</em></strong></span> <span class='ocrx_word' id='word_1_478' title='bbox 1414 3320 1594 3391; x_wconf 77' lang='lat' dir='ltr'><strong><em>populi</em></strong></span> <span class='ocrx_word' id='word_1_479' title='bbox 1639 3318 1890 3373; x_wconf 88' lang='lat' dir='ltr'><strong><em>manibus</em></strong></span> <span class='ocrx_word' id='word_1_480' title='bbox 1928 3318 2119 3383; x_wconf 87' lang='lat' dir='ltr'><strong><em>datur;</em></strong></span> 
     </span>
    </p>
   </div>
   <div class='ocr_carea' id='block_1_63' title="bbox 535 3408 2123 3491">
    <p class='ocr_par' dir='ltr' id='par_1_63' title="bbox 535 3408 2123 3491">
     <span class='ocr_line' id='line_1_63' title="bbox 535 3408 2123 3491; baseline -0.008 -17"><span class='ocrx_word' id='word_1_481' title='bbox 535 3419 632 3491; x_wconf 86' lang='lat' dir='ltr'><strong><em>qui</em></strong></span> <span class='ocrx_word' id='word_1_482' title='bbox 658 3418 821 3474; x_wconf 86' lang='lat' dir='ltr'><strong><em>etiam</em></strong></span> <span class='ocrx_word' id='word_1_483' title='bbox 846 3423 1002 3473; x_wconf 84' lang='lat' dir='ltr'><strong><em>extra</em></strong></span> <span class='ocrx_word' id='word_1_484' title='bbox 1028 3424 1207 3470; x_wconf 84' lang='lat' dir='ltr'><strong><em>castra</em></strong></span> <span class='ocrx_word' id='word_1_485' title='bbox 1236 3414 1289 3468; x_wconf 91' lang='lat' dir='ltr'><strong><em>in</em></strong></span> <span class='ocrx_word' id='word_1_486' title='bbox 1317 3418 1607 3483; x_wconf 66' lang='lat' dir='ltr'><strong><em>compecti:</em></strong></span> <span class='ocrx_word' id='word_1_487' title='bbox 1636 3408 1848 3464; x_wconf 89' lang='lat' dir='ltr'><strong><em>Domini</em></strong></span> <span class='ocrx_word' id='word_1_488' title='bbox 1874 3408 2123 3463; x_wconf 85' lang='lat' dir='ltr'><strong><em>immola-</em></strong></span> 
     </span>
    </p>
   </div>
   <div class='ocr_carea' id='block_1_64' title="bbox 524 3498 2126 3581">
    <p class='ocr_par' dir='ltr' id='par_1_64' title="bbox 524 3498 2126 3581">
     <span class='ocr_line' id='line_1_64' title="bbox 524 3498 2126 3581; baseline -0.007 -14"><span class='ocrx_word' id='word_1_489' title='bbox 524 3521 627 3581; x_wconf 84' lang='lat' dir='ltr'><strong><em>tus</em></strong></span> <span class='ocrx_word' id='word_1_490' title='bbox 654 3519 758 3573; x_wconf 85' lang='lat' dir='ltr'><strong><em>est,</em></strong></span> <span class='ocrx_word' id='word_1_491' title='bbox 781 3507 906 3578; x_wconf 89' lang='lat' dir='ltr'><strong><em>quia</em></strong></span> <span class='ocrx_word' id='word_1_492' title='bbox 929 3506 1180 3561; x_wconf 85' lang='lat' dir='ltr'><strong><em>videlicet</em></strong></span> <span class='ocrx_word' id='word_1_493' title='bbox 1201 3513 1354 3559; x_wconf 83' lang='lat' dir='ltr'><strong><em>extra</em></strong></span> <span class='ocrx_word' id='word_1_494' title='bbox 1378 3511 1591 3574; x_wconf 88' lang='lat' dir='ltr'><strong><em>portam</em></strong></span> <span class='ocrx_word' id='word_1_495' title='bbox 1614 3516 1804 3572; x_wconf 89' lang='lat' dir='ltr'><strong><em>passus</em></strong></span> <span class='ocrx_word' id='word_1_496' title='bbox 1823 3499 1951 3556; x_wconf 75' lang='lat' dir='ltr'><strong><em>est?</em></strong></span> <span class='ocrx_word' id='word_1_497' title='bbox 1971 3498 2126 3556; x_wconf 87' lang='lat' dir='ltr'><strong><em>Unde</em></strong></span> 
     </span>
    </p>
   </div>
   <div class='ocr_carea' id='block_1_65' title="bbox 538 3589 2127 3670">
    <p class='ocr_par' dir='ltr' id='par_1_65' title="bbox 538 3589 2127 3670">
     <span class='ocr_line' id='line_1_65' title="bbox 538 3589 2127 3670; baseline -0.008 -15"><span class='ocrx_word' id='word_1_498' title='bbox 538 3608 595 3655; x_wconf 89' lang='lat' dir='ltr'><strong><em>ct</em></strong></span> <span class='ocrx_word' id='word_1_499' title='bbox 620 3614 718 3670; x_wconf 86' lang='lat' dir='ltr'><strong><em>per</em></strong></span> <span class='ocrx_word' id='word_1_500' title='bbox 746 3596 970 3652; x_wconf 87' lang='lat' dir='ltr'><strong><em>Paulum</em></strong></span> <span class='ocrx_word' id='word_1_501' title='bbox 1002 3595 1301 3668; x_wconf 84' lang='lat' dir='ltr'><strong><em>apostolum</em></strong></span> <span class='ocrx_word' id='word_1_502' title='bbox 1330 3595 1530 3649; x_wconf 87' lang='lat' dir='ltr'><strong><em>dicitur</em></strong></span> <span class='ocrx_word' id='word_1_503' title='bbox 1559 3607 1574 3647; x_wconf 90' lang='lat'><strong>:</strong></span> <span class='ocrx_word' id='word_1_504' title='bbox 1604 3589 1763 3645; x_wconf 74' lang='lat' dir='ltr'><strong><em>Iesus</em></strong></span> <span class='ocrx_word' id='word_1_505' title='bbox 1797 3599 1852 3644; x_wconf 91' lang='lat' dir='ltr'><strong><em>ut</em></strong></span> <span class='ocrx_word' id='word_1_506' title='bbox 1890 3589 2127 3659; x_wconf 78' lang='lat' dir='ltr'><strong><em>sanctiﬁ-</em></strong></span> 
     </span>
    </p>
   </div>
   <div class='ocr_carea' id='block_1_66' title="bbox 540 3683 2126 3760">
    <p class='ocr_par' dir='ltr' id='par_1_66' title="bbox 540 3683 2126 3760">
     <span class='ocr_line' id='line_1_66' title="bbox 540 3683 2126 3760; baseline -0.006 -14"><span class='ocrx_word' id='word_1_507' title='bbox 540 3700 682 3746; x_wconf 82' lang='lat' dir='ltr'><strong><em>caret</em></strong></span> <span class='ocrx_word' id='word_1_508' title='bbox 720 3706 813 3760; x_wconf 85' lang='lat' dir='ltr'><strong><em>per</em></strong></span> <span class='ocrx_word' id='word_1_509' title='bbox 855 3706 1008 3744; x_wconf 87' lang='lat' dir='ltr'><strong><em>suum</em></strong></span> <span class='ocrx_word' id='word_1_510' title='bbox 1041 3689 1350 3760; x_wconf 78' lang='lat' dir='ltr'><strong><em>sanguinem</em></strong></span> <span class='ocrx_word' id='word_1_511' title='bbox 1393 3683 1675 3757; x_wconf 84' lang='lat' dir='ltr'><strong><em>populum,</em></strong></span> <span class='ocrx_word' id='word_1_512' title='bbox 1721 3692 1871 3737; x_wconf 70' lang='lat' dir='ltr'><strong><em>extra</em></strong></span> <span class='ocrx_word' id='word_1_513' title='bbox 1917 3689 2126 3752; x_wconf 85' lang='lat' dir='ltr'><strong><em>portam</em></strong></span> 
     </span>
    </p>
   </div>
   <div class='ocr_carea' id='block_1_67' title="bbox 535 3773 2125 3853">
    <p class='ocr_par' dir='ltr' id='par_1_67' title="bbox 535 3773 2125 3853">
     <span class='ocr_line' id='line_1_67' title="bbox 535 3773 2125 3853; baseline -0.006 -18"><span class='ocrx_word' id='word_1_514' title='bbox 535 3797 727 3852; x_wconf 83' lang='lat' dir='ltr'><strong><em>passus</em></strong></span> <span class='ocrx_word' id='word_1_515' title='bbox 749 3789 824 3835; x_wconf 86' lang='lat' dir='ltr'><strong><em>est</em></strong></span> <span class='ocrx_word' id='word_1_516' title='bbox 854 3779 1046 3853; x_wconf 79' lang='lat' dir='ltr'><strong><em>(Hebr.</em></strong></span> <span class='ocrx_word' id='word_1_517' title='bbox 1076 3778 1216 3850; x_wconf 83' lang='lat' dir='ltr'><strong><em>xm).</em></strong></span> <span class='ocrx_word' id='word_1_518' title='bbox 1245 3778 1512 3832; x_wconf 86' lang='lat' dir='ltr'><strong><em>Exeamus</em></strong></span> <span class='ocrx_word' id='word_1_519' title='bbox 1540 3774 1703 3845; x_wconf 85' lang='lat' dir='ltr'><strong><em>igitur</em></strong></span> <span class='ocrx_word' id='word_1_520' title='bbox 1727 3773 1795 3828; x_wconf 88' lang='lat' dir='ltr'><strong><em>ad</em></strong></span> <span class='ocrx_word' id='word_1_521' title='bbox 1821 3785 1944 3827; x_wconf 88' lang='lat' dir='ltr'><strong><em>eum</em></strong></span> <span class='ocrx_word' id='word_1_522' title='bbox 1971 3781 2125 3828; x_wconf 83' lang='lat' dir='ltr'><strong><em>extra</em></strong></span> 
     </span>
    </p>
   </div>
   <div class='ocr_carea' id='block_1_68' title="bbox 535 3862 2126 3940">
    <p class='ocr_par' dir='ltr' id='par_1_68' title="bbox 535 3862 2126 3940">
     <span class='ocr_line' id='line_1_68' title="bbox 535 3862 2126 3940; baseline -0.005 -14"><span class='ocrx_word' id='word_1_523' title='bbox 535 3884 749 3937; x_wconf 87' lang='lat' dir='ltr'><strong><em>castra,</em></strong></span> <span class='ocrx_word' id='word_1_524' title='bbox 788 3869 1175 3940; x_wconf 88' lang='lat' dir='ltr'><strong><em>improperium</em></strong></span> <span class='ocrx_word' id='word_1_525' title='bbox 1205 3867 1325 3937; x_wconf 90' lang='lat' dir='ltr'><strong><em>ejus</em></strong></span> <span class='ocrx_word' id='word_1_526' title='bbox 1366 3874 1663 3936; x_wconf 87' lang='lat' dir='ltr'><strong><em>portantes.</em></strong></span> <span class='ocrx_word' id='word_1_527' title='bbox 1700 3862 1818 3920; x_wconf 85' lang='lat' dir='ltr'><strong><em>Non</em></strong></span> <span class='ocrx_word' id='word_1_528' title='bbox 1855 3863 2000 3919; x_wconf 87' lang='lat' dir='ltr'><strong><em>enim</em></strong></span> <span class='ocrx_word' id='word_1_529' title='bbox 2035 3862 2126 3918; x_wconf 91' lang='lat' dir='ltr'><strong><em>hic</em></strong></span> 
     </span>
    </p>
   </div>
   <div class='ocr_carea' id='block_1_69' title="bbox 538 3954 2127 4025">
    <p class='ocr_par' dir='ltr' id='par_1_69' title="bbox 538 3954 2127 4025">
     <span class='ocr_line' id='line_1_69' title="bbox 538 3954 2127 4025; baseline -0.005 -7"><span class='ocrx_word' id='word_1_530' title='bbox 538 3962 805 4018; x_wconf 81' lang='lat' dir='ltr'><strong><em>habemus</em></strong></span> <span class='ocrx_word' id='word_1_531' title='bbox 829 3969 1140 4016; x_wconf 87' lang='lat' dir='ltr'><strong><em>manentem</em></strong></span> <span class='ocrx_word' id='word_1_532' title='bbox 1169 3959 1463 4022; x_wconf 87' lang='lat' dir='ltr'><strong><em>civitatem,</em></strong></span> <span class='ocrx_word' id='word_1_533' title='bbox 1497 3956 1592 4013; x_wconf 91' lang='lat' dir='ltr'><strong><em>sed</em></strong></span> <span class='ocrx_word' id='word_1_534' title='bbox 1621 3956 1857 4011; x_wconf 80' lang='lat' dir='ltr'><strong><em>futuram</em></strong></span> <span class='ocrx_word' id='word_1_535' title='bbox 1894 3954 2127 4025; x_wconf 90' lang='lat' dir='ltr'><strong><em>inquiri-</em></strong></span> 
     </span>
    </p>
   </div>
   <div class='ocr_carea' id='block_1_70' title="bbox 537 4052 2125 4122">
    <p class='ocr_par' dir='ltr' id='par_1_70' title="bbox 537 4052 2125 4122">
     <span class='ocr_line' id='line_1_70' title="bbox 537 4052 2125 4122; baseline -0.004 -11"><span class='ocrx_word' id='word_1_536' title='bbox 537 4071 678 4111; x_wconf 84' lang='lat' dir='ltr'><strong><em>mus.</em></strong></span> <span class='ocrx_word' id='word_1_537' title='bbox 717 4054 926 4109; x_wconf 85' lang='lat' dir='ltr'><strong><em>Idcirco</em></strong></span> <span class='ocrx_word' id='word_1_538' title='bbox 969 4052 1114 4108; x_wconf 89' lang='lat' dir='ltr'><strong><em>enim</em></strong></span> <span class='ocrx_word' id='word_1_539' title='bbox 1148 4062 1302 4107; x_wconf 80' lang='lat' dir='ltr'><strong><em>extra</em></strong></span> <span class='ocrx_word' id='word_1_540' title='bbox 1342 4059 1556 4122; x_wconf 89' lang='lat' dir='ltr'><strong><em>portam</em></strong></span> <span class='ocrx_word' id='word_1_541' title='bbox 1598 4065 1794 4121; x_wconf 87' lang='lat' dir='ltr'><strong><em>passus</em></strong></span> <span class='ocrx_word' id='word_1_542' title='bbox 1833 4055 1948 4115; x_wconf 90' lang='lat' dir='ltr'><strong><em>est,</em></strong></span> <span class='ocrx_word' id='word_1_543' title='bbox 1992 4056 2054 4103; x_wconf 90' lang='lat' dir='ltr'><strong><em>ut</em></strong></span> <span class='ocrx_word' id='word_1_544' title='bbox 2091 4064 2125 4104; x_wconf 91' lang='lat' dir='ltr'><strong><em>a</em></strong></span> 
     </span>
    </p>
   </div>
   <div class='ocr_carea' id='block_1_71' title="bbox 538 4137 2126 4212">
    <p class='ocr_par' dir='ltr' id='par_1_71' title="bbox 538 4137 2126 4212">
     <span class='ocr_line' id='line_1_71' title="bbox 538 4137 2126 4212; baseline -0.005 -12"><span class='ocrx_word' id='word_1_545' title='bbox 538 4144 951 4200; x_wconf 75' lang='lat' dir='ltr'><strong><em>conversatione</em></strong></span> <span class='ocrx_word' id='word_1_546' title='bbox 988 4157 1090 4198; x_wconf 91' lang='lat' dir='ltr'><strong><em>nos</em></strong></span> <span class='ocrx_word' id='word_1_547' title='bbox 1127 4141 1251 4197; x_wconf 67' lang='lat' dir='ltr'><strong><em>vitae</em></strong></span> <span class='ocrx_word' id='word_1_548' title='bbox 1288 4141 1605 4212; x_wconf 68' lang='lat' dir='ltr'><strong><em>pra-sentis,</em></strong></span> <span class='ocrx_word' id='word_1_549' title='bbox 1647 4139 1803 4210; x_wconf 89' lang='lat' dir='ltr'><strong><em>quasi</em></strong></span> <span class='ocrx_word' id='word_1_550' title='bbox 1840 4153 1873 4192; x_wconf 91' lang='lat' dir='ltr'><strong><em>a</em></strong></span> <span class='ocrx_word' id='word_1_551' title='bbox 1906 4137 2126 4194; x_wconf 86' lang='lat' dir='ltr'><strong><em>civitate</em></strong></span> 
     </span>
    </p>
   </div>
   <div class='ocr_carea' id='block_1_72' title="bbox 539 4231 2124 4302">
    <p class='ocr_par' dir='ltr' id='par_1_72' title="bbox 539 4231 2124 4302">
     <span class='ocr_line' id='line_1_72' title="bbox 539 4231 2124 4302; baseline -0.003 -10"><span class='ocrx_word' id='word_1_552' title='bbox 539 4235 690 4292; x_wconf 73' lang='lat' dir='ltr'><strong><em>[oras</em></strong></span> <span class='ocrx_word' id='word_1_553' title='bbox 719 4236 994 4302; x_wconf 88' lang='lat' dir='ltr'><strong><em>educeret,</em></strong></span> <span class='ocrx_word' id='word_1_554' title='bbox 1018 4243 1073 4290; x_wconf 91' lang='lat' dir='ltr'><strong><em>et</em></strong></span> <span class='ocrx_word' id='word_1_555' title='bbox 1096 4251 1124 4288; x_wconf 88' lang='lat' dir='ltr'><strong><em>a</em></strong></span> <span class='ocrx_word' id='word_1_556' title='bbox 1156 4242 1370 4290; x_wconf 89' lang='lat' dir='ltr'><strong><em>terrena</em></strong></span> <span class='ocrx_word' id='word_1_557' title='bbox 1400 4232 1794 4287; x_wconf 87' lang='lat' dir='ltr'><strong><em>inhabitatione</em></strong></span> <span class='ocrx_word' id='word_1_558' title='bbox 1822 4231 1987 4287; x_wconf 89' lang='lat' dir='ltr'><strong><em>corde</em></strong></span> <span class='ocrx_word' id='word_1_559' title='bbox 2023 4246 2124 4287; x_wconf 90' lang='lat' dir='ltr'><strong><em>nos</em></strong></span> 
     </span>
    </p>
   </div>
   <div class='ocr_carea' id='block_1_73' title="bbox 535 4324 2125 4397">
    <p class='ocr_par' dir='ltr' id='par_1_73' title="bbox 535 4324 2125 4397">
     <span class='ocr_line' id='line_1_73' title="bbox 535 4324 2125 4397; baseline -0.003 -14"><span class='ocrx_word' id='word_1_560' title='bbox 535 4326 768 4383; x_wconf 87' lang='lat' dir='ltr'><strong><em>evellere</em></strong></span> <span class='ocrx_word' id='word_1_561' title='bbox 803 4326 1177 4397; x_wconf 73' lang='lat' dir='ltr'><strong><em>persuaderet.</em></strong></span> <span class='ocrx_word' id='word_1_562' title='bbox 1211 4325 1355 4381; x_wconf 89' lang='lat' dir='ltr'><strong><em>Bene</em></strong></span> <span class='ocrx_word' id='word_1_563' title='bbox 1389 4335 1571 4381; x_wconf 91' lang='lat' dir='ltr'><strong><em>autem</em></strong></span> <span class='ocrx_word' id='word_1_564' title='bbox 1609 4324 1825 4391; x_wconf 89' lang='lat' dir='ltr'><strong><em>dicitur,</em></strong></span> <span class='ocrx_word' id='word_1_565' title='bbox 1865 4324 1992 4397; x_wconf 87' lang='lat' dir='ltr'><strong><em>quia</em></strong></span> <span class='ocrx_word' id='word_1_566' title='bbox 2022 4324 2125 4379; x_wconf 91' lang='lat' dir='ltr'><strong><em>im-</em></strong></span> 
     </span>
    </p>
   </div>
   <div class='ocr_carea' id='block_1_74' title="bbox 535 4414 2124 4485">
    <p class='ocr_par' dir='ltr' id='par_1_74' title="bbox 535 4414 2124 4485">
     <span class='ocr_line' id='line_1_74' title="bbox 535 4414 2124 4485; baseline -0.003 -12"><span class='ocrx_word' id='word_1_567' title='bbox 535 4416 760 4473; x_wconf 88' lang='lat' dir='ltr'><strong><em>molabit</em></strong></span> <span class='ocrx_word' id='word_1_568' title='bbox 789 4431 910 4472; x_wconf 86' lang='lat' dir='ltr'><strong><em>eam</em></strong></span> <span class='ocrx_word' id='word_1_569' title='bbox 939 4415 994 4472; x_wconf 93' lang='lat' dir='ltr'><strong><em>in</em></strong></span> <span class='ocrx_word' id='word_1_570' title='bbox 1033 4423 1325 4485; x_wconf 89' lang='lat' dir='ltr'><strong><em>conspectu</em></strong></span> <span class='ocrx_word' id='word_1_571' title='bbox 1362 4415 1594 4471; x_wconf 88' lang='lat' dir='ltr'><strong><em>Domini.</em></strong></span> <span class='ocrx_word' id='word_1_572' title='bbox 1626 4415 1955 4484; x_wconf 78' lang='lat' dir='ltr'><strong><em>Redemptor</em></strong></span> <span class='ocrx_word' id='word_1_573' title='bbox 1976 4414 2124 4470; x_wconf 90' lang='lat' dir='ltr'><strong><em>enim</em></strong></span> 
     </span>
    </p>
   </div>
   <div class='ocr_carea' id='block_1_75' title="bbox 535 4506 2116 4578">
    <p class='ocr_par' dir='ltr' id='par_1_75' title="bbox 535 4506 2116 4578">
     <span class='ocr_line' id='line_1_75' title="bbox 535 4506 2116 4578; baseline -0.002 -14"><span class='ocrx_word' id='word_1_574' title='bbox 535 4518 720 4564; x_wconf 89' lang='lat' dir='ltr'><strong><em>noster</em></strong></span> <span class='ocrx_word' id='word_1_575' title='bbox 760 4506 817 4562; x_wconf 89' lang='lat' dir='ltr'><strong><em>in</em></strong></span> <span class='ocrx_word' id='word_1_576' title='bbox 856 4515 1151 4578; x_wconf 86' lang='lat' dir='ltr'><strong><em>conspectu</em></strong></span> <span class='ocrx_word' id='word_1_577' title='bbox 1189 4506 1465 4561; x_wconf 88' lang='lat' dir='ltr'><strong><em>hominum</em></strong></span> <span class='ocrx_word' id='word_1_578' title='bbox 1502 4506 1657 4576; x_wconf 88' lang='lat' dir='ltr'><strong><em>quasi</em></strong></span> <span class='ocrx_word' id='word_1_579' title='bbox 1704 4507 1975 4561; x_wconf 88' lang='lat' dir='ltr'><strong><em>extinctus</em></strong></span> <span class='ocrx_word' id='word_1_580' title='bbox 2011 4514 2116 4572; x_wconf 91' lang='lat' dir='ltr'><strong><em>est,</em></strong></span> 
     </span>
    </p>
   </div>
   <div class='ocr_carea' id='block_1_76' title="bbox 2228 3321 3758 3400">
    <p class='ocr_par' dir='ltr' id='par_1_76' title="bbox 2228 3321 3758 3400">
     <span class='ocr_line' id='line_1_76' title="bbox 2228 3321 3758 3400; baseline -0.01 -14"><span class='ocrx_word' id='word_1_581' title='bbox 2228 3348 2329 3386; x_wconf 71' lang='lat' dir='ltr'><strong><em>mae</em></strong></span> <span class='ocrx_word' id='word_1_582' title='bbox 2385 3332 2715 3395; x_wconf 89' lang='lat' dir='ltr'><strong><em>traduntur,</em></strong></span> <span class='ocrx_word' id='word_1_583' title='bbox 2766 3330 2893 3400; x_wconf 89' lang='lat' dir='ltr'><strong><em>quia</em></strong></span> <span class='ocrx_word' id='word_1_584' title='bbox 2938 3331 3193 3400; x_wconf 87' lang='lat' dir='ltr'><strong><em>quamvis</em></strong></span> <span class='ocrx_word' id='word_1_585' title='bbox 3242 3328 3534 3386; x_wconf 86' lang='lat' dir='ltr'><strong><em>carnaliter</em></strong></span> <span class='ocrx_word' id='word_1_586' title='bbox 3570 3321 3758 3393; x_wconf 83' lang='lat' dir='ltr'><strong><em>primum</em></strong></span> 
     </span>
    </p>
   </div>
   <div class='ocr_carea' id='block_1_77' title="bbox 2227 3411 3760 3494">
    <p class='ocr_par' dir='ltr' id='par_1_77' title="bbox 2227 3411 3760 3494">
     <span class='ocr_line' id='line_1_77' title="bbox 2227 3411 3760 3494; baseline -0.01 -15"><span class='ocrx_word' id='word_1_587' title='bbox 2227 3423 2339 3479; x_wconf 89' lang='lat' dir='ltr'><strong><em>sint</em></strong></span> <span class='ocrx_word' id='word_1_588' title='bbox 2360 3423 2626 3489; x_wconf 88' lang='lat' dir='ltr'><strong><em>exhibita,</em></strong></span> <span class='ocrx_word' id='word_1_589' title='bbox 2664 3422 3008 3494; x_wconf 91' lang='lat' dir='ltr'><strong><em>postmodum</em></strong></span> <span class='ocrx_word' id='word_1_590' title='bbox 3034 3438 3135 3493; x_wconf 92' lang='lat' dir='ltr'><strong><em>per</em></strong></span> <span class='ocrx_word' id='word_1_591' title='bbox 3159 3422 3434 3493; x_wconf 89' lang='lat' dir='ltr'><strong><em>Spiritum</em></strong></span> <span class='ocrx_word' id='word_1_592' title='bbox 3470 3426 3684 3475; x_wconf 88' lang='lat' dir='ltr'><strong><em>sanctum</em></strong></span> <span class='ocrx_word' id='word_1_593' title='bbox 3706 3411 3760 3464; x_wconf 88' lang='lat' dir='ltr'><strong><em>iu-</em></strong></span> 
     </span>
    </p>
   </div>
   <div class='ocr_carea' id='block_1_78' title="bbox 2227 3499 3759 3585">
    <p class='ocr_par' dir='ltr' id='par_1_78' title="bbox 2227 3499 3759 3585">
     <span class='ocr_line' id='line_1_78' title="bbox 2227 3499 3759 3585; baseline -0.008 -18"><span class='ocrx_word' id='word_1_594' title='bbox 2227 3513 2538 3583; x_wconf 78' lang='lat' dir='ltr'><strong><em>telligentiae</em></strong></span> <span class='ocrx_word' id='word_1_595' title='bbox 2563 3513 2685 3585; x_wconf 81' lang='lat' dir='ltr'><strong><em>igne</em></strong></span> <span class='ocrx_word' id='word_1_596' title='bbox 2707 3522 3025 3584; x_wconf 88' lang='lat' dir='ltr'><strong><em>consumpta</em></strong></span> <span class='ocrx_word' id='word_1_597' title='bbox 3054 3522 3206 3568; x_wconf 89' lang='lat' dir='ltr'><strong><em>sunt.</em></strong></span> <span class='ocrx_word' id='word_1_598' title='bbox 3237 3513 3531 3568; x_wconf 86' lang='lat' dir='ltr'><strong><em>Possumus</em></strong></span> <span class='ocrx_word' id='word_1_599' title='bbox 3553 3499 3759 3562; x_wconf 79' lang='lat' dir='ltr'><strong><em>tamenin</em></strong></span> 
     </span>
    </p>
   </div>
   <div class='ocr_carea' id='block_1_79' title="bbox 2227 3591 3762 3673">
    <p class='ocr_par' dir='ltr' id='par_1_79' title="bbox 2227 3591 3762 3673">
     <span class='ocr_line' id='line_1_79' title="bbox 2227 3591 3762 3673; baseline -0.005 -14"><span class='ocrx_word' id='word_1_600' title='bbox 2227 3605 2418 3659; x_wconf 90' lang='lat' dir='ltr'><strong><em>eadem</em></strong></span> <span class='ocrx_word' id='word_1_601' title='bbox 2455 3618 2643 3668; x_wconf 89' lang='lat' dir='ltr'><strong><em>vacca,</em></strong></span> <span class='ocrx_word' id='word_1_602' title='bbox 2672 3603 2726 3657; x_wconf 91' lang='lat' dir='ltr'><strong><em>id</em></strong></span> <span class='ocrx_word' id='word_1_603' title='bbox 2747 3612 2853 3669; x_wconf 90' lang='lat' dir='ltr'><strong><em>est,</em></strong></span> <span class='ocrx_word' id='word_1_604' title='bbox 2892 3604 2944 3657; x_wconf 93' lang='lat' dir='ltr'><strong><em>in</em></strong></span> <span class='ocrx_word' id='word_1_605' title='bbox 2969 3603 3082 3673; x_wconf 92' lang='lat' dir='ltr'><strong><em>ipsa</em></strong></span> <span class='ocrx_word' id='word_1_606' title='bbox 3116 3603 3448 3658; x_wconf 82' lang='lat' dir='ltr'><strong><em>inﬁrmitate</em></strong></span> <span class='ocrx_word' id='word_1_607' title='bbox 3484 3591 3762 3654; x_wconf 60' lang='lat' dir='ltr'><strong><em>incarnaliﬂ’</em></strong></span> 
     </span>
    </p>
   </div>
   <div class='ocr_carea' id='block_1_80' title="bbox 2228 3687 3761 3767">
    <p class='ocr_par' dir='ltr' id='par_1_80' title="bbox 2228 3687 3761 3767">
     <span class='ocr_line' id='line_1_80' title="bbox 2228 3687 3761 3767; baseline -0.005 -17"><span class='ocrx_word' id='word_1_608' title='bbox 2228 3695 2313 3750; x_wconf 89' lang='lat' dir='ltr'><strong><em>nis</em></strong></span> <span class='ocrx_word' id='word_1_609' title='bbox 2342 3694 2653 3760; x_wconf 67' lang='lat' dir='ltr'><strong><em>Dominicaa,</em></strong></span> <span class='ocrx_word' id='word_1_610' title='bbox 2694 3709 2936 3760; x_wconf 91' lang='lat' dir='ltr'><strong><em>carnem,</em></strong></span> <span class='ocrx_word' id='word_1_611' title='bbox 2976 3694 3209 3765; x_wconf 81' lang='lat' dir='ltr'><strong><em>pellem,</em></strong></span> <span class='ocrx_word' id='word_1_612' title='bbox 3235 3687 3761 3767; x_wconf 66' lang='lat' dir='ltr'><strong><em>sanguinein,lltnum.</em></strong></span> 
     </span>
    </p>
   </div>
   <div class='ocr_carea' id='block_1_81' title="bbox 2227 3783 3766 3855">
    <p class='ocr_par' dir='ltr' id='par_1_81' title="bbox 2227 3783 3766 3855">
     <span class='ocr_line' id='line_1_81' title="bbox 2227 3783 3766 3855; baseline -0.01 -15"><span class='ocrx_word' id='word_1_613' title='bbox 2227 3784 2437 3854; x_wconf 86' lang='lat' dir='ltr'><strong><em>singula</em></strong></span> <span class='ocrx_word' id='word_1_614' title='bbox 2466 3798 2696 3855; x_wconf 63' lang='lat' dir='ltr'><strong><em>quaeque</em></strong></span> <span class='ocrx_word' id='word_1_615' title='bbox 2728 3799 2893 3855; x_wconf 87' lang='lat' dir='ltr'><strong><em>opera</em></strong></span> <span class='ocrx_word' id='word_1_616' title='bbox 2932 3785 3211 3854; x_wconf 84' lang='lat' dir='ltr'><strong><em>accipere.</em></strong></span> <span class='ocrx_word' id='word_1_617' title='bbox 3238 3784 3384 3853; x_wconf 88' lang='lat' dir='ltr'><strong><em>Quid</em></strong></span> <span class='ocrx_word' id='word_1_618' title='bbox 3411 3783 3551 3839; x_wconf 88' lang='lat' dir='ltr'><strong><em>enim</em></strong></span> <span class='ocrx_word' id='word_1_619' title='bbox 3574 3791 3657 3850; x_wconf 90' lang='lat' dir='ltr'><strong><em>per</em></strong></span> <span class='ocrx_word' id='word_1_620' title='bbox 3674 3786 3766 3827; x_wconf 85' lang='lat' dir='ltr'><strong><em>car-</em></strong></span> 
     </span>
    </p>
   </div>
   <div class='ocr_carea' id='block_1_82' title="bbox 2226 3869 3761 3948">
    <p class='ocr_par' dir='ltr' id='par_1_82' title="bbox 2226 3869 3761 3948">
     <span class='ocr_line' id='line_1_82' title="bbox 2226 3869 3761 3948; baseline -0.007 -18"><span class='ocrx_word' id='word_1_621' title='bbox 2226 3890 2351 3931; x_wconf 90' lang='lat' dir='ltr'><strong><em>nem</em></strong></span> <span class='ocrx_word' id='word_1_622' title='bbox 2380 3883 2435 3930; x_wconf 91' lang='lat' dir='ltr'><strong><em>et</em></strong></span> <span class='ocrx_word' id='word_1_623' title='bbox 2457 3875 2680 3946; x_wconf 91' lang='lat' dir='ltr'><strong><em>pellem,</em></strong></span> <span class='ocrx_word' id='word_1_624' title='bbox 2712 3876 2817 3931; x_wconf 90' lang='lat' dir='ltr'><strong><em>nisi</em></strong></span> <span class='ocrx_word' id='word_1_625' title='bbox 2848 3877 3123 3932; x_wconf 88' lang='lat' dir='ltr'><strong><em>exteriora</em></strong></span> <span class='ocrx_word' id='word_1_626' title='bbox 3173 3876 3299 3946; x_wconf 86' lang='lat' dir='ltr'><strong><em>ejus</em></strong></span> <span class='ocrx_word' id='word_1_627' title='bbox 3327 3889 3494 3948; x_wconf 89' lang='lat' dir='ltr'><strong><em>opera</em></strong></span> <span class='ocrx_word' id='word_1_628' title='bbox 3534 3869 3761 3938; x_wconf 76' lang='lat' dir='ltr'><strong><em>designan-</em></strong></span> 
     </span>
    </p>
   </div>
   <div class='ocr_carea' id='block_1_83' title="bbox 2226 3967 3768 4040">
    <p class='ocr_par' dir='ltr' id='par_1_83' title="bbox 2226 3967 3768 4040">
     <span class='ocr_line' id='line_1_83' title="bbox 2226 3967 3768 4040; baseline -0.005 -17"><span class='ocrx_word' id='word_1_629' title='bbox 2226 3969 2353 4023; x_wconf 79' lang='lat' dir='ltr'><strong><em>tur?</em></strong></span> <span class='ocrx_word' id='word_1_630' title='bbox 2384 3967 2525 4036; x_wconf 92' lang='lat' dir='ltr'><strong><em>Quid</em></strong></span> <span class='ocrx_word' id='word_1_631' title='bbox 2567 3984 2667 4039; x_wconf 91' lang='lat' dir='ltr'><strong><em>per</em></strong></span> <span class='ocrx_word' id='word_1_632' title='bbox 2692 3968 3031 4040; x_wconf 86' lang='lat' dir='ltr'><strong><em>sanguinem,</em></strong></span> <span class='ocrx_word' id='word_1_633' title='bbox 3060 3969 3171 4024; x_wconf 90' lang='lat' dir='ltr'><strong><em>nisi</em></strong></span> <span class='ocrx_word' id='word_1_634' title='bbox 3195 3970 3479 4025; x_wconf 88' lang='lat' dir='ltr'><strong><em>subtilitas</em></strong></span> <span class='ocrx_word' id='word_1_635' title='bbox 3505 3967 3768 4026; x_wconf 78' lang='lat' dir='ltr'><strong><em>internaun</em></strong></span> 
     </span>
    </p>
   </div>
   <div class='ocr_carea' id='block_1_84' title="bbox 2225 4053 3766 4129">
    <p class='ocr_par' dir='ltr' id='par_1_84' title="bbox 2225 4053 3766 4129">
     <span class='ocr_line' id='line_1_84' title="bbox 2225 4053 3766 4129; baseline -0.001 -18"><span class='ocrx_word' id='word_1_636' title='bbox 2225 4058 2425 4124; x_wconf 86' lang='lat' dir='ltr'><strong><em>virtus,</em></strong></span> <span class='ocrx_word' id='word_1_637' title='bbox 2452 4060 2726 4113; x_wconf 80' lang='lat' dir='ltr'><strong><em>exteriora</em></strong></span> <span class='ocrx_word' id='word_1_638' title='bbox 2767 4068 2887 4114; x_wconf 91' lang='lat' dir='ltr'><strong><em>acta</em></strong></span> <span class='ocrx_word' id='word_1_639' title='bbox 2935 4058 3263 4116; x_wconf 85' lang='lat' dir='ltr'><strong><em>viviﬁcans?</em></strong></span> <span class='ocrx_word' id='word_1_640' title='bbox 3311 4060 3453 4129; x_wconf 86' lang='lat' dir='ltr'><strong><em>Quid</em></strong></span> <span class='ocrx_word' id='word_1_641' title='bbox 3486 4072 3576 4129; x_wconf 88' lang='lat' dir='ltr'><strong><em>per</em></strong></span> <span class='ocrx_word' id='word_1_642' title='bbox 3602 4053 3766 4109; x_wconf 68' lang='lat' dir='ltr'><strong><em>ﬁmm“.</em></strong></span> 
     </span>
    </p>
   </div>
   <div class='ocr_carea' id='block_1_85' title="bbox 2225 4148 3770 4217">
    <p class='ocr_par' dir='ltr' id='par_1_85' title="bbox 2225 4148 3770 4217">
     <span class='ocr_line' id='line_1_85' title="bbox 2225 4148 3770 4217; baseline 0.001 -14"><span class='ocrx_word' id='word_1_643' title='bbox 2225 4148 2330 4204; x_wconf 88' lang='lat' dir='ltr'><strong><em>nisi</em></strong></span> <span class='ocrx_word' id='word_1_644' title='bbox 2355 4148 2635 4214; x_wconf 85' lang='lat' dir='ltr'><strong><em>lassitudo,</em></strong></span> <span class='ocrx_word' id='word_1_645' title='bbox 2685 4151 2824 4217; x_wconf 91' lang='lat' dir='ltr'><strong><em>sitis,</em></strong></span> <span class='ocrx_word' id='word_1_646' title='bbox 2851 4152 3080 4217; x_wconf 88' lang='lat' dir='ltr'><strong><em>esuries,</em></strong></span> <span class='ocrx_word' id='word_1_647' title='bbox 3114 4154 3292 4208; x_wconf 89' lang='lat' dir='ltr'><strong><em>timor</em></strong></span> <span class='ocrx_word' id='word_1_648' title='bbox 3333 4153 3543 4215; x_wconf 89' lang='lat' dir='ltr'><strong><em>mortis,</em></strong></span> <span class='ocrx_word' id='word_1_649' title='bbox 3574 4154 3625 4203; x_wconf 89' lang='lat' dir='ltr'><strong><em>et</em></strong></span> <span class='ocrx_word' id='word_1_650' title='bbox 3655 4157 3770 4213; x_wconf 61' lang='lat' dir='ltr'><strong><em>qua“</em></strong></span> 
     </span>
    </p>
   </div>
   <div class='ocr_carea' id='block_1_86' title="bbox 2225 4240 3770 4315">
    <p class='ocr_par' dir='ltr' id='par_1_86' title="bbox 2225 4240 3770 4315">
     <span class='ocr_line' id='line_1_86' title="bbox 2225 4240 3770 4315; baseline -0.003 -19"><span class='ocrx_word' id='word_1_651' title='bbox 2225 4254 2333 4310; x_wconf 90' lang='lat' dir='ltr'><strong><em>que</em></strong></span> <span class='ocrx_word' id='word_1_652' title='bbox 2370 4255 2438 4296; x_wconf 85' lang='lat' dir='ltr'><strong><em>ex</em></strong></span> <span class='ocrx_word' id='word_1_653' title='bbox 2477 4241 2817 4297; x_wconf 90' lang='lat' dir='ltr'><strong><em>humanitate</em></strong></span> <span class='ocrx_word' id='word_1_654' title='bbox 2852 4251 3107 4313; x_wconf 89' lang='lat' dir='ltr'><strong><em>suscepta</em></strong></span> <span class='ocrx_word' id='word_1_655' title='bbox 3134 4246 3256 4315; x_wconf 89' lang='lat' dir='ltr'><strong><em>pati</em></strong></span> <span class='ocrx_word' id='word_1_656' title='bbox 3298 4245 3493 4311; x_wconf 91' lang='lat' dir='ltr'><strong><em>voluit,</em></strong></span> <span class='ocrx_word' id='word_1_657' title='bbox 3540 4240 3770 4308; x_wconf 79' lang='lat' dir='ltr'><strong><em>designan-</em></strong></span> 
     </span>
    </p>
   </div>
   <div class='ocr_carea' id='block_1_87' title="bbox 2228 4325 3775 4399">
    <p class='ocr_par' dir='ltr' id='par_1_87' title="bbox 2228 4325 3775 4399">
     <span class='ocr_line' id='line_1_87' title="bbox 2228 4325 3775 4399; baseline -0.002 -14"><span class='ocrx_word' id='word_1_658' title='bbox 2228 4330 2353 4385; x_wconf 81' lang='lat' dir='ltr'><strong><em>tur?</em></strong></span> <span class='ocrx_word' id='word_1_659' title='bbox 2384 4330 2540 4399; x_wconf 88' lang='lat' dir='ltr'><strong><em>Quod</em></strong></span> <span class='ocrx_word' id='word_1_660' title='bbox 2569 4332 2714 4387; x_wconf 86' lang='lat' dir='ltr'><strong><em>enim</em></strong></span> <span class='ocrx_word' id='word_1_661' title='bbox 2740 4347 2809 4387; x_wconf 90' lang='lat' dir='ltr'><strong><em>ex</em></strong></span> <span class='ocrx_word' id='word_1_662' title='bbox 2848 4331 3066 4388; x_wconf 82' lang='lat' dir='ltr'><strong><em>delectu</em></strong></span> <span class='ocrx_word' id='word_1_663' title='bbox 3104 4344 3323 4391; x_wconf 70' lang='lat' dir='ltr'><strong><em>nostrae</em></strong></span> <span class='ocrx_word' id='word_1_664' title='bbox 3352 4330 3677 4391; x_wconf 84' lang='lat' dir='ltr'><strong><em>mortalitatis</em></strong></span> <span class='ocrx_word' id='word_1_665' title='bbox 3702 4325 3775 4378; x_wconf 70' lang='lat' dir='ltr'><strong><em>b-</em></strong></span> 
     </span>
    </p>
   </div>
   <div class='ocr_carea' id='block_1_88' title="bbox 2224 4418 3773 4491">
    <p class='ocr_par' dir='ltr' id='par_1_88' title="bbox 2224 4418 3773 4491">
     <span class='ocr_line' id='line_1_88' title="bbox 2224 4418 3773 4491; baseline -0.001 -16"><span class='ocrx_word' id='word_1_666' title='bbox 2224 4418 2364 4485; x_wconf 88' lang='lat' dir='ltr'><strong><em>buit,</em></strong></span> <span class='ocrx_word' id='word_1_667' title='bbox 2392 4419 2548 4490; x_wconf 91' lang='lat' dir='ltr'><strong><em>quasi</em></strong></span> <span class='ocrx_word' id='word_1_668' title='bbox 2577 4419 2737 4475; x_wconf 90' lang='lat' dir='ltr'><strong><em>ﬁmus</em></strong></span> <span class='ocrx_word' id='word_1_669' title='bbox 2764 4420 2820 4475; x_wconf 92' lang='lat' dir='ltr'><strong><em>in</em></strong></span> <span class='ocrx_word' id='word_1_670' title='bbox 2847 4435 2913 4476; x_wconf 88' lang='lat' dir='ltr'><strong><em>eo</em></strong></span> <span class='ocrx_word' id='word_1_671' title='bbox 2932 4420 3309 4491; x_wconf 67' lang='lat' dir='ltr'><strong><em>ahiiciendum</em></strong></span> <span class='ocrx_word' id='word_1_672' title='bbox 3335 4424 3458 4480; x_wconf 82' lang='lat' dir='ltr'><strong><em>fuit.</em></strong></span> <span class='ocrx_word' id='word_1_673' title='bbox 3486 4423 3608 4491; x_wconf 67' lang='lat' dir='ltr'><strong><em>Quae</em></strong></span> <span class='ocrx_word' id='word_1_674' title='bbox 3629 4428 3773 4471; x_wconf 70' lang='lat' dir='ltr'><strong><em>tamen</em></strong></span> 
     </span>
    </p>
   </div>
   <div class='ocr_carea' id='block_1_89' title="bbox 2226 4510 3777 4586">
    <p class='ocr_par' dir='ltr' id='par_1_89' title="bbox 2226 4510 3777 4586">
     <span class='ocr_line' id='line_1_89' title="bbox 2226 4510 3777 4586; baseline -0.003 -21"><span class='ocrx_word' id='word_1_675' title='bbox 2226 4511 2407 4566; x_wconf 90' lang='lat' dir='ltr'><strong><em>omnia</em></strong></span> <span class='ocrx_word' id='word_1_676' title='bbox 2435 4526 2557 4582; x_wconf 58' lang='lat' dir='ltr'><strong><em>quas</em></strong></span> <span class='ocrx_word' id='word_1_677' title='bbox 2583 4525 2650 4566; x_wconf 84' lang='lat' dir='ltr'><strong><em>ex</em></strong></span> <span class='ocrx_word' id='word_1_678' title='bbox 2679 4510 2996 4567; x_wconf 87' lang='lat' dir='ltr'><strong><em>inﬁrmitate</em></strong></span> <span class='ocrx_word' id='word_1_679' title='bbox 3031 4516 3286 4586; x_wconf 88' lang='lat' dir='ltr'><strong><em>suscepit</em></strong></span> <span class='ocrx_word' id='word_1_680' title='bbox 3306 4556 3324 4583; x_wconf 95' lang='lat'><strong><em>,</em></strong></span> <span class='ocrx_word' id='word_1_681' title='bbox 3356 4515 3488 4586; x_wconf 87' lang='lat' dir='ltr'><strong><em>quia</em></strong></span> <span class='ocrx_word' id='word_1_682' title='bbox 3512 4526 3608 4584; x_wconf 88' lang='lat' dir='ltr'><strong><em>pro</em></strong></span> <span class='ocrx_word' id='word_1_683' title='bbox 3632 4512 3777 4564; x_wconf 63' lang='lat' dir='ltr'><strong><em>nostra</em></strong></span> 
     </span>
    </p>
   </div>
   <div class='ocr_carea' id='block_1_90' title="bbox 536 4569 3775 4675">
    <p class='ocr_par' dir='ltr' id='par_1_90' title="bbox 536 4569 3775 4675">
     <span class='ocr_line' id='line_1_90' title="bbox 536 4569 3775 4675; baseline -0.004 -21"><span class='ocrx_word' id='word_1_684' title='bbox 536 4601 632 4654; x_wconf 91' lang='lat' dir='ltr'><strong><em>sed</em></strong></span> <span class='ocrx_word' id='word_1_685' title='bbox 658 4599 713 4653; x_wconf 91' lang='lat' dir='ltr'><strong><em>in</em></strong></span> <span class='ocrx_word' id='word_1_686' title='bbox 739 4606 1030 4669; x_wconf 89' lang='lat' dir='ltr'><strong><em>conspectu</em></strong></span> <span class='ocrx_word' id='word_1_687' title='bbox 1070 4595 1248 4651; x_wconf 88' lang='lat' dir='ltr'><strong><em>Patris</em></strong></span> <span class='ocrx_word' id='word_1_688' title='bbox 1285 4596 1615 4659; x_wconf 88' lang='lat' dir='ltr'><strong><em>immolatur,</em></strong></span> <span class='ocrx_word' id='word_1_689' title='bbox 1645 4596 1773 4665; x_wconf 87' lang='lat' dir='ltr'><strong><em>quia</em></strong></span> <span class='ocrx_word' id='word_1_690' title='bbox 1811 4596 1955 4665; x_wconf 90' lang='lat' dir='ltr'><strong><em>quod</em></strong></span> <span class='ocrx_word' id='word_1_691' title='bbox 1992 4605 2118 4653; x_wconf 89' lang='lat' dir='ltr'><strong><em>ante</em></strong></span> <span class='ocrx_word' id='word_1_692' title='bbox 2144 4569 2196 4629; x_wconf 79' lang='grc' dir='ltr'>Ῑ)</span> <span class='ocrx_word' id='word_1_693' title='bbox 2225 4569 2595 4674; x_wconf 70' lang='grc' dir='ltr'>τεάειιιρίὶοιιε</span> <span class='ocrx_word' id='word_1_694' title='bbox 2621 4603 2890 4669; x_wconf 84' lang='lat' dir='ltr'><strong><em>exhibuit,</em></strong></span> <span class='ocrx_word' id='word_1_695' title='bbox 2919 4603 3044 4675; x_wconf 82' lang='lat' dir='ltr'><strong><em>igne</em></strong></span> <span class='ocrx_word' id='word_1_696' title='bbox 3080 4569 3663 4662; x_wconf 42' lang='lat' dir='ltr'><strong><em>concremandasunt</em></strong></span> <span class='ocrx_word' id='word_1_697' title='bbox 3683 4639 3695 4662; x_wconf 91' lang='lat'><strong><em>,</em></strong></span> <span class='ocrx_word' id='word_1_698' title='bbox 3738 4590 3775 4645; x_wconf 82' lang='lat' dir='ltr'><strong><em>id</em></strong></span> 
     </span>
    </p>
   </div>
   <div class='ocr_carea' id='block_1_91' title="bbox 536 4688 2121 4761">
    <p class='ocr_par' dir='ltr' id='par_1_91' title="bbox 536 4688 2121 4761">
     <span class='ocr_line' id='line_1_91' title="bbox 536 4688 2121 4761; baseline 0 -16"><span class='ocrx_word' id='word_1_699' title='bbox 536 4692 722 4746; x_wconf 88' lang='lat' dir='ltr'><strong><em>oculos</em></strong></span> <span class='ocrx_word' id='word_1_700' title='bbox 750 4692 1028 4747; x_wconf 87' lang='lat' dir='ltr'><strong><em>hominum</em></strong></span> <span class='ocrx_word' id='word_1_701' title='bbox 1058 4704 1238 4761; x_wconf 73' lang='lat' dir='ltr'><strong><em>pmna,</em></strong></span> <span class='ocrx_word' id='word_1_702' title='bbox 1266 4690 1369 4745; x_wconf 90' lang='lat' dir='ltr'><strong><em>hoc</em></strong></span> <span class='ocrx_word' id='word_1_703' title='bbox 1395 4699 1522 4745; x_wconf 90' lang='lat' dir='ltr'><strong><em>ante</em></strong></span> <span class='ocrx_word' id='word_1_704' title='bbox 1542 4689 1727 4744; x_wconf 92' lang='lat' dir='ltr'><strong><em>oculos</em></strong></span> <span class='ocrx_word' id='word_1_705' title='bbox 1746 4688 1926 4744; x_wconf 88' lang='lat' dir='ltr'><strong><em>Patris</em></strong></span> <span class='ocrx_word' id='word_1_706' title='bbox 1950 4690 2121 4745; x_wconf 89' lang='lat' dir='ltr'><strong><em>sacri-</em></strong></span> 
     </span>
    </p>
   </div>
   <div class='ocr_carea' id='block_1_92' title="bbox 537 4780 2121 4853">
    <p class='ocr_par' dir='ltr' id='par_1_92' title="bbox 537 4780 2121 4853">
     <span class='ocr_line' id='line_1_92' title="bbox 537 4780 2121 4853; baseline 0.001 -18"><span class='ocrx_word' id='word_1_707' title='bbox 537 4783 717 4836; x_wconf 81' lang='lat' dir='ltr'><strong><em>ﬁcium</em></strong></span> <span class='ocrx_word' id='word_1_708' title='bbox 747 4782 863 4837; x_wconf 81' lang='lat' dir='ltr'><strong><em>fuit.</em></strong></span> <span class='ocrx_word' id='word_1_709' title='bbox 894 4784 962 4837; x_wconf 86' lang='lat' dir='ltr'><strong><em>Et</em></strong></span> <span class='ocrx_word' id='word_1_710' title='bbox 990 4784 1204 4852; x_wconf 81' lang='lat' dir='ltr'><strong><em>intinget</em></strong></span> <span class='ocrx_word' id='word_1_711' title='bbox 1227 4782 1449 4853; x_wconf 87' lang='lat' dir='ltr'><strong><em>digitum</em></strong></span> <span class='ocrx_word' id='word_1_712' title='bbox 1478 4783 1533 4836; x_wconf 88' lang='lat' dir='ltr'><strong><em>in</em></strong></span> <span class='ocrx_word' id='word_1_713' title='bbox 1558 4780 1834 4851; x_wconf 84' lang='lat' dir='ltr'><strong><em>sanguine.</em></strong></span> <span class='ocrx_word' id='word_1_714' title='bbox 1860 4780 2000 4847; x_wconf 88' lang='lat' dir='ltr'><strong><em>Quid</em></strong></span> <span class='ocrx_word' id='word_1_715' title='bbox 2023 4798 2121 4853; x_wconf 90' lang='lat' dir='ltr'><strong><em>per</em></strong></span> 
     </span>
    </p>
   </div>
   <div class='ocr_carea' id='block_1_93' title="bbox 538 4872 2120 4944">
    <p class='ocr_par' dir='ltr' id='par_1_93' title="bbox 538 4872 2120 4944">
     <span class='ocr_line' id='line_1_93' title="bbox 538 4872 2120 4944; baseline 0.003 -19"><span class='ocrx_word' id='word_1_716' title='bbox 538 4874 765 4944; x_wconf 77' lang='lat' dir='ltr'><strong><em>digitum</em></strong></span> <span class='ocrx_word' id='word_1_717' title='bbox 796 4873 899 4928; x_wconf 86' lang='lat' dir='ltr'><strong><em>nisi</em></strong></span> <span class='ocrx_word' id='word_1_718' title='bbox 937 4872 1195 4928; x_wconf 89' lang='lat' dir='ltr'><strong><em>discretio</em></strong></span> <span class='ocrx_word' id='word_1_719' title='bbox 1225 4881 1424 4927; x_wconf 70' lang='lat' dir='ltr'><strong><em>nostra:</em></strong></span> <span class='ocrx_word' id='word_1_720' title='bbox 1458 4872 1788 4943; x_wconf 83' lang='lat' dir='ltr'><strong><em>Operationis</em></strong></span> <span class='ocrx_word' id='word_1_721' title='bbox 1824 4873 2120 4944; x_wconf 88' lang='lat' dir='ltr'><strong><em>accipitur?</em></strong></span> 
     </span>
    </p>
   </div>
   <div class='ocr_carea' id='block_1_94' title="bbox 536 4964 2117 5036">
    <p class='ocr_par' dir='ltr' id='par_1_94' title="bbox 536 4964 2117 5036">
     <span class='ocr_line' id='line_1_94' title="bbox 536 4964 2117 5036; baseline 0.002 -17"><span class='ocrx_word' id='word_1_722' title='bbox 536 4964 593 5020; x_wconf 92' lang='lat' dir='ltr'><strong><em>ln</em></strong></span> <span class='ocrx_word' id='word_1_723' title='bbox 642 4965 901 5036; x_wconf 87' lang='lat' dir='ltr'><strong><em>sanguine</em></strong></span> <span class='ocrx_word' id='word_1_724' title='bbox 941 4979 1071 5034; x_wconf 90' lang='lat' dir='ltr'><strong><em>ergo</em></strong></span> <span class='ocrx_word' id='word_1_725' title='bbox 1112 4979 1288 5020; x_wconf 69' lang='lat' dir='ltr'><strong><em>vacca:</em></strong></span> <span class='ocrx_word' id='word_1_726' title='bbox 1328 4964 1554 5034; x_wconf 90' lang='lat' dir='ltr'><strong><em>digitum</em></strong></span> <span class='ocrx_word' id='word_1_727' title='bbox 1596 4964 1893 5036; x_wconf 86' lang='lat' dir='ltr'><strong><em>intingere,</em></strong></span> <span class='ocrx_word' id='word_1_728' title='bbox 1938 4974 2023 5021; x_wconf 90' lang='lat' dir='ltr'><strong><em>est</em></strong></span> <span class='ocrx_word' id='word_1_729' title='bbox 2060 4966 2117 5022; x_wconf 90' lang='lat' dir='ltr'><strong><em>in</em></strong></span> 
     </span>
    </p>
   </div>
   <div class='ocr_carea' id='block_1_95' title="bbox 535 5056 2118 5130">
    <p class='ocr_par' dir='ltr' id='par_1_95' title="bbox 535 5056 2118 5130">
     <span class='ocr_line' id='line_1_95' title="bbox 535 5056 2118 5130; baseline 0.002 -19"><span class='ocrx_word' id='word_1_730' title='bbox 535 5058 785 5130; x_wconf 85' lang='lat' dir='ltr'><strong><em>passione</em></strong></span> <span class='ocrx_word' id='word_1_731' title='bbox 822 5056 1209 5113; x_wconf 86' lang='lat' dir='ltr'><strong><em>incarnationis</em></strong></span> <span class='ocrx_word' id='word_1_732' title='bbox 1247 5056 1541 5111; x_wconf 67' lang='lat' dir='ltr'><strong><em>Dominicse</em></strong></span> <span class='ocrx_word' id='word_1_733' title='bbox 1577 5066 1761 5112; x_wconf 90' lang='lat' dir='ltr'><strong><em>nostra</em></strong></span> <span class='ocrx_word' id='word_1_734' title='bbox 1788 5072 1954 5128; x_wconf 89' lang='lat' dir='ltr'><strong><em>opera</em></strong></span> <span class='ocrx_word' id='word_1_735' title='bbox 1982 5074 2118 5114; x_wconf 82' lang='lat' dir='ltr'><strong><em>con-</em></strong></span> 
     </span>
    </p>
   </div>
   <div class='ocr_carea' id='block_1_96' title="bbox 534 5149 2116 5223">
    <p class='ocr_par' dir='ltr' id='par_1_96' title="bbox 534 5149 2116 5223">
     <span class='ocr_line' id='line_1_96' title="bbox 534 5149 2116 5223; baseline -0.001 -15"><span class='ocrx_word' id='word_1_736' title='bbox 534 5167 780 5215; x_wconf 88' lang='lat' dir='ltr'><strong><em>secrare,</em></strong></span> <span class='ocrx_word' id='word_1_737' title='bbox 819 5157 881 5205; x_wconf 90' lang='lat' dir='ltr'><strong><em>ut</em></strong></span> <span class='ocrx_word' id='word_1_738' title='bbox 906 5151 1208 5220; x_wconf 87' lang='lat' dir='ltr'><strong><em>passionem</em></strong></span> <span class='ocrx_word' id='word_1_739' title='bbox 1247 5149 1366 5219; x_wconf 85' lang='lat' dir='ltr'><strong><em>ejus</em></strong></span> <span class='ocrx_word' id='word_1_740' title='bbox 1395 5166 1559 5220; x_wconf 89' lang='lat' dir='ltr'><strong><em>quam</em></strong></span> <span class='ocrx_word' id='word_1_741' title='bbox 1588 5151 1965 5223; x_wconf 89' lang='lat' dir='ltr'><strong><em>cognoscimus</em></strong></span> <span class='ocrx_word' id='word_1_742' title='bbox 1994 5151 2116 5206; x_wconf 90' lang='lat' dir='ltr'><strong><em>imi-</em></strong></span> 
     </span>
    </p>
   </div>
   <div class='ocr_carea' id='block_1_97' title="bbox 536 5240 2115 5313">
    <p class='ocr_par' dir='ltr' id='par_1_97' title="bbox 536 5240 2115 5313">
     <span class='ocr_line' id='line_1_97' title="bbox 536 5240 2115 5313; baseline 0.001 -17"><span class='ocrx_word' id='word_1_743' title='bbox 536 5253 731 5306; x_wconf 85' lang='lat' dir='ltr'><strong><em>temur,</em></strong></span> <span class='ocrx_word' id='word_1_744' title='bbox 767 5243 906 5297; x_wconf 89' lang='lat' dir='ltr'><strong><em>sicut</em></strong></span> <span class='ocrx_word' id='word_1_745' title='bbox 930 5244 1189 5311; x_wconf 90' lang='lat' dir='ltr'><strong><em>scriptum</em></strong></span> <span class='ocrx_word' id='word_1_746' title='bbox 1218 5250 1303 5297; x_wconf 89' lang='lat' dir='ltr'><strong><em>est</em></strong></span> <span class='ocrx_word' id='word_1_747' title='bbox 1328 5260 1341 5296; x_wconf 90' lang='lat'><strong>:</strong></span> <span class='ocrx_word' id='word_1_748' title='bbox 1375 5240 1614 5296; x_wconf 79' lang='lat' dir='ltr'><strong><em>Christus</em></strong></span> <span class='ocrx_word' id='word_1_749' title='bbox 1635 5258 1732 5312; x_wconf 87' lang='lat' dir='ltr'><strong><em>pro</em></strong></span> <span class='ocrx_word' id='word_1_750' title='bbox 1759 5243 1905 5297; x_wconf 86' lang='lat' dir='ltr'><strong><em>nobis</em></strong></span> <span class='ocrx_word' id='word_1_751' title='bbox 1925 5260 2115 5313; x_wconf 88' lang='lat' dir='ltr'><strong><em>passus</em></strong></span> 
     </span>
    </p>
   </div>
   <div class='ocr_carea' id='block_1_98' title="bbox 533 5334 2116 5407">
    <p class='ocr_par' dir='ltr' id='par_1_98' title="bbox 533 5334 2116 5407">
     <span class='ocr_line' id='line_1_98' title="bbox 533 5334 2116 5407; baseline 0.002 -19"><span class='ocrx_word' id='word_1_752' title='bbox 533 5345 631 5398; x_wconf 86' lang='lat' dir='ltr'><strong><em>cst,</em></strong></span> <span class='ocrx_word' id='word_1_753' title='bbox 666 5334 959 5406; x_wconf 82' lang='lat' dir='ltr'><strong><em>relinquens</em></strong></span> <span class='ocrx_word' id='word_1_754' title='bbox 988 5334 1129 5388; x_wconf 85' lang='lat' dir='ltr'><strong><em>vobis</em></strong></span> <span class='ocrx_word' id='word_1_755' title='bbox 1156 5335 1472 5404; x_wconf 69' lang='lat' dir='ltr'><strong><em>exemplum,</em></strong></span> <span class='ocrx_word' id='word_1_756' title='bbox 1500 5344 1556 5387; x_wconf 87' lang='lat' dir='ltr'><strong><em>ut</em></strong></span> <span class='ocrx_word' id='word_1_757' title='bbox 1586 5336 1877 5406; x_wconf 81' lang='lat' dir='ltr'><strong><em>sequamini</em></strong></span> <span class='ocrx_word' id='word_1_758' title='bbox 1902 5336 2116 5407; x_wconf 83' lang='lat' dir='ltr'><strong><em>vestigia</em></strong></span> 
     </span>
    </p>
   </div>
   <div class='ocr_carea' id='block_1_99' title="bbox 532 5425 2111 5496">
    <p class='ocr_par' dir='ltr' id='par_1_99' title="bbox 532 5425 2111 5496">
     <span class='ocr_line' id='line_1_99' title="bbox 532 5425 2111 5496; baseline 0 -15"><span class='ocrx_word' id='word_1_759' title='bbox 532 5428 667 5496; x_wconf 80' lang='lat' dir='ltr'><strong><em>ejus.</em></strong></span> <span class='ocrx_word' id='word_1_760' title='bbox 716 5427 941 5480; x_wconf 79' lang='lat' dir='ltr'><strong><em>Eleazar</em></strong></span> <span class='ocrx_word' id='word_1_761' title='bbox 973 5426 1155 5495; x_wconf 80' lang='lat' dir='ltr'><strong><em>itaque</em></strong></span> <span class='ocrx_word' id='word_1_762' title='bbox 1202 5426 1489 5490; x_wconf 89' lang='lat' dir='ltr'><strong><em>sacerdos,</em></strong></span> <span class='ocrx_word' id='word_1_763' title='bbox 1540 5433 1594 5479; x_wconf 91' lang='lat' dir='ltr'><strong><em>et</em></strong></span> <span class='ocrx_word' id='word_1_764' title='bbox 1645 5425 1906 5492; x_wconf 88' lang='lat' dir='ltr'><strong><em>immolat,</em></strong></span> <span class='ocrx_word' id='word_1_765' title='bbox 1957 5434 2012 5480; x_wconf 92' lang='lat' dir='ltr'><strong><em>et</em></strong></span> <span class='ocrx_word' id='word_1_766' title='bbox 2058 5427 2111 5481; x_wconf 91' lang='lat' dir='ltr'><strong><em>in</em></strong></span> 
     </span>
    </p>
   </div>
   <div class='ocr_carea' id='block_1_100' title="bbox 529 5515 2114 5588">
    <p class='ocr_par' dir='ltr' id='par_1_100' title="bbox 529 5515 2114 5588">
     <span class='ocr_line' id='line_1_100' title="bbox 529 5515 2114 5588; baseline 0.001 -18"><span class='ocrx_word' id='word_1_767' title='bbox 529 5532 557 5571; x_wconf 77' lang='grc' dir='ltr'><strong><em>ε</em></strong></span> <span class='ocrx_word' id='word_1_768' title='bbox 577 5518 793 5588; x_wconf 71' lang='lat' dir='ltr'><strong><em>inguine</em></strong></span> <span class='ocrx_word' id='word_1_769' title='bbox 829 5515 945 5584; x_wconf 86' lang='lat' dir='ltr'><strong><em>ejus</em></strong></span> <span class='ocrx_word' id='word_1_770' title='bbox 972 5517 1199 5585; x_wconf 63' lang='lat' dir='ltr'><strong><em>digitum</em></strong></span> <span class='ocrx_word' id='word_1_771' title='bbox 1228 5516 1446 5585; x_wconf 85' lang='lat' dir='ltr'><strong><em>intingit</em></strong></span> <span class='ocrx_word' id='word_1_772' title='bbox 1475 5534 1487 5569; x_wconf 91' lang='lat'><strong>:</strong></span> <span class='ocrx_word' id='word_1_773' title='bbox 1531 5517 1659 5585; x_wconf 88' lang='lat' dir='ltr'><strong><em>quia</em></strong></span> <span class='ocrx_word' id='word_1_774' title='bbox 1686 5515 1939 5570; x_wconf 88' lang='lat' dir='ltr'><strong><em>videlicet</em></strong></span> <span class='ocrx_word' id='word_1_775' title='bbox 1962 5515 2114 5585; x_wconf 86' lang='lat' dir='ltr'><strong><em>plebs</em></strong></span> 
     </span>
    </p>
   </div>
   <div class='ocr_carea' id='block_1_101' title="bbox 531 5606 2111 5678">
    <p class='ocr_par' dir='ltr' id='par_1_101' title="bbox 531 5606 2111 5678">
     <span class='ocr_line' id='line_1_101' title="bbox 531 5606 2111 5678; baseline -0.001 -15"><span class='ocrx_word' id='word_1_776' title='bbox 531 5608 715 5663; x_wconf 58' lang='lat' dir='ltr'><strong><em>iudica</em></strong></span> <span class='ocrx_word' id='word_1_777' title='bbox 762 5624 829 5662; x_wconf 83' lang='lat' dir='ltr'><strong><em>ex</em></strong></span> <span class='ocrx_word' id='word_1_778' title='bbox 877 5610 1231 5678; x_wconf 87' lang='lat' dir='ltr'><strong><em>reprohorum</em></strong></span> <span class='ocrx_word' id='word_1_779' title='bbox 1280 5616 1433 5677; x_wconf 88' lang='lat' dir='ltr'><strong><em>parte</em></strong></span> <span class='ocrx_word' id='word_1_780' title='bbox 1479 5606 1840 5661; x_wconf 88' lang='lat' dir='ltr'><strong><em>humilitatem</em></strong></span> <span class='ocrx_word' id='word_1_781' title='bbox 1897 5607 2111 5661; x_wconf 90' lang='lat' dir='ltr'><strong><em>Domini</em></strong></span> 
     </span>
    </p>
   </div>
   <div class='ocr_carea' id='block_1_102' title="bbox 535 5698 2110 5772">
    <p class='ocr_par' dir='ltr' id='par_1_102' title="bbox 535 5698 2110 5772">
     <span class='ocr_line' id='line_1_102' title="bbox 535 5698 2110 5772; baseline 0.001 -19"><span class='ocrx_word' id='word_1_782' title='bbox 535 5717 703 5768; x_wconf 76' lang='lat' dir='ltr'><strong><em>usque</em></strong></span> <span class='ocrx_word' id='word_1_783' title='bbox 741 5703 806 5756; x_wconf 88' lang='lat' dir='ltr'><strong><em>ad</em></strong></span> <span class='ocrx_word' id='word_1_784' title='bbox 846 5703 1150 5772; x_wconf 82' lang='lat' dir='ltr'><strong><em>passionem</em></strong></span> <span class='ocrx_word' id='word_1_785' title='bbox 1200 5710 1479 5772; x_wconf 85' lang='lat' dir='ltr'><strong><em>persecuta</em></strong></span> <span class='ocrx_word' id='word_1_786' title='bbox 1532 5709 1645 5767; x_wconf 87' lang='lat' dir='ltr'><strong><em>est;</em></strong></span> <span class='ocrx_word' id='word_1_787' title='bbox 1695 5716 1763 5755; x_wconf 87' lang='lat' dir='ltr'><strong><em>ex</em></strong></span> <span class='ocrx_word' id='word_1_788' title='bbox 1813 5698 2110 5755; x_wconf 88' lang='lat' dir='ltr'><strong><em>electorum</em></strong></span> 
     </span>
    </p>
   </div>
   <div class='ocr_carea' id='block_1_103' title="bbox 539 5791 2108 5866">
    <p class='ocr_par' dir='ltr' id='par_1_103' title="bbox 539 5791 2108 5866">
     <span class='ocr_line' id='line_1_103' title="bbox 539 5791 2108 5866; baseline 0.001 -21"><span class='ocrx_word' id='word_1_789' title='bbox 539 5808 663 5849; x_wconf 75' lang='lat' dir='ltr'><strong><em>vero</em></strong></span> <span class='ocrx_word' id='word_1_790' title='bbox 688 5804 841 5861; x_wconf 73' lang='lat' dir='ltr'><strong><em>parte</em></strong></span> <span class='ocrx_word' id='word_1_791' title='bbox 871 5798 1238 5866; x_wconf 83' lang='lat' dir='ltr'><strong><em>operationem</em></strong></span> <span class='ocrx_word' id='word_1_792' title='bbox 1278 5795 1600 5851; x_wconf 80' lang='lat' dir='ltr'><strong><em>humilitatis</em></strong></span> <span class='ocrx_word' id='word_1_793' title='bbox 1634 5791 1747 5863; x_wconf 80' lang='lat' dir='ltr'><strong><em>ejus</em></strong></span> <span class='ocrx_word' id='word_1_794' title='bbox 1779 5792 2011 5847; x_wconf 85' lang='lat' dir='ltr'><strong><em>imitata.</em></strong></span> <span class='ocrx_word' id='word_1_795' title='bbox 2044 5792 2108 5847; x_wconf 80' lang='lat' dir='ltr'><strong><em>Et</em></strong></span> 
     </span>
    </p>
   </div>
   <div class='ocr_carea' id='block_1_104' title="bbox 2223 4692 3783 4768">
    <p class='ocr_par' dir='ltr' id='par_1_104' title="bbox 2223 4692 3783 4768">
     <span class='ocr_line' id='line_1_104' title="bbox 2223 4692 3783 4768; baseline -0.001 -19"><span class='ocrx_word' id='word_1_796' title='bbox 2223 4703 2327 4759; x_wconf 85' lang='lat' dir='ltr'><strong><em>est,</em></strong></span> <span class='ocrx_word' id='word_1_797' title='bbox 2349 4694 2505 4764; x_wconf 89' lang='lat' dir='ltr'><strong><em>juxta</em></strong></span> <span class='ocrx_word' id='word_1_798' title='bbox 2533 4694 2793 4749; x_wconf 90' lang='lat' dir='ltr'><strong><em>virtutem</em></strong></span> <span class='ocrx_word' id='word_1_799' title='bbox 2838 4696 3020 4750; x_wconf 89' lang='lat' dir='ltr'><strong><em>sancti</em></strong></span> <span class='ocrx_word' id='word_1_800' title='bbox 3052 4693 3307 4766; x_wconf 85' lang='lat' dir='ltr'><strong><em>Spiritus</em></strong></span> <span class='ocrx_word' id='word_1_801' title='bbox 3338 4693 3671 4768; x_wconf 84' lang='lat' dir='ltr'><strong><em>intelligenda</em></strong></span> <span class='ocrx_word' id='word_1_802' title='bbox 3691 4731 3704 4753; x_wconf 87' lang='lat'><strong><em>,</em></strong></span> <span class='ocrx_word' id='word_1_803' title='bbox 3735 4692 3783 4739; x_wconf 71' lang='grc' dir='ltr'><strong><em>ιιι</em></strong></span> 
     </span>
    </p>
   </div>
   <div class='ocr_carea' id='block_1_105' title="bbox 2222 4786 3781 4860">
    <p class='ocr_par' dir='ltr' id='par_1_105' title="bbox 2222 4786 3781 4860">
     <span class='ocr_line' id='line_1_105' title="bbox 2222 4786 3781 4860; baseline -0.002 -20"><span class='ocrx_word' id='word_1_804' title='bbox 2222 4800 2449 4856; x_wconf 69' lang='lat' dir='ltr'><strong><em>qumque</em></strong></span> <span class='ocrx_word' id='word_1_805' title='bbox 2475 4786 2543 4841; x_wconf 89' lang='lat' dir='ltr'><strong><em>ab</em></strong></span> <span class='ocrx_word' id='word_1_806' title='bbox 2567 4801 2633 4842; x_wconf 92' lang='lat' dir='ltr'><strong><em>eo</em></strong></span> <span class='ocrx_word' id='word_1_807' title='bbox 2662 4787 3022 4857; x_wconf 86' lang='lat' dir='ltr'><strong><em>corporaliter</em></strong></span> <span class='ocrx_word' id='word_1_808' title='bbox 3049 4796 3209 4858; x_wconf 88' lang='lat' dir='ltr'><strong><em>gesta</em></strong></span> <span class='ocrx_word' id='word_1_809' title='bbox 3242 4800 3404 4856; x_wconf 86' lang='lat' dir='ltr'><strong><em>sunt,</em></strong></span> <span class='ocrx_word' id='word_1_810' title='bbox 3437 4805 3536 4860; x_wconf 91' lang='lat' dir='ltr'><strong><em>pcr</em></strong></span> <span class='ocrx_word' id='word_1_811' title='bbox 3575 4788 3781 4849; x_wconf 84' lang='lat' dir='ltr'><strong><em>incorpo-</em></strong></span> 
     </span>
    </p>
   </div>
   <div class='ocr_carea' id='block_1_106' title="bbox 2222 4874 3781 4951">
    <p class='ocr_par' dir='ltr' id='par_1_106' title="bbox 2222 4874 3781 4951">
     <span class='ocr_line' id='line_1_106' title="bbox 2222 4874 3781 4951; baseline -0.004 -21"><span class='ocrx_word' id='word_1_812' title='bbox 2222 4890 2375 4930; x_wconf 88' lang='lat' dir='ltr'><strong><em>reum</em></strong></span> <span class='ocrx_word' id='word_1_813' title='bbox 2403 4874 2705 4930; x_wconf 90' lang='lat' dir='ltr'><strong><em>divinitatis</em></strong></span> <span class='ocrx_word' id='word_1_814' title='bbox 2732 4874 2850 4944; x_wconf 87' lang='lat' dir='ltr'><strong><em>ejus</em></strong></span> <span class='ocrx_word' id='word_1_815' title='bbox 2879 4877 3133 4948; x_wconf 89' lang='lat' dir='ltr'><strong><em>spiritum</em></strong></span> <span class='ocrx_word' id='word_1_816' title='bbox 3182 4880 3468 4951; x_wconf 90' lang='lat' dir='ltr'><strong><em>disposita</em></strong></span> <span class='ocrx_word' id='word_1_817' title='bbox 3499 4875 3781 4934; x_wconf 84' lang='lat' dir='ltr'><strong><em>sentiantur.</em></strong></span> 
     </span>
    </p>
   </div>
   <div class='ocr_carea' id='block_1_107' title="bbox 2223 4959 3784 5043">
    <p class='ocr_par' dir='ltr' id='par_1_107' title="bbox 2223 4959 3784 5043">
     <span class='ocr_line' id='line_1_107' title="bbox 2223 4959 3784 5043; baseline -0.003 -21"><span class='ocrx_word' id='word_1_818' title='bbox 2223 4965 2376 5022; x_wconf 85' lang='lat' dir='ltr'><strong><em>Unde</em></strong></span> <span class='ocrx_word' id='word_1_819' title='bbox 2422 4974 2478 5020; x_wconf 89' lang='lat' dir='ltr'><strong><em>et</em></strong></span> <span class='ocrx_word' id='word_1_820' title='bbox 2522 4966 2661 5021; x_wconf 83' lang='lat' dir='ltr'><strong><em>bene</em></strong></span> <span class='ocrx_word' id='word_1_821' title='bbox 2708 4966 3053 5041; x_wconf 73' lang='lat' dir='ltr'><strong><em>subiungitur</em></strong></span> <span class='ocrx_word' id='word_1_822' title='bbox 3082 4986 3096 5022; x_wconf 90' lang='lat'><strong>:</strong></span> <span class='ocrx_word' id='word_1_823' title='bbox 3126 4967 3378 5040; x_wconf 74' lang='lat' dir='ltr'><strong><em>Lignum</em></strong></span> <span class='ocrx_word' id='word_1_824' title='bbox 3424 4982 3622 5043; x_wconf 80' lang='lat' dir='ltr'><strong><em>quoque</em></strong></span> <span class='ocrx_word' id='word_1_825' title='bbox 3651 4959 3784 5018; x_wconf 59' lang='grc' dir='ltr'>εει(ΐὲ-</span> 
     </span>
    </p>
   </div>
   <div class='ocr_carea' id='block_1_108' title="bbox 2214 5049 3783 5130">
    <p class='ocr_par' dir='ltr' id='par_1_108' title="bbox 2214 5049 3783 5130">
     <span class='ocr_line' id='line_1_108' title="bbox 2214 5049 3783 5130; baseline 0.002 -20"><span class='ocrx_word' id='word_1_826' title='bbox 2214 5072 2345 5110; x_wconf 86' lang='lat' dir='ltr'><strong><em>num</em></strong></span> <span class='ocrx_word' id='word_1_827' title='bbox 2382 5065 2431 5111; x_wconf 91' lang='lat' dir='ltr'><strong><em>et</em></strong></span> <span class='ocrx_word' id='word_1_828' title='bbox 2474 5057 2790 5128; x_wconf 78' lang='lat' dir='ltr'><strong><em>hyssopum,</em></strong></span> <span class='ocrx_word' id='word_1_829' title='bbox 2829 5075 3139 5130; x_wconf 75' lang='lat' dir='ltr'><strong><em>caecumque</em></strong></span> <span class='ocrx_word' id='word_1_830' title='bbox 3173 5060 3264 5116; x_wconf 84' lang='lat' dir='ltr'><strong><em>bis</em></strong></span> <span class='ocrx_word' id='word_1_831' title='bbox 3309 5062 3541 5117; x_wconf 85' lang='lat' dir='ltr'><strong><em>tinctum</em></strong></span> <span class='ocrx_word' id='word_1_832' title='bbox 3583 5049 3783 5113; x_wconf 54' lang='lat' dir='ltr'><strong><em>sacer“</em></strong></span> 
     </span>
    </p>
   </div>
   <div class='ocr_carea' id='block_1_109' title="bbox 2215 5146 3781 5219">
    <p class='ocr_par' dir='ltr' id='par_1_109' title="bbox 2215 5146 3781 5219">
     <span class='ocr_line' id='line_1_109' title="bbox 2215 5146 3781 5219; baseline 0.004 -19"><span class='ocrx_word' id='word_1_833' title='bbox 2215 5148 2380 5201; x_wconf 88' lang='lat' dir='ltr'><strong><em>mittet</em></strong></span> <span class='ocrx_word' id='word_1_834' title='bbox 2396 5148 2451 5202; x_wconf 89' lang='lat' dir='ltr'><strong><em>in</em></strong></span> <span class='ocrx_word' id='word_1_835' title='bbox 2469 5149 2764 5218; x_wconf 77' lang='lat' dir='ltr'><strong><em>ﬂammam,</em></strong></span> <span class='ocrx_word' id='word_1_836' title='bbox 2792 5165 2911 5219; x_wconf 65' lang='lat' dir='ltr'><strong><em>qua</em></strong></span> <span class='ocrx_word' id='word_1_837' title='bbox 2928 5165 3137 5204; x_wconf 82' lang='lat' dir='ltr'><strong><em>vaccam</em></strong></span> <span class='ocrx_word' id='word_1_838' title='bbox 3163 5161 3352 5207; x_wconf 79' lang='lat' dir='ltr'><strong><em>vorat.</em></strong></span> <span class='ocrx_word' id='word_1_839' title='bbox 3376 5151 3588 5208; x_wconf 65' lang='grc' dir='ltr'>δεδι-ηε</span> <span class='ocrx_word' id='word_1_840' title='bbox 3602 5146 3781 5216; x_wconf 72' lang='grc' dir='ltr'>(ιιιίιψεν</span> 
     </span>
    </p>
   </div>
   <div class='ocr_carea' id='block_1_110' title="bbox 2213 5239 3785 5315">
    <p class='ocr_par' dir='ltr' id='par_1_110' title="bbox 2213 5239 3785 5315">
     <span class='ocr_line' id='line_1_110' title="bbox 2213 5239 3785 5315; baseline -0.002 -20"><span class='ocrx_word' id='word_1_841' title='bbox 2213 5248 2271 5295; x_wconf 84' lang='lat' dir='ltr'><strong><em>et</em></strong></span> <span class='ocrx_word' id='word_1_842' title='bbox 2296 5239 2465 5295; x_wconf 90' lang='lat' dir='ltr'><strong><em>altum</em></strong></span> <span class='ocrx_word' id='word_1_843' title='bbox 2494 5250 2550 5294; x_wconf 88' lang='lat' dir='ltr'><strong><em>et</em></strong></span> <span class='ocrx_word' id='word_1_844' title='bbox 2595 5240 2929 5310; x_wconf 86' lang='lat' dir='ltr'><strong><em>imputribile</em></strong></span> <span class='ocrx_word' id='word_1_845' title='bbox 2972 5241 3182 5313; x_wconf 82' lang='lat' dir='ltr'><strong><em>lignum</em></strong></span> <span class='ocrx_word' id='word_1_846' title='bbox 3232 5251 3349 5299; x_wconf 87' lang='lat' dir='ltr'><strong><em>est.</em></strong></span> <span class='ocrx_word' id='word_1_847' title='bbox 3380 5242 3655 5315; x_wconf 79' lang='lat' dir='ltr'><strong><em>Hyssopus</em></strong></span> <span class='ocrx_word' id='word_1_848' title='bbox 3684 5242 3785 5286; x_wconf 67' lang='lat' dir='ltr'><strong><em>vero</em></strong></span> 
     </span>
    </p>
   </div>
   <div class='ocr_carea' id='block_1_111' title="bbox 2215 5329 3781 5401">
    <p class='ocr_par' dir='ltr' id='par_1_111' title="bbox 2215 5329 3781 5401">
     <span class='ocr_line' id='line_1_111' title="bbox 2215 5329 3781 5401; baseline -0.006 -14"><span class='ocrx_word' id='word_1_849' title='bbox 2215 5332 2384 5388; x_wconf 92' lang='lat' dir='ltr'><strong><em>herba</em></strong></span> <span class='ocrx_word' id='word_1_850' title='bbox 2412 5333 2567 5388; x_wconf 90' lang='lat' dir='ltr'><strong><em>valde</em></strong></span> <span class='ocrx_word' id='word_1_851' title='bbox 2622 5332 2841 5387; x_wconf 89' lang='lat' dir='ltr'><strong><em>humilis</em></strong></span> <span class='ocrx_word' id='word_1_852' title='bbox 2894 5341 2997 5397; x_wconf 87' lang='lat' dir='ltr'><strong><em>est,</em></strong></span> <span class='ocrx_word' id='word_1_853' title='bbox 3047 5346 3170 5401; x_wconf 70' lang='lat' dir='ltr'><strong><em>qua:</em></strong></span> <span class='ocrx_word' id='word_1_854' title='bbox 3227 5341 3429 5389; x_wconf 87' lang='lat' dir='ltr'><strong><em>tamen</em></strong></span> <span class='ocrx_word' id='word_1_855' title='bbox 3485 5329 3781 5388; x_wconf 75' lang='lat' dir='ltr'><strong><em>inﬂationem</em></strong></span> 
     </span>
    </p>
   </div>
   <div class='ocr_carea' id='block_1_112' title="bbox 2217 5412 3787 5495">
    <p class='ocr_par' dir='ltr' id='par_1_112' title="bbox 2217 5412 3787 5495">
     <span class='ocr_line' id='line_1_112' title="bbox 2217 5412 3787 5495; baseline -0.007 -15"><span class='ocrx_word' id='word_1_856' title='bbox 2217 5435 2434 5480; x_wconf 88' lang='lat' dir='ltr'><strong><em>amovet</em></strong></span> <span class='ocrx_word' id='word_1_857' title='bbox 2461 5424 2750 5495; x_wconf 89' lang='lat' dir='ltr'><strong><em>pulmonis.</em></strong></span> <span class='ocrx_word' id='word_1_858' title='bbox 2780 5424 2919 5492; x_wconf 89' lang='lat' dir='ltr'><strong><em>Quid</em></strong></span> <span class='ocrx_word' id='word_1_859' title='bbox 2954 5426 3100 5479; x_wconf 90' lang='lat' dir='ltr'><strong><em>enim</em></strong></span> <span class='ocrx_word' id='word_1_860' title='bbox 3123 5437 3237 5493; x_wconf 87' lang='lat' dir='ltr'><strong><em>per</em></strong></span> <span class='ocrx_word' id='word_1_861' title='bbox 3281 5425 3543 5489; x_wconf 71' lang='lat' dir='ltr'><strong><em>cedrum,</em></strong></span> <span class='ocrx_word' id='word_1_862' title='bbox 3571 5418 3668 5477; x_wconf 90' lang='lat' dir='ltr'><strong><em>nisi</em></strong></span> <span class='ocrx_word' id='word_1_863' title='bbox 3700 5412 3787 5469; x_wconf 69' lang='lat' dir='ltr'><strong><em>alt:</em></strong></span> 
     </span>
    </p>
   </div>
   <div class='ocr_carea' id='block_1_113' title="bbox 2215 5500 3791 5586">
    <p class='ocr_par' dir='ltr' id='par_1_113' title="bbox 2215 5500 3791 5586">
     <span class='ocr_line' id='line_1_113' title="bbox 2215 5500 3791 5586; baseline 0.001 -16"><span class='ocrx_word' id='word_1_864' title='bbox 2215 5526 2267 5571; x_wconf 88' lang='lat' dir='ltr'><strong><em>et</em></strong></span> <span class='ocrx_word' id='word_1_865' title='bbox 2290 5532 2648 5586; x_wconf 87' lang='lat' dir='ltr'><strong><em>perseverans</em></strong></span> <span class='ocrx_word' id='word_1_866' title='bbox 2672 5515 3095 5586; x_wconf 64' lang='lat' dir='ltr'><strong><em>cmdemplatio?</em></strong></span> <span class='ocrx_word' id='word_1_867' title='bbox 3123 5512 3284 5580; x_wconf 87' lang='lat' dir='ltr'><strong><em>Quid</em></strong></span> <span class='ocrx_word' id='word_1_868' title='bbox 3310 5517 3371 5571; x_wconf 91' lang='lat' dir='ltr'><strong><em>in</em></strong></span> <span class='ocrx_word' id='word_1_869' title='bbox 3407 5517 3644 5586; x_wconf 82' lang='lat' dir='ltr'><strong><em>hyssopo</em></strong></span> <span class='ocrx_word' id='word_1_870' title='bbox 3666 5548 3681 5572; x_wconf 70' lang='grc' dir='ltr'><strong><em>ι</em></strong></span> <span class='ocrx_word' id='word_1_871' title='bbox 3709 5500 3791 5559; x_wconf 61' lang='lat' dir='ltr'><strong><em>nisi</em></strong></span> 
     </span>
    </p>
   </div>
   <div class='ocr_carea' id='block_1_114' title="bbox 2215 5595 3790 5675">
    <p class='ocr_par' dir='ltr' id='par_1_114' title="bbox 2215 5595 3790 5675">
     <span class='ocr_line' id='line_1_114' title="bbox 2215 5595 3790 5675; baseline -0.008 -12"><span class='ocrx_word' id='word_1_872' title='bbox 2215 5608 2484 5663; x_wconf 89' lang='lat' dir='ltr'><strong><em>mansueti</em></strong></span> <span class='ocrx_word' id='word_1_873' title='bbox 2512 5605 2693 5662; x_wconf 89' lang='lat' dir='ltr'><strong><em>cordis</em></strong></span> <span class='ocrx_word' id='word_1_874' title='bbox 2719 5606 2997 5661; x_wconf 89' lang='lat' dir='ltr'><strong><em>humilitas</em></strong></span> <span class='ocrx_word' id='word_1_875' title='bbox 3017 5605 3402 5674; x_wconf 82' lang='lat' dir='ltr'><strong><em>designatur?</em></strong></span> <span class='ocrx_word' id='word_1_876' title='bbox 3432 5605 3573 5675; x_wconf 83' lang='lat' dir='ltr'><strong><em>Quia</em></strong></span> <span class='ocrx_word' id='word_1_877' title='bbox 3596 5595 3790 5673; x_wconf 78' lang='lat' dir='ltr'><strong><em>quijatl</em></strong></span> 
     </span>
    </p>
   </div>
   <div class='ocr_carea' id='block_1_115' title="bbox 2214 5699 3796 5770">
    <p class='ocr_par' dir='ltr' id='par_1_115' title="bbox 2214 5699 3796 5770">
     <span class='ocr_line' id='line_1_115' title="bbox 2214 5699 3796 5770; baseline -0.005 -13"><span class='ocrx_word' id='word_1_878' title='bbox 2214 5702 2324 5757; x_wconf 86' lang='lat' dir='ltr'><strong><em>alta</em></strong></span> <span class='ocrx_word' id='word_1_879' title='bbox 2376 5700 2826 5770; x_wconf 84' lang='lat' dir='ltr'><strong><em>contemplatione</em></strong></span> <span class='ocrx_word' id='word_1_880' title='bbox 2852 5700 2919 5754; x_wconf 89' lang='lat' dir='ltr'><strong><em>ad</em></strong></span> <span class='ocrx_word' id='word_1_881' title='bbox 2947 5711 3185 5770; x_wconf 87' lang='lat' dir='ltr'><strong><em>superna</em></strong></span> <span class='ocrx_word' id='word_1_882' title='bbox 3239 5699 3549 5763; x_wconf 86' lang='lat' dir='ltr'><strong><em>attollitur,</em></strong></span> <span class='ocrx_word' id='word_1_883' title='bbox 3601 5700 3796 5751; x_wconf 64' lang='lat' dir='ltr'><strong><em>necessc</em></strong></span> 
     </span>
    </p>
   </div>
   <div class='ocr_carea' id='block_1_116' title="bbox 2213 5782 3796 5863">
    <p class='ocr_par' dir='ltr' id='par_1_116' title="bbox 2213 5782 3796 5863">
     <span class='ocr_line' id='line_1_116' title="bbox 2213 5782 3796 5863; baseline -0.008 -16"><span class='ocrx_word' id='word_1_884' title='bbox 2213 5801 2296 5847; x_wconf 86' lang='lat' dir='ltr'><strong><em>est</em></strong></span> <span class='ocrx_word' id='word_1_885' title='bbox 2326 5802 2384 5847; x_wconf 90' lang='lat' dir='ltr'><strong><em>ut</em></strong></span> <span class='ocrx_word' id='word_1_886' title='bbox 2431 5808 2530 5863; x_wconf 85' lang='lat' dir='ltr'><strong><em>per</em></strong></span> <span class='ocrx_word' id='word_1_887' title='bbox 2576 5791 2902 5847; x_wconf 78' lang='lat' dir='ltr'><strong><em>[ininilitatis</em></strong></span> <span class='ocrx_word' id='word_1_888' title='bbox 2955 5790 3421 5861; x_wconf 77' lang='lat' dir='ltr'><strong><em>compassioncm</em></strong></span> <span class='ocrx_word' id='word_1_889' title='bbox 3478 5782 3796 5845; x_wconf 64' lang='lat' dir='ltr'><strong><em>inferioribus</em></strong></span> 
     </span>
    </p>
   </div>
  </div>
