3932 6188
233 238 333 294 705

951 226 1500 288 ENARRATIONES
1531 229 1607 286 ΙΝ
1637 231 1908 288 LIBRUM
1945 231 2408 292 NUMERORUM.
2448 263 2517 273 —
2553 232 2680 288 LIB.
2719 232 2784 288 ll.

3367 237 3471 312 gos

229 342 648 409 condescenda't,
691 345 748 397 et
767 353 884 396 non
917 357 990 397 se
1017 356 1084 396 ex
1112 357 1180 396 eo
1203 343 1344 412 quod
1389 343 1554 400 habet
1581 344 1793 415 erigat,
1823 352 1878 410 Α
1899 344 2027 401 lotis
2049 345 2288 401 vestibus
2327 345 2441 400 suis
2469 354 2524 400 et
2545 360 2773 416 corpore
2815 361 2936 410 suo,
2967 347 3032 402 ad
3059 363 3342 417 vesperum
3380 367 3473 406 ca-

225 438 318 493 sed
344 432 604 504 quidquid
653 431 818 486 habet
858 431 941 486 his
965 431 1130 486 etiam
1162 433 1254 502 qui
1281 433 1412 488 illud
1457 449 1564 489 non
1595 435 1800 489 habent

221 523 565 600 praedicando
593 522 823 577 libenter
859 515 1168 592 impendat.
1205 523 1345 590 Quid
1395 539 1523 579 vero
1551 523 1605 578 in
1634 539 1800 580 cocco

222 617 306 672 bis
339 616 534 679 tincto,
580 612 687 667 nisi
737 611 1025 668 charitatis
1054 613 1228 668 virtus
1269 613 1624 684 exprimitur?
1670 614 1802 682 Quae

221 720 421 762 enectis
433 703 517 758 bis
542 703 738 758 tinctus
757 701 973 766 dicitur,
999 701 1124 771 quia
1150 702 1508 773 charitasper
1527 701 1801 758 ﬂammam

221 794 398 854 sancti
433 793 640 848 animis
675 806 944 858 accensa,
983 791 1194 850 duobus
1229 793 1476 848 exhiberi
1513 794 1802 864 praeceptis

214 885 461 956 iubetur,
487 884 544 938 id
571 892 654 938 est
685 882 783 938 Dei
815 891 873 938 et
893 882 1182 938 dilectione
1195 884 1458 954 proximi.
1487 883 1579 940 Bis
1603 885 1803 940 tinctus

217 992 354 1049 ergo
381 989 576 1030 coecus
615 983 697 1028 est
743 967 984 1029 charitas
1011 973 1210 1043 duplici
1233 984 1513 1045 praecepto
1543 975 1798 1040 formata,

219 1079 276 1123 ut
327 1069 409 1123 sic
457 1065 714 1136 diligatur
745 1064 908 1131 Deus,
959 1079 1027 1119 ne
1056 1065 1338 1120 deseratur
1376 1066 1686 1134 proximus,
1722 1067 1804 1122 sic

220 1159 476 1229 diligatur
527 1155 828 1226 proximus,
879 1169 948 1210 ne
979 1163 1362 1210 contemnatur
1405 1156 1566 1210 Deus.
1608 1155 1666 1210 In
1700 1157 1804 1212 hac

219 1267 351 1322 ergo
371 1249 607 1315 ﬂamma,
623 1263 744 1318 quas
764 1263 985 1302 vaccam
1009 1255 1187 1314 vorat,
1213 1247 1458 1312 cedrum,
1487 1248 1800 1318 hyssopum,

217 1341 299 1394 bis
331 1339 562 1396 tinctum
613 1353 835 1392 coccum
878 1337 1130 1392 sacerdos
1159 1337 1344 1392 mittit.
1384 1337 1585 1394 Omnes
1619 1339 1797 1405 enim,

1901 444 2014 492 stra
2047 435 2351 505 ingreditur
2369 476 2384 502 ,
2407 437 2538 506 quia
2567 436 2674 490 ﬁne
2701 437 2886 492 mundi
2906 439 3174 504 veniente,
3200 443 3473 500 mundatis

1898 523 2235 579 inﬁdelitatis
2255 539 2366 579 suae
2389 523 2666 594 operibus,
2687 525 2852 580 etiam
2872 523 3130 582 Iudaicus
3153 531 3382 600 populus
3403 535 3471 588 ad

1900 614 2262 694 cognitionem
2283 613 2576 670 conditoris
2597 615 2680 670 sui
2707 616 3016 683 revertitur,
3041 617 3183 673 sicut
3210 621 3474 691 scriptum

1901 713 1984 759 est
2008 720 2022 760 :
2045 703 2107 760 Si
2133 705 2289 781 fuerit
2317 721 2563 760 numerus
2578 705 2816 775 ﬁliorum
2845 705 3016 762 Israel
3041 716 3290 781 tanquam
3310 728 3476 766 arena

1901 799 2084 863 maris,
2118 797 2350 869 reliquie:
2377 797 2536 853 salva:
2561 798 2697 868 ﬁunt
2729 797 2908 869 (Rom.
2946 799 3048 872 Ix).
3082 801 3151 856 Et
3183 801 3326 856 sicut
3357 818 3478 856 rur-

1901 905 2019 945 sum
2050 891 2312 960 scriptum
2339 899 2422 945 est
2456 909 2468 942 :
2509 889 2688 944 Donec
2709 889 2976 960 plenitudo
3001 892 3233 961 gentiam
3261 892 3479 946 introie-

1903 981 1990 1046 rit,
2016 991 2064 1034 et
2095 981 2170 1035 sic
2201 981 2370 1035 omnis
2391 979 2562 1034 Israel
2590 979 2765 1034 salvus
2791 981 2881 1050 ﬁet
2912 980 3091 1053 (Rom.
3131 982 3232 1054 xl).
3273 983 3356 1039 Ad
3389 997 3482 1036 ve-

1901 1086 2114 1140 speram
2141 1070 2306 1141 igitur
2328 1069 2452 1123 lotis
2474 1069 2717 1124 vestibus
2741 1070 2996 1125 sacerdos
3017 1071 3158 1125 intra
3182 1080 3364 1127 castra
3393 1090 3482 1130 r-e-

1871 1228 1875 1231 ,
1903 1160 2002 1224 dit,
2030 1160 2121 1228 qui
2149 1169 2275 1214 ante
2307 1174 2588 1229 vesperam
2619 1159 3044 1215 commaculatus
3087 1169 3192 1226 est,
3225 1163 3353 1234 quia
3391 1163 3478 1218 in-

1903 1248 2075 1304 ﬁdelis
2099 1248 2329 1320 pepulus
2355 1247 2612 1303 Iudaicus
2648 1264 2821 1318 usque
2850 1249 2917 1302 ad
2948 1249 3106 1304 linem
3147 1252 3354 1319 mundi,
3386 1269 3482 1308 ex-

1903 1348 1987 1394 tra
2039 1341 2292 1394 mandata
2343 1339 2486 1404 vitae,
2513 1338 2659 1393 velut
2701 1348 2854 1394 extra
2903 1351 3080 1396 castra
3109 1351 3188 1398 est
3235 1344 3476 1414 positus,

218 1430 310 1500 qui
365 1431 417 1484 in
449 1429 667 1484 Christo
696 1428 990 1493 credimus,
1039 1427 1352 1483 sacerdotes
1399 1443 1608 1483 sumus.
1650 1429 1802 1484 Unde
1895 1431 2084 1501 pravis
2109 1431 2364 1500 operibus
2388 1431 2836 1486 commaculatus.
2876 1429 2984 1486 Sed
3013 1433 3154 1501 quod
3185 1449 3306 1488 eum
3337 1451 3479 1504 aqua

215 1521 482 1590 scriptum
527 1527 650 1574 est:
692 1517 794 1574 Vos
839 1528 1016 1572 autent
1043 1535 1206 1588 gemis
1233 1521 1474 1586 electum,
1519 1519 1690 1590 regale
1708 1537 1804 1575 sa-

215 1610 513 1663 cerdotium
543 1607 593 1680 (ι
630 1606 746 1660 Pet.
780 1608 864 1678 ιι).
903 1605 1011 1662 Sed
1038 1607 1299 1678 quidquid
1329 1623 1427 1678 per
1463 1605 1798 1679 contempla-

1905 1519 2251 1590 baptismatis
2275 1527 2330 1574 et
2350 1519 2668 1588 ptenitentia
2699 1519 2927 1586 lavatur,
2961 1529 3090 1577 tunc
3116 1522 3181 1576 ad
3219 1525 3482 1594 cognitio-

1905 1625 2027 1664 nem
2071 1609 2195 1664 ﬁdei
2229 1611 2296 1665 ad
2345 1623 2653 1680 vesperum,
2685 1609 2738 1665 id
2768 1618 2854 1665 est
2895 1611 2948 1664 in
2977 1611 3084 1667 ﬁne
3112 1610 3296 1669 mundi
3323 1613 3479 1684 quasi

213 1699 385 1754 tionis
415 1698 523 1752 alta
575 1698 856 1759 sentimus,
906 1697 1166 1768 quidquid
1207 1713 1306 1769 per
1335 1701 1799 1756 mansuetudinem
1831 1692 1959 1757 Bin
2005 1711 2184 1756 castra
2223 1701 2536 1768 revertitur,
2567 1709 2747 1772 potest
2775 1701 3022 1772 intelligi,
3070 1702 3212 1773 quod
3241 1704 3346 1760 iste
3392 1719 3482 1760 sa-

211 1791 566 1856 humilitatis,
612 1789 873 1860 quidquid
914 1805 1012 1862 per
1041 1791 1218 1862 ignem
1247 1791 1531 1847 charitatis
1573 1793 1797 1848 exhibe-

217 1898 370 1950 mus,
417 1883 471 1936 in
503 1881 694 1952 spiritu
744 1880 1016 1950 passionis
1063 1881 1359 1936 Dominica:
1395 1881 1605 1952 tingere
1639 1883 1800 1938 debe—

211 1989 363 2038 mus,
394 1981 456 2026 ut
499 1987 662 2026 omne
689 1971 833 2041 quod
862 1970 918 2024 in
961 1971 1117 2026 nobis
1164 1981 1270 2038 est,
1300 1971 1450 2026 illum
1490 1973 1734 2028 imitetur
1769 1988 1800 2028 a

211 2082 322 2138 quo
366 2075 473 2122 est.
503 2063 638 2119 Nam
669 2065 716 2120 si
765 2073 922 2120 extra
967 2064 1325 2120 imitationem
1373 2063 1645 2135 passionis
1683 2061 1802 2132 ejus

210 2160 421 2230 aliquid
452 2158 683 2230 agimus,
715 2172 819 2212 non
841 2163 954 2211 tam
983 2157 1258 2223 virtutem,
1281 2169 1444 2226 quam
1470 2155 1661 2209 vitium
1691 2155 1804 2223 agi-

210 2265 360 2304 mus.
388 2247 633 2302 Mittatur
661 2261 792 2317 ergo
819 2245 872 2300 in
901 2244 1200 2314 ﬂammam,
1230 2261 1352 2315 quae
1381 2260 1602 2300 vaccam
1649 2250 1805 2299 vorat

210 2341 444 2405 cedrus,
471 2339 529 2394 id
559 2346 645 2393 est
663 2337 1076 2408 perseverantia
1103 2347 1268 2408 atque
1295 2336 1526 2390 altitudo
1559 2343 1804 2392 contem-

211 2431 477 2504 plationis
503 2441 725 2496 nostrae,
759 2432 1112 2488 comburatur
1141 2429 1262 2500 igne
1302 2427 1572 2502 passionis
1616 2426 1804 2482 Domi-

213 2524 379 2578 nicae.
417 2521 664 2576 Minatur
693 2523 746 2576 in
772 2521 1068 2588 ﬂammam,
1097 2535 1218 2590 quae
1239 2533 1458 2575 vaccam
1489 2525 1646 2572 vorat
1682 2517 1804 2588 hys-

213 2627 406 2684 sopus,
441 2611 494 2666 id
521 2621 608 2666 est
629 2611 907 2667 humilitas
933 2611 1113 2667 cordis
1132 2608 1307 2664 nostri
1337 2609 1622 2663 veritatem
1647 2621 1804 2660 man-

213 2703 540 2767 suetudinis,
567 2718 634 2757 ex
657 2701 980 2756 admistione
1000 2699 1295 2756 Dominiae
1314 2697 1582 2767 passionis
1605 2696 1802 2750 trahat.

212 2795 470 2848 Mittatur
503 2794 557 2848 in
579 2792 880 2858 ﬂammam,
911 2805 1032 2862 qua:
1055 2805 1273 2846 vaccam
1307 2796 1465 2844 vorat
1487 2788 1571 2842 bis
1605 2788 1806 2842 tinctus

215 2897 440 2950 coccus,
463 2881 520 2936 id
547 2891 630 2937 est
654 2873 1064 2951 charitasfqua:
1092 2894 1191 2934 nos
1221 2879 1290 2934 ad
1314 2879 1607 2933 amandum
1635 2879 1805 2934 Deum

213 2985 272 3034 et
313 2977 626 3048 proximum
655 2975 876 3042 excitet,
923 2973 1138 3029 assidue
1161 2987 1265 3027 nos
1295 2971 1650 3040 contemplari
1682 2985 1807 3042 pas-

1904 1794 2095 1849 cerdos
2132 1793 2185 1848 in
2234 1793 2360 1849 lotis
2388 1793 2460 1847 sit
2497 1793 2756 1857 vestibus,
2787 1799 2843 1848 et
2887 1807 3058 1862 usque
3091 1793 3157 1848 ad
3189 1809 3482 1864 vesperum

1903 1883 2234 1949 immundus,
2271 1883 2397 1952 quia
2438 1883 2584 1938 idem
2609 1880 2871 1960 Iudaicus
2911 1877 3143 1952 populus
3181 1897 3250 1937 ex
3291 1898 3480 1939 eorum

1902 1981 2078 2046 parte,
2110 1974 2202 2044 qui
2231 1973 2598 2040 crediderunt,
2621 1971 2736 2042 jam
2763 1981 2940 2028 vestes
2968 1971 3120 2036 laVit,
3153 1973 3247 2028 sed
3275 1990 3346 2029 ex
3391 1989 3484 2030 eo-

1903 2082 2024 2122 rum
2047 2077 2221 2138 parte,
2248 2065 2341 2136 qui
2386 2065 2618 2121 necdum
2647 2065 3014 2128 crediderunt,
3045 2063 3220 2120 adhuc
3253 2065 3486 2119 immun-

1902 2156 2005 2212 dus
2032 2172 2202 2226 usque
2231 2157 2298 2211 ad
2331 2170 2611 2224 vesperum
2641 2163 2942 2226 permanet.
2973 2154 3142 2209 Lavat
3171 2170 3304 2225 ergo
3325 2153 3486 2211 vesti-

1905 2258 2087 2304 menta
2139 2257 2194 2304 et
2221 2262 2440 2318 corpus,
2490 2246 2582 2316 qui
2629 2244 2902 2300 credendo
2936 2244 3211 2299 exteriora
3240 2259 3406 2314 opera
3426 2252 3489 2300 et

1907 2337 2189 2402 interiora,
2239 2346 2475 2391 mentem
2505 2352 2536 2390 a
2575 2335 2762 2406 pravis
2795 2335 3100 2389 actionibus
3127 2335 3374 2390 mundat.
3418 2333 3489 2389 Et

1905 2429 2062 2501 plene
2097 2438 2226 2485 tunc
2262 2428 2330 2484 ad
2367 2437 2548 2484 castra
2579 2426 2891 2491 revertitur,
2921 2439 3045 2480 cum
3077 2425 3143 2480 ad
3174 2424 3335 2480 ﬁdem
3363 2440 3488 2496 per-

1906 2523 2046 2579 fecte
2094 2530 2400 2579 revocatur.
2454 2517 2560 2575 Sed
2609 2519 2738 2591 quia
2769 2513 2953 2573 Iudaea
2984 2517 3036 2571 in
3075 2515 3389 2572 inﬁdelitate
3429 2523 3488 2572 et

1907 2617 2258 2686 reproborum
2287 2623 2444 2686 parte
2474 2612 2822 2683 perdurante,
2861 2607 2930 2664 ad
2962 2609 3122 2664 ﬁdem
3161 2609 3380 2680 gentilis
3405 2609 3490 2665 in-

1909 2707 2174 2779 greditur,
2204 2715 2260 2761 et
2287 2705 2546 2776 mysteria
2577 2701 2774 2758 divina:
2798 2699 3191 2757 incarnationis
3215 2700 3484 2772 intelligit,

1908 2805 2056 2852 recte
2086 2796 2196 2850 illic
2225 2790 2569 2867 subiungitur
2594 2811 2607 2847 :
2636 2790 2855 2862 Colliget
2885 2801 3057 2845 autem
3090 2791 3288 2846 cineres
3310 2807 3486 2846 uaccae

1908 2887 1988 2942 air
2014 2883 2262 2950 mundus,
2293 2862 2346 2938 id
2371 2862 2472 2948 esi,
2501 2880 2718 2953 gentilis
2744 2879 2972 2951 populus
2995 2878 3108 2949 jam
3135 2877 3238 2934 ﬁde
3261 2881 3490 2934 munda—
3513 2862 3518 2866 l

1914 2970 2031 3030 tus.
2051 2974 2206 3030 Unde
2233 2983 2289 3030 et
2313 2974 2576 3045 scriptum
2603 2979 2688 3026 est
2717 2990 2731 3026 :
2766 2969 2901 3026 Fide
2927 2969 3188 3024 mundana
3215 2969 3375 3024 corda
3400 2987 3488 3024 eo-

216 3071 434 3126 sionem
487 3067 824 3123 Dcminicam
883 3065 1190 3135 compellat,
1236 3073 1296 3118 ut
1353 3065 1409 3117 in
1459 3063 1576 3132 ipsa
1631 3063 1804 3117 discat
1831 3059 1878 3120 C
1913 3085 2027 3122 rum
2051 3067 2190 3138 (Act.
2227 3065 2340 3136 xv).
2377 3065 2562 3120 Vaccae
2591 3064 2806 3119 cineres
2847 3062 3066 3133 colligit,
3104 3061 3196 3132 qui
3244 3059 3488 3117 subtilis-

214 3178 383 3233 opcra
420 3169 569 3218 recta
603 3177 725 3232 quae
771 3159 954 3214 faciat.
994 3158 1177 3229 Potest
1209 3165 1391 3210 tamen
1430 3157 1596 3210 etiam
1645 3155 1805 3211 aliter
1908 3176 1996 3216 ma
2046 3167 2384 3215 sacramenta
2435 3157 2629 3210 divina:
2667 3151 3065 3212 incarnationis
3098 3152 3370 3234 agnoscit.
3423 3151 3494 3206 Et

215 3256 473 3328 intelligi,
503 3263 566 3309 ut
587 3269 687 3324 per
707 3253 934 3308 cedrum
977 3250 1312 3322 signilicetur
1357 3263 1506 3318 spes,
1543 3262 1666 3317 qua:
1693 3247 1804 3302 alta
1905 3265 2119 3316 vaccae,
2151 3264 2314 3318 quam
2343 3245 2596 3302 sacerdos
2623 3243 2950 3307 combussit,
2978 3244 3190 3298 cineres
3227 3243 3312 3297 vir
3339 3257 3497 3296 mun-

211 3348 454 3422 appeti};
486 3362 583 3416 per
620 3347 910 3416 hyssopum
945 3358 1106 3409 vero,
1135 3358 1257 3413 quze
1285 3341 1449 3397 etiam
1481 3340 1663 3396 calore
1706 3354 1806 3395 suo

215 3439 490 3495 stomachi
539 3436 933 3492 immunditiam
978 3443 1202 3504 purgat,
1258 3433 1598 3503 signiﬁcatur
1647 3429 1803 3495 ﬁdes,

213 3547 343 3603 quae
385 3532 443 3585 in
483 3529 607 3584 imis
635 3528 864 3584 adversa
913 3525 1290 3596 aequanimiter
1319 3525 1534 3588 tolerat,
1571 3531 1633 3580 ut
1663 3522 1808 3593 quod

213 3640 284 3679 ex
322 3620 594 3676 anteactis
638 3619 881 3689 peccatis
927 3624 1266 3673 contractum
1307 3614 1507 3680 fuerat,
1561 3615 1804 3668 tnniidet.

209 3714 324 3770 Per
353 3728 578 3770 coccum
609 3723 844 3780 quoque,
873 3717 933 3764 ut
956 3709 1157 3763 dictum
1189 3715 1269 3761 est
1287 3747 1303 3772 ,
1332 3705 1654 3776 exprimitur
1674 3705 1806 3759 cha-

215 3810 380 3864 ritas.
417 3805 804 3875 Unusquisque
852 3811 1098 3857 nostrum
1145 3801 1308 3872 igitur
1339 3799 1390 3854 in
1422 3798 1582 3852 llamn
1605 3815 1658 3862 a,
1689 3811 1808 3867 quae

209 3913 446 3954 vaccam
468 3904 646 3960 vorat,
682 3895 929 3959 cedrum,
966 3893 1281 3963 hyssOpum,
1325 3904 1546 3945 coccum
1590 3875 1675 3943 bis
1703 3888 1810 3942 tin-

212 3999 370 4047 ctum
403 3991 607 4054 mittat,
649 3986 704 4041 id
733 3992 835 4048 est,
867 3983 922 4038 in
967 3981 1294 4038 sacriﬁcium
1321 3979 1592 4051 passionis
1623 3977 1809 4033 Domi-

211 4081 357 4136 nicae
395 4093 574 4148 spem,
613 4077 795 4140 ﬁdem,
829 4074 1148 4130 cbaritatcm
1188 4073 1461 4136 exhibeat,
1507 4085 1575 4126 ne
1603 4070 1811 4142 passio-

211 4185 346 4224 nem
383 4165 766 4238 Redemptoris
795 4165 878 4220 sui
909 4163 1028 4219 sine
1069 4178 1232 4219 causa
1269 4162 1454 4216 audiat
1497 4161 1542 4216 si
1587 4176 1696 4216 non
1741 4159 1810 4214 ad

215 4263 341 4316 Ιιςιεο
383 4259 554 4316 etiam
599 4272 766 4328 Opera
803 4253 1114 4311 necessario
1160 4251 1469 4328 subjungat.
1511 4251 1587 4306 De
1613 4251 1808 4321 quibus

214 4353 402 4407 tribus
448 4349 648 4405 Paulus
694 4347 974 4418 apostolus
1003 4347 1136 4402 dicit
1175 4363 1188 4400 :
1223 4344 1382 4399 Nunc
1413 4358 1585 4398 autem
1630 4351 1804 4396 manet

207 4443 384 4511 ﬁdes,
430 4457 568 4512 spes,
617 4439 886 4504 Charitas;
914 4437 1092 4507 major
1121 4445 1294 4490 autem
1348 4435 1430 4488 his
1474 4443 1548 4488 est
1576 4433 1806 4486 Charitas

211 4534 272 4606 (Ι
323 4532 451 4588 Cor.
484 4530 650 4603 ¹ιςιιι).
691 4529 844 4586 Unde
869 4539 926 4586 et
951 4530 1039 4584 hic
1069 4543 1263 4583 coccus
1286 4535 1529 4582 extrema
1569 4525 1806 4594 ponitur,

207 4624 351 4694 quia
379 4621 634 4677 videlicet
673 4619 800 4686 ﬁde,
830 4635 928 4691 spe
967 4619 1256 4688 completa,
1285 4633 1406 4672 cum
1449 4617 1516 4671 ad
1551 4625 1809 4670 aeternam

206 4715 459 4786 patriam
487 4711 758 4777 venimus,
785 4712 900 4768 sola
923 4711 976 4764 in
1008 4709 1165 4766 nobis
1193 4709 1432 4764 charitas
1466 4707 1534 4762 ad
1563 4707 1828 4763 ultimum

207 4803 699 4874 inultiplicabitur.
721 4801 909 4858 Potest
931 4802 1038 4857 iste
1065 4801 1319 4856 sacerdos
1345 4798 1428 4853 vel
1451 4798 1498 4852 is
1523 4797 1614 4868 qui
1635 4812 1815 4852 vaccae

204 4908 445 4957 carnes,
467 4890 679 4962 pellem,
693 4890 1034 4961 sanguinem,
1057 4888 1240 4942 ﬁmum
1260 4885 1548 4950 comburit,
1567 4884 1811 4939 ordinem

205 4981 438 5039 Iudaici
455 4981 744 5036 sacerdotii
771 4995 896 5036 cum
925 4978 1202 5050 supposita
1224 4976 1379 5046 plebe
1397 4975 1450 5030 in
1485 4991 1615 5030 nece
1636 4975 1815 5030 Domi-

207 5079 274 5134 ni
310 5075 708 5133 consentientis
737 5075 970 5146 signare.
999 5071 1154 5127 Unde
1173 5080 1226 5126 et
1244 5070 1421 5124 adhuc
1455 5077 1582 5138 apte
1601 5065 1817 5136 subjun-

205 5171 395 5242 gitur.
420 5166 489 5220 Et
514 5174 641 5222 tunc
653 5165 868 5220 demum
883 5162 1009 5217 lotis
1029 5161 1334 5216 vestibusct
1351 5175 1576 5229 corpore
1589 5173 1686 5214 suo
1701 5198 1716 5225 ,
1735 5173 1818 5213 re-

209 5267 477 5320 vertetur
499 5257 552 5312 in
575 5265 776 5322 castra,
811 5253 1345 5323 commaculatusque
1389 5251 1495 5304 erit
1527 5263 1700 5321 usque
1746 5248 1815 5302 ad

206 5363 537 5420 vesperam.
563 5345 702 5413 Quid
715 5345 858 5401 enim
875 5359 972 5414 per
986 5358 1292 5413 vesperam,
1307 5341 1410 5396 nisi
1427 5340 1588 5396 ﬁnem
1633 5338 1816 5394 mundi

204 5436 564 5510 accipimus?
575 5436 643 5491 Et
657 5433 910 5491 sacerdos
925 5433 1046 5499 iste,
1069 5431 1152 5486 vel
1165 5431 1257 5501 qui
1274 5445 1493 5484 vaccam
1507 5428 1612 5499 igni
1629 5427 1816 5496 tradit,

204 5532 274 5590 id
294 5539 389 5585 est
400 5528 658 5585 Iudaicus
677 5526 927 5598 populus,
951 5523 1260 5580 immundus
1274 5531 1358 5578 est
1372 5535 1541 5592 usque
1553 5520 1620 5574 ad
1633 5534 1820 5588 vespe—

207 5636 375 5689 ratu,
389 5620 516 5694 quia
531 5633 700 5690 usque
710 5617 780 5674 ad
801 5616 963 5674 ﬁnem
978 5613 1163 5671 mundi
1179 5613 1409 5670 inﬁdelis
1433 5617 1694 5668 remanet.
1715 5609 1822 5666 Sed

1907 3340 2008 3396 dus
2060 3337 2300 3408 colligit,
2345 3335 2470 3406 quia
2515 3333 2850 3390 inﬁrmitatis
2902 3331 3154 3396 Domini,
3195 3345 3358 3401 quam
3402 3327 3498 3383 Ju-

1910 3432 2098 3487 daicus
2132 3429 2360 3502 populus
2386 3427 2440 3482 in
2479 3436 2655 3482 morte
2682 3425 2973 3490 mactavit,
3002 3423 3358 3479 subtilissima
3385 3437 3496 3494 my-

1907 3523 2072 3579 steria
2100 3520 2329 3592 populus
2363 3518 2579 3590 gentilis
2607 3515 2879 3586 intelligit.

1983 3612 2130 3668 Bene
2169 3620 2352 3666 autem
2383 3608 2668 3677 sequitur:
2705 3605 2774 3659 Et
2797 3603 3029 3674 e/I'undet
3076 3604 3132 3657 in
3171 3601 3286 3656 loco
3317 3603 3493 3674 puris-

1904 3703 2042 3759 simo
2075 3710 2225 3756 extra
2257 3707 2452 3762 castra,
2486 3695 2612 3764 quia
2661 3694 2805 3748 idem
2850 3691 3066 3764 gentilis
3091 3691 3344 3761 populus,
3395 3692 3489 3760 qui

1911 3801 2122 3851 secreta
2157 3806 2224 3846 ac
2265 3787 2520 3860 mysteria
2549 3785 2746 3840 divinae
2782 3780 3171 3838 incarnationis
3217 3779 3480 3852 agnoscit.

1908 3887 2050 3941 bona
2096 3897 2218 3953 quae
2257 3877 2466 3949 accepit
2510 3875 2806 3946 praedicare
2850 3887 2959 3926 non
3007 3878 3204 3936 cessat,
3235 3879 3296 3924 ut
3347 3870 3491 3942 quod

1910 3977 2031 4049 ipse
2068 3975 2340 4040 didicerit,
2389 3970 2512 4026 aliis
2555 3968 2721 4025 etiam
2771 3963 3136 4022 nescientibus
3164 3963 3492 4018 innotescat.

1908 4067 2018 4124 Sed
2041 4067 2164 4136 quia
2187 4074 2398 4122 secreta
2421 4076 2486 4116 ac
2506 4059 2764 4133 mysteria
2787 4055 3179 4113 incarnationis
3202 4053 3496 4109 ltominicze

1909 4164 2094 4236 pravis
2115 4179 2179 4219 ac
2202 4160 2423 4232 pollutis
2449 4153 2700 4213 manibus
2727 4170 2834 4210 non
2869 4160 2997 4208 sunt
3023 4149 3314 4214 tradenda,
3351 4147 3492 4202 bene

1913 4259 2135 4320 dicitur,
2158 4253 2390 4323 eﬂ'undet
2411 4252 2469 4304 in
2491 4249 2604 4304 loco
2626 4247 2907 4318 purissimo
2929 4253 3079 4298 extra
3105 4251 3300 4296 castra.
3321 4239 3489 4294 Extra

1913 4355 2092 4403 castra
2120 4343 2318 4412 quippe
2351 4339 2527 4394 luerat
2547 4337 2723 4393 omnis
2749 4335 3042 4406 gentilitas,
3073 4333 3196 4403 quia
3229 4338 3384 4384 extra
3412 4327 3494 4384 le-

1910 4455 2054 4510 gem,
2081 4445 2236 4492 extra
2259 4431 2613 4494 sacriﬁcium,
2635 4437 2788 4484 extra
2811 4439 3156 4498 synagogam.
3177 4419 3282 4476 Sed
3306 4429 3490 4476 tamen

1913 4532 1982 4586 ad
2039 4529 2200 4583 ﬁdem
2242 4525 2467 4579 veniens
2509 4537 2602 4576 cor
2638 4518 2936 4582 mundavit,
2981 4525 3038 4570 et
3087 4516 3140 4568 in
3183 4527 3248 4568 ea
3279 4511 3496 4568 cineres

1913 4635 2094 4676 vacca:
2119 4617 2434 4680 funduntur,
2461 4611 2588 4683 quia
2618 4609 2820 4664 mundo
2843 4606 2992 4662 cordi
3014 4602 3336 4676 gentilitatis
3376 4616 3501 4671 my—

1921 4711 2148 4767 sterium
2178 4705 2472 4763 Dominica:
2501 4700 2892 4758 incarnatioms
2920 4695 3175 4751 creditur.
3213 4690 3364 4749 Multi
3386 4691 3494 4746 ita-

1919 4816 2024 4872 que
2055 4816 2121 4856 ex
2149 4796 2451 4870 gentilitate
2480 4789 2758 4849 conversi.
2787 4786 3168 4859 praedicatores
3193 4790 3319 4838 sunt
3341 4780 3494 4847 lacti,

1921 4871 1977 4947 et
2004 4890 2180 4945 eidem
2219 4883 2506 4958 gentilitati
2535 4880 2772 4938 venienti
2814 4877 2879 4932 ad
2930 4877 3089 4932 tidem
3119 4871 3498 4954 Redemptoris

1922 4981 2183 5054 mysteria
2214 4978 2571 5034 tradiderunt.
2621 4971 2714 5027 Vir
2739 4986 2870 5042 ergo
2901 4968 3130 5024 mundus
3163 4967 3217 5022 in
3244 4964 3366 5020 loco
3399 4979 3498 5034 pu-

1921 5073 2138 5128 rissimo
2165 5084 2342 5124 vacca:
2365 5067 2578 5122 eineres
2602 5061 2796 5127 fundit,
2821 5060 2946 5116 dum
2969 5058 3196 5128 quilibet
3221 5055 3407 5111 doctor
3429 5065 3497 5106 ex

1923 5161 2226 5235 gentilitate
2254 5163 2584 5226 assumptus,
2611 5153 2808 5208 munda
2831 5165 2928 5220 per
2951 5147 3308 5203 humilitatem
3335 5140 3497 5196 corda

1923 5232 2206 5324 gentilium
2236 5246 2484 5317 requirit,
2517 5252 2573 5300 et
2601 5242 2860 5314 mysteria
2891 5239 2972 5295 cis
2999 5232 3499 5324 Redemptorisjio-

1919 5315 2018 5396 stri
2073 5338 2287 5394 tradere
2317 5315 2440 5391 non
2492 5333 2726 5390 desistit.
2759 5329 2914 5398 Quod
2965 5341 3088 5383 cum
3125 5323 3320 5394 agitur,
3366 5315 3500 5370 ﬁdes

1920 5427 2200 5502 gentilium
2255 5425 2666 5496 multiplicatur,
2725 5421 2908 5476 divina
2953 5417 3126 5472 virtus
3163 5405 3494 5502 agnoscitur,

1921 5490 2204 5589 disciplina
2233 5490 2628 5586 praeceptorum
2657 5517 2891 5566 tenetur.
2925 5506 3076 5562 Unde
3102 5508 3158 5589 et
3183 5504 3338 5589 recte.
3363 5490 3494 5547 sub-

1917 5582 2201 5680 iungitur:
2235 5582 2302 5660 IJt
2349 5582 2451 5660 sint
2481 5599 2805 5657 niultitudini
2847 5596 3081 5668 [illorum
3122 5582 3291 5643 Israel
3321 5583 3376 5638 in
3405 5596 3496 5635 cu-
