3932 6188
563 212 667 268 ⁸107

1197 211 1258 266 Β.
1297 209 1549 266 RABANI
1590 209 1805 266 MAURI
1844 210 2162 267 ARCHIEP.
2208 213 2516 270 MO'CUNT.
2556 210 2842 269 OPERUM
2884 211 3059 267 PARS
3093 214 3127 267 l.
3627 240 3698 293 τρδ

558 322 805 376 stodiam.
849 319 1011 377 Israel
1044 337 1274 390 namque
1306 322 1689 391 interpretatur
1724 323 1903 376 uidens
1949 324 2133 377 Deum.
2169 330 2215 386 Α
2243 324 2493 394 gentibus
2524 324 2861 394 profuturum
2883 368 2897 387 ,
2928 325 3103 390 idest,
3138 330 3252 386 ﬁliis
3282 333 3426 390 Israel
3451 354 3491 394 νε
3523 352 3701 421 prus-«ly.

560 413 621 466 Et
651 428 756 466 non
795 413 1069 466 inbuet-ito
1095 427 1358 467 conversa
1393 413 1668 483 gentilitas
1694 413 1864 468 Israel
1906 414 2137 478 dicitur,

553 519 677 573 qua!
704 504 815 572 jam
847 504 950 557 ﬁde
977 503 1144 556 Deum
1175 503 1590 572 contemplatur.
1637 503 1728 559 Isti
1773 520 1902 573 ergo
1926 505 2143 560 cineres

556 593 886 648 multitudini
919 594 1150 648 ﬁliorum
1194 592 1354 648 Israel
1385 593 1442 647 in
1473 594 1778 649 custodiam
1805 595 1970 659 ﬁunt,
2011 593 2139 664 quia

555 684 773 739 subtilia
806 692 1145 738 sacramenta
1174 683 1389 738 mundis
1421 682 1700 757 gentilium
1728 674 1984 739 cordibus
2030 694 2140 739 tra-

555 776 670 830 dita
711 775 763 829 in
817 774 1014 828 mentis
1062 774 1362 828 munitione
1411 782 1715 828 vertuntur.
1767 774 1911 829 Bene
1957 784 2136 831 autem

558 863 827 927 subditur,
861 872 906 915 et
930 863 984 915 in
1014 878 1205 933 agnam
1236 864 1571 932 aspersionis.
1605 862 1832 935 Propter
1862 866 2135 936 operatio-

555 970 677 1008 nem
714 967 948 1022 namque
977 953 1031 1006 in
1076 954 1318 1009 custodia
1349 965 1529 1010 nostra
1565 964 1691 1010 sunt
1732 955 1965 1021 cineres,
2008 970 2136 1025 pro-

550 1054 671 1113 pter
698 1045 1022 1114 baptismum
1056 1059 1183 1098 vero
1220 1044 1271 1098 in
1303 1060 1441 1115 aqua
1479 1046 1828 1115 aspersionis,
1861 1046 2136 1104 cineribus

549 1139 667 1207 ejus
694 1138 915 1202 utimur,
951 1147 1011 1192 ut
1042 1140 1168 1193 dum
1217 1141 1576 1196 consideratis
1603 1140 1720 1211 ejus
1754 1143 2007 1212 operibus
2039 1157 2135 1198 no-

549 1239 663 1285 stra
694 1242 812 1287 acta
842 1233 943 1287 sub
979 1231 1265 1301 disciplina
1296 1232 1606 1302 redigimus,
1638 1249 1812 1290 vacca:
1846 1235 2056 1290 cineres
2080 1236 2131 1291 in

558 1322 808 1376 custodia
843 1332 1027 1377 nostra
1057 1335 1335 1377 servemus
1367 1341 1380 1375 :
1419 1324 1511 1392 qui
1542 1323 1666 1378 dum
1713 1335 1919 1380 secreta
1970 1336 2133 1396 atque

546 1413 767 1468 subtilia
819 1413 1152 1483 operationis
1184 1413 1327 1468 illius
1358 1430 1457 1484 per
1488 1414 1850 1471 imitationem
1900 1417 2135 1470 attendi-

551 1518 693 1565 mus,
732 1518 829 1573 per
860 1503 974 1557 hinc
996 1503 1151 1557 nobis
1175 1513 1229 1558 et
1252 1503 1570 1560 munditiam
1598 1513 1651 1560 et
1677 1507 2131 1576 persevcrantiam

548 1595 911 1665 providemus.
944 1593 1082 1664 Apte
1117 1603 1296 1651 autem
1326 1594 1689 1668 subiungitur,
1725 1598 1849 1668 quia
1882 1613 1981 1671 pro
2004 1613 2132 1668 pec-

2245 416 2335 478 tis,
2373 422 2629 485 tanquam
2673 416 3004 471 naturalibus
3031 421 3208 484 ramis,
3255 434 3305 478 ct
3331 426 3505 485 inserto
3540 416 3703 507 [litigin

2242 505 2369 559 dine
2396 505 2596 560 radicis
2624 505 2880 560 oleastro.
2911 506 3077 573 Quem
3106 519 3278 565 autem
3304 530 3399 569 non
3424 505 3706 583 faciatiuteu-

2240 604 2378 659 tum,
2410 596 2551 665 quod
2602 605 2721 665 post
2763 597 3090 655 ablutionem
3135 600 3198 655 de
3233 603 3438 673 singulis
3478 613 3709 685 quibusque

2214 680 2460 749 'dicitur,
2490 693 2539 739 et
2568 686 2869 740 immundus
2894 689 2992 740 erit
3016 705 3171 759 usque
3208 693 3275 749 ad
3304 712 3549 766 vesperam.
3576 680 3710 774 Neque

2240 774 2330 829 hic
2359 783 2589 840 tantum,
2621 778 2714 831 sed
2766 776 2821 830 in
2852 777 3101 833 omnibus
3130 779 3316 839 talibus
3362 790 3709 850 mundatiouibus

2240 866 2342 920 hoc
2384 866 2602 920 dicitur.
2632 866 2731 921 Ubi
2782 868 2967 923 nescio
3000 877 3176 925 utrum
3219 873 3407 945 aliquid
3435 880 3554 935 aliud
3589 888 3710 951 possit

2237 957 2482 1029 intelligi,
2531 958 2634 1013 nisi
2678 961 2822 1030 quod
2854 962 3033 1017 omnis
3072 962 3229 1019 homo
3266 977 3379 1035 post
3421 972 3708 1029 remisdmiem

2230 1048 2613 1121 plenissimam
2658 1059 3029 1120 peccatorum,
3063 1058 3411 1125 permanando
3437 1059 3482 1114 in
3517 1062 3599 1116 hac
3633 1064 3707 1118 vita

2236 1139 2510 1194 contrahit
2535 1139 2737 1209 aliquid
2765 1140 2904 1195 unde
2930 1142 3001 1196 sit
3030 1142 3344 1210 immundus,
3370 1162 3521 1217 usque
3543 1152 3596 1208 ad
3615 1154 3711 1221 ejus-

2235 1228 2357 1283 dem
2387 1228 2511 1283 vita:
2540 1228 2725 1294 ﬁnem,
2754 1229 2846 1283 ubi
2892 1229 3009 1284 dies
3038 1231 3136 1284 iste
3171 1233 3531 1300 quodammodo
3565 1239 3711 1294 claudi-

2236 1325 2343 1383 tur,
2366 1318 2509 1390 quod
2530 1318 2797 1389 signiﬁcat
2818 1334 3064 1390 vespera.
3088 1320 3283 1377 Deinde
3310 1323 3479 1393 incipit
3500 1325 3712 1397 Scriptura

2233 1408 2418 1464 dicere
2452 1417 2507 1464 et
2534 1409 2869 1477 exsequitur,
2902 1410 3345 1479 quemadmodum
3375 1414 3598 1472 immundi
3622 1415 3714 1471 lacti

2232 1499 2483 1555 homines
2509 1514 2648 1570 aqua
2674 1499 2762 1553 illa
2792 1500 3123 1571 aspersionis
3150 1501 3496 1570 puriﬁeeutur.

2305 1590 2409 1656 Qui
2434 1591 2658 1662 tetigerit
2684 1591 2907 1644 cadaver
2934 1590 3179 1657 hominis,
3204 1604 3247 1646 et
3276 1592 3558 1663 propter/ioc
3575 1606 3713 1664 septem

547 1693 669 1737 cato
688 1684 974 1738 combusta
1002 1692 1087 1739 est
1112 1699 1294 1739 vacca.
1326 1684 1477 1739 Tunc
1501 1685 1646 1741 enim
1680 1696 1918 1741 nostram
1947 1694 2129 1741 custo—
2160 1674 2201 1732 ll
2230 1682 2411 1736 diebus
2442 1680 2598 1748 fuerit
2622 1681 2946 1746 immundus,
2992 1693 3294 1753 aspergetur
3319 1698 3378 1737 ex
3404 1686 3493 1737 hac
3515 1701 3623 1755 aqua
3656 1686 3717 1741 die

546 1776 691 1830 diam
736 1776 961 1847 provide
1009 1777 1361 1841 custodimus,
1413 1793 1535 1832 cum
1577 1777 1989 1848 Redemptorem
2036 1795 2129 1834 no-

456 1878 469 1895 ί
550 1875 721 1921 strum
778 1882 876 1937 pro
945 1868 1147 1922 nostris
1201 1868 1575 1937 iniquitatibus
1629 1884 1849 1938 passum
1899 1870 2129 1926 sollicite

548 1959 977 2014 consideramus.
1020 1959 1416 2032 Perpendimus
1443 1976 1677 2029 namque
1705 1962 1834 2032 quid
1865 1963 2127 2019 retribuat

545 2050 721 2115 bonis,
752 2050 844 2120 qui
875 2051 1042 2104 voluit
1067 2050 1203 2104 mori
1238 2066 1335 2120 pro
1358 2051 1530 2107 malis.
1558 2051 1969 2123 Perpenzlimus,
1994 2055 2126 2118 quid

544 2141 611 2195 ad
632 2141 808 2212 justiti
847 2158 899 2196 m
933 2142 1052 2197 ﬁdei
1082 2144 1300 2198 adducti
1329 2159 1451 2199 esse
1477 2146 1664 2215 gratia:
1689 2144 2000 2212 debeamus,
2036 2149 2125 2217 qui

542 2238 597 2282 et
625 2229 677 2283 in
708 2229 1082 2300 iniquitatibus
1114 2233 1296 2302 positi,
1324 2233 1764 2289 intercessionem
1799 2237 1987 2291 mortis
2013 2235 2128 2305 ejus

542 2323 855 2392 accipimus.
887 2324 943 2378 ln
973 2327 1219 2380 custodia
1259 2342 1388 2397 ergo
1432 2328 1643 2383 cineres
1674 2328 1828 2393 ﬁunt,
1859 2330 1985 2398 quia
2028 2346 2128 2400 pro

541 2422 765 2485 peccato
793 2417 1076 2471 combusta
1107 2424 1191 2470 est
1214 2431 1404 2481 vacca,
1437 2416 1562 2475 dum
1588 2417 1854 2487 passionis
1882 2419 1997 2490 ejus
2018 2436 2128 2492 my’

541 2505 710 2558 steria
742 2503 972 2560 sollicite
991 2506 1452 2576 contemplantes,
1503 2524 1624 2579 quae
1669 2511 1883 2582 operari
1925 2514 2122 2567 debea-

542 2609 666 2648 mus
694 2594 1057 2663 agnoscimus,
1101 2598 1195 2667 qui
1228 2597 1644 2670 Bcdemptorem
1676 2611 1924 2657 nostrum
1959 2605 2124 2660 eti.-.m

542 2702 641 2757 pro
674 2686 882 2757 iniquis
924 2688 1088 2744 nobis
1144 2698 1421 2745 mortuum
1471 2708 1579 2747 non
1630 2695 1957 2764 ignoramus.
1992 2695 2123 2752 Item

539 2781 820 2836 moraliter
850 2798 1069 2837 vaccam
1107 2794 1430 2854 mactamus,
1471 2804 1592 2846 eum
1641 2806 1858 2846 carnem
1900 2810 1930 2848 a
1971 2793 2125 2851 lasci-

537 2871 623 2927 via
655 2872 950 2943 voluptatis
980 2876 1363 2946 extinguimus.
1398 2877 1569 2946 Quam
1608 2896 1733 2937 eum
1780 2883 2013 2958 hyssopo
2054 2886 2123 2941 li-

537 2977 751 3035 gnoque
779 2964 1003 3019 cedrino
1019 2979 1091 3020 ac
1116 2981 1280 3021 cocco
1310 2966 1608 3035 oderimus,
1637 2971 1761 3039 quia
1788 2987 1912 3026 cum
1939 2989 2118 3029 mace-

2230 1772 2382 1827 tertio
2430 1780 2477 1825 et
2520 1771 2737 1841 septimo
2779 1784 2797 1823 :
2839 1781 2889 1826 et
2923 1773 3000 1826 sic
3048 1771 3394 1826 mandabitur.
3422 1772 3477 1828 Si
3508 1775 3579 1827 die
3605 1777 3715 1828 tertia

2229 1878 2475 1932 aspersus
2498 1879 2607 1919 non
2644 1863 2823 1932 fuerit,
2862 1865 3083 1933 septima
3125 1880 3226 1921 non
3282 1866 3453 1934 poterit
3487 1866 3714 1920 emundari.

2231 1951 2415 2007 Omnis
2462 1954 2553 2023 qui
2610 1952 3141 2023 tetigerihhumame
3196 1955 3376 2009 animo:
3417 1954 3715 2019 morticiniuut,

2227 2053 2278 2100 et
2295 2060 2537 2117 aspersus
2576 2051 2675 2097 hac
2718 2045 3076 2099 commistione
3125 2060 3225 2098 non
3271 2043 3449 2114 fuerit,
3484 2043 3635 2113 polluit
3663 2054 3717 2097 ta-

2226 2134 2567 2190 bernaculum
2600 2133 2835 2200 Domini,
2853 2144 2902 2188 et
2927 2135 3115 2207 peribit
3140 2132 3519 2199 exlsrael,auia
3541 2150 3648 2203 aqua
3659 2150 3717 2187 ex-

2227 2225 2473 2294 piationis
2501 2241 2605 2280 non
2646 2235 2719 2281 est
2752 2241 3014 2298 aspersus.
3051 2224 3357 2279 Immundas
3383 2225 3490 2289 erit,
3522 2233 3563 2278 et
3591 2238 3719 2277 maiie-

2222 2314 2299 2372 bit
2348 2317 2603 2386 spurcitia
2648 2333 2806 2387 super
2847 2332 2992 2383 eum,
3033 2325 3144 2371 etc.
3174 2315 3272 2382 Qui
3302 2315 3532 2386 tetigerit,
3569 2314 3716 2383 inquit,

2227 2416 2518 2473 mortuum,
2569 2408 2749 2462 omnis
2793 2407 2973 2461 anima
3014 2406 3250 2462 hominis
3291 2404 3540 2463 immunda
3560 2403 3718 2458 eritss

2224 2503 2372 2565 ptem
2420 2495 2632 2552 diebus.
2670 2495 2769 2551 ilic
2798 2496 3176 2566 puriﬁcabitur
3200 2497 3283 2552 die
3326 2494 3476 2551 tertio
3498 2503 3546 2549 et
3577 2494 3720 2549 diese-

2226 2588 2414 2659 ptimo,
2449 2596 2505 2644 et
2533 2588 2845 2643 immundus
2870 2589 2993 2644 erit.
3027 2589 3101 2649 Et
3146 2589 3234 2645 hic
3259 2588 3391 2649 nihil
3415 2587 3543 2645 aliud
3576 2582 3720 2641 intelliv

2225 2680 2458 2750 gendum
2488 2679 2644 2735 video
2665 2719 2680 2745 ,
2717 2679 2820 2737 nisi
2851 2686 3163 2735 contactum
3193 2679 3383 2735 mortui
3416 2692 3521 2733 esse
3543 2672 3721 2731 hominis

2226 2769 2587 2840 iniquitatem.
2656 2768 2881 2840 Septem
2938 2784 3075 2827 vero
3133 2770 3338 2826 dierum
3397 2763 3717 2825 immunditiam

2218 2871 2446 2931 prepter
2472 2860 2708 2915 animam
2736 2869 2791 2915 et
2818 2876 3014 2935 corpus
3045 2862 3251 2916 dictum
3276 2870 3398 2933 puto
3423 2878 3435 2912 :
3476 2853 3718 2912 anixuamin

2228 2952 2486 3017 ternario,
2511 2967 2708 3022 corpus
2734 2953 2787 3007 in
2818 2955 3193 3023 quaternarlo.
3233 2950 3518 3007 Secundum
3541 2948 3643 3011 hoc,
3661 2944 3718 2999 di-

539 3015 748 3107 :atidne
793 3053 993 3117 carnis,
1046 3055 1377 3112 sacriﬁcium
1409 3057 1563 3123 ﬁdei,
1594 3015 1712 3129 spei
1743 3071 1798 3116 et
1838 3063 2121 3119 charitatis
2147 3015 2192 3076 Ο
2223 3053 2371 3096 “um
2400 3043 2641 3099 album"
2668 3056 2766 3119 Per
2792 3043 3118 3113 Prophelam
3147 3062 3160 3098 ³
3209 3043 3265 3102 ¹ί¹
3293 3042 3453 3098 "ibus
3478 3045 3722 3129 “fluam”

541 3142 839 3198 adolemus.
892 3144 1152 3215 Quisquis
1178 3162 1310 3217 ergo
1358 3150 1708 3220 semetipsum
1752 3152 1862 3207 Deo
1910 3156 2120 3210 sacrili-

538 3233 683 3286 cium
736 3234 950 3298 obtulit,
1009 3236 1055 3289 si
1090 3235 1332 3305 perl‘ecta
1375 3239 1663 3306 desideret,
1711 3252 1864 3297 curet
1896 3260 2121 3301 necesse

539 3330 626 3375 est
655 3331 713 3376 ut
739 3336 843 3377 non
870 3323 1045 3378 solum
1082 3325 1148 3379 ad
1184 3326 1521 3396 operationis
1544 3343 1600 3382 se
1633 3328 1988 3397 latitudinem,
2027 3350 2119 3389 ve—

539 3426 659 3465 rum
707 3411 873 3466 etiam
910 3413 978 3469 ad
1024 3413 1259 3473 culmina
1314 3416 1789 3488 contemplationis
1839 3425 2114 3478 extendat.

538 3496 644 3553 Sed
674 3499 818 3554 inter
848 3501 961 3557 haec
1005 3519 1331 3576 magnopere
1357 3505 1635 3561 sciendum
1663 3516 1764 3575 est,
1794 3510 1919 3581 quia
1966 3513 2119 3569 valde

536 3587 678 3645 inter
698 3605 757 3645 se
780 3589 1006 3647 diversa:
1030 3601 1158 3649 sunt
1182 3594 1593 3664 conspersiones
1621 3597 1943 3654 animarum.
1968 3600 2115 3656 Non-

534 3679 667 3738 nulli
702 3696 937 3751 namque
964 3683 1243 3739 hominum
1276 3685 1348 3741 ita
1375 3693 1502 3742 sunt
1527 3687 1713 3742 otiosae
1741 3690 1959 3755 mentis,
1990 3693 2116 3747 utsi

533 3785 627 3825 eos
659 3764 818 3825 labor
848 3773 1221 3843 occupationis
1251 3775 1504 3844 excipiat,
1554 3777 1607 3831 in
1648 3778 1763 3846 ipsa
1804 3781 1985 3849 operis
2027 3797 2120 3838 oc-

532 3862 819 3929 cupatione
845 3862 1216 3918 succumbant.
1252 3864 1320 3919 Et
1347 3866 1587 3921 nonnulli
1621 3868 1692 3920 ita
1721 3868 1946 3937 inquieti
1970 3878 2117 3938 sunt,

534 3960 594 4004 ut
620 3949 664 4004 si
700 3951 1039 4006 vacationem
1068 3952 1271 4009 laboris
1300 3955 1590 4010 habuerint
1606 3960 1828 4028 gravius
1851 3959 2116 4029 laborent,

532 4041 660 4108 quia
715 4050 866 4096 tanto
904 4044 1234 4103 detentiores
1292 4046 1471 4103 cordis
1528 4048 1789 4105 tumultus
1846 4052 2114 4117 tolerant.

533 4140 739 4202 quanto
765 4133 845 4188 eis
874 4132 1122 4189 licentius
1149 4150 1178 4189 a
1208 4136 1535 4207 cogitatione
1580 4148 1792 4194 vacant.
1829 4139 1981 4197 Unde
2029 4157 2118 4197 ne-

534 4240 690 4280 cesse
732 4234 817 4281 est
840 4233 902 4281 ut
932 4241 1031 4281 nec
1060 4226 1241 4296 quieta
1282 4244 1433 4284 IIICIIS
1477 4231 1545 4285 ad
1583 4232 2030 4288 exercitationem
2059 4252 2117 4293 se

535 4317 876 4374 inimodcrati
905 4321 1087 4392 operis
1113 4320 1322 4389 dilatet,
1362 4339 1461 4380 nec
1499 4324 1740 4395 inquieta
1776 4327 1842 4382 ad
1872 4329 2110 4385 studium
2139 4363 2190 4423 Β

531 4409 1005 4480 contemplationis
1052 4422 1321 4482 angustet.
1372 4413 1524 4484 Saepe
1553 4415 1699 4474 enim
1729 4418 1821 4488 qui
1869 4428 2113 4474 contem-

530 4497 668 4566 plari
698 4498 871 4554 Deum
917 4500 1086 4570 quieti
1132 4512 1414 4571 poterant,
1451 4507 1899 4575 occupationibus
1941 4511 2113 4579 pressi

533 4589 880 4657 ceciderunt;
932 4600 989 4647 et
1041 4606 1181 4661 saepe
1241 4593 1331 4665 qui
1376 4595 1623 4664 occupati
1672 4596 1812 4652 bene
1862 4598 2115 4654 humanis

534 4680 718 4735 usibus
766 4682 1031 4749 viverent,
1076 4683 1253 4755 gladio
1280 4699 1390 4738 suae
1438 4686 1639 4757 quietis
1665 4689 1921 4744 exstincti
1964 4700 2109 4745 sunt.

533 4767 672 4824 llinc
716 4786 949 4842 namque
977 4781 1082 4837 est,
1119 4774 1262 4843 quod
1312 4775 1552 4831 nonnulli
1596 4777 1820 4848 inquieti
1849 4780 2070 4850 spiritus
2093 4823 2110 4845 .

533 4857 659 4911 dum
706 4859 827 4929 plus
869 4863 1162 4931 exquirunt
1209 4867 1624 4940 contemplando
1673 4883 1832 4937 quam
1867 4872 2108 4941 capiunt,

533 4963 704 5017 usque
736 4948 802 5003 ad
838 4963 1092 5018 perversa
1124 4952 1372 5022 dogmata
1402 4964 1711 5025 erumpunt.
1758 4956 1823 5013 Et
1864 4959 1989 5013 dum
2020 4974 2114 5015 ve-

533 5037 711 5091 ritatis
753 5038 1003 5109 discipuli
1040 5056 1160 5096 esse
1205 5043 1483 5099 humiliter
1519 5047 1820 5119 negligant,
1866 5053 2110 5122 magistri

531 5144 776 5185 errorum
808 5130 961 5185 ﬁunt.

606 5218 884 5273 Habebunt
912 5220 1009 5277 hoc
1035 5221 1136 5290 lilii
1163 5221 1335 5277 Israel
1375 5234 1424 5278 et
1478 5227 1690 5283 advena:
1741 5232 1829 5301 qui
1872 5233 2109 5289 habitant

536 5314 670 5365 inter
697 5327 783 5366 eos
812 5323 1054 5367 sanctum
1072 5314 1197 5385 jure
1218 5326 1485 5386 perpetuo.
1520 5318 1585 5372 Et
1616 5321 1734 5377 erit.
1765 5322 1956 5393 inquit,
1983 5324 2110 5392 filiis

534 5400 706 5457 Israel
734 5412 781 5458 et
808 5403 1103 5475 proselytis,
1132 5408 1221 5477 qui
1247 5419 1601 5477 apponuntur,
1629 5410 1915 5480 legitimum
1954 5425 2108 5468 aiter-

536 5509 680 5547 nam.
718 5493 855 5561 Quid
901 5494 1045 5550 aliud
1073 5498 1330 5562 ostendit,
1364 5498 1464 5552 nisi
1514 5501 1843 5569 baptismum
1885 5502 2106 5570 Christi,

535 5597 695 5647 (piem
745 5586 1084 5658 signiﬁcabat
1132 5606 1271 5664 aqua
1328 5595 1680 5664 aspcrsion'rs,
1723 5604 1777 5650 ct
1813 5595 2011 5652 Iuda-is
2054 5607 2110 5655 et

2221 3145 2328 3184 non
2373 3132 2721 3186 adversabor.
2746 3129 3005 3202 Adiungit
3040 3142 3224 3189 autem
3252 3142 3308 3189 et
3344 3131 3499 3186 dicit:
3524 3125 3573 3183 Si
3591 3134 3720 3179 autem

2221 3236 2324 3274 non
2350 3222 2661 3291 puri/iratus
2707 3222 2865 3292 fuerit
2892 3223 2977 3277 die
3006 3226 3164 3279 tertio
3207 3235 3255 3278 et
3301 3222 3384 3277 die
3407 3222 3610 3292 septimo.
3648 3229 3721 3268 ⁸³οκ

2219 3312 2316 3364 erit
2344 3312 2592 3366 mundus.
2620 3311 2803 3367 Omnis
2825 3314 2916 3384 qui
2938 3315 3167 3385 tetigerit
3188 3315 3251 3370 ab
3272 3314 3406 3369 omni
3430 3312 3583 3365 anima
3598 3303 3722 3359 homi-

2220 3399 2302 3453 nis
2342 3409 2389 3453 et
2425 3412 2664 3458 mortuus
2711 3402 2890 3473 fuerit,
2920 3412 2969 3456 et
3019 3421 3128 3460 non
3164 3402 3327 3475 fuerit
3362 3400 3630 3473 puri/iratus
3662 3392 3721 3445 die

2217 3501 2406 3561 quarto
2434 3501 2482 3545 et
2525 3493 2581 3545 in
2616 3491 2701 3549 die
2732 3493 2972 3563 septimo,
3002 3493 3060 3548 id
3100 3503 3185 3549 est
3224 3502 3347 3548 ante
3370 3481 3723 3546 mortuusiuerit

2220 3588 2365 3636 tacto
2394 3589 2629 3647 mortuo,
2659 3597 2823 3655 quam
2853 3583 3021 3643 fuerit.
3037 3585 3379 3655 puriﬁcatus,
3403 3570 3721 3635 tabernaculum

2218 3673 2432 3731 Domini
2460 3673 2665 3745 polluit,
2698 3675 3137 3731 exterminabitur
3161 3678 3338 3730 anima
3380 3672 3466 3727 illa
3493 3685 3549 3723 ea;
3578 3661 3718 3719 Israel.

2218 3761 2523 3819 Notandum
2545 3773 2630 3819 est
2658 3766 2801 3835 quod
2825 3766 3144 3824 diﬁicillime
3166 3766 3427 3838 reperitur
3451 3763 3499 3816 in
3521 3759 3593 3814 his
3610 3752 3722 3810 libris

2217 3854 2420 3925 aliquid
2439 3856 2742 3912 evidentius
2769 3857 2835 3911 de
2863 3856 2973 3911 vita
2998 3859 3201 3913 anima:
3230 3864 3351 3927 post
3368 3860 3575 3909 mortem
3599 3845 3721 3901 fuisse

2218 3946 2609 4018 conscriptum.
2637 3944 3021 4016 Puriﬁcabitur
3049 3950 3137 4004 die
3162 3948 3394 4019 septimo,
3416 3954 3461 3999 et
3489 3938 3647 3996 (arabit
3667 3949 3721 3992 re

2216 4036 2458 4091 stimenta
2476 4054 2597 4102 sua,
2612 4048 2659 4091 et
2681 4037 2941 4092 lavabitur
2964 4055 3131 4109 aqua,
3144 4049 3192 4093 et
3208 4034 3494 4095 immundus
3505 4032 3586 4086 erit
3605 4038 3722 4096 usque

2215 4126 2283 4178 ad
2318 4141 2603 4196 vesperam.
2632 4126 2750 4180 Alia
2778 4137 2861 4182 est
2902 4143 3042 4198 aqua
3068 4126 3418 4198 aspersionis,
3443 4132 3496 4179 et
3524 4119 3612 4175 alia
3645 4114 3719 4168 uti-

2215 4231 2320 4286 que
2353 4216 2440 4272 illa
2470 4235 2576 4286 qua
2603 4219 2748 4276 lavat
2775 4219 3099 4275 vestimenta
3121 4236 3241 4275 sua.
3268 4220 3337 4273 Et
3356 4216 3720 4279 larubituraqtm.

2217 4322 2377 4380 (luam
2416 4317 2547 4379 puto
2570 4308 2869 4378 spiritalem
2899 4309 3309 4380 intelligendam
3332 4323 3427 4384 per
3448 4296 3723 4384 signiﬁcatis-

2220 4412 2366 4460 nem,
2395 4411 2503 4450 non
2530 4410 2627 4465 per
2644 4397 3052 4469 proprietatem.
3079 4398 3217 4459 Nam
3244 4383 3362 4453 sine
3381 4393 3532 4452 dubio
3551 4383 3725 4444 visibilis

2220 4495 2357 4554 erat,
2405 4488 2547 4541 sicut
2572 4488 2674 4541 illa:
2718 4502 2908 4542 omnes
2945 4491 3152 4545 umbrae
3199 4490 3513 4549 futurorum.
3547 4474 3725 4537 Proinde

2219 4580 2311 4649 qui
2339 4589 2680 4635 sacramento
2727 4579 2981 4650 baptismi
3032 4589 3185 4639 recte
3230 4579 3484 4641 abluitur,
3508 4569 3629 4645 quod
3660 4564 3725 4621 illi

2221 4673 2550 4746 aspersionis
2583 4687 2723 4745 aqua
2766 4672 3031 4743 ﬁgurabat
3051 4713 3068 4739 ,
3112 4672 3435 4736 mandatur,
3470 4676 3522 4724 et

2219 4761 2362 4829 liter,
2392 4763 2445 4817 id
2480 4770 2567 4817 est
2592 4762 2934 4819 invisibiliter
2961 4765 3015 4818 in
3048 4780 3217 4821 carne
3245 4774 3303 4820 et
3324 4766 3377 4819 in
3408 4762 3591 4823 anima,
3611 4753 3720 4807 uls"

2215 4855 2449 4909 mundus
2489 4861 2546 4909 et
2570 4868 2800 4923 corpore
2829 4864 2883 4909 et
2901 4855 3117 4927 spiritu.
3157 4855 3265 4911 Vas
3292 4853 3430 4927 quod
3456 4866 3551 4905 non
3582 4842 3719 4898 habnt-

2214 4948 2280 5000 rit
2308 4945 2608 5018 operculum
2641 4946 2716 5001 vel
2742 4946 3026 5017 ligaturam
3047 4948 3293 5019 desuper,
3320 4940 3617 5004 immundum
3633 4930 3719 4988 erit.

2213 5037 2449 5108 'l'egmen
2474 5039 2715 5109 operculi
2734 5038 2815 5092 vel
2843 5037 3072 5109 ligatura
3116 5048 3204 5094 est
3223 5050 3448 5095 censura
3467 5026 3718 5097 disciplina.

2211 5130 2337 5204 quia
2383 5129 2628 5201 quisquis
2657 5145 2761 5184 non
2792 5131 3074 5200 premitur,
3104 5132 3266 5200 quasi
3306 5144 3401 5185 vas
3444 5115 3719 5183 intnnnttlllﬂl

2215 5227 2586 5298 pollutamque
2618 5226 2958 5295 reprobatur.
2988 5224 3155 5293 Quasi
3195 5224 3343 5280 enim
3371 5236 3462 5277 vas
3488 5218 3591 5273 sine
3609 5220 3725 5278 opet"

2216 5319 2337 5374 culo
2370 5319 2453 5373 vel
2493 5319 2725 5390 ligatura
2757 5317 3035 5389 polluitur,
3084 5316 3180 5385 qui
3222 5332 3321 5386 per
3349 5312 3515 5370 studia
3541 5305 3719 5362 οειιξυω·

2218 5411 2381 5466 tionis
2405 5421 2615 5481 patens,
2644 5410 2790 5467 nullo
2815 5407 3079 5465 velamine
3110 5406 3496 5464 taciturnitatis
3518 5394 3724 5470 operit!"-

2286 5504 2345 5559 Si
2369 5506 2485 5575 quis
2511 5505 2566 5558 in
2596 5520 2725 5574 agro
2755 5504 2975 5573 tetigerit
3003 5509 3232 5557 cadaver
3260 5501 3413 5555 ori-isi
3441 5488 3635 5550 hominis
3661 5486 3725 5575 uti

2215 5611 2304 5663 per
2334 5573 2388 5650 se
2417 5595 2633 5661 mortui,
2662 5594 2765 5648 sire
2791 5609 2846 5653 os
2872 5592 3013 5647 illius
3042 5593 3118 5646 vel
3143 5601 3462 5661 septumum,
3488 5573 3729 5641 immundus
