3932 6188
226 253 337 309 709

951 249 1486 309 ENARRATIONES
1522 251 1590 308 IN
1628 254 1889 314 LIBRUM
1927 257 2388 317 NUMEROBUM.
2430 292 2497 301 —-
2534 259 2664 316 LIB.
2705 261 2768 319 11.

3395 270 3500 327 710

222 369 328 420 erit
377 372 572 435 septem
601 363 803 416 diebus.
853 363 1160 416 Secundum
1196 363 1357 417 aliam
1410 366 1701 419 editionem
1750 369 1819 422 ita
1854 373 1897 433 Α
1928 382 2149 441 propter
2183 389 2351 442 aquas
2384 376 2824 430 contrazlictionis
2857 377 3067 448 Moyses
3116 381 3337 440 oll'endit
3392 387 3499 441 Do-

224 459 433 529 legitur
461 474 474 510 :
512 456 697 510 Omnis
725 455 814 526 qui
839 456 1062 523 tetigerit
1092 472 1249 524 super
1280 455 1468 525 faciem
1501 459 1670 528 campi
1710 459 1818 513 vul-

222 559 476 605 neratum
503 556 595 600 aut
618 554 904 608 mortuum,
934 555 1024 598 aut
1052 561 1107 598 os
1137 546 1364 599 hominis
1399 556 1489 599 aut
1517 562 1819 602 monumen-

222 650 364 694 tum.
397 637 579 706 Qumri
604 644 780 706 potest
807 649 977 704 quare
1000 635 1207 688 dictum
1242 635 1329 697 sit,
1358 636 1701 691 vulneratum
1722 646 1815 692 aut

223 740 529 786 mortuum.
559 726 617 782 Si
659 726 806 781 enim
836 726 981 780 aliud
1010 724 1179 780 voluit
1213 726 1435 798 intelligi
1475 728 1813 784 vulneratum

223 830 324 875 aut
350 828 649 882 mortuum,
695 817 997 894 cavendum
1025 825 1110 871 est
1151 830 1220 870 ne
1262 826 1484 887 putetur
1509 818 1816 876 immundus

221 927 352 968 esse
384 912 549 966 etiam
577 908 670 979 qui
720 908 960 978 tetigerit
1006 907 1348 962 vulneratum
1391 910 1575 963 vivum
1623 913 1815 982 :quod

222 1004 422 1074 utique
456 999 752 1057 absurdum
780 1007 883 1054 est.
937 997 1044 1054 Sed
1093 999 1219 1068 quia
1264 1010 1493 1069 possunt
1518 1009 1572 1055 et
1615 1003 1812 1057 mortui

221 1108 353 1149 esse
380 1090 670 1153 vulnerati,
698 1090 844 1160 ipsos
871 1097 1117 1143 mor-tuos
1142 1088 1462 1159 intelligitur
1487 1092 1809 1155 decrevisse,

221 1197 288 1241 ut
315 1187 663 1241 vulneratum
691 1193 967 1239 mortuum
1003 1184 1385 1254 intelligamus,
1411 1187 1463 1239 id
1484 1195 1572 1241 est
1590 1187 1814 1242 vulnere

221 1288 593 1351 peremptum,
617 1287 713 1332 aut
732 1285 1010 1333 mortuum
1031 1279 1150 1333 sine
1163 1279 1405 1334 vulnere.
1426 1280 1729 1352 Tollentque
1747 1282 1814 1336 de

221 1373 490 1428 cineribus
514 1370 887 1426 combustionis
913 1381 1068 1441 atque
1088 1374 1309 1441 peccati,
1329 1381 1379 1426 et
1408 1374 1608 1427 mittent
1649 1390 1814 1445 aquas

220 1466 370 1518 triens
396 1480 558 1533 super
573 1480 663 1517 eos
691 1463 747 1516 in
795 1479 904 1516 vas.
937 1461 1005 1515 In
1030 1463 1217 1533 quibus
1259 1480 1376 1516 eum
1403 1466 1557 1517 homo
1587 1464 1814 1518 mundus

218 1555 443 1608 tinxerit
476 1553 787 1623 hyssopum,
832 1564 1067 1622 asperget
1118 1569 1179 1606 eo
1226 1570 1377 1607 omne
1424 1556 1726 1619 tentorium,
1766 1565 1812 1608 et

217 1659 475 1704 cunctam
502 1646 902 1717 supellectilem,
935 1658 985 1701 et
1020 1648 1256 1701 homines
1303 1648 1661 1718 hujuscemodi
1691 1666 1815 1702 ron-

1927 462 2157 525 minum,
2190 471 2242 517 et
2274 464 2591 532 prohibetur
2618 466 2851 519 transire
2877 466 3187 524 Iordanem.
3208 471 3499 531 Perturbat;

1916 558 2004 606 tus
2053 552 2197 607 enim
2233 569 2513 608 murmure
2540 555 2742 625 populi,
2776 557 3089 614 dubitanter
3135 570 3345 631 petram
3375 582 3500 636 per-

1914 645 2086 698 cussit
2108 645 2277 716 virga,
2302 648 2457 715 quasi
2491 646 2619 699 illud
2656 663 2760 702 nou
2801 658 2983 717 posset
3014 651 3157 707 Deus
3193 651 3397 722 facere,
3443 669 3499 721 ut

1916 748 2055 802 aqua
2103 736 2170 789 de
2219 744 2367 805 petra
2417 736 2728 805 proliuerct,
2779 741 2923 809 quod
2973 749 3099 796 ante
3124 741 3236 811 jam
3275 746 3499 803 fecerat.

1915 823 2054 889 Quid
2069 839 2199 894 ergo
2230 826 2318 880 hic
2342 826 2473 881 ﬁdes
2500 827 2665 898 Moysi
2698 829 3116 901 insinuat,qnod
3139 834 3190 888 in
3215 853 3410 905 aquam
3434 838 3503 894 de

1913 924 2068 985 petra
2089 916 2408 986 ejiciendam
2435 919 2782 976 titubaverit?
2804 922 2954 979 llane
2973 907 3311 997 prophetiam
3337 929 3504 987 fuisse

1916 1005 1984 1059 de
2019 1004 2237 1061 Christo
2286 1018 2434 1063 recte
2491 1010 2860 1081 intelligimus.
2925 1014 3059 1068 Dum
3094 1018 3236 1072 enim
3292 1020 3503 1092 Moyses

1916 1096 1970 1151 in
2002 1097 2298 1168 Scripturis
2336 1102 2539 1156 sanctis
2566 1102 2727 1158 aliam
2769 1111 2932 1174 atque
2980 1106 3139 1161 aliam
3169 1125 3267 1178 pro
3298 1127 3356 1164 re
3405 1112 3503 1167 ali-

1915 1203 2021 1241 uua
2051 1188 2406 1258 signiﬁcanda
2437 1206 2723 1260 personam
2749 1204 2923 1264 gerat,
2953 1212 3096 1252 nunc
3120 1208 3294 1254 tamen
3320 1203 3504 1273 populi

1915 1276 2221 1334 Iudaeorum
2266 1280 2367 1335 sub
2402 1281 2517 1352 lege
2539 1283 2698 1355 positi
2732 1300 3015 1354 personam
3055 1289 3318 1359 gerebat,
3348 1308 3502 1347 eum-

1916 1382 2023 1436 que
2081 1369 2296 1424 interim
2351 1372 2664 1443 prophctica
2719 1377 3157 1443 pronuntiatione
3214 1380 3498 1452 figurabat.

1916 1456 2051 1512 Nam
2087 1458 2228 1513 sicut
2260 1460 2487 1532 Moyses,
2525 1472 2735 1532 petram
2761 1466 2910 1541 virga
2948 1471 3277 1539 percutiens,
3309 1475 3374 1527 dc
3405 1476 3500 1529 Dei

1917 1551 2115 1605 virtute
2158 1552 2449 1617 dubitavit,
2489 1554 2560 1608 ita
2593 1556 2681 1610 ille
2731 1559 2961 1627 populus
2989 1561 3080 1631 qui
3122 1563 3221 1616 sub
3251 1562 3367 1634 lege
3401 1580 3499 1634 per

1918 1642 2136 1714 Moysen
2167 1644 2289 1700 data
2327 1646 2629 1712 tenebatur,
2662 1646 2937 1707 Christum
2970 1651 3113 1723 ligno
3168 1655 3349 1710 crucis
3388 1656 3504 1709 alli-

216 1742 439 1810 tagione
485 1738 733 1809 pollutos,
785 1748 941 1809 atque
968 1738 1064 1792 hoc
1110 1736 1265 1791 modo
1305 1737 1534 1792 mundus
1572 1737 1814 1791 lustrabit
1844 1738 1889 1795 B
1918 1747 2069 1805 gens,
2100 1751 2222 1789 cum
2250 1737 2503 1791 virtutem
2534 1737 2626 1791 Dei
2661 1753 2779 1797 esse
2810 1757 2913 1795 non
2938 1742 3188 1798 credidit.
3222 1743 3330 1801 Sed
3364 1748 3505 1802 sicut

216 1828 564 1884 immundum
589 1828 744 1882 tertio
775 1835 825 1881 et
850 1827 1070 1895 septimo
1090 1826 1177 1880 die
1203 1839 1222 1878 :
1255 1827 1595 1899 ultimusque
1614 1826 1700 1881 die
1733 1844 1814 1881 se-

216 1921 414 1992 primo,
443 1918 637 1973 levabit
663 1935 720 1973 se
747 1927 795 1972 et
827 1917 1131 1972 vestimenta
1155 1934 1275 1979 sua,
1301 1928 1349 1971 et
1374 1917 1676 1983 immundus
1717 1919 1815 1972 erit

218 2024 395 2080 usque
437 2008 508 2061 ad
556 2022 846 2078 uesperam,
872 2015 980 2061 etc.
1021 2004 1176 2073 Quod
1221 2021 1352 2061 vero
1398 2007 1635 2078 hyssopo
1676 2006 1815 2062 dixit

219 2114 427 2169 aquam
450 2098 782 2169 aspersionis
805 2096 1039 2166 aspergi,
1063 2110 1183 2164 qum
1208 2096 1373 2151 herba
1393 2110 1556 2166 supra
1580 2097 1816 2152 diximus

221 2193 388 2248 ﬁdem
421 2190 743 2262 signiﬁcari,
773 2190 903 2259 quid
931 2188 1077 2244 aliud
1103 2189 1365 2253 occurrit,
1387 2188 1491 2243 nisi
1514 2190 1658 2259 quod
1681 2190 1817 2245 scri-

219 2292 378 2355 ptum
404 2289 516 2345 est,
539 2279 644 2349 ﬁde
663 2280 925 2334 mundam
946 2279 1106 2333 corda
1134 2278 1355 2333 eorum?
1383 2278 1507 2332 Non
1533 2280 1671 2333 enim
1692 2296 1816 2349 pro-

219 2375 339 2429 dest
367 2373 658 2443 baptismus
686 2371 731 2426 si
757 2371 889 2426 desit
919 2370 1052 2440 ﬁdes
1079 2369 1217 2437 (Act.
1265 2368 1376 2441 xv).
1414 2368 1460 2422 Α
1488 2369 1607 2423 viro
1633 2377 1812 2424 autem

223 2466 434 2520 mtindo
466 2466 604 2519 dixit
625 2465 727 2519 hoc
754 2464 869 2519 ﬁeri
903 2464 993 2519 ubi
1020 2462 1400 2534 signiﬁcantur
1434 2464 1669 2518 ministri
1693 2479 1817 2533 por-

224 2567 413 2614 tantes
447 2572 735 2628 personam
790 2556 1003 2611 Domini
1030 2555 1134 2619 sui,
1182 2555 1274 2625 qui
1301 2569 1431 2611 vere
1456 2556 1540 2610 vir
1583 2556 1814 2610 mundus

222 2659 332 2706 est.
373 2649 511 2704 Nam
557 2650 624 2704 de
653 2649 739 2704 bis
767 2649 1035 2703 ministris
1066 2646 1119 2701 in
1154 2648 1616 2717 consequentibus
1636 2647 1769 2700 dicit
1795 2660 1812 2701 :

227 2743 299 2797 Et
332 2744 425 2814 qui
455 2744 891 2811 circumasperget
920 2755 1112 2810 aquam
1139 2739 1483 2809 aspersionis,
1513 2724 1706 2792 Iuvabit
1732 2754 1816 2792 re-

225 2834 474 2888 stituente
496 2848 616 2895 sua,
642 2831 695 2884 id
719 2838 824 2894 est,
856 2829 1169 2884 observabit
1192 2838 1247 2884 et
1273 2844 1502 2898 corpus;
1544 2836 1599 2881 et
1622 2828 1712 2898 qui
1744 2837 1815 2881 te-

223 2923 403 2993 tigerit
431 2936 624 2991 aquam
648 2920 985 2990 aspersionis,
1013 2918 1316 2973 immundus
1339 2919 1435 2972 erit
1463 2934 1626 2988 usque
1645 2918 1713 2970 ad
1733 2934 1815 2971 ve-

224 3030 434 3085 speram
459 3030 477 3066 :
507 3024 555 3066 et
586 3028 736 3066 entne
757 3011 1101 3083 quodcunque
1123 3011 1346 3081 tetigerit
1373 3008 1458 3064 ille
1487 3009 1812 3075 insanandus,

1916 1839 2173 1895 percussa
2201 1833 2354 1895 petra
2384 1828 2624 1883 manavit
2649 1844 2842 1900 aquam
2872 1832 3178 1889 sitientibus
3199 1874 3213 1900 ,
3244 1836 3322 1890 sic
3346 1836 3502 1909 plaga

1920 1910 2214 1968 Dominica:
2259 1914 2550 1983 passionis,
2601 1917 2792 1974 eliceta
2838 1931 2922 1974 est
2967 1921 3077 1976 vita
3128 1925 3501 1983 credentibus.

1917 2001 2186 2058 Habemus
2241 2003 2387 2059 enim
2429 2004 2497 2061 de
2535 2008 2639 2061 hac
2687 2023 2746 2062 re
2795 2009 3264 2078 praeclarissimam
3315 2030 3502 2071 vocem

1917 2094 2291 2163 apostolicam,
2339 2111 2461 2150 cum
2499 2095 2623 2151 inde
2676 2097 2992 2168 loqueretur
3048 2100 3233 2156 dicens
3278 2120 3291 2155 :
3340 2100 3502 2159 Petra

1916 2194 2091 2238 autem
2127 2194 2238 2238 erat
2270 2183 2510 2241 Christus
2545 2186 2597 2260 (1
2631 2184 2755 2243 Cor.
2790 2187 2868 2256 Χ).
2900 2187 3049 2245 Hanc
3074 2205 3202 2262 ergo
3230 2193 3502 2249 carnalem

1916 2274 1983 2329 de
2011 2273 2211 2330 Christi
2236 2276 2519 2332 divinitate
2550 2279 3000 2348 desperationem,
3030 2281 3084 2336 in
3109 2282 3277 2352 ipsius
3299 2283 3500 2340 Christi

1916 2363 2197 2421 altitudine
2213 2365 2355 2421 Deus
2377 2367 2512 2421 mori
2530 2367 2702 2437 jubet,
2722 2386 2844 2425 cum
2869 2382 3098 2427 mortem
3121 2376 3306 2429 carnis
3327 2375 3499 2447 Moysi

1917 2456 1971 2510 in
2014 2465 2195 2512 monte
2227 2459 2457 2530 imperat
2483 2460 2619 2516 ﬁeri.
2656 2461 2809 2517 Sicut
2835 2465 2979 2519 enim
3012 2474 3163 2534 petra
3213 2468 3499 2535 Christus,

1918 2546 1991 2600 ita
2019 2556 2073 2601 et
2107 2564 2262 2603 mons
2289 2549 2557 2607 Christus.
2590 2546 2752 2608 Petra
2776 2554 2994 2610 humilis
3033 2555 3308 2622 fortitudo,
3342 2575 3501 2616 mons

1917 2639 2163 2695 eminens
2192 2643 2505 2712 magnitudo
2539 2662 2551 2697 :
2582 2644 2705 2714 quia
2735 2646 2875 2701 siem
2898 2645 3190 2718 Apostolus
3219 2649 3315 2714 ait,
3346 2660 3499 2720 petra

1918 2739 2099 2784 autem
2122 2739 2239 2785 erat
2268 2731 2519 2787 Christus
2541 2774 2556 2800 ,
2592 2734 2665 2788 ita
2693 2734 2809 2805 ipse
2850 2735 3113 2792 Dominus
3138 2755 3150 2791 :
3188 2737 3311 2793 Non
3337 2749 3502 2809 potest

1918 2822 2101 2874 civitas
2131 2822 2380 2876 abscondi
2408 2841 2562 2895 super
2600 2835 2828 2880 montem
2872 2828 3175 2892 constituta,
3210 2843 3269 2884 se
3294 2829 3505 2886 scilicet

1919 2924 2178 2975 montem.
2218 2915 2402 2970 ﬁdeles
2448 2925 2628 2970 autem
2670 2933 2797 2973 suos
2847 2918 2898 2972 in
2926 2919 3010 2974 sui
3055 2921 3288 2976 nominis
3335 2921 3504 2993 gloria

1921 3002 2193 3069 fundatus,
2223 3019 2476 3059 asserens
2502 3006 2798 3061 civitatem.
2829 3005 3119 3063 Prudentia
3157 3012 3300 3065 enim
3325 3013 3509 3067 carnis

223 3083 563 3158 immundum
591 3102 688 3156 erit
730 3114 747 3152 :
777 3110 826 3154 et
873 3101 1073 3165 anima,
1098 3116 1217 3171 qua:
1255 3100 1500 3171 tetigerit,
1542 3101 1813 3155 immunda
1842 3083 1887 3144 (ἶ
1923 3096 2070 3182 vivit,
2104 3112 2227 3149 cum
2258 3105 2516 3167 tanquam
2548 3106 2700 3167 petra
2735 3114 3014 3168 percussa,
3044 3099 3244 3156 Christi
3287 3103 3507 3157 humili-

219 3196 325 3250 erit
353 3210 518 3268 usque
539 3194 610 3246 ad
634 3208 915 3264 vesperam.

804 3282 1032 3338 CAPUT
1081 3282 1246 3337 XXV.

222 3378 304 3432 De
336 3377 594 3431 seditione
621 3375 989 3431 Israelitarum
1030 3374 1100 3428 ad
1146 3391 1337 3444 aquam
1361 3375 1810 3430 eantradirtionis.

297 3467 456 3537 (Car.
486 3466 603 3537 xx.)
646 3464 1004 3537 Veneruntque
1031 3466 1132 3534 filii
1162 3464 1354 3529 Israel,
1388 3475 1435 3519 et
1465 3468 1634 3520 omnis
1677 3465 1814 3520 mul-

218 3560 395 3611 titudo
427 3559 482 3610 in
511 3557 714 3611 deserto
735 3556 852 3620 Sin,
875 3572 1048 3609 mense
1073 3557 1285 3626 prima;
1306 3566 1352 3610 et
1372 3557 1566 3610 mansit
1590 3558 1813 3626 populus

220 3651 277 3704 in
304 3650 500 3703 Cades.
530 3649 841 3720 Mortuaque
860 3659 935 3703 est
955 3648 1025 3702 ibi
1051 3648 1244 3713 Maria,
1268 3659 1316 3703 et
1339 3649 1540 3720 sepulta
1564 3649 1618 3702 in
1633 3649 1812 3702 eodem

220 3740 364 3793 loco.
412 3739 647 3810 Cumque
692 3739 943 3810 indigeret
1000 3755 1138 3809 aqua
1171 3738 1423 3809 populus,
1457 3739 1692 3792 coierunt
1718 3737 1815 3790 ad-

220 3846 436 3884 uersum
460 3828 675 3900 Moysen
705 3840 753 3884 et
786 3831 987 3894 Aaron,
1016 3840 1064 3885 et
1094 3831 1228 3884 uersi
1264 3831 1317 3884 in
1335 3829 1640 3884 seditionem
1665 3830 1813 3883 dixe-

221 3930 354 3974 runt
386 3935 405 3973 :
438 3916 650 3973 Utinam
677 3919 991 3990 perissemus
1021 3920 1159 3972 inter
1178 3917 1370 3988 fratres
1403 3928 1608 3972 nostros
1635 3934 1812 3972 coram

222 4011 459 4066 Domino
480 4011 501 4065 !
523 4009 633 4065 Cur
654 4011 908 4066 eduxistis
936 4010 1207 4065 ecclesiam
1235 4009 1444 4065 Domini
1479 4012 1535 4066 in
1563 4010 1812 4065 solitudi-

224 4119 369 4167 nem,
402 4114 459 4157 ut
486 4113 534 4159 et
572 4120 671 4160 nos
690 4113 739 4158 et
774 4105 1021 4175 jumenta
1057 4113 1236 4159 nostra
1264 4106 1558 4158 moriamur
1584 4105 1609 4158 ?
1634 4102 1813 4170 Quare

225 4194 427 4262 fecistis
467 4211 562 4248 nos
602 4196 884 4249 ascendere
904 4195 969 4248 de
990 4193 1242 4265 rEgypto,
1261 4202 1311 4248 et
1332 4195 1630 4250 adduxistis
1656 4196 1711 4249 in
1735 4195 1815 4249 lo-

222 4299 349 4337 eam
395 4265 561 4337 istum
596 4284 898 4353 pessimum,
948 4285 1037 4351 qui
1085 4285 1189 4338 seri
1235 4300 1341 4339 non
1368 4294 1553 4354 potest,
1601 4286 1690 4355 qui
1722 4296 1814 4337 nec

223 4375 390 4443 ﬁcum
427 4375 616 4445 gignit,
646 4389 738 4428 nec
773 4374 973 4437 vineas,
999 4390 1090 4428 nec
1130 4374 1271 4429 mala
1298 4376 1567 4445 grauata?
1589 4374 1816 4445 Insuper

222 4476 273 4520 et
312 4482 510 4536 aquam
538 4482 641 4519 non
666 4466 819 4520 habet
847 4465 917 4521 ad
948 4465 1249 4520 bibendum.
1292 4464 1570 4536 Ingressus
1605 4466 1812 4535 Moyses

223 4568 272 4613 et
314 4558 499 4612 Aaron
532 4558 754 4612 dimissa
778 4558 1115 4613 multitudine
1146 4557 1545 4613 tabernaculum
1580 4558 1812 4627 waeris,

223 4657 545 4702 corruerunt
603 4650 756 4718 proni
801 4649 854 4702 in
904 4659 1119 4712 terram,
1149 4657 1197 4703 et
1232 4649 1474 4720 apparuit
1503 4648 1672 4719 gloria
1707 4648 1815 4703 Do-

226 4736 359 4791 mini
383 4751 543 4806 super
587 4752 697 4801 eos,
744 4745 850 4792 etc.
884 4735 1179 4793 Tricesima
1211 4739 1373 4794 tertia
1414 4739 1624 4793 mansio
1648 4746 1732 4794 est
1760 4740 1812 4795 in

225 4828 450 4881 deserto
470 4825 571 4882 Sin
602 4844 617 4882 :
656 4828 773 4883 hinc
799 4835 886 4882 est
917 4827 1109 4885 Cades.
1139 4827 1237 4885 Sin
1275 4838 1458 4885 autem
1485 4831 1813 4901 interpreta-

227 4924 322 4970 tur
338 4927 524 4971 sancta
548 4930 567 4969 :
601 4925 787 4989 tmpus
806 4933 904 4989 per
931 4920 1311 4991 antiphrasim,
1332 4921 1472 4976 sicut
1493 4920 1666 4986 lucus,
1694 4936 1817 4977 cum

226 5011 457 5065 minime
476 5011 695 5067 luceat:
727 5022 784 5067 et
799 5012 1185 5084 bellum,quo;l
1218 5023 1394 5069 tamen
1417 5015 1488 5070 sit
1512 5014 1817 5069 horridum.

224 5101 288 5156 in
320 5101 425 5157 hac
450 5103 735 5159 mansione
763 5104 993 5159 moritur
1015 5104 1181 5159 Maria
1209 5112 1266 5160 et
1288 5105 1564 5176 sepelitur.
1597 5106 1824 5162 Videtur

226 5191 287 5247 in
339 5190 505 5247 Maria
551 5195 838 5264 prophetia
894 5204 1143 5261 mortua;
1198 5196 1252 5251 in
1286 5196 1465 5268 Moyse
1512 5206 1566 5253 ct
1614 5198 1818 5263 Aaron,

224 5282 379 5355 quod
403 5282 507 5355 legi
545 5293 603 5340 et
650 5286 956 5343 sacerdotio
1000 5285 1308 5341 luti-norum
1357 5289 1481 5343 linis
1532 5289 1818 5361 impositus

224 5374 304 5430 sit
338 5376 527 5444 :quod
576 5390 679 5431 nec
706 5375 810 5446 ipsi
841 5376 909 5430 ad
940 5384 1143 5431 terram
1194 5379 1628 5447 repromissionis
1670 5387 1817 5432 tran-

224 5466 496 5522 seendere
540 5467 780 5533 valeant,
833 5482 937 5523 nec
965 5469 1276 5524 credentem
1308 5469 1563 5539 populum
1595 5469 1661 5524 de
1690 5470 1818 5524 soli-

225 5561 421 5616 tudine
445 5560 602 5632 hujus
632 5559 813 5616 smculi
843 5560 1092 5625 educere,
1127 5561 1227 5615 nisi
1254 5560 1401 5617 solus
1420 5559 1601 5625 Iesus,
1629 5561 1681 5616 id
1710 5570 1814 5627 est,

224 5652 503 5717 Salvator,
541 5668 705 5707 verus
730 5650 827 5706 Dei
861 5650 1048 5707 Filius.
1082 5650 1138 5705 lu
1190 5652 1292 5707 hac
1319 5651 1485 5707 etiam
1534 5652 1816 5707 mansione

1920 3197 2001 3244 tas
2031 3190 2081 3243 in
2109 3203 2269 3243 cruce
2300 3191 2688 3245 contemnitur.
2718 3190 2968 3247 Christus
2994 3193 3286 3248 cruciﬁxus
3312 3192 3509 3251 inda-is

1916 3280 2228 3335 scandalum
2259 3289 2362 3345 est,
2395 3282 2643 3351 gentibus
2682 3291 2864 3337 autent
2895 3282 3147 3349 stultitia,
3172 3294 3227 3340 et
3274 3285 3508 3354 pruden-

1921 3376 1995 3428 tia
2045 3374 2227 3429 carnis
2253 3376 2499 3441 moritur,
2530 3392 2654 3431 cum
2688 3385 2943 3448 tanquam
2969 3379 3168 3433 montis
3191 3379 3506 3444 eminentia,

1916 3467 2167 3522 Christus
2199 3467 2447 3522 extelsus
2476 3469 2806 3538 agnoscitur.
2833 3468 2967 3538 Ipsis
2993 3470 3137 3524 enim
3162 3471 3369 3525 vocatis
3407 3469 3504 3524 Ju-

1915 3556 2048 3611 daris
2091 3566 2145 3610 et
2174 3556 2405 3620 Graecis,
2448 3556 2698 3612 Christus
2739 3558 2832 3612 Dei
2861 3559 3033 3614 virtus
3070 3567 3125 3613 ct
3165 3558 3260 3614 Dei
3288 3560 3505 3631 sapien—

1917 3647 1992 3702 tia
2020 3655 2122 3702 est.

1988 3736 2220 3808 Cumque
2248 3736 2494 3792 elevasset
2530 3737 2734 3809 Moyses
2760 3755 2996 3805 manum,
3026 3739 3319 3808 rercutiens
3359 3741 3505 3810 virga

1916 3825 1993 3883 bis
2019 3828 2237 3892 silicem,
2261 3845 2480 3899 egressa?
2504 3840 2621 3883 sunt
2650 3846 2799 3900 aqum
2822 3828 3155 3900 largissime,
3178 3831 3251 3885 ita
3276 3840 3329 3883 ut
3349 3848 3507 3901 popu-

1916 3920 1999 3974 lus
2029 3919 2220 3975 biberet
2251 3929 2298 3974 et
2323 3921 2588 3992 jumenta.
2641 3921 2749 3991 (be
2795 3922 3133 3993 Augustino.)
3193 3920 3505 3993 Signiﬁcatu

1917 4020 2149 4083 estergo
2179 4011 2244 4066 de
2280 4011 2496 4066 Christo
2526 4011 2798 4082 profluens
2846 4014 3017 4084 gratia
3066 4013 3345 4085 spiritalis,
3398 4029 3504 4083 qua

1919 4098 2145 4154 interior
2182 4100 2301 4154 sitis
2341 4100 2679 4172 irrigarctur.
2714 4100 2821 4156 Sed
2859 4103 2999 4171 quod
3028 4102 3179 4174 virga
3206 4110 3358 4173 petra
3383 4116 3508 4172 pce-

1917 4193 2141 4256 cutitur,
2167 4208 2300 4247 crux
2320 4191 2521 4247 Christi
2551 4192 2833 4264 ﬁguratur.
2864 4193 3035 4263 Ligno
3055 4194 3199 4247 enim
3246 4192 3503 4251 acceden-

1920 4294 1971 4340 te
2003 4285 2071 4339 ad
2098 4292 2332 4355 petram,
2360 4285 2533 4356 gratia
2564 4286 2822 4339 manavit.
2857 4285 2924 4339 Et
2950 4285 3092 4355 quod
3140 4285 3227 4339 hic
3263 4285 3498 4354 percuti~

1921 4382 2027 4439 tur,
2050 4374 2353 4431 evidentius
2400 4375 2668 4443 signiﬁcat
2696 4389 2934 4430 crucem.
2966 4375 3082 4429 Duo
3127 4375 3323 4446 quippe
3351 4374 3499 4446 ligna

1920 4474 2047 4521 sunt
2078 4481 2234 4520 crux.

1993 4559 2137 4614 Dixit
2169 4558 2420 4613 Dominus
2446 4558 2516 4612 ad
2541 4557 2756 4628 Moysen
2775 4569 2822 4611 et
2848 4555 3025 4610 Aaron
3056 4569 3074 4607 :
3103 4554 3241 4622 Quia
3272 4572 3372 4610 non
3394 4573 3503 4613 cre.

1919 4650 2129 4705 didistis
2164 4649 2312 4715 mihi,
2340 4660 2394 4703 ut
2424 4647 2822 4720 sanctiﬁcarctis
2854 4665 2932 4701 me
2954 4663 3131 4701 coram
3155 4647 3281 4715 ﬁliis
3309 4644 3503 4722 Israel,

1919 4756 2024 4793 non
2042 4739 2379 4793 iutroducetis
2401 4740 2494 4793 hos
2525 4737 2742 4809 populos
2770 4739 2823 4791 in
2847 4747 3060 4800 terram,
3082 4752 3241 4806 quant
3262 4737 3335 4790 eis
3361 4737 3503 4791 dedi.

1923 4826 2053 4883 lIa'c
2081 4837 2157 4881 est
2201 4844 2340 4898 aqua
2374 4825 2825 4891 contradictionis,
2856 4825 2944 4879 ubi
2986 4825 3196 4895 jurgati
3245 4835 3365 4881 sunt
3405 4826 3505 4895 filii

1923 4917 2094 4973 Israel
2143 4927 2327 4971 contra
2377 4916 2680 4982 Dominum,
2711 4926 2759 4971 et
2787 4916 3145 4986 sancti/iectus
3181 4926 3255 4970 est
3303 4917 3360 4972 in
3405 4919 3502 4972 eis.

1924 5009 2078 5077 Quod
2120 5010 2187 5065 de
2215 5025 2352 5080 aqua
2384 5010 2504 5076 illa,
2552 5025 2670 5079 qme
2709 5010 2773 5064 de
2802 5019 2953 5080 petra
3006 5006 3261 5080 proﬂuxit
3302 5009 3503 5064 dictum

1923 5110 2022 5163 est,
2052 5103 2167 5156 haec
2204 5111 2288 5155 est
2327 5115 2467 5171 aqua
2515 5100 2984 5166 contradictioais,
3032 5101 3120 5155 ubi
3148 5101 3348 5171 jurgati
3379 5107 3507 5156 sunt

1926 5193 2020 5247 ﬁlii
2054 5192 2218 5248 lsracl
2268 5204 2455 5248 contra
2490 5194 2794 5259 Dominum,
2824 5193 2937 5249 sive
2971 5192 3126 5262 juxta
3155 5194 3230 5258 id,
3261 5194 3403 5264 quod
3450 5192 3504 5246 in

1925 5287 2045 5341 aliis
2065 5286 2467 5357 exemplaribus
2504 5287 2754 5352 habetur,
2789 5287 3180 5342 maledixerunt
3219 5285 3311 5339 ﬁlii
3342 5282 3504 5337 lsrael

1927 5387 2054 5433 ante
2083 5376 2390 5441 Dominum,
2423 5385 2479 5430 et
2520 5377 2892 5431 sanctiﬁcatas
2944 5386 3026 5430 est
3071 5376 3125 5429 in
3182 5373 3328 5442 ipsis,
3355 5370 3506 5440 prius

1928 5469 2367 5532 maledixerunt,
2418 5468 2632 5538 quando
2680 5466 2843 5522 locuti
2896 5476 3021 5520 sunt
3070 5474 3258 5520 contra
3300 5458 3504 5515 beneﬁ-

1927 5562 2070 5617 cium
2101 5560 2333 5621 Domini,
2359 5573 2465 5629 quo
2490 5557 2667 5612 educti
2698 5566 2851 5610 erant
2873 5557 2938 5609 de
2960 5554 3222 5623 1Egypto;
3245 5560 3297 5604 et
3324 5559 3506 5619 postea

1927 5651 2300 5708 sanctiﬁcatus
2332 5661 2415 5706 est
2464 5650 2516 5705 in
2570 5649 2726 5718 ipsis,
2754 5662 2874 5702 cum
2924 5646 3013 5701 illo
3049 5643 3311 5699 miraculo
3355 5657 3507 5712 aqua:
