3932 6188
488 260 588 317 'Ill
981 275 984 278 ~
1133 238 1197 292 Β.
1245 228 1491 293 MBAN]
1533 223 1749 283 MAUPJ
1781 214 2107 278 ARCUIEP.

2217 201 2459 265 )GUNT.
2497 188 2785 255 ορειιυιι
2822 184 3001 242 PARS
3040 184 3078 238 Ι.
3597 179 3685 235 ἨΞ

490 367 829 447 proﬁuentis,
859 376 977 432 eius

493 430 599 522 duo
621 430 821 535 genera
842 430 1118 510 hominum
1149 439 1559 503 demonstravit,
1598 445 1654 490 et
1693 430 2069 488 contradicen-

496 516 846 620 gratim
891 542 1007 606 Dei,
1038 547 1092 593 et
1115 529 1523 607 percipientium
1555 524 1785 595 gratiam
1828 516 2030 575 Christi
2051 553 2069 581 ,

503 656 2062 716 _______________._______.....___

2176 417 2312 473 Nam
2331 421 2388 470 et
2415 411 2482 465 de
2504 409 2622 478 ipso
2654 401 2883 457 Domino
2918 398 2972 451 in
3011 391 3298 464 Evangelia
3338 390 3547 460 legitur:
3573 389 3667 444 Et'

2176 510 2383 565 sianum
2403 500 2489 557 cui
2527 494 2916 554 contradicetur
2947 487 3097 562 (Luc.
3123 485 3209 557 ιι).
3652 392 3705 565 τ

2175 510 2383 581 signum
2403 500 2489 557 cui
2527 494 2916 554 contradicetur
2947 487 3097 562 (Luc.
3123 485 3209 557 ιι).

2063 641 2637 671 *μ

1739 765 2043 847 LIBER
2113 749 2592 837 TERTIUS.

1017 1020 1243 1080 CAPUT
1277 1010 1566 1075 PRIMUM.

505 1153 582 1213 De
610 1150 832 1206 transitu
857 1144 1086 1215 ﬁliorum
1117 1136 1286 1194 Israel
1317 1154 1351 1215 a_
1377 1131 1558 1214 Gades.
1585 1114 2075 1215 innmontemA-Hor,

604 1197 871 1291 $275955
898 1197 1077 1268 eorum
1123 1218 1277 1279 atque
1305 1203 1520 1260 victoria
1540 1201 1596 1254 in
1621 1197 1974 1257 Chananwos.

574 1334 726 1404 (CAP.
758 1326 850 1399 xx)
888 1323 1029 1379 Misit
1049 1323 1245 1375 interea
1274 1314 1482 1371 nuntios
1512 1310 1716 1380 Moyses
1737 1308 1800 1359 de
1827 1300 1996 1357 Gades
2019 1295 2089 1350 ad

506 1395 676 1495 regem
710 1395 902 1480 Edoni,
933 1415 1020 1486 qui
1044 1412 1276 1466 dicerent
1301 1423 1319 1461 :
1346 1404 1477 1458 Haec
1516 1399 1734 1455 mandat
1758 1395 1927 1465 Tra'ter
1967 1401 2089 1444 tuus

508 1482 699 1570 Israel.
747 1508 900 1565 Nosti
942 1482 1145 1561 omnem
1185 1501 1415 1555 laborem
1460 1495 1548 1569 qui
1593 1482 1929 1562 apprehendit
1970 1494 2088 1547 nos,

506 1602 765 1676 quomodo
788 1596 1163 1653 descenderunt
1201 1600 1378 1662 patres
1407 1585 1576 1642 nostri
1606 1584 1661 1636 in
1688 1579 2001 1649 Egyptum,
2043 1580 2091 1625 et

510 1670 917 1749 Itabitaverimus
969 1685 1041 1739 ibi
1086 1682 1252 1737 multo
1290 1692 1539 1749 tempore,
1577 1670 1956 1745 amixerintque
1996 1678 2093 1717 nos

512 1780 732 1853 zEggpti
759 1789 807 1833 et
849 1785 1022 1848 patres
1053 1783 1276 1837 nostros,
1315 1779 1363 1823 et
1402 1765 1662 1838 quomodo
1695 1757 2094 1815 clamat-erimus

507 1874 583 1929 ad
610 1870 894 1927 Dominum
936 1875 985 1921 et
1022 1862 1317 1919 exaudierit
1355 1875 1471 1921 nos,
1504 1853 1805 1922 miseritque
1828 1843 2094 1916 angelum,

516 1967 608 2037 qui
630 1963 868 2018 eduxerit
895 1973 987 2013 nos
1011 1957 1085 2010 de.
1104 1952 1356 2024 Afggpto.
1386 1948 1521 2001 Ecce
1540 1945 1595 1997 in
1616 1941 1740 1995 urbe
1762 1936 1953 2000 Gades,
1981 1948 2098 2004 quae

515 2067 592 2112 est
627 2055 683 2109 in
723 2051 967 2107 extremis
1020 2045 1214 2117 finibus
1260 2042 1364 2095 tuis
1407 2037 1585 2111 positi,
1623 2033 1990 2092 obsecramus,
2040 2032 2099 2079 ut

517 2145 663 2201 nobis
685 2142 915 2197 transire
938 2138 1090 2192 liceat
1113 2150 1206 2205 per
1230 2142 1425 2185 terram
1451 2137 1618 2181 tuam.
1646 2122 1769 2177 Non
1797 2120 1985 2174 ibimus
2010 2131 2102 2187 per

515 2252 694 2308 agros,
731 2245 823 2286 nec
872 2245 965 2300 per
984 2228 1180 2282 vineas.
1230 2219 1352 2275 Non
1388 2217 1617 2273 bibemus
1648 2227 1812 2283 aquas
1833 2209 1897 2263 de
1933 2205 2102 2279 puteis

518 2327 648 2390 tuis,
684 2321 995 2395 gradiamu‘r
1014 2316 1093 2370 via
1114 2311 1344 2385 publica,
1371 2308 1534 2361 donec
1563 2314 1891 2357 transeamus
1922 2293 2103 2350 termi-

521 2431 616 2469 nos
636 2387 777 2477 tuos,
811 2419 865 2466 et
892 2406 989 2462 rel.
1022 2403 1174 2472 Quod
1214 2403 1359 2457 inter
1386 2396 1637 2453 mandata
1669 2392 1877 2463 Moyses
1898 2387 1968 2443 ad
2014 2401 2104 2441 re-

523 2513 645 2577 gem
678 2501 848 2556 Edom
870 2497 1001 2551 dicit
1029 2496 1171 2549 inter
1208 2498 1427 2553 cmtera,
1456 2500 1619 2556 neque
1660 2480 1888 2537 bibemus
1915 2490 2106 2548 aquam

529 2572 754 2656 delacu,
791 2585 1198 2658 intelligendum
1226 2590 1311 2637 est
1337 2579 1525 2651 gratis,
1572 2577 1625 2632 id
1674 2582 1781 2638 est,
1814 2572 1941 2642 quia
2002 2581 2109 2622 non

528 2682 700 2755 gratis
748 2680 1017 2736 bibemus.
1070 2674 1221 2742 Quod
1268 2681 1457 2742 postea
1514 2664 1827 2722 manifestat
1879 2661 2108 2716 dicens:

531 2773 632 2827 Sin
667 2779 841 2823 autem
883 2766 949 2820 de
983 2781 1120 2836 aqua
1162 2773 1254 2816 tua
1280 2760 1508 2814 bibemus
1547 2773 1639 2827 ego
1681 2763 1732 2808 et
1756 2766 1945 2823 pecora
1974 2765 2109 2813 mea,

529 2862 666 2918 dabo
727 2860 949 2933 pretium
997 2857 1110 2910 tibi.
1146 2853 1270 2908 Non
1314 2849 1688 2905 declinabimus
1735 2846 1791 2899 in
1842 2843 2112 2897 dexteram

530 2970 692 3021 neque
736 2954 793 3006 in
842 2951 1131 3007 sinistram.
1191 2945 1477 3001 Pluraliler
1530 2941 1737 2997 dictum
1782 2946 1868 2994 est
1915 2936 1972 2992 in
2011 2950 2107 3000 ea,
2139 2961 2185 3024 C

531 3058 653 3116 quae
675 3044 895 3098 dextera
917 3047 1065 3106 sunt,
1101 3036 1187 3093 vel
1213 3051 1331 3107 qua:
1351 3034 1571 3090 sinistra
1599 3038 1744 3087 sunt.

607 3158 842 3230 Cumque
889 3166 1065 3211 castra
1110 3154 1389 3208 movissent
1435 3152 1500 3206 de
1542 3149 1729 3213 Cades,
1775 3153 2022 3203 venerunt
2061 3145 2117 3199 in

534 3260 766 3305 montem
797 3246 931 3310 IIor,
960 3245 1050 3316 qui
1079 3252 1152 3298 est
1180 3243 1235 3297 in
1263 3242 1453 3311 ﬁnibus
1481 3250 1635 3294 terra:
1660 3238 1850 3292 Edam.
1884 3233 1985 3288 Ubi
2004 3233 2116 3287 Do-

535 3341 710 3399 minus
738 3336 943 3389 locutus
979 3345 1051 3389 est
1085 3333 1154 3387 ad
1186 3332 1401 3402 Moysen
1423 3343 1442 3382 :
1475 3328 1691 3399 Pergat,
1726 3326 1915 3396 inquit,
1942 3323 2121 3376 Aaron

541 3427 612 3482 ad
634 3424 882 3497 populum
923 3439 1098 3478 suum.
1152 3420 1275 3475 Non
1302 3421 1440 3473 enim
1475 3417 1691 3472 intrabit
1720 3424 1938 3478 terram,
1965 3426 2122 3484 quam

483 3511 487 3515 ’
539 3518 663 3574 dedi
690 3515 817 3585 ﬁliis
867 3513 1058 3581 Israel,
1091 3530 1150 3568 eo
1176 3511 1312 3583 quod
1341 3507 1641 3564 incredulus
1686 3506 1844 3578 fuerit
1889 3505 1970 3558 ori
2008 3517 2123 3555 meo

542 3611 611 3665 ad
635 3626 798 3680 aquas
821 3604 1269 3669 contradictionis,
1294 3612 1398 3657 etc.
1429 3599 1727 3671 'l‘rigesima
1758 3603 1951 3667 quarta
1977 3609 2127 3647 man-

540 3702 626 3765 sio
654 3708 737 3755 est
764 3699 821 3752 in
851 3706 1033 3751 monte
1058 3695 1203 3761 Hor,
1228 3695 1283 3749 in
1324 3692 1583 3749 extremis
1612 3689 1812 3745 ﬁnibus
1840 3687 2029 3751 Edom,
2072 3683 2127 3738 in

544 3807 652 3864 quo
674 3790 916 3846 ascendit
937 3789 1116 3843 Aaron
1133 3786 1284 3857 juxta
1306 3793 1637 3857 praeceptum
1659 3780 1890 3845 Domini,
1915 3786 1970 3834 et
1989 3792 2130 3832 mor-

548 3896 674 3939 tuus
709 3890 794 3936 est
822 3894 964 3934 anno
993 3877 1404 3948 quadragesimo
1427 3871 1755 3945 egressionis
1774 3886 1841 3925 ex
1866 3867 2124 3938 Egypto.

547 3976 627 4031 Eo
657 3974 866 4029 scilicet
894 3986 1055 4034 anno,
1095 3985 1204 4040 quo
1246 3982 1419 4023 novus
1439 3965 1666 4037 pupulus
1694 3959 2130 4033 repromissionis

550 4073 752 4119 terram
780 4063 1078 4116 intraturus
1098 4066 1200 4113 est.
1234 4058 1300 4111 Et
1327 4069 1636 4125 quanquam
1661 4053 1716 4107 in
1743 4060 1926 4107 monte
1952 4065 2133 4105 sacer-

551 4153 757 4210 dolium
807 4150 1069 4205 Eleazaro
1106 4147 1214 4202 ﬁlio
1263 4144 1634 4215 dereliqucrit,
1681 4142 1875 4212 lexque
1902 4155 1996 4196 eos
2040 4138 2131 4209 qui

549 4260 670 4299 eam
697 4238 1037 4311 impleverint
1068 4237 1332 4307 perducat
1356 4235 1424 4289 ad
1454 4246 1746 4297 summum,
1780 4239 1959 4285 tamen
2015 4228 2131 4299 ipsa

551 4335 858 4392 sublimitas
888 4346 994 4387 non
1022 4340 1108 4386 est
1138 4339 1289 4385 trans
1308 4328 1508 4383 ﬂuenta
1527 4324 1798 4388 Jordanis,
1828 4322 1922 4379 sed
1952 4323 2007 4378 in
2035 4338 2132 4377 ex-

554 4428 744 4483 tremis
789 4433 1132 4481 terrenormn
1161 4435 1387 4491 operum
1413 4417 1630 4473 ﬁnibus.
1662 4416 1730 4471 Et
1771 4415 1971 4488 plangit
2014 4429 2133 4468 eum

552 4516 775 4589 populus
812 4514 1026 4585 triginta
1049 4512 1250 4566 diebus.
1281 4509 1462 4566 Aaron
1505 4508 1797 4580 plangitur,
1827 4505 1988 4561 Jesus
2025 4521 2137 4560 non

557 4606 849 4676 plangitur.
882 4604 941 4658 ln
961 4603 1079 4672 lege
1105 4602 1393 4657 descensus
1417 4598 1487 4653 ad
1508 4597 1731 4662 inferos,
1764 4597 1817 4651 in
1848 4593 2138 4666 Evangelio

561 4695 629 4749 ad
659 4694 967 4763 paradisum
1002 4691 1426 4763 transmigratio.

634 4801 786 4871 (Car.
842 4801 983 4871 XXI.)
1023 4799 1176 4866 Quod
1215 4815 1335 4853 cum
1382 4797 1613 4853 audisset
1659 4795 1992 4851 Chananwus
2048 4808 2140 4848 res:

561 4892 727 4958 Atad,
769 4894 858 4963 qui
904 4891 1170 4946 habitabat
1201 4890 1270 4945 ad
1299 4889 1594 4953 meridiem,
1618 4886 1812 4941 uenisse
1841 4883 2013 4939 Israel
2048 4899 2142 4955 per

562 4983 952 5054 exploratorum
991 4983 1152 5047 viam,
1195 4982 1442 5053 pugnavit
1469 4990 1652 5034 conira
1692 4976 1864 5042 illum,
1900 4986 1948 5032 et
1979 4976 2144 5031 uictor

563 5079 812 5140 existens,
839 5074 989 5128 duxit
1012 5089 1076 5127 ea:
1115 5089 1175 5127 eo
1203 5072 1459 5143 prwdam.
1487 5070 1553 5123 At
1582 5068 1754 5124 Israel
1800 5078 1915 5123 uoto
1940 5083 1995 5122 se
2036 5066 2146 5120 Do—

564 5170 707 5224 mino
737 5164 973 5236 obligans
1018 5163 1091 5216 ait
1120 5176 1137 5214 :
1166 5160 1224 5217 Si
1261 5160 1547 5214 tradideris
1586 5158 1834 5228 populant
1883 5158 2041 5210 istaut
2089 5154 2146 5208 in

564 5276 727 5317 manu
748 5274 885 5320 mea,
915 5253 1095 5311 delebo
1116 5253 1295 5308 urbem
1317 5268 1450 5323 ejus.
1482 5249 1866 5321 Exaudivitque
1886 5248 2145 5302 Dominus

565 5368 740 5423 preces
771 5345 960 5412 Israel,
992 5354 1041 5400 et
1062 5344 1280 5399 tradidit
1304 5326 1683 5398 Cltanantcum.
1736 5340 1901 5406 Quem
1934 5338 2023 5394 ille
2060 5339 2150 5393 in-

568 5437 1044 5510 terfecitsubversis
1082 5434 1297 5490 urbibus
1323 5432 1459 5505 ejus,
1497 5443 1543 5488 et
1574 5432 1769 5487 vocavit
1814 5447 1999 5487 nomen
2048 5429 2148 5485 loci

569 5530 711 5584 illius
767 5529 1003 5595 Horma,
1043 5526 1096 5581 id
1150 5535 1260 5592 est,
1310 5525 1613 5580 anathema.
1658 5523 1766 5597 (Ea:
1813 5520 2150 5594 Augustino.)

574 5619 699 5676 Sive
727 5630 782 5677 ut
812 5623 865 5677 in
894 5620 1016 5678 aliis
1043 5618 1443 5690 exemplaribus
1470 5617 1703 5690 legitur:
1743 5615 1805 5671 Et
1832 5618 1960 5672 vovit
1983 5615 2154 5674 Israel

2182 998 2358 1046 uotum
2385 983 2633 1047 Domino,
2663 989 2710 1035 et
2730 977 2869 1032 dixit
2898 990 2919 1030 :
2948 973 3013 1030 Si
3052 972 3182 1026 miln'
3202 969 3474 1025 tradideris
3503 968 3708 1039 populant

2182 1081 2342 1135 istum
2370 1076 2685 1146 subjectum,
2724 1069 2779 1124 id
2809 1077 2904 1129 est,
2934 1064 2980 1119 si
3008 1063 3137 1118 mihi
3162 1077 3281 1116 eum
3316 1059 3600 1113 tradendum
3618 1063 3710 1115 sub-

2192 1171 2398 1241 ieceris,
2421 1162 2766 1222 anatltemabo
2796 1159 2944 1213 illum
2970 1167 3018 1211 et
3039 1156 3274 1210 civitates
3302 1151 3432 1222 ejus.
3456 1150 3544 1206 Hic
3568 1152 3711 1206 viden-

2193 1263 2322 1318 dum
2356 1268 2473 1324 est,
2515 1253 2787 1325 quomodo
2837 1250 3051 1305 dicatur
3101 1243 3379 1299 anathema
3422 1241 3555 1311 quod
3592 1256 3713 1295 vove-

2196 1364 2308 1418 tur,
2335 1362 2389 1408 et
2416 1360 2595 1405 tamen
2622 1360 2721 1417 pro
2744 1341 3037 1398 maledicto
3057 1336 3300 1408 ponitur,
3323 1334 3458 1389 sicut
3481 1343 3533 1386 et
3552 1333 3610 1387 de
3634 1333 3714 1387 isto

2195 1447 2392 1520 populo
2409 1444 2624 1500 dicitur.
2656 1437 2813 1494 Unde
2858 1434 2991 1489 illud
3013 1439 3100 1487 est
3124 1448 3139 1485 :
3166 1427 3227 1484 Si
3249 1429 3367 1499 quis
3389 1426 3520 1480 vobis
3543 1441 3717 1495 euange-

2197 1514 2432 1594 lisauerit
2452 1543 2644 1606 praeter
2669 1529 2808 1602 quod
2849 1524 3146 1596 accepistis,
3168 1521 3443 1576 anathema
3464 1518 3524 1572 sit
3557 1514 3714 1587 (Colat.

2122 1617 2169 1675 Β
2197 1632 2303 1699 ιιι).
2356 1629 2496 1683 Hinc
2523 1625 2684 1694 vulgo
2712 1623 2933 1678 ductum
2983 1624 3089 1683 est,
3132 1622 3194 1670 ut
3235 1614 3482 1668 devolare
3531 1609 3716 1664 dicatur.

2192 1722 2335 1777 Nam
2377 1719 2660 1773 ~devotare
2707 1722 3035 1782 quemquam
3088 1718 3251 1760 nemo
3301 1702 3432 1757 dicit
3477 1699 3596 1764 fere,
3632 1699 3715 1752 nisi

2198 1808 2548 1867 maledicens.
2586 1804 2653 1858 Et
2696 1796 3072 1855 anathemavit
3104 1807 3236 1849 eum
3273 1799 3331 1847 et
3356 1789 3587 1846 civitates
3608 1787 3716 1855 ejus,

2197 1912 2255 1959 et
2276 1907 2529 1956 vocatum
2564 1903 2649 1951 est
2696 1906 2897 1949 nomen
2943 1887 3047 1943 loci
3105 1885 3249 1940 illius
3288 1884 3575 1937 anathema.
3617 1877 3721 1932 Hinc

2202 1994 2431 2048 duorum
2455 1995 2541 2043 est
2567 1982 2881 2045 anathema,
2910 1986 2970 2032 ut
2990 1971 3316 2032 detestabile
3335 1968 3531 2038 aliquid
3554 1974 3603 2021 et
3625 1965 3723 2019 abo-

2207 2078 2464 2137 minabile
2487 2076 2756 2131 videatur.
2786 2071 2855 2127 Ut
2874 2068 3021 2125 enim
3049 2065 3186 2120 nihil
3216 2062 3338 2118 inde
3362 2061 3527 2115 victor
3548 2058 3596 2112 in
3625 2070 3722 2111 usus

2202 2187 2329 2230 suos
2350 2168 2606 2231 auferret,
2633 2165 2728 2220 sed
2758 2170 2930 2218 totum
2949 2161 3004 2214 in
3026 2171 3246 2229 pinnam
3268 2153 3506 2209 luendum
3531 2159 3722 2214 voveret,

2205 2266 2309 2320 hoc
2343 2268 2462 2318 erat
2500 2257 2880 2319 anathemare,
2919 2250 3064 2322 quod
3088 2247 3251 2318 vulgo
3290 2244 3478 2301 dicitur
3501 2241 3722 2298 devolare.

2207 2356 2371 2425 Origo
2393 2361 2576 2407 autem
2608 2347 2768 2418 hujus
2795 2344 2946 2400 verbi
2972 2350 3058 2398 est
3104 2341 3162 2394 in
3194 2337 3381 2394 Graeca
3406 2336 3569 2407 lingua
3588 2330 3725 2386 abhis

2208 2423 2371 2501 rebus
2396 2458 2518 2513 quae
2549 2450 2688 2495 voue
2713 2446 2770 2493 et
2790 2435 3100 2508 persolutio,
3137 2432 3241 2487 hoc
3262 2437 3365 2494 est,
3410 2423 3653 2497 promissae
3684 2428 3727 2474 et

2209 2534 2463 2597 redditas,
2512 2543 2727 2586 sursum
2767 2525 3109 2597 ponebantur
3152 2520 3209 2575 in
3260 2516 3498 2587 templis,
3540 2514 3626 2569 ἀπὸ
3654 2515 3726 2566 τοῦ

2212 2626 2500 2690 ἀναθέσθαι,
2533 2621 2636 2676 hoc
2670 2627 2754 2675 est
2769 2658 2784 2684 ,
2833 2630 3049 2673 sursum
3087 2626 3316 2685 ponere,
3360 2607 3437 2664 vel
3465 2602 3644 2677 ﬁgendo
3668 2600 3728 2655 vel

2226 2709 2624 2787 suspendenda.

2284 2781 2496 2862 A—udivit
2531 2817 2732 2876 quoque
2785 2799 3141 2862 Chananarus,
3192 2794 3329 2867 quod
3380 2791 3573 2848 uenisset
3599 2781 3729 2841 Israel

2214 2901 2269 2956 in
2295 2900 2467 2955 locum
2500 2894 2912 2967 exploratorum.
2946 2887 3048 2945 Ubi
3092 2884 3365 2956 quondam
3390 2879 3638 2937 ollendisse
3657 2889 3729 2944 po-

2218 2991 2404 3064 pulum
2448 2965 2734 3048 noverunt,
2770 2984 2957 3038 ineunt
2988 2979 3262 3049 praelium,
3306 2983 3362 3030 et
3397 2971 3635 3041 captivum
3660 2965 3731 3018 du-

2217 3090 2349 3137 cunt
2365 3078 2551 3135 lsrael.
2593 3077 2937 3142 Rursumque
2965 3071 3019 3125 in
3060 3068 3257 3124 eodem
3293 3065 3408 3121 loco
3430 3068 3661 3133 pugnatur
3680 3068 3726 3109 ex

2218 3180 2368 3234 voto,
2425 3167 2601 3222 victor
2626 3163 2882 3226 vincitur,
2921 3160 3051 3214 victi
3088 3163 3365 3228 superant.
3396 3152 3493 3207 Per
3517 3147 3638 3220 quod
3673 3145 3713 3199 is

2222 3258 2531 3329 telligimus,
2570 3265 2632 3311 nt
2656 3271 2780 3311 cum
2813 3268 2910 3307 nos
2932 3251 3027 3306 Dei
3059 3249 3265 3304 auxilio
3292 3246 3575 3305 destitutos,
3595 3241 3733 3295 hostes

2224 3350 2545 3414 invaserint,
2596 3346 2956 3414 dnxerintque
2991 3342 3264 3411 captivos,
3305 3354 3410 3393 non
3451 3336 3736 3404 desperemus

2224 3439 2475 3502 salutem,
2524 3437 2622 3492 sed
2671 3436 2871 3490 iterum
2913 3445 3196 3487 armemur
3224 3429 3289 3485 ad
3317 3426 3559 3500 praelium.
3598 3420 3735 3474 Potest

2228 3528 2368 3594 ﬁeri,
2399 3538 2461 3582 ut
2482 3526 2766 3582 vincamus
2790 3523 2883 3579 ubi
2909 3521 3045 3577 victi
3075 3534 3289 3585 sumus,
3327 3532 3381 3574 et
3405 3518 3457 3572 in
3476 3512 3635 3571 eodem
3651 3507 3736 3562 loco

2230 3617 2653 3688 triumpbemus,
2682 3614 2735 3668 in
2763 3628 2871 3685 quo
2899 3611 3099 3667 fuimus
3129 3610 3353 3682 captivi.

2860 3723 3088 3782 CAPUT
3130 3724 3196 3779 ll.

2231 3823 2310 3878 De
2339 3821 2659 3893 profectione
2710 3834 2891 3873 eorum
2918 3835 2949 3870 a
2976 3814 3305 3893 monteﬂor
3329 3824 3376 3867 et
3405 3798 3737 3893 twdioOttiuen't.

2299 3877 2581 3974 pqpu'lique
2621 3904 2920 3952 murmure;
2950 3902 3112 3974 quare
3154 3886 3334 3968 ignitis
3370 3877 3647 3974 serpentibus
3671 3885 3738 3941 plt-

2303 3957 2468 4028 nitur,
2494 3957 2744 4031 signoque
2774 3959 3028 4029 serpentis
3054 3957 3188 4010 anei
3215 3965 3381 4009 erecto
3408 3960 3618 4006 sanatur.

2305 4073 2482 4147 (Ιιιιιι.)
2539 4070 2774 4141 Profecti
2807 4079 2928 4124 sunt
2971 4077 3149 4122 autem
3202 4066 3301 4137 ﬁlii
3326 4061 3488 4119 Israel
3512 4060 3570 4113 de
3610 4059 3737 4147 motat

2235 4164 2375 4229 Hor,
2401 4139 2493 4235 per
2516 4139 2661 4217 viam
2688 4178 2806 4232 quae
2831 4159 2976 4214 ducit
3002 4158 3072 4213 ad
3097 4174 3244 4212 mare
3272 4155 3515 4216 Rubrum,
3538 4159 3585 4203 ut
3603 4139 3741 4198 circui-

2238 4228 2571 4310 rentterram
2598 4228 2791 4305 Edam.
2826 4248 2895 4302 Et
2928 4248 3124 4303 tradere
3158 4246 3307 4316 erepit
3331 4243 3560 4316 populum
3590 4228 3741 4288 idaeos

2239 4362 2302 4401 ac
2325 4343 2540 4399 laboris.
2580 4341 2910 4411 Locutusque
2954 4346 3137 4393 contra
3181 4335 3462 4392 Dominum
3504 4337 3549 4383 et
3580 4323 3741 4411 NW

2238 4438 2315 4493 ait
2344 4452 2364 4491 :
2403 4433 2514 4491 Cur
2546 4432 2771 4488 reduxisti
2802 4446 2896 4487 nos
2923 4429 2989 4484 de
3028 4427 3285 4499 JEggpto,
3317 4436 3372 4481 ut
3406 4429 3680 4479 moraremur
3705 4410 3742 4461 ἱιι

2239 4525 2562 4584 solitudine?
2588 4524 2739 4579 Deest
2761 4524 2933 4592 panis,
2960 4537 3065 4576 non
3091 4528 3215 4574 sunt
3236 4533 3405 4588 aqutc.
3429 4513 3594 4567 Anima
3612 4512 3742 4559 nostra

2233 4619 2353 4690 jam
2411 4626 2629 4671 nauseat
2664 4629 2819 4683 super
2855 4612 2970 4666 cibo
3002 4611 3104 4665 isto
3151 4609 3429 4664 leuissimo.
3465 4594 3743 4668 Quamobrem

2243 4686 2384 4766 misit
2413 4707 2670 4763 Dominus
2698 4705 2755 4758 in
2779 4702 3030 4774 populum
3060 4700 3250 4771 ignitus
3276 4703 3541 4767 serpentes.
3562 4686 3628 4744 Ad

2246 4814 2363 4851 rum
2395 4795 2579 4866 plagas
2606 4802 2655 4848 et
2678 4770 2870 4847 mortes
2897 4770 3269 4863 plurimorum,
3297 4790 3527 4842 uenerunt
3549 4777 3609 4833 ad
3636 4770 3747 4837 Hag-

2243 4902 2336 4941 sen
2369 4894 2524 4955 atque
2558 4883 2803 4937 dixerunt
2831 4897 2851 4936 :
2879 4879 3242 4944 Peccavimus,
3287 4877 3411 4949 quia
3444 4870 3586 4927 locuti
3612 4872 3746 4920 una!

2246 4988 2429 5034 contra
2454 4975 2736 5031 Dominum
2763 4983 2811 5027 et
2831 4983 2899 5028 te.
2925 4972 3037 5028 Ora
3074 4981 3131 5025 ut
3152 4969 3302 5025 tollat
3320 4987 3353 5023 a
3370 4964 3507 5022 nobis
3525 4963 3741 5027 serpente!-

2249 5067 2434 5124 Oravit
2459 5065 2513 5119 Μ
2519 5082 2666 5137 ogses
2686 5081 2781 5136 pro
2805 5062 3018 5135 populo,
3047 5073 3097 5119 et
3120 5062 3325 5117 locutus
3344 5068 3418 5114 est
3448 5046 3665 5110 Dominus
3696 5039 3743 5094 ad

2247 5177 2367 5216 eunt
2390 5175 2410 5214 :
2440 5158 2553 5213 Fac
2575 5169 2863 5229 serpentem
2884 5172 3109 5221 teneam,
3134 5163 3181 5212 et
3220 5170 3352 5226 pone
3378 5165 3488 5205 eum
3507 5159 3588 5217 pro
3622 5138 3741 5206 δίθπθο

2252 5250 2357 5318 Qui
2374 5227 2933 5321 percussusaspexerit
2956 5262 3096 5311 eum,
3124 5245 3271 5300 uiuet.
3303 5240 3447 5296 Fecit
3468 5249 3577 5305 ergo
3595 5227 3744 5293 N095”

2250 5354 2538 5416 serpentem
2563 5359 2791 5408 aeneum,
2814 5350 2862 5395 et
2880 5341 3053 5410 posuit
3081 5354 3199 5394 eum
3212 5352 3306 5406 pro
3333 5335 3493 5404 signa.
3509 5327 3646 5393 Quem
3662 5324 3743 5369 6³⁸³

2250 5434 2483 5508 percussi
2537 5430 2826 5503 aspicerent
2881 5430 3226 5486 sanabuntur.
3286 5422 3564 5494 Trigesima
3607 5408 3745 5500 qui"?

2253 5525 2465 5581 mansio
2510 5532 2595 5579 est
2635 5524 2691 5578 in
2736 5521 3010 5577 Selmona.
3056 5516 3356 5590 Trigesima
3388 5492 3542 5568 sexta
3588 5492 3745 5590 mansio

2253 5624 2337 5673 est
2360 5616 2415 5672 in
2442 5614 2671 5671 Phinon.
2702 5611 2796 5669 liae
2828 5609 2948 5668 dua:
2973 5582 3283 5667 mansiones
3306 5606 3362 5661 in
3382 5600 3554 5659 ordine
3567 5582 3748 5650 ὶιὶδιοῐὶιι

1023 356 1281 414 sanctius
1323 349 1596 407 ποιεῖθαι
1643 352 1746 398 (εει,
1795 338 1876 394 Α..
1926 335 2068 390 forte
2096 334 2233 395 Aut
2257 322 2361 378 illis
2383 319 2456 374 sit
2480 330 2620 384 aqua
2643 303 3106 367 contradictionis,
3138 298 3255 355 istis
3278 297 3696 357 sanctificationis.
3756 292 3761 301 ’
3854 356 3855 363 η

2433 411 2444 414 _
2505 409 2515 414 -
2654 403 2692 414 ,ς
2796 401 2806 412 .
2919 398 2961 414 .ν
3011 391 3293 414 ._._____-.=-
3338 389 3704 414 ι,,-ε...-.ο.υ.
3854 404 3855 413 χ
