3932 6188
315 320 427 380 713

1028 316 1566 395 ENARRATIONES
1600 316 1666 373 IN
1707 318 1966 373 LIBRVM
2008 309 2468 370 λωιειιοιιωι.
2512 345 2580 355 -
2617 314 2745 403 ΙέΙΒ.
2783 322 2867 371 Ill.

3486 311 3586 367 Ἧι

312 452 427 493 non
456 435 824 491 inveniuntur.
871 434 927 488 lu
960 435 1044 488 his
1072 445 1286 490 mortuo
1310 436 1490 490 Aaron
1513 477 1528 500 ,
1561 443 1901 489 murmurant
1931 439 1975 495 Α
2006 438 2059 483 et
2104 430 2177 483 ita
2207 430 2349 485 inter
2378 446 2437 485 se
2470 446 2619 485 nexa:
2643 442 2791 494 sunt,
2824 440 2880 484 ut
2910 433 2998 500 qui
3024 447 3126 485 una
3155 434 3415 497 caruerit,
3462 449 3577 487 om-

311 528 601 585 lsraelitici
645 527 827 597 populi
880 535 1068 583 contra
1126 529 1413 584 Dominum
1461 538 1516 582 et
1557 527 1799 598 Moysen,
1848 537 1902 581 et

310 634 517 675 manna
564 617 867 684 fastidiunt,
906 634 936 672 a
971 620 1312 688 serpentibus
1368 619 1741 673 vulnerantur.
1794 617 1902 671 Sed

308 712 445 782 quid
478 712 607 767 illud
639 711 928 782 signiﬁcat,
954 712 1098 781 quod
1142 727 1358 767 morsus
1392 710 1653 767 mortiferi
1675 724 1901 778 serpen-

309 803 477 867 tium,
528 800 764 855 exaltato
796 809 851 855 et
888 808 1136 869 respecto
1161 815 1305 855 :ereo
1331 809 1602 869 serpente,
1632 798 1902 854 sanaban-

311 902 427 957 tur,
465 892 569 948 nisi
617 893 761 961 quod
807 907 952 947 nunc
987 892 1041 946 in
1079 900 1207 962 typo
1243 890 1566 962 Salvatoris,
1596 892 1686 961 qui
1723 890 1898 944 ferum

305 981 705 1051 antiquumque
751 989 1063 1051 serpentem
1112 982 1165 1036 in
1214 981 1457 1051 patibulo
1511 981 1896 1051 triumphavit,

306 1072 511 1127 diaboli
554 1087 763 1126 venena
787 1081 1133 1142 superantur,
1164 1073 1238 1126 ita
1268 1082 1322 1126 ut
1354 1072 1445 1141 qui
1476 1087 1600 1127 vere
1624 1086 1848 1140 express
1862 1087 1903 1125 :-

302 1179 413 1232 que
432 1164 725 1235 imaginem
756 1163 878 1218 Filii
906 1164 1001 1220 Dei
1030 1165 1445 1235 passionemque
1465 1163 1581 1233 ejus
1604 1178 1901 1233 conspexe-

301 1256 396 1319 rit,
412 1256 930 1312 conservetur?lloe
958 1257 1105 1312 enim
1129 1257 1438 1326 signiﬁcant
1462 1267 1516 1313 et
1539 1258 1704 1312 verba
1728 1257 1899 1327 ipsius

302 1345 523 1402 Domini
566 1348 799 1404 dicentis
833 1366 846 1401 :
879 1346 1026 1403 Sicut
1073 1346 1322 1402 exultavit
1374 1346 1579 1419 Moyses
1627 1349 1683 1402 in
1724 1365 1896 1402 eremo

295 1448 614 1509 serpentem,
661 1440 736 1493 sic
779 1447 979 1517 oportet
1028 1437 1255 1492 exaltari
1302 1435 1351 1490 F
1355 1437 1503 1491 ilium
1550 1438 1799 1502 hominis,
1841 1449 1895 1492 ut

296 1528 491 1590 omnis,
531 1528 622 1599 qui
664 1529 830 1583 credit
876 1530 930 1581 in
977 1545 1115 1592 eum,
1158 1545 1261 1582 non
1291 1537 1490 1599 pereat,
1551 1545 1640 1583 sea
1701 1528 1894 1582 habent

294 1621 464 1672 vitam
485 1629 734 1674 (uernam
758 1618 941 1692 (Joan.
967 1618 1072 1688 ιιι).
1101 1619 1242 1686 Quid
1270 1634 1399 1674 vero
1423 1634 1609 1674 aeneus
1634 1618 1895 1687 serpens?

296 1707 420 1777 ipse
469 1707 563 1777 qui
610 1707 756 1778 ligno
784 1723 1079 1778 suspensus
1120 1715 1226 1763 est.
1257 1706 1359 1763 {Es
1410 1708 1607 1778 quippe
1660 1707 1894 1763 metallis

2005 519 2163 574 uibus
2213 529 2415 575 careat.
2472 520 2538 574 Et
2567 528 2746 574 tamen
2780 522 3012 574 transire
3062 524 3126 575 de
3148 522 3252 576 alia
3278 523 3347 575 ad
3397 523 3580 585 aliam,

2002 626 2190 666 eorum
2235 620 2319 667 est
2371 613 2607 682 proprie,
2639 613 2731 682 qui
2760 613 2889 668 solis
2926 612 3155 681 iustitia:
3198 623 3378 669 ortum
3408 615 3587 672 consi-

2003 703 2219 759 derant.
3360 702 3365 705 ’

2073 795 2143 849 Et
2170 796 2291 851 inde
2305 807 2563 851 moventes
2584 806 3052 862 castra,'venerunt
3082 796 3149 850 ad
3176 808 3454 853 torrentem
3482 797 3587 853 Za-

2003 885 2114 950 red,
2144 895 2200 940 et
2229 887 2456 956 reliqua.
2492 888 2790 958 Trigesima
2827 904 2968 943 nona
2998 888 3207 943 mansio
3230 889 3285 942 in
3307 888 3586 959 Dibongad

2001 974 2123 1041 fuit,
2153 977 2297 1031 sicut
2325 977 2379 1031 in
2406 979 2778 1047 sequentibus,
2812 979 2900 1032 ubi
2929 978 3098 1033 series
3122 978 3463 1032 mansionum
3493 980 3585 1033 de-

2001 1066 2205 1139 scripta
2247 1075 2352 1131 est,
2387 1067 2573 1122 manif.
2590 1069 2842 1123 stabitur.
2907 1068 3300 1138 Interpretatur
3331 1069 3476 1124 enim
3502 1069 3588 1123 Di-

2001 1156 2231 1229 bongad,
2259 1159 2465 1227 fortiter
2504 1159 2768 1214 intellecta
2807 1162 3043 1214 tentatio.
3087 1160 3193 1216 Sed
3235 1177 3335 1231 pro
3369 1161 3471 1214 hac
3496 1160 3587 1214 hic

2001 1244 2055 1299 in
2079 1248 2270 1302 ordine
2298 1249 2561 1311 bistoriw,
2606 1251 2764 1304 aliter
2791 1252 3052 1320 scriptum
3091 1252 3378 1321 reperitur.
3429 1248 3587 1305 Post;

2001 1357 2162 1410 quam
2196 1341 2342 1394 enim
2366 1349 2545 1395 castra
2571 1342 2757 1396 metati
2787 1351 2914 1396 sunt
2935 1343 2987 1396 in
3008 1341 3276 1397 Jeabarim
3308 1343 3361 1396 in
3388 1342 3585 1396 ﬁnibus

2002 1431 2157 1489 Moab
2186 1439 2375 1486 contra
2404 1442 2584 1487 ortum
2602 1433 2752 1499 solis,
2783 1432 3009 1503 legitur:
3046 1432 3179 1486 Inde
3199 1433 3581 1503 profectisunt,

1997 1536 2043 1579 et
2071 1525 2387 1578 diverterunt
2445 1524 2514 1577 ad
2549 1535 2827 1579 torrentem
2867 1524 3071 1591 Zared;
3119 1537 3166 1580 et
3218 1527 3282 1580 de
3328 1527 3425 1580 hoc
3468 1527 3580 1581 loco

1996 1615 2405 1685 proﬁciscentes,
2433 1625 2607 1670 castra
2642 1619 2825 1671 metati
2870 1628 2990 1671 sunt
3037 1628 3185 1672 trans
3212 1618 3413 1683 Arnen,
3463 1636 3580 1689 qua:

1995 1716 2069 1759 est
2116 1706 2170 1759 in
2204 1705 2486 1760 solitudine
2508 1706 2694 1775 ﬁnium
2726 1706 3039 1772 Amorrlnei,
3064 1724 3122 1762 eo
3140 1708 3281 1779 quod
3316 1709 3496 1764 Arnen
3524 1709 3580 1762 in

293 1797 518 1852 (ueteris
545 1812 667 1852 esse
692 1797 990 1853 durabilius
1017 1797 1172 1853 solet.
1198 1798 1267 1852 Et
1299 1806 1423 1868 apte
1445 1813 1629 1853 tenens
1666 1812 1890 1868 serpens
1921 1791 1965 1849 B
1993 1797 2229 1850 terminis
2258 1796 2325 1850 sit
2370 1796 2726 1852 Moabitarum
2761 1808 2809 1852 et
2854 1799 3301 1853 Amori-hamum.
3347 1799 3414 1853 Et
3440 1810 3580 1870 post-

294 1883 452 1955 ligno
482 1901 775 1955 suspensus
802 1894 907 1952 est,
952 1894 1011 1941 ut
1036 1886 1297 1942 Dominus
1344 1887 1396 1941 in
1444 1897 1698 1958 serpente
1746 1903 1891 1943 mor-

295 1985 451 2043 tuus,
495 1986 552 2033 et
599 1979 653 2034 in
685 1994 794 2034 aere
823 1977 1225 2050 signiﬁcaretur
1251 1988 1511 2044 aeternus,
1555 1980 1804 2036 videlicet
1834 1989 1894 2035 ut

293 2075 360 2123 et
393 2067 727 2124 indicaretur
774 2077 1021 2125 mortuus
1052 2084 1149 2139 per
1190 2069 1576 2133 humilitatem,
1627 2078 1683 2126 et
1713 2078 1891 2126 tamen

292 2165 447 2213 esset
473 2159 631 2229 quasi
683 2167 921 2215 aeternus
971 2158 1338 2232 [At.,aeneus]
1382 2175 1480 2230 per
1531 2160 1885 2216 divinitatem.

297 2246 541 2304 Pulchre
569 2258 748 2304 autem
794 2251 967 2320 prima
997 2250 1210 2307 mansio
1263 2249 1515 2305 Selmona
1569 2250 1893 2320 interpreta-

298 2348 394 2393 tur
421 2340 531 2393 ima
573 2339 807 2406 vincula,
835 2341 959 2411 quia
1003 2340 1261 2395 nimirum
1293 2341 1368 2394 ibi
1401 2341 1582 2411 imago
1629 2355 1889 2410 expressa

292 2438 384 2485 est
411 2428 708 2485 Salvatoris
732 2444 831 2500 per
854 2438 1165 2501 serpentem
1215 2444 1447 2496 :eneum,
1482 2430 1574 2501 qui
1605 2429 1751 2502 ligno
1800 2446 1893 2501 pe-

290 2520 505 2591 pendit.
563 2519 797 2575 Pulchre
849 2520 1015 2576 etiam
1047 2528 1103 2575 et
1137 2520 1375 2575 secunda
1431 2518 1667 2584 Phinon,
1719 2520 1888 2575 inter-

295 2616 550 2680 pretatur
595 2627 673 2676 os,
718 2609 844 2679 quia
878 2617 1232 2680 posteaquam
1275 2610 1587 2679 passionem
1623 2608 1745 2664 Filii
1788 2608 1889 2665 Dei

292 2703 697 2773 cognoscimus,
724 2702 870 2774 quod
915 2703 1186 2758 credimus
1213 2702 1377 2758 corde
1394 2743 1410 2768 ,
1449 2718 1543 2758 ore
1571 2702 1887 2773 pronuntia-

293 2806 444 2858 mus,
484 2790 729 2864 legentes
776 2791 906 2847 illud
961 2792 1188 2863 apostoli
1217 2791 1367 2846 Pauli
1403 2810 1417 2846 :
1456 2790 1625 2847 Corde
1656 2792 1889 2846 creditur

296 2880 371 2933 ad
418 2880 687 2951 justitiam
713 2923 729 2951 ,
794 2898 884 2938 ore
931 2891 1106 2938 autem
1157 2883 1414 2954 confessio
1452 2883 1514 2952 fit
1554 2882 1622 2937 ad
1660 2881 1886 2938 salutem

296 2969 482 3043 (Rom.
513 2971 592 3045 ιι).
1024 2976 1039 2997 ι

372 3060 708 3136 Profectique
725 3063 826 3134 ﬁlii
854 3063 1044 3130 Israel,
1072 3074 1244 3120 castra
1265 3072 1442 3120 metatt
1464 3074 1584 3121 sunt
1611 3067 1667 3121 in
1690 3064 1885 3123 Oboth.

1994 1886 2105 1939 Itazc
2152 1897 2400 1941 venerunt
2453 1888 2524 1941 ad
2572 1898 2805 1959 puteum,
2841 1890 2930 1944 ubi
2967 1890 3149 1944 cecinit
3177 1888 3347 1944 Israel
3369 1906 3578 1943 carmen

1992 1977 2089 2031 hoc
2134 1977 2411 2032 :Ascende
2458 1988 2670 2049 puteus,
2713 1998 2865 2051 quem
2917 1981 3164 2051 foderunt
3207 1982 3490 2053 principes,
3529 1991 3577 2034 et

1991 2075 2313 2136 aperuerunt
2339 2067 2498 2122 duces
2544 2069 2856 2140 populorum
2898 2070 2952 2125 in
2992 2071 3175 2124 datare
3205 2070 3397 2140 legum,
3429 2080 3478 2123 et
3522 2070 3577 2121 in

1993 2156 2177 2211 baculo
2200 2157 2337 2228 ejus.
2401 2157 2471 2211 Et
2495 2159 2558 2213 de
2571 2159 2852 2213 solitudine
2876 2159 3009 2230 ejus,
3035 2160 3089 2214 in
3115 2158 3369 2213 Malliana
3396 2175 3415 2224 ;
3443 2168 3488 2213 et
3512 2157 3577 2212 de

1992 2247 2249 2304 Mat/lana
2276 2250 2345 2305 ad
2372 2259 2652 2306 torrentem
2688 2252 2805 2306 Dei.
2859 2253 2925 2306 Et
2948 2252 3012 2306 de
3041 2252 3355 2307 torrenribus
3383 2252 3451 2315 ad
3480 2268 3575 2304 ea:-

1991 2338 2151 2406 celsa,
2181 2349 2229 2394 et
2272 2341 2337 2395 de
2390 2341 2607 2396 excelsis
2660 2343 2730 2396 ad
2759 2342 2965 2409 vallem,
3020 2360 3139 2413 qua:
3167 2354 3243 2398 est
3284 2343 3341 2397 in
3368 2344 3576 2413 regione

1992 2427 2174 2493 Moab,
2225 2430 2281 2483 in
2302 2431 2490 2484 vertice
2515 2429 2753 2502 Phasga,
2779 2433 2869 2500 qui
2918 2434 3165 2503 prospicit
3192 2442 3375 2486 contra
3401 2432 3572 2486 deser-

1989 2528 2120 2574 tum.
2150 2519 2278 2577 Hrec
2299 2521 2420 2578 loca
2450 2522 2503 2577 in
2535 2523 2734 2579 ﬁnibus
2768 2523 3210 2579 Amorrluuorum
3241 2523 3460 2593 quidam
3494 2523 3573 2577 in-

1991 2622 2371 2685 terpretantes,
2400 2623 2590 2686 putant
2616 2631 2725 2671 non
2753 2616 3062 2672 mansiones
3101 2631 3242 2682 esse,
3268 2614 3364 2670 sed
3398 2624 3571 2672 trans—

1989 2705 2116 2772 itus,
2167 2723 2268 2763 nec
2296 2708 2653 2780 przejudicare
2694 2709 2893 2764 debere
2940 2709 3183 2780 catalogo
3230 2708 3573 2763 mansionum

1989 2806 2148 2853 extra
2187 2799 2523 2855 ordinariam
2556 2801 2969 2870 expositionem.
3026 2800 3131 2854 Alii
3178 2808 3357 2855 autem
3412 2799 3573 2869 spiri-

1989 2886 2189 2943 talibus
2217 2888 2475 2960 spiritalia
2498 2900 2899 2961 comparantes,
2918 2891 3104 2946 nolunt
3136 2891 3384 2962 regiones
3405 2892 3569 2963 signi-

1991 2978 2166 3046 ﬁcari,
2211 2978 2305 3035 sed
2330 2995 2429 3050 per
2452 2979 2693 3037 locorum
2717 2982 2958 3047 nomina,
3003 2982 3263 3036 virtutum
3297 2982 3571 3052 profectus

1989 3087 2112 3129 esse
2143 3089 2158 3126 :
2189 3074 2334 3143 quod
2357 3080 2480 3144 post
2501 3088 2689 3144 magos
2719 3082 2774 3129 et
2808 3075 3280 3145 congregationem
3309 3075 3568 3144 lapidum,

294 3152 602 3225 Trigesima
618 3155 851 3227 septima
867 3157 1077 3213 mansio
1099 3158 1257 3213 estin
1279 3156 1454 3214 Oboth
1479 3175 1492 3212 :
1514 3174 1633 3228 qua:
1653 3157 1886 3215 vertitur
1911 3140 1957 3201 (ἶ
1988 3140 2305 3235 frequen—ter
2330 3140 2619 3220 veniamus
2636 3166 2703 3221 ad
2735 3140 3035 3221 torrentem
3061 3166 3256 3231 Zared,
3306 3140 3452 3236 quod
3483 3167 3570 3220 in-

294 3244 356 3300 in
385 3260 573 3316 magos
611 3246 727 3301 sive
778 3245 1073 3318 Pythones.
1106 3247 1263 3305 Unde
1291 3249 1714 3316 demonstratur,
1758 3251 1886 3320 quia

292 3343 423 3405 post
451 3334 735 3406 imaginem
776 3335 895 3401 Dei,
927 3353 1047 3408 qua:
1075 3338 1129 3394 in
1160 3339 1342 3395 cordis
1370 3340 1581 3395 ratione
1613 3352 1888 3397 monstra—

297 3432 410 3487 tur,
442 3431 495 3478 et
522 3424 917 3482 confessionem
957 3427 1100 3493 ﬁdei,
1134 3444 1255 3500 quae
1278 3444 1373 3484 ore
1422 3429 1719 3501 profertur,
1749 3445 1885 3486 con-

296 3523 536 3585 surgunt
562 3526 864 3587 serpentes,
887 3526 942 3572 et
978 3528 1125 3576 artes
1173 3519 1433 3576 maleﬁca:
1482 3523 1550 3577 ad
1598 3521 1737 3577 bella
1788 3538 1888 3579 nos

293 3616 619 3677 provocant.
679 3606 785 3664 Sed
849 3626 949 3665 nos
1022 3610 1265 3666 custodia
1329 3610 1740 3667 circumdantes
1794 3627 1890 3667 cor

295 3704 572 3763 nostrum,
630 3698 961 3755 obduramus
994 3716 1157 3757 aures
1207 3710 1453 3769 nostras,
1487 3718 1557 3758 ne
1607 3704 1891 3758 audiamus

298 3801 471 3843 voces
518 3789 943 3850 incantanlium.
983 3800 1039 3846 et
1074 3793 1382 3848 sirenarum
1422 3793 1667 3849 carmina
1720 3794 1891 3866 negli-

299 3897 519 3952 gamus.

379 3970 529 4025 Unde
554 3974 747 4042 egressi
770 3974 933 4043 ﬁxere
952 3975 1177 4028 tentoria
1200 3975 1253 4030 in
1284 3973 1575 4042 Jeabarim,
1607 3976 1663 4030 in
1700 3974 1891 4029 solitu-

301 4065 448 4129 dine,
489 4080 607 4135 quaz
636 4064 841 4135 respicit
865 4064 1044 4132 Moab,
1098 4076 1279 4120 contra
1317 4064 1624 4120 orientalem
1658 4065 1888 4137 plagam.

302 4153 606 4225 Trigesima
658 4164 849 4210 octava
892 4156 1103 4211 mansio
1146 4165 1231 4211 est
1272 4156 1326 4210 in
1370 4155 1645 4211 Jeabarim
1680 4156 1734 4211 in
1768 4157 1892 4212 ﬁni-

302 4246 411 4301 bus
447 4245 623 4309 Moab,
651 4262 771 4316 qua:
796 4246 1064 4318 signiﬁcat
1084 4263 1310 4303 acervos
1340 4246 1577 4317 lapidum
1606 4255 1893 4302 transeun-

306 4337 468 4403 tium,
498 4337 552 4392 id
577 4346 663 4393 est
684 4346 901 4393 sanctos
921 4353 1019 4407 per
1040 4339 1182 4394 istud
1208 4339 1464 4394 saeculum
1489 4339 1557 4393 ad
1584 4338 1718 4393 alias
1744 4354 1896 4393 man-

305 4430 493 4484 siones
515 4430 748 4485 transire
785 4429 1122 4487 festinantes.
1174 4429 1312 4485 Sunt
1337 4431 1510 4485 sancti
1554 4431 1781 4499 lapides,
1802 4429 1895 4499 qui

306 4521 601 4577 volvuntur
622 4537 785 4592 super
820 4531 1046 4589 terram,
1068 4521 1235 4588 leves,
1268 4521 1439 4591 politi,
1478 4528 1531 4576 et
1569 4521 1897 4576 rotunditate

309 4629 412 4668 sua
453 4622 695 4669 rotarum
747 4615 997 4670 cursibus
1030 4612 1256 4668 similes.
1314 4611 1450 4666 Sunt
1500 4619 1554 4666 et
1603 4610 1716 4676 alii,
1762 4626 1899 4682 quos

1986 3264 2337 3328 terpretatur,
2366 3258 2543 3313 aliena
2564 3258 2851 3325 descensio,
2904 3267 2959 3313 et
2994 3258 3049 3313 in
3091 3259 3441 3315 descensione
3476 3272 3572 3329 po-

1987 3351 2096 3418 siti,
2125 3360 2469 3408 transeamus
2516 3353 2582 3407 ad
2606 3352 2812 3417 Arnen,
2863 3352 3007 3421 quod
3032 3352 3447 3406 maledictioncm
3476 3365 3569 3405 so-

1986 3452 2081 3498 nat
2112 3462 2125 3497 :
2160 3458 2280 3513 qua:
2331 3452 2417 3499 est
2450 3443 2626 3513 posita
2655 3443 2709 3499 in
2751 3443 2948 3498 ﬁnibus
2982 3442 3447 3508 Amorrhzeorum,
3477 3441 3568 3513 qui

1986 3533 2072 3587 vel
2098 3534 2268 3588 amari
2305 3533 2477 3588 hostes
2526 3542 2672 3597 sunt,
2720 3532 2806 3588 vel
2852 3532 3019 3587 multa
3055 3532 3341 3603 loquuntur
3374 3533 3568 3603 inflati.

1990 3623 2086 3678 Sin
2128 3631 2310 3678 autem
2341 3622 2720 3678 transierimus
2743 3624 3002 3678 terminos
3031 3623 3206 3686 Moab,
3236 3623 3327 3693 qui
3375 3624 3442 3678 de
3491 3623 3569 3677 in-

1989 3721 2140 3770 cestu
2169 3720 2458 3783 generatus
2482 3721 2588 3777 est,
2631 3721 2688 3767 et
2712 3713 2941 3768 recessit
2967 3728 2997 3766 a
3025 3728 3157 3767 vero
3184 3722 3360 3781 patre,
3386 3696 3570 3767 sialim

1989 3804 2231 3859 occurrit
2274 3801 2430 3858 nobis
2472 3811 2686 3874 puteus,
2737 3818 2898 3872 quem
2931 3819 3090 3859 nemo
3120 3804 3188 3859 de
3222 3804 3376 3874 plebe
3413 3803 3569 3869 fodit,

1992 3889 2169 3944 nullus
2216 3889 2489 3961 ignobilis,
2541 3890 2634 3944 sed
2692 3889 2967 3959 principes
3010 3898 3066 3944 et
3115 3888 3303 3955 duces,
3336 3889 3426 3959 qui
3448 3889 3571 3960 jura

1992 3980 2121 4035 dant
2160 3980 2394 4051 populis,
2427 3991 2484 4035 et
2526 3988 2783 4036 canentes
2805 3995 3022 4035 carmen
3054 3979 3107 4035 in
3138 3996 3277 4051 aqua
3318 3981 3487 4052 putei,
3518 3990 3572 4035 et

1994 4070 2046 4124 in
2072 4070 2170 4126 Dei
2192 4072 2508 4127 muneribus
2533 4070 2888 4143 gratulantes,
2914 4072 3239 4142 prophetam
3261 4087 3368 4141 quo
3398 4079 3572 4125 trans-

1994 4160 2123 4215 ituri
2158 4161 2285 4227 sint,
2328 4162 2397 4216 ad
2435 4177 2555 4232 quae
2588 4162 2705 4217 loca
2743 4162 3077 4231 perventuri,
3104 4163 3248 4230 quod
3276 4161 3483 4216 scilicet
3506 4161 3573 4215 de

1995 4254 2211 4309 deserto
2238 4254 2459 4309 veniant
2485 4254 2539 4308 in
2567 4253 2823 4308 Mathana
2864 4253 3009 4322 quod
3060 4253 3451 4321 interpretatur
3479 4252 3575 4304 do-

1997 4360 2142 4409 num,
2172 4343 2317 4399 etde
2342 4343 2592 4398 Matbana
2644 4342 2714 4398 ad
2739 4341 3001 4406 Nahaliel,
3054 4341 3198 4411 quod
3225 4340 3424 4395 dicitur
3466 4349 3576 4395 tor—

1999 4443 2166 4489 rentes
2186 4433 2307 4501 Dei,
2335 4444 2387 4490 et
2418 4435 2483 4489 de
2506 4433 2771 4498 Nahaliel,
2801 4432 2893 4502 qui
2931 4431 3319 4501 interpretatur
3368 4430 3574 4486 excelsa

2000 4524 2116 4579 sive
2131 4522 2411 4578 adveniens
2425 4539 2589 4583 mors,
2607 4522 2824 4592 quando
2836 4520 3144 4577 conformes
3160 4520 3423 4576 efﬁcimur
3438 4535 3576 4575 mor-

2000 4615 2073 4669 tis
2102 4610 2324 4668 Christi.
2379 4612 2448 4667 Et
2479 4612 2548 4668 de
2590 4612 2821 4667 Bamoth
2844 4612 3088 4669 occurrit
3113 4611 3270 4667 nobis
3297 4610 3452 4666 vallis
3484 4611 3577 4665 hu-

310 4713 602 4774 propterea
642 4704 799 4775 jubet
821 4704 933 4758 tolli
959 4703 1024 4758 de
1052 4704 1158 4769 via,
1208 4718 1275 4757 ne
1301 4700 1692 4756 ambulantium
1724 4700 1775 4754 in
1805 4716 1900 4757 eos
1999 4705 2243 4762 militatis
2272 4721 2289 4761 :
2332 4720 2454 4776 quae
2493 4712 2675 4760 tamen
2724 4704 2778 4759 in
2806 4705 3012 4761 vertice
3055 4704 3232 4776 posita
3258 4713 3343 4759 est
3378 4703 3573 4758 amntis

311 4794 591 4849 offendant
624 4795 806 4865 pedes.
851 4793 952 4861 Qui
980 4801 1107 4847 sunt
1134 4792 1220 4847 isti
1260 4790 1645 4846 ambulantes?
1699 4789 1899 4859 Utique
1922 4796 2232 4869 vphasga,
2285 4797 2380 4870 qui
2411 4797 2799 4869 interpretatur
2835 4797 3076 4861 dolatus,
3125 4796 3269 4866 quod
3324 4796 3456 4851 nihil
3483 4797 3575 4851 ha-

311 4883 556 4939 viatores
584 4892 638 4939 et
669 4891 1076 4955 praetereuntes,
1116 4883 1206 4954 qui
1233 4898 1330 4953 per
1371 4881 1513 4936 istud
1550 4880 1803 4939 saeculum
1830 4882 1897 4936 ad
1998 4888 2126 4944 beat
2152 4887 2381 4943 informe
2409 4897 2465 4943 et
2493 4888 2649 4954 rude,
2681 4889 2776 4944 sed
2795 4887 3024 4943 artiﬁcis
3045 4887 3114 4942 sit
3137 4886 3336 4957 politus
3365 4902 3526 4941 manu
3561 4901 3576 4940 :

316 4973 453 5026 alias
478 4974 788 5029 mansiones
820 4974 1053 5028 transire
1084 4971 1357 5028 festinant.
1417 4971 1569 5039 Quod
1604 4981 1782 5027 autem
1818 4972 1901 5026 di-
2002 4979 2094 5048 qui
2136 4995 2290 5034 mons
2320 4979 2577 5049 respiciat
2603 4978 2967 5045 solitudinem,
2999 4993 3118 5048 qua:
3155 4977 3416 5033 Hebraice
3440 4976 3579 5031 dici-

317 5066 461 5120 citur
484 5067 540 5119 in
570 5065 764 5134 ﬁnibus
793 5066 970 5131 Moab,
996 5074 1051 5120 et
1075 5050 1442 5134 supradictum
1465 5073 1569 5130 est,
1618 5065 1673 5119 in
1715 5063 1902 5118 solita-
2005 5079 2093 5125 ιω·
2116 5070 2365 5137 ιεεῑιηοη,
2390 5065 2602 5156 linum.
2656 5069 2881 5138 Quando
2917 5069 3063 5125 enim
3111 5069 3371 5124 fuerimus
3401 5068 3453 5121 in
3474 5067 3583 5120 vir-

319 5161 460 5226 dine,
492 5177 611 5231 qua:
638 5163 844 5232 respicit
886 5161 1043 5215 Moab
1072 5170 1255 5214 contra
1289 5159 1413 5215 solis
1445 5172 1638 5225 ortum,
1667 5159 1905 5215 ostendit
2008 5168 2181 5215 tutum
2208 5160 2442 5216 culmine
2466 5160 2769 5223 constituti,
2800 5168 2928 5214 tunc
2962 5158 3129 5215 totius
3157 5158 3340 5213 mundi
3373 5157 3579 5214 ruinas.

315 5249 469 5321 juxta
502 5251 765 5316 litteram,
796 5253 939 5323 quod
968 5253 1248 5322 hucusque
1286 5252 1339 5305 in
1373 5252 1566 5307 finibus
1595 5260 1752 5307 terra:
1784 5251 1905 5306 ldu-
2007 5258 2061 5305 et
2075 5251 2314 5305 omnium
2345 5259 2694 5320 peccatorum
2723 5250 3042 5320 respicimus
3070 5249 3395 5304 vastitatem.
3441 5246 3578 5304 Pone

321 5357 585 5398 rumorum
611 5342 832 5405 fuerint,
858 5353 911 5398 et
934 5359 1076 5397 nunc
1104 5343 1323 5397 veniant
1351 5343 1417 5397 ad
1446 5344 1704 5397 terminos
1726 5342 1901 5404 Moab,
2009 5340 2161 5396 obliti
2184 5355 2372 5395 sumus
2393 5349 2647 5396 currente
2668 5341 2914 5397 oratione
2936 5340 3161 5403 dictare,
3198 5350 3362 5405 quare
3384 5333 3579 5387 Dibon-

322 5431 390 5488 de
417 5431 520 5486 alia
549 5433 827 5501 provincia
870 5433 935 5488 ad
972 5433 1131 5486 aliam
1166 5440 1525 5489 transeuntes.
1600 5433 1716 5487 Non
1758 5433 1905 5488 enim
2011 5432 2113 5502 gad
2150 5432 2538 5502 interpretatur
2591 5433 2851 5489 intellecta
2890 5433 3097 5503 fortiter
3149 5428 3384 5483 tentatio.
3455 5425 3584 5481 Posr

323 5536 540 5592 semper
567 5522 658 5575 uni
700 5523 882 5576 virtuti
911 5523 1085 5577 danda
1131 5533 1214 5579 est
1258 5540 1440 5593 opera,
1466 5524 1559 5578 sed
1613 5525 1753 5579 sicut
1774 5539 1909 5579 scrl-
2012 5521 2288 5593 Dibongad
2317 5523 2521 5594 geritur
2542 5523 2740 5579 bellum
2770 5533 2961 5579 contra
3005 5520 3144 5576 Scon
3181 5532 3363 5587 regem
3394 5517 3584 5571 Amor-

323 5620 474 5682 ptnm
500 5620 605 5675 est,
630 5611 787 5665 Ibunt
812 5613 877 5665 de
898 5615 1084 5667 virtute
1113 5618 1166 5669 in
1190 5616 1424 5669 virtutem
1453 5612 1622 5686 (Psal.
1653 5615 1907 5685 Lxxxm),
2011 5614 2303 5679 rbazorum,
2328 5623 2381 5669 et
2404 5614 2483 5686 0g
2508 5631 2687 5687 regem
2710 5616 2904 5677 Basah,
2931 5622 2987 5669 et
3008 5610 3259 5671 dicimus,
3285 5608 3425 5677 quod
3464 5624 3585 5661 cum

326 5704 390 5758 dc
418 5703 518 5757 alia
557 5703 944 5758 transeundum
968 5712 1052 5758 est
1080 5706 1145 5759 ad
1176 5705 1358 5771 aliam,
1383 5704 1508 5774 quia
1537 5704 1744 5760 haerent
1781 5704 1908 5771 sibi,
2014 5705 2320 5761 venerimus
2346 5705 2410 5761 ad
2428 5713 2781 5765 summum.et
2807 5704 2871 5759 de
2894 5702 3036 5755 fonte
3060 5700 3358 5770 principum
3378 5712 3590 5769 regum-

653 5794 923 5854 l‘srnoe.
970 5793 1185 5856 CVIII.
3076 5794 3154 5851 23
