3924 6176
419 343 521 400 715

1061 334 1120 388 B.
1161 320 1413 387 RABANI
1452 318 1673 384 nsunt
1709 324 2025 381 ARCIIIEP.
2068 322 2374 377 uocum.
2417 322 2697 376 Ol’lilllm
2739 314 2915 374 PARS
2953 317 2991 371 t.

3432 339 3436 343 ‘
3526 320 3618 373 ’ἵιῦ

417 466 521 530 que
545 454 857 515 biberimus,
892 450 1242 504 ascendentes
1269 446 1334 500 ad
1358 453 1594 499 montem
1623 443 1856 512 Pbasga,
1882 455 1986 494 non
2020 440 2063 499 Λ
2094 451 2315 505 gregare
2337 435 2613 505 mysteria,
2632 443 2691 486 ut
2710 447 2775 485 ex
2800 429 3203 500 comparatione
3225 428 3620 498 plurimorunt,si

419 552 708 605 debeamus
733 544 935 600 elevari
962 544 1013 596 in
1046 541 1378 610 superbiam,
1398 537 1491 590 sed
1521 535 1852 605 propositam
1894 545 1990 585 no-

421 643 503 699 bis
543 657 572 697 e
593 639 867 704 contrario
889 634 1301 691 sollicitudinem
1326 630 1655 685 noverimus.
1701 625 1841 679 Aule
1864 641 1995 679 con-

421 733 695 787 tritionem
744 727 886 782 enim
934 725 1176 779 elevatur
1222 736 1318 775 cor
1350 718 1471 781 viri,
1502 726 1558 771 et
1601 723 1726 769 ante
1766 713 1994 784 gloriam

419 810 754 879 humiliatur.
819 817 970 886 Quod
1008 823 1187 870 autem
1212 811 1589 881 interpositum
1620 809 1677 863 in
1720 807 1991 862 historia:

425 915 573 971 Unde
599 914 789 969 dicitur
807 913 862 966 in
888 908 1017 963 libro
1037 905 1303 960 Bellorum
1322 902 1536 956 Domini
1562 914 1580 952 :
1619 899 1766 955 Sicut
1791 898 1909 968 fecit
1937 898 1990 952 in

424 1007 558 1061 mari
582 1004 777 1069 Rubro,
826 1002 900 1055 sic
931 998 1089 1069 faciat
1107 997 1161 1050 in
1183 992 1498 1048 torrentibus
1528 991 1728 1045 Arnen.
1779 987 1994 1058 Scopuli

424 1096 731 1151 torrentium
763 1090 1001 1146 inclinati
1040 1097 1178 1150 sunt,
1212 1094 1265 1139 ut
1311 1084 1682 1155 requiescerent
1705 1081 1760 1134 in
1796 1081 1995 1146 Arnen,

426 1198 475 1242 et
506 1185 852 1240 recumberent
890 1183 944 1237 in
973 1181 1165 1251 finibus
1198 1173 1573 1232 Moabitarum.
1622 1175 1678 1228 lu
1710 1189 1817 1243 quo
1859 1172 1998 1226 libro

427 1279 531 1332 hoc
556 1275 813 1344 scriptum
840 1273 910 1328 sit
931 1286 1036 1327 non
1060 1266 1524 1330 commemoravit,
1548 1280 1722 1333 neque
1756 1263 1893 1317 ullus
1918 1268 1999 1317 est

428 1369 479 1422 in
510 1368 593 1422 his
613 1382 747 1437 quos
774 1365 967 1419 divinae
997 1362 1289 1431 Scriptura!
1331 1358 1617 1413 canonicos
1645 1357 1996 1425 appellamus,

426 1463 481 1514 in
509 1476 614 1530 quo
644 1461 751 1516 hoc
777 1457 1033 1527 scriptum
1063 1455 1381 1525 reperiatur.
1435 1453 1511 1506 De
1537 1451 1734 1507 talibus
1762 1450 2001 1504 occasio-

428 1567 526 1606 nes
575 1549 873 1619 reperiunt,
931 1547 1022 1616 qui
1068 1545 1236 1600 libros
1287 1543 1624 1613 apocrypbos
1664 1541 1999 1594 iucautorum

432 1641 653 1695 auribus
674 1647 730 1693 et
750 1637 1088 1693 curiosorum
1111 1641 1378 1689 conantur
1406 1632 1669 1695 inserere,
1694 1630 1759 1683 ad
1784 1643 2002 1699 persua-

432 1732 634 1787 dendas
680 1728 951 1784 fabulosas
1003 1726 1328 1795 impietates.
1396 1722 1503 1777 Sed
1529 1722 1617 1795 hic
1647 1722 1848 1775 dictum
1897 1727 2002 1783 est,

2092 524 2218 594 quid
2265 539 2501 593 praesens
2555 538 2736 577 sermo
2759 521 3106 575 obscuritatis
3149 520 3380 574 continet
3423 520 3621 578 eluceat.

2091 616 2182 669 Ait
2206 631 2335 685 ergo
2357 614 2595 685 Spiritus
2619 612 2713 667 Dei
2742 628 2841 682 per
2861 611 3206 665 Salomouem
3236 610 3288 663 in
3316 609 3529 665 Proverb
3549 613 3622 667 is:

2092 704 2222 759 Bibe
2271 719 2461 775 aquam
2490 704 2554 757 de
2597 704 2702 756 tuis
2737 703 2874 756 uasis
2899 742 2913 766 ,
2945 712 2993 755 et
3042 701 3107 754 de
3140 711 3405 771 puteorum
3444 712 3622 758 tuorum

2096 793 2239 864 fonte
2266 809 2285 848 :
2327 803 2374 847 et
2406 810 2508 846 non
2552 790 3002 861 superfunduntur
3028 791 3121 844 tibi
3171 808 3319 862 aqum
3341 802 3478 846 extra
3501 803 3624 848 tum

2096 884 2293 954 {autem
2319 882 2500 956 (Prov.
2519 881 2595 948 ν),
2626 882 2874 951 quamvis
2913 881 2968 935 in
2995 881 3119 936 aliis
3170 883 3544 952 exemplaribus
3565 884 3628 939 le-

2097 976 2349 1046 gerimus,
2400 982 2454 1027 et
2486 972 2832 1028 ellundautur
2871 972 2970 1026 tibi
3017 988 3170 1042 aqua:
3194 982 3341 1028 extra
3370 983 3505 1028 tuum
3531 976 3629 1031 lo..-

2098 1076 2226 1121 tem.
2274 1066 2440 1135 Aqua:
2487 1074 2591 1120 tum
2619 1066 2728 1120 sint
2760 1065 2855 1119 tibi
2883 1064 3002 1129 soli,
3034 1076 3091 1119 et
3127 1080 3282 1119 nemo
3318 1065 3510 1121 alienus
3529 1084 3632 1138 par-

2098 1157 2281 1228 ticipet
2307 1172 2371 1212 ex
2397 1157 2495 1211 eis.
2550 1155 2722 1210 Habet
2740 1169 2888 1226 ergo,
2918 1165 2975 1209 ut
2998 1154 3084 1209 bis
3102 1156 3356 1225 signatur,
3380 1160 3633 1225 unusquis-

2100 1262 2205 1317 que
2237 1257 2477 1302 nostrum
2524 1247 2577 1300 in
2614 1247 2907 1315 semetipso
2947 1255 3207 1327 puteum;
3259 1247 3434 1301 imoet
3460 1247 3633 1317 aliquid

2101 1341 2331 1409 amplius
2350 1339 2580 1394 dicimus
2604 1357 2615 1391 :
2643 1339 3014 1408 unusquisque
3040 1346 3280 1392 nostrum
3302 1338 3355 1392 iu
3380 1341 3639 1408 semetipso

2100 1448 2206 1487 non
2228 1442 2445 1503 puteum
2473 1447 2658 1498 unum,
2682 1432 2775 1487 sed
2809 1441 3001 1501 puteos
3044 1432 3263 1503 multos,
3286 1440 3339 1485 et
3365 1448 3463 1485 non
3493 1449 3634 1485 umuu

2102 1540 2215 1589 vas,
2248 1531 2341 1578 sed
2373 1539 2500 1577 vasa
2531 1522 2716 1577 multa.
2782 1523 2897 1577 Non
2926 1523 3067 1577 cuitu
3108 1524 3243 1578 dixit
3273 1540 3289 1576 :
3338 1524 3458 1578 Bibe
3494 1541 3641 1593 aquas

2103 1617 2169 1673 de
2192 1624 2283 1671 tuo
2308 1632 2457 1681 vase,
2497 1616 2591 1669 sed
2617 1615 2680 1668 de
2706 1616 2810 1668 tuis
2836 1615 2971 1668 vasis
2998 1631 3016 1678 ;
3053 1622 3107 1668 et
3133 1630 3242 1668 non
3270 1613 3494 1677 dixil,dc
3516 1615 3641 1682 putei

2104 1709 2182 1763 tui
2204 1707 2371 1773 fonte,
2408 1708 2502 1761 sed
2527 1707 2592 1760 de
2634 1715 2906 1776 puteorum
2947 1715 3158 1759 tuorum
3198 1706 3356 1774 fonte.
3421 1704 3645 1776 Legimus

431 1822 688 1890 scriptum
716 1819 768 1872 in
800 1818 938 1873 libro
965 1834 982 1871 :
1019 1831 1124 1870 non
1153 1815 1352 1869 dictum
1378 1822 1462 1867 est
1488 1813 1538 1865 iu
1557 1810 1710 1880 cujus
1729 1811 2002 1879 propheta:
2032 1803 2076 1862 Β
2104 1799 2356 1890 habuisse
2384 1806 2438 1852 ει
2487 1798 2826 1867 Ρίὶῑτῖποιιειε
2867 1804 3079 1866 Ρυῑθοε·
3146 1795 3344 1890 Habt!“
3376 1796 3640 1859 Abraham.

431 1912 512 1965 vel
539 1909 863 1980 patriarcbze
909 1905 1083 1962 sancti
1125 1905 1283 1959 libro.
1338 1902 1522 1972 Neque
1566 1901 1871 1973 negandum
1920 1908 2005 1955 est

433 2003 599 2057 fuisse
621 2016 733 2070 1am
770 2001 958 2065 libros,
988 1998 1101 2054 sive
1128 1996 1522 2061 Chaldzeorum,
1579 1995 1721 2050 unde
1756 2010 2005 2064 egressus

431 2101 515 2147 est
542 2091 838 2145 Abraham.
868 2089 980 2145 sive
1003 2085 1401 2156 ngyptiorum,
1431 2084 1521 2139 ubi
1566 2084 1825 2139 didicerat
1862 2082 2007 2155 Moy-

432 2198 520 2237 ses
546 2196 759 2236 omnem
784 2180 997 2233 illorum
1034 2177 1376 2248 sapientiam,
1404 2176 1518 2230 sive
1547 2174 1807 2245 cujusque
1831 2173 2008 2243 gentis

434 2274 676 2340 alterius,
726 2272 779 2326 in
810 2286 1042 2342 quorum
1071 2270 1332 2323 librorum
1360 2267 1540 2337 aliquo
1567 2266 1740 2337 potuit
1765 2267 2009 2321 essehoc

434 2364 716 2433 scriptum.
770 2361 871 2429 Qui
923 2369 1102 2416 tamen
1133 2374 1239 2413 non
1276 2358 1396 2414 ideo
1438 2357 1509 2413 sit
1555 2355 1911 2412 assumendus
1954 2355 2007 2409 in

434 2470 527 2510 eas
557 2454 892 2523 Scripturas,
915 2453 1109 2522 quibus
1133 2451 1311 2506 divina
1334 2448 1746 2505 commendatur
1775 2446 2011 2502 auctori-

438 2555 521 2600 tas
543 2587 555 2610 ,
581 2545 722 2600 sicut
756 2559 854 2599 nec
880 2544 1141 2614 propheta
1169 2542 1255 2596 ille
1278 2540 1568 2606 Cretensis,
1601 2537 1755 2607 cujus
1780 2538 2009 2593 mentio-

437 2651 560 2691 nem
586 2635 716 2690 facit
746 2634 1019 2705 apostolus
1053 2633 1253 2687 Paulus
1279 2651 1290 2685 :
1326 2631 1438 2686 Nec
1464 2629 1768 2685 Gra’eorum
1795 2631 2013 2699 scripto-

438 2743 519 2779 res
549 2739 567 2777 :
597 2742 688 2779 nec
736 2724 1048 2795 philosophi,
1098 2741 1190 2777 nec
1229 2733 1396 2795 poeta:
1434 2721 1561 2793 (Tit.
1592 2720 1658 2793 ι),
1704 2736 1840 2793 quos
1870 2720 2011 2775 idem

438 2817 551 2885 ipse
581 2815 891 2884 apostolus,
940 2829 1193 2885 magnum
1233 2827 1363 2867 sane
1413 2812 1614 2882 aliquid
1655 2819 1709 2867 et
1745 2811 2015 2866 veraciter

437 2914 745 2976 promptum
777 2906 917 2975 apud
942 2904 1302 2958 Atheuienses
1353 2903 1601 2973 loquens,
1649 2903 1852 2957 dixisse
1887 2917 2014 2957 con-

440 2996 638 3051 ﬁrmat.
681 2996 746 3049 In
774 2995 865 3050 illo
891 2995 1029 3050 enim
1052 2994 1287 3060 vivimus,
1307 3010 1568 3049 movemur
1597 3006 1643 3048 et
1670 3010 1850 3048 sumus
1873 2992 2011 3065 (Act.

443 3087 598 3152 xvu).
649 3086 799 3142 Licet
824 3087 967 3142 enim
993 3085 1191 3139 divinae
1232 3085 1545 3140 auctoritati
1584 3085 1707 3140 inde
1760 3085 2010 3150 voluerit,

2105 1889 2293 1943 habuit
2315 1888 2463 1942 Isaac
2483 1896 2694 1957 puteos,
2718 1888 2906 1941 habuit
2950 1895 3128 1941 autem
3176 1894 3232 1940 et
3257 1884 3437 1941 Jacob.
3503 1885 3563 1940 Et
3586 1889 3643 1941 ab

2105 1980 2224 2034 istis
2254 1980 2431 2050 puteis
2453 1987 2664 2047 sumpto
2707 1978 2885 2043 initio,
2917 1993 3172 2047 percurre
3199 1994 3409 2033 omnem
3434 1978 3645 2047 Scriptu-

2107 2087 2221 2126 ram
2249 2080 2438 2140 puteos
2460 2071 2766 2140 requirens,
2794 2079 2851 2124 et
2870 2070 3088 2140 perveni
3134 2084 3308 2138 usque
3346 2071 3406 2123 ad
3435 2071 3647 2141 Evange-

2107 2160 2257 2225 lium,
2308 2168 2361 2214 et
2391 2160 2629 2214 invemes
2655 2160 2727 2213 ibi
2780 2168 3001 2229 puteum
3032 2174 3196 2227 supra
3227 2175 3385 2228 quem
3428 2158 3649 2214 Salvator

2107 2252 2329 2307 sedebat
2387 2254 2731 2323 requiescens
2792 2260 2914 2322 post
2962 2252 3179 2307 itineris
3227 2253 3502 2318 laborem;
3541 2260 3649 2306 tunc

2110 2355 2233 2396 cum
2255 2341 2503 2396 veniente
2538 2341 2762 2396 muliere
2791 2340 3155 2406 Samaritana,
3204 2350 3262 2396 et
3298 2342 3498 2396 volente
3535 2343 3648 2396 bau-

2111 2431 2220 2486 rire
2260 2447 2457 2500 aquam
2502 2432 2568 2486 de
2589 2442 2775 2501 puteo,
2816 2446 2934 2500 quae
2960 2432 3184 2487 essetin
3220 2432 3504 2501 Scripturis
3525 2431 3649 2503 putri

2111 2523 2194 2577 vel
2217 2530 2501 2592 puteon
2523 2522 2696 2576 virtus
2713 2522 3020 2590 exponitur,
3038 2530 3093 2576 et
3108 2523 3435 2592 comparatio
3446 2523 3501 2577 lit
3514 2538 3652 2591 aqua-

2114 2629 2257 2681 rum,
2280 2615 2368 2671 ubi
2395 2623 2449 2670 et
2468 2613 2647 2669 divina
2680 2614 2924 2684 mystcrii
2943 2614 3257 2684 panduntur
3285 2630 3472 2669 arcana
3492 2612 3648 2686 (101m.

2112 2706 2209 2777 tv).
2243 2705 2450 2761 Dicitur
2476 2704 2637 2760 'enim
2667 2724 2679 2759 :
2735 2703 2796 2759 Si
2822 2705 2939 2776 quis
2967 2703 3106 2758 bibat
3130 2721 3196 2759 ex
3232 2706 3315 2759 his
3342 2706 3501 2776 aquis,
3535 2719 3648 2774 quas

2114 2798 2423 2854 continebat
2445 2807 2637 2869 puteus
2664 2797 2751 2852 ille
2774 2799 3193 2863 terrenus,sitiet
3219 2814 3423 2853 rursus.
3453 2798 3545 2864 Qui
3570 2814 3652 2850 au—

2116 2901 2216 2945 tem
2234 2908 2296 2945 ea:
2313 2890 2418 2946 illis
2440 2892 2793 2961 biberit,quas
2821 2892 2912 2945 dat
2932 2889 3111 2955 lcsus,
3137 2891 3228 2959 fiet
3244 2892 3299 2946 in
3320 2909 3380 2946 eo
3408 2891 3517 2960 fons
3528 2906 3653 2960 aqua

2114 2981 2349 3035 salientis
2371 2982 2426 3034 in
2454 2980 2610 3033 vitam
2636 2990 2903 3034 internum.
2948 2979 3112 3049 Igitur
3139 2983 3433 3036 secundum
3457 2996 3533 3045 ea,
3555 2994 3656 3049 qua:

2118 3073 2173 3127 in
2209 3071 2514 3127 Proverbiis
2534 3072 2733 3141 scripta
2771 3071 3170 3141 proposuimus,
3222 3073 3315 3129 ubi
3358 3074 3497 3144 putei
3522 3070 3657 3127 simul

440 3176 586 3247 quod
605 3192 792 3232 verum
818 3176 1085 3230 invenerit
1121 3175 1487 3230 testimonium
1517 3189 1753 3239 sumere,
1782 3174 1875 3228 sed
1904 3189 2011 3228 ηοη
2042 3152 2088 3216 C
2118 3179 2240 3218 cum
2264 3162 2410 3218 fonte
2441 3166 2806 3233 nominantur,
2825 3168 3197 3239 accipiendum
3230 3181 3318 3227 est
3331 3172 3537 3226 verbum
3561 3168 3654 3222 Dei.

445 3268 568 3321 ideo
607 3267 809 3329 omnia,
842 3279 962 3334 quae
1000 3264 1073 3317 ibi
1125 3264 1323 3332 scripta
1353 3271 1504 3328 sunt,
1550 3262 1864 3332 accipienda
1888 3277 2019 3316 con-

444 3357 647 3410 ﬁrmat.
723 3354 833 3410 Cur
883 3361 1064 3408 autem
1110 3353 1234 3419 hoc,
1268 3354 1371 3407 isto
1418 3360 1898 3407 commemoratum
1947 3353 2020 3406 sit

443 3445 582 3509 loco,
634 3459 743 3498 non
781 3442 1061 3498 evidenter
1107 3451 1362 3513 apparet,
1406 3442 1512 3497 nisi
1558 3440 1718 3509 forte,
1776 3450 1837 3496 ut
1885 3443 2023 3499 lines

444 3535 556 3592 illic
584 3535 726 3590 inter
751 3534 884 3589 duas
922 3542 1110 3604 gentes
1155 3533 1634 3598 constituerentur,
1669 3532 1807 3589 bello
1838 3542 2020 3589 actum

446 3635 551 3694 est,
595 3626 738 3697 quod
784 3625 979 3681 bellum
1026 3624 1267 3694 ejusdem
1322 3624 1426 3680 loci
1468 3626 1745 3692 homines,
1802 3634 2023 3697 propter

447 3720 870 3791 magnitudinem
900 3758 915 3782 ,
971 3718 1166 3772 bellum
1211 3717 1420 3772 Domini
1469 3732 1589 3773 esse
1624 3718 1917 3783 dixerunt,
1962 3726 2022 3772 ut

447 3812 782 3865 scriberetur
840 3809 896 3862 in
954 3808 1135 3876 aliquo
1186 3823 1373 3863 eorum
1422 3807 1561 3863 libro
1587 3846 1602 3873 ,
1659 3807 1863 3862 Bellum
1919 3808 2023 3862 Do—

451 3898 609 3952 mini.

1031 3964 1258 4021 CAPUT
1286 3967 1372 4020 ιιι.

453 4074 553 4131 Ubi
590 4075 846 4129 Dominus
898 4090 1088 4144 aquam
1121 4074 1185 4126 de
1210 4085 1365 4144 puteo
1390 4076 1530 4129 dedit
1551 4075 1677 4144 [iliis
1710 4076 1883 4131 Israel
1906 4091 1925 4129 :
1973 4089 2023 4132 et

632 4192 635 4203 .
709 4143 1092 4214 cunt.co,'quod
1118 4155 1190 4197 est
1217 4161 1371 4216 super
1396 4162 1513 4200 eum
1545 4147 1762 4201 dictum.

524 4256 674 4327 (Usu.
707 4255 847 4326 xxi.)
886 4255 968 4308 Ea:
993 4271 1053 4310 eo
1084 4254 1197 4309 loco
1225 4258 1464 4327 apparuit
1494 4266 1697 4329 puteus,
1723 4276 1879 4331 super
1921 4276 2023 4331 quo

452 4351 655 4401 locutus
684 4356 758 4400 est
786 4346 1046 4400 Dominus
1066 4345 1134 4399 ad
1158 4345 1375 4416 Moysen
1405 4362 1423 4399 :
1466 4346 1734 4421 Congrega
1753 4350 2022 4421 populum,

451 4446 499 4488 et
525 4436 662 4490 dabo
693 4435 739 4488 ei
769 4451 979 4505 aquam.
1029 4434 1128 4490 Htc
1153 4444 1257 4501 est,
1297 4437 1492 4505 inquit,
1515 4449 1729 4509 puteus,
1758 4455 1918 4510 quem
1943 4441 2026 4495 di-

455 4528 535 4581 xit
558 4526 813 4581 Dominus
835 4527 901 4580 ad
929 4526 1148 4597 Moysen
1174 4545 1187 4581 :
1237 4527 1506 4600 Congrega
1526 4531 1798 4602 populum,
1822 4543 1868 4586 et
1888 4533 2026 4588 dabo

456 4617 535 4669 eis
551 4631 740 4686 aquam
768 4614 957 4670 bibere.
984 4615 1063 4670 lta
1091 4617 1193 4671 hoc
1229 4630 1710 4675 commemoratum
1737 4631 1840 4687 est,
1868 4627 2024 4693 quasi

458 4707 652 4762 alicubi
679 4708 929 4783 superius
949 4709 1051 4765 hoc
1072 4708 1139 4763 ad
1163 4708 1381 4780 Moysen
1411 4710 1613 4766 dixisse
1640 4713 1902 4768 Dominus
1949 4714 2026 4769 le-

458 4806 634 4867 gatur.
686 4795 793 4851 Sed
812 4798 939 4866 quia
965 4814 1229 4869 nusquam
1272 4801 1593 4869 reperiatur,
1624 4803 1710 4857 hic
1736 4803 2028 4874 intelligen-

459 4889 586 4942 dum
611 4895 715 4941 est.
761 4896 816 4943 et
865 4888 976 4943 illic
1003 4889 1204 4945 bibisse
1243 4892 1496 4961 populum
1537 4895 1628 4962 qui
1677 4895 1744 4949 de
1784 4896 2027 4953 siccitate

459 4978 910 5048 conquerebatur.
942 4978 1083 5045 Quid
1110 4989 1191 5034 est
1214 4983 1359 5035 enim
1385 4984 1527 5052 quod
1549 4999 1871 5055 magnopere
1892 5003 2030 5057 prae-

2118 3254 2318 3311 Puteus
2332 3257 2573 3325 quidem,
2607 3259 2651 3312 si
2679 3258 2931 3329 profundi
2958 3261 3161 3332 aliquid
3207 3264 3480 3335 mysteriis
3509 3261 3659 3331 tegit:

2118 3346 2241 3404 fons
2265 3357 2463 3415 autem,
2493 3350 2537 3405 si
2562 3351 2629 3406 ad
2648 3352 2875 3422 populos
2896 3354 3135 3409 abundat
3155 3363 3212 3410 et
3234 3355 3421 3411 elliuit.
3452 3355 3548 3410 Sed
3569 3368 3659 3408 non

2119 3440 2230 3495 otio
2260 3439 2393 3513 [Al.,
2422 3442 2619 3516 otiose]
2669 3445 3052 3514 requirendum
3082 3449 3360 3517 quomodo
3410 3461 3662 3519 possumus

2118 3531 2380 3603 pluralem
2422 3550 2704 3591 numerum
2751 3537 2818 3593 de
2839 3540 3016 3608 puteis
3042 3554 3340 3611 exponere,
3370 3550 3423 3596 et
3459 3537 3663 3610 singula-

2120 3637 2238 3676 rem
2266 3624 2331 3680 de
2353 3623 2501 3679 fonte
2532 3644 2544 3678 :
2597 3626 2723 3696 quia
2758 3628 2811 3682 in
2848 3627 3158 3685 Proverbiis
3199 3631 3337 3686 dicit
3376 3629 3665 3701 Sapientia:

2119 3713 2253 3770 Bibe
2269 3733 2433 3788 aquas
2456 3717 2520 3771 de
2537 3729 2808 3789 puteorum
2830 3730 3040 3775 tuorum
3054 3722 3196 3791 {ante
3212 3722 3396 3795 (Prov.
3412 3725 3482 3795 v).
3504 3721 3666 3775 Videa-

2123 3823 2245 3863 mus
2284 3823 2414 3881 ergo
2458 3827 2685 3881 quorum
2716 3820 3000 3881 puteorum
3030 3818 3193 3869 unum
3232 3818 3432 3873 dixerit
3472 3816 3663 3871 fontem.

2121 3898 2234 3968 Ego
2259 3907 2390 3968 puto
2416 3901 2559 3969 quod
2588 3902 2813 3971 scientia
2840 3903 3065 3972 inge;.iti
3111 3904 3312 3973 Patris,
3370 3922 3501 3961 unus
3524 3903 3668 3975 possit

2122 3991 2348 4061 intelligi
2397 3999 2630 4061 puteus:
2663 3993 2757 4047 sed
2784 4001 2839 4048 et
2863 3995 3125 4067 unigeniti
3147 3995 3275 4052 Filii
3308 3995 3422 4066 ejus
3472 3997 3667 4069 agnitio,

2122 4079 2261 4135 alius
2288 4088 2480 4149 puteus
2517 4083 2710 4137 debeat
2752 4084 2998 4156 intelligi.
3068 4086 3225 4143 Alius
3286 4090 3429 4145 enim
3466 4104 3495 4143 a
3535 4087 3669 4141 Patre

2123 4169 2315 4237 Filius,
2350 4180 2536 4227 etnon
2560 4174 2700 4228 idem
2728 4174 2898 4230 Filius
2925 4177 3015 4246 qui
3036 4186 3092 4232 et
3132 4177 3323 4245 Pater,
3351 4181 3486 4235 sicut
3507 4186 3558 4233 et
3576 4179 3670 4248 ipse

2125 4262 2180 4317 in
2206 4262 2493 4333 Evangelio
2527 4264 2672 4318 dicit.
2726 4265 2878 4322 Alius
2898 4276 2982 4323 est
3011 4269 3227 4340 quidem
3255 4284 3311 4329 et
3335 4274 3668 4332 testimonium

2125 4354 2464 4410 dicit'Pater.
2522 4355 2590 4410 Et
2619 4371 2826 4423 rursus,
2876 4361 3095 4415 tertium
3142 4374 3277 4432 puto
3320 4367 3489 4423 videri
3536 4377 3671 4436 posse

2128 4455 2370 4516 puteum,
2394 4446 2754 4515 cognitionem
2784 4446 3017 4519 Spiritus
3038 4455 3228 4509 sancti.
3260 4456 3413 4513 Alius
3440 4456 3668 4517 estenim,

2130 4544 2185 4592 et
2209 4538 2323 4608 ipse
2346 4553 2377 4592 a
2404 4536 2565 4592 Patre
2594 4547 2649 4594 et
2676 4537 2832 4605 Filio,
2862 4543 3003 4596 sicut
3029 4545 3097 4598 de
3128 4545 3246 4615 ipso
3269 4548 3605 4603 nihilominus
3627 4546 3673 4599 in

2131 4629 2434 4701 Evangeliis
2469 4629 2707 4684 dicitur:
2759 4629 2929 4685 Mittet
2970 4634 3111 4689 robis
3149 4635 3315 4693 Pater
3341 4640 3502 4694 alium
3542 4654 3673 4710 paru-

2131 4721 2320 4775 cletum
2345 4720 2601 4792 Spiritum
2637 4721 2866 4776 veritais
2898 4723 3077 4792 (Joan.
3110 4727 3241 4797 xlv).
3293 4729 3388 4784 Est
3431 4744 3555 4798 ergo
3578 4728 3673 4781 hac

2133 4812 2295 4865 trium
2330 4812 2605 4867 distinctio
2651 4829 3029 4883 personarum,
3075 4817 3127 4871 in
3165 4817 3349 4886 Patre,
3373 4830 3426 4875 et
3454 4820 3601 4881 Filio,
3628 4823 3672 4868 el

2134 4900 2335 4972 Spiritu
2361 4911 2569 4968 sancto,
2588 4920 2706 4974 quae
2726 4906 2791 4958 ad
2813 4906 3071 4974 pluralem
3100 4920 3385 4978 puteorum
3416 4922 3672 4966 numerum

2125 5002 2429 5050 revocatur.
2466 4993 2569 5050 Sed
2593 4997 2784 5051 horum
2813 5007 3092 5066 puteorum
3115 5017 3252 5055 unus
3275 5003 3417 5068 fons,
3449 5018 3547 5056 una
3566 5000 3673 5055 sub-

460 5070 607 5139 cepit
653 5067 793 5122 Deus
833 5067 1000 5139 Moysi
1031 5069 1283 5138 populum
1334 5087 1681 5145 congregare,
1731 5085 1789 5131 ut
1833 5082 1923 5134 det
1950 5081 2034 5137 eis
2126 5085 2323 5138 stantia
2353 5092 2455 5149 est,
2504 5096 2558 5141 et
2585 5095 2776 5141 natura
2815 5087 3115 5146 Trinitatis.
3175 5093 3241 5146 Et
3271 5095 3375 5148 huc
3412 5093 3565 5148 modo
3584 5105 3671 5145 non

462 5175 655 5230 aquam
672 5159 854 5215 bibere
866 5161 930 5215 de
958 5163 1157 5230 puteo?
1181 5161 1344 5228 Quasi
1368 5181 1492 5221 vero
1522 5183 1627 5222 non
1648 5169 1808 5224 etiam
1841 5181 2031 5241 sponte

463 5251 692 5324 populus
716 5252 933 5308 bibendi
958 5254 1131 5321 gratia
1167 5257 1479 5313 conveniret
1501 5259 1568 5313 ad
1596 5269 1834 5329 puteum.
1891 5263 2030 5330 Quid

463 5358 592 5413 ergo
622 5344 757 5397 tanti
784 5356 880 5398 ore
902 5344 1176 5412 propheta:
1201 5348 1528 5417 praecipitur,
1571 5358 1632 5405 ut
1665 5354 1882 5423 proprio
1912 5363 2027 5408 stu-

465 5434 554 5488 dio
583 5444 636 5489 et
666 5434 845 5490 labore
867 5446 1156 5507 congreget
1186 5441 1437 5508 populum
1466 5444 1533 5497 ad
1561 5443 1907 5500 hauriendam
1940 5462 2034 5516 pu-

465 5522 538 5575 tei
566 5524 791 5591 aquam?
842 5523 993 5580 Unde
1013 5526 1191 5580 vilitas
1221 5527 1412 5585 litterte
1438 5532 1504 5585 ad
1522 5535 1910 5600 pretiositatem
1935 5554 2031 5594 nos

467 5611 722 5678 spiritalis
752 5616 979 5669 remittit
1029 5617 1408 5688 intelligentiae.
1463 5623 1529 5677 Et
1553 5623 1672 5678 ideo
1709 5630 2032 5685 conveniens

468 5709 615 5764 puto,
654 5703 814 5757 etiam
841 5705 907 5758 de
935 5707 1054 5761 aliis
1087 5706 1378 5779 Scriptum
1420 5713 1552 5767 locis
1593 5724 1870 5783 puteorum
1901 5735 2031 5774 con-

2125 5173 2297 5227 otiosa
2337 5173 2641 5229 invenietur
2673 5175 2970 5248 Scriptura:
3019 5189 3221 5235 sancta:
3257 5182 3529 5236 distinctio
3572 5192 3672 5248 qua:

2128 5264 2259 5318 dicit
2277 5265 2342 5319 de
2366 5275 2647 5335 puteorum
2672 5269 2836 5324 fonte.
2888 5271 3039 5327 Tunc
3064 5275 3263 5327 cecinit
3287 5273 3455 5329 Israel
3474 5283 3669 5327 cat-tuen

2130 5355 2274 5410 istud
2304 5372 2319 5410 :
2348 5357 2606 5412 Ascendet
2656 5370 2864 5430 puteus,
2914 5363 3275 5428 concinebant,
3327 5376 3512 5434 puteus
3541 5373 3670 5432 qum

2131 5447 2374 5517 foderunt
2395 5450 2651 5520 principes
2679 5463 2726 5505 et
2748 5465 3065 5523 paraverunt
3091 5456 3246 5510 duces
3267 5454 3606 5509 multitudinis
3626 5450 3670 5501 in

2131 5541 2315 5594 datare
2341 5539 2466 5611 legis
2486 5554 2532 5595 ει
2562 5544 2617 5597 in
2639 5544 2835 5599 baculis
2858 5546 2992 5615 ejus.
3027 5546 3166 5602 Sunt
3186 5565 3315 5618 ergo
3344 5548 3486 5618 putei
3516 5543 3667 5605 multi,

2131 5646 2266 5699 quos
2311 5631 2543 5688 diximus
2567 5649 2683 5688 esse
2733 5636 2870 5690 intra
2903 5640 3158 5694 animam.
3215 5640 3350 5695 Sunt
3378 5648 3434 5694 et
3460 5638 3543 5692 alii
3571 5635 3672 5704 plu-

2132 5725 2278 5787 rimi,
2312 5725 2397 5793 qui
2459 5726 2512 5778 iu
2552 5727 2775 5795 singulis
2816 5731 2922 5797 qui‘
2948 5747 3116 5801 usque
3150 5732 3544 5801 Scripturarum
3579 5742 3671 5783 seu
