3932 6188
298 297 398 352 7l7

1009 290 1545 348 ENARRATIONES
1584 292 1648 348 IN
1690 291 1951 348 LIBRUM
1993 287 2454 347 NUMERORUM.
2490 318 2560 328 --
2597 286 2724 343 LIB.
2765 285 2851 342 Ill,

3459 284 3566 346 7l3

296 410 551 467 monibus
584 405 959 476 intelliguntur
983 414 1040 459 et
1083 406 1354 461 sensibus.
1426 406 1523 461 Est
1553 416 1733 461 tamen
1750 406 1883 460 emi-
1911 414 1957 472 Α
1988 404 2055 458 ad
2084 403 2449 459 obedientiam
2475 401 2598 457 ﬁdei
2627 411 3041 472 eongregarunt,
3083 411 3139 456 et
3164 400 3362 458 Christi
3392 405 3569 459 scien-

291 502 515 558 nentior
543 497 753 555 caeteris
786 498 888 551 iste
907 506 1100 568 puteus
1134 507 1190 552 et
1217 499 1471 563 eximius,
1498 499 1567 553 de
1591 514 1699 567 quo
1730 508 1784 554 et
1823 499 1878 552 in

292 590 552 664 pnesenti
600 590 719 644 loco
763 587 1046 659 Scriptura
1083 589 1240 656 dicit,
1289 591 1416 661 quia
1455 590 1708 646 foderunt
1754 604 1879 645 eum

293 700 406 741 non
449 683 758 754 quicunque
804 696 1122 738 communes
1146 684 1416 750 homines,
1452 686 1545 740 sed
1583 684 1877 755 principes,

288 785 351 831 et
371 775 550 831 adhuc
574 774 768 828 horum
805 772 1167 838 sublimiores,
1214 789 1351 844 quos
1386 790 1540 847 reges
1571 775 1877 846 appellavit.

292 870 526 940 Propter
544 868 688 938 quod
708 875 764 922 et
791 868 1002 922 canitur
1031 867 1145 923 Deo
1180 867 1322 936 apud
1344 868 1489 922 hunc
1506 866 1753 921 eumdem
1782 880 1883 935 pu-

292 970 461 1015 teum.
509 959 592 1015 Ad
638 959 801 1013 istum
852 973 982 1029 ergo
1016 966 1255 1030 puteum,
1307 968 1367 1013 ut
1404 958 1633 1030 Moyses,
1672 958 1726 1012 id
1775 966 1878 1024 est,

290 1051 379 1106 lex
409 1065 511 1106 nos
537 1058 851 1121 congreget,
882 1065 985 1104 non
1037 1046 1240 1104 frustra
1259 1049 1474 1103 videtur
1503 1049 1726 1103 dictum.
1780 1047 1882 1102 Po-

292 1150 400 1196 test
436 1142 583 1196 enim
607 1141 721 1196 ﬁeri
757 1148 816 1194 ut
841 1141 1037 1210 aliquis
1064 1140 1132 1194 ad
1152 1141 1315 1195 istum
1346 1148 1570 1211 puteum
1596 1140 1783 1194 venire
1802 1139 1882 1193 vi-

285 1230 522 1285 deatur:
561 1232 657 1287 sed
690 1231 793 1285 nisi
834 1245 934 1300 per
981 1229 1199 1301 Moysen
1232 1239 1612 1300 congregetur,
1662 1245 1769 1284 non
1799 1238 1882 1285 est

286 1332 550 1393 acceptus
579 1322 709 1377 Deo.
742 1321 982 1376 Marcion
998 1322 1209 1376 venisse
1236 1322 1338 1377 sibi
1381 1321 1594 1376 videtur
1626 1322 1692 1375 ad
1717 1322 1879 1376 istum

288 1429 539 1487 puteum,
565 1427 621 1473 et
649 1414 912 1471 Basilides
935 1422 989 1469 et
1021 1415 1372 1481 Valentinus;
1404 1416 1496 1470 sed
1515 1414 1641 1484 quia
1664 1430 1769 1480 non
1791 1427 1882 1468 ve-

287 1517 491 1564 nerunt
518 1522 614 1578 per
635 1506 874 1578 Moysen,
901 1523 1007 1561 non
1029 1515 1349 1576 receperunt
1375 1506 1547 1576 legem
1575 1517 1629 1560 et
1652 1505 1881 1574 prophe-

286 1611 395 1664 tas,
426 1615 535 1655 non
572 1608 799 1669 possunt
821 1598 1040 1652 laudare
1074 1597 1356 1651 Dominum
1385 1596 1554 1649 Deum
1605 1596 1672 1649 de
1717 1594 1880 1648 fonti-

286 1694 394 1748 bus
434 1691 620 1747 Israel.
697 1689 814 1745 Non
838 1705 966 1760 ergo
994 1690 1235 1754 veniunt,
1285 1688 1376 1758 qui
1401 1685 1704 1755 huiusmodi
1730 1694 1876 1749 sunt,

1985 495 2114 549 tiam
2146 496 2398 550 omnibus
2449 492 2862 565 patefecerunt,
2908 488 2964 545 in
2998 508 3110 561 quo
3152 502 3278 548 sunt
3326 496 3567 550 thesauri

1982 584 2260 654 sapientia:
2279 592 2337 639 et
2358 583 2607 638 scientiae
2633 582 2954 637 abseonditi.
2996 579 3063 635 Et
3088 583 3267 637 omnis
3288 582 3569 654 Scriptura

1983 673 2120 746 legis
2139 682 2195 729 et
2221 673 2627 744 pr0phetarum,
2669 670 2979 743 evangelica
3015 686 3228 741 quoque
3252 681 3412 742 atque
3440 688 3570 743 apo-

1981 765 2175 819 stolica
2208 764 2410 834 scripta
2424 763 2584 819 simul
2609 763 2789 817 omnia
2824 777 2964 818 unus
3011 771 3093 818 est
3132 772 3365 834 puteus;
3406 780 3569 834 quem

1982 873 2088 913 non
2116 866 2343 927 possunt
2371 856 2555 911 fodere
2583 870 2759 925 neque
2785 856 3059 921 excidere,
3094 854 3199 909 nisi
3225 855 3571 911 inveniantur

1982 963 2138 1019 reges
2166 955 2223 1003 et
2259 947 2550 1018 principes.
2598 945 2738 1001 Vere
2767 946 2913 1001 enim
2945 959 3102 1016 reges
3152 954 3206 999 et
3228 960 3355 1011 vere
3372 947 3573 1016 princi-

1981 1053 2078 1108 pes
2107 1038 2339 1093 habendi
2387 1045 2533 1103 sunt,
2588 1037 2681 1107 qui
2729 1043 2958 1106 possunt
3007 1034 3224 1091 auferre
3272 1045 3473 1091 terram
3505 1039 3571 1093 de

1981 1137 2146 1198 puteo
2169 1130 2290 1193 hoc,
2331 1136 2387 1183 et
2414 1142 2667 1184 amovere
2680 1143 2842 1198 super
2867 1127 3061 1181 faciem
3089 1127 3302 1193 litterae,
3329 1129 3463 1182 etde
3486 1128 3570 1182 in-

1983 1220 2186 1275 teriore
2210 1228 2385 1290 petra,
2414 1220 2509 1274 ubi
2539 1219 2789 1275 Christus
2816 1227 2919 1283 est,
2951 1218 3225 1288 spiritales
3262 1233 3456 1274 sensus
3481 1233 3571 1271 ve-

1982 1312 2063 1367 lut
2088 1328 2284 1382 aquam
2309 1313 2487 1367 vivam
2515 1311 2777 1382 proferre.
2827 1310 2941 1368 Hoc
2968 1326 3097 1382 ergo
3130 1311 3286 1365 decet
3308 1326 3403 1365 eos
3424 1312 3569 1365 solos

1981 1403 2181 1468 facere,
2222 1403 2316 1473 qui
2348 1402 2432 1456 vel
2472 1417 2627 1473 reges
2652 1410 2777 1456 sunt
2809 1400 2894 1456 vel
2937 1400 3228 1471 principes.
3283 1400 3460 1470 Reges
3512 1408 3570 1453 et

1981 1509 2048 1573 ex
2074 1510 2139 1551 eo
2168 1495 2331 1559 dicto,
2368 1494 2507 1564 quod
2535 1494 2742 1563 peccati
2767 1508 2990 1565 regnum
3014 1492 3080 1546 de
3102 1506 3327 1561 corpore
3353 1507 3450 1547 suo
3476 1506 3570 1546 ex-

1980 1575 2238 1655 pulerint,
2268 1585 2567 1654 etjustitiaa
2608 1600 2834 1655 regnum
2869 1582 3182 1653 paraverint
3219 1583 3272 1637 in
3308 1582 3567 1637 membris

1981 1691 2113 1730 SillS.

281 1785 351 1838 ad
387 1791 609 1854 puteum
643 1797 804 1852 quem
848 1780 1101 1836 foderunt
1132 1780 1404 1849 principes
1440 1786 1495 1832 et
1543 1778 1878 1832 excuderunt

2052 1790 2445 1857 Desolitudine,
2469 1794 2525 1846 in
2554 1791 2809 1847 Malliana
2833 1808 2852 1846 :
2884 1791 2948 1846 de
2979 1789 3255 1855 Mathaaa,
3295 1790 3564 1845 Nahaliel.

289 1888 473 1945 reges.
536 1873 643 1928 Sed
684 1872 848 1927 vultis
876 1871 1159 1926 ostendam
1207 1870 1362 1925 vobis
1395 1870 1462 1925 de
1489 1868 1787 1938 Scripturis
1809 1868 1877 1922 ad

284 1980 431 2037 quos
485 1965 575 2020 isti
625 1964 772 2036 putei
822 1963 1095 2018 veniunt?
1157 1962 1252 2016 Est
1281 1975 1410 2032 ergo
1438 1960 1594 2014 vallis
1631 1959 1879 2030 quaedam

286 2054 450 2120 falsa,
477 2056 531 2110 in
559 2070 666 2125 qua
689 2055 829 2110 valle
849 2062 974 2109 sunt
1000 2053 1148 2124 putei
1170 2051 1470 2107 bituminis.
1523 2049 1724 2107 Omnes
1748 2066 1879 2121 ergo

286 2148 528 2200 lnereses
573 2155 629 2200 et
671 2160 832 2200 omne
879 2152 1163 2214 peccatum
1197 2143 1249 2198 in
1293 2142 1429 2196 valle
1448 2149 1554 2209 est,
1581 2151 1637 2197 et
1662 2142 1717 2197 in
1741 2141 1880 2197 valle

288 2236 451 2291 falsa.
480 2236 768 2291 Peccatum
798 2236 944 2292 enim
969 2244 1024 2290 et
1057 2235 1315 2305 iniquitas
1341 2251 1448 2289 non
1488 2235 1734 2289 ascendit
1759 2250 1881 2289 sur-

286 2342 437 2393 sum,
468 2328 564 2382 sed
593 2342 804 2397 semper
826 2327 899 2381 ad
939 2327 1048 2381 ima
1077 2335 1134 2380 et
1180 2325 1391 2379 inferna
1442 2323 1738 2381 descendit.
1783 2325 1881 2380 Est

284 2433 420 2489 ergo
455 2420 510 2472 in
538 2418 676 2473 valle
704 2419 912 2489 positus
951 2426 1007 2472 et
1038 2416 1213 2472 salsus
1239 2427 1403 2487 atque
1432 2432 1676 2482 amarus,
1700 2416 1880 2472 omnis

284 2511 584 2566 haereticus
602 2526 816 2576 sensus,
846 2520 902 2566 et
926 2511 1105 2568 omnis
1125 2518 1280 2567 actus
1293 2509 1523 2580 peccati.
1571 2509 1710 2577 Quid
1732 2510 1880 2564 enim

285 2601 465 2666 dulce,
489 2602 616 2672 quid
640 2619 804 2658 suave
830 2611 1007 2673 potest
1031 2603 1234 2659 habere
1262 2614 1569 2674 peccatum.
1633 2602 1739 2658 Sed
1765 2618 1881 2657 am-

284 2694 430 2763 plius
460 2697 664 2766 ahquid
690 2696 872 2752 habet.
946 2696 1003 2752 Si
1032 2698 1175 2752 enim
1214 2697 1432 2753 veneris
1473 2697 1538 2751 ad
1565 2697 1879 2752 hzercticam

284 2787 638 2854 sententiam,
674 2788 719 2842 si
744 2789 959 2844 veneris
981 2788 1048 2843 ad
1079 2789 1497 2844 amaritudinem
1535 2787 1764 2858 peccati,
1790 2802 1880 2843 ve-

286 2879 417 2932 nisti
469 2881 536 2934 ad
580 2889 775 2949 puteos
812 2880 1116 2936 bituminis.
1178 2881 1452 2946 Bitumen,
1478 2894 1601 2935 esea
1632 2887 1688 2934 et
1714 2878 1882 2934 nutri-

284 2980 533 3025 mentum
565 2962 726 3054 ἱερὴ.
800 2971 855 3026 Si
888 2988 1016 3044 ergo
1038 2981 1094 3027 et
1117 2980 1227 3027 tum
1258 2971 1562 3043 gustaveris
1582 2984 1778 3040 aquam
1811 2970 1880 3025 de

288 3064 410 3120 istis
441 3066 639 3136 puteis,
666 3065 712 3120 si
742 3065 1037 3135 sumpseris
1056 3065 1370 3121 hzereticum
1401 3079 1644 3128 sensum,
1669 3064 1713 3118 si
1751 3077 1878 3134 pec-

1981 1882 2062 1937 De
2106 1882 2357 1937 Nahaliel
2409 1884 2463 1936 in
2514 1881 2762 1947 Gamalh,
2814 1898 2933 1953 qua:
2972 1880 3123 1936 vallis
3167 1890 3240 1934 est
3282 1881 3336 1934 in
3365 1881 3569 1950 regione

1983 1972 2141 2026 Moab
2172 1973 2227 2026 in
2252 1973 2437 2026 vertice
2460 1970 2704 2026 l’ltasclta
2730 1987 2747 2025 :
2774 1971 2912 2042 quod
2943 1971 3151 2041 respicit
3177 1980 3365 2024 contra
3393 1970 3569 2023 deser-

1979 2072 2111 2116 tum.
2169 2062 2414 2117 Posthazc
2459 2069 2514 2116 et
2564 2078 2596 2117 a
2641 2071 2827 2132 puteo,
2856 2061 3052 2130 inquit,
3081 2059 3310 2130 profecti
3340 2068 3465 2115 sunt
3510 2061 3565 2115 in

1980 2151 2261 2218 Mathana;
2324 2160 2380 2206 et
2420 2151 2672 2205 Mathana
2699 2151 2753 2205 in
2794 2148 3078 2215 Nahaliel;
3125 2156 3181 2204 et
3219 2148 3285 2204 de
3325 2147 3565 2205 Nahaliel

1981 2243 2033 2298 in
2065 2243 2290 2299 Bamoth
2316 2261 2331 2311 ;
2360 2251 2413 2300 et
2441 2259 2469 2297 a
2500 2243 2746 2308 Bamoth,
2796 2258 2916 2313 qua:
2951 2250 3033 2296 cst
3078 2241 3131 2296 in
3169 2256 3362 2311 campo
3388 2241 3564 2306 Moab,

1980 2335 2035 2389 in
2067 2351 2258 2391 nemus
2297 2352 2326 2391 a
2373 2335 2577 2391 vertice
2603 2336 2804 2390 montis
2829 2334 2980 2400 C(BSl,
3024 2335 3116 2406 qui
3147 2333 3369 2404 respicit
3394 2333 3461 2388 ad
3488 2333 3568 2386 fa-

1978 2427 2116 2483 ciem
2141 2428 2360 2483 deserti.
2412 2427 2643 2482 Nomina
2689 2426 2806 2483 bzec
2846 2441 2966 2497 qua:
3028 2426 3278 2481 videntur
3325 2424 3566 2479 locorum

1979 2532 2100 2572 esse
2141 2518 2422 2585 vocabula,
2459 2526 2516 2575 et
2562 2517 2957 2590 signiﬁcantias
2983 2533 3110 2573 suas
3139 2517 3193 2571 in
3232 2516 3413 2588 lingua
3441 2532 3568 2584 pro-

1977 2607 2095 2676 pria
2123 2608 2428 2680 designant,
2454 2624 2635 2664 rerum
2657 2607 2831 2679 magis
2856 2608 3205 2680 mysticarum
3234 2621 3568 2675 consequen-

1981 2698 2110 2752 tiam
2165 2716 2328 2770 quam
2394 2700 2781 2756 vocabulorum
2847 2699 3259 2770 appellationem
3316 2698 3568 2752 videnlur

1979 2790 2286 2845 ostendere.
2319 2790 2555 2846 Profecti
2583 2791 2749 2856 enim,
2805 2789 2999 2858 inquit,
3050 2805 3081 2842 a
3117 2797 3300 2859 puteo.
3342 2788 3566 2842 veniunt

1979 2879 2035 2934 in
2067 2880 2344 2936 Mathana.
2397 2883 2795 2953 Interpretatur
2824 2891 3004 2936 autem
3049 2880 3304 2935 Mathana
3344 2896 3564 2934 munera

1976 2970 2231 3040 ipsorum.
2288 2970 2449 3026 Vides
2489 2987 2638 3043 ergo,
2668 2971 2793 3040 quia
2824 2970 2868 3025 si
2915 2971 3036 3039 quis
3065 2971 3130 3025 de
3171 2978 3334 3040 puteo
3361 2970 3463 3023 hoc
3483 2968 3566 3024 bi-

1978 3061 2120 3118 berit
2151 3079 2311 3133 quem
2353 3063 2606 3119 foderunt
2638 3079 2793 3134 reges
2820 3071 2872 3117 et
2913 3062 3204 3133 principes,
3227 3062 3410 3117 statim
3439 3077 3566 3132 pro-

283 3157 393 3211 eati
423 3157 841 3212 amaritudinem
870 3157 1124 3227 coeperis,
1180 3155 1418 3212 fomenta
1474 3157 1527 3211 in
1555 3163 1607 3211 te
1653 3155 1792 3227 ignis
1817 3153 1943 3215 etC
1976 3156 2089 3211 ficit
2148 3156 2215 3211 ad
2259 3156 2381 3220 hoc,
2409 3165 2471 3209 ut
2496 3157 2708 3210 .habeat
2748 3170 2970 3209 munera
3019 3170 3139 3223 quae
3179 3152 3377 3208 offerat
3428 3155 3560 3208 Deo.

284 3247 549 3319 gehennae
574 3247 819 3302 incendia
850 3249 1191 3318 praeparabit.
1247 3248 1316 3302 Et
1347 3254 1633 3318 propterea
1659 3248 1727 3303 ad
1779 3261 1875 3303 eos

285 3339 380 3408 qui
405 3338 599 3393 nolunt
624 3338 689 3394 de
722 3338 811 3394 illo
844 3347 1009 3409 puteo
1031 3354 1226 3410 aquam
1275 3338 1682 3412 biberetquem
1726 3337 1881 3409 prin-

287 3431 439 3499 cipes
464 3428 677 3485 fodiunt
703 3439 755 3486 et
778 3444 954 3502 rcges,
1004 3430 1098 3485 sed
1118 3445 1181 3483 ex
1218 3429 1357 3494 istis,
1397 3430 1488 3499 qui
1518 3430 1571 3484 in
1599 3429 1734 3484 valle
1753 3445 1877 3500 pee-

285 3521 395 3575 eati
429 3528 580 3585 sunt,
603 3528 659 3574 et
686 3520 826 3590 ignis
846 3519 1106 3575 materias
1142 3519 1313 3585 alunt,
1357 3519 1592 3575 dicitur:
1640 3518 1876 3573 Incedite

284 3612 341 3663 in
365 3609 565 3663 (uariae
590 3611 725 3680 ignis
738 3609 910 3675 restri,
928 3617 975 3663 et
994 3610 1209 3680 ﬂamma
1222 3624 1379 3679 quant
1396 3608 1536 3663 vobis
1564 3608 1875 3662 acrendistis

289 3701 425 3773 (Isa.
453 3700 532 3772 ι).
581 3701 721 3769 Quid
742 3716 872 3772 ergo
895 3701 1112 3755 canitur
1144 3700 1285 3771 apud
1306 3700 1451 3754 hunc
1478 3708 1699 3768 puteum
1723 3698 1747 3752 ?
1772 3697 1876 3752 lni-

290 3795 419 3849 tiate
437 3793 509 3857 ei,
542 3793 737 3862 inquit,
767 3801 1008 3864 puteum.
1090 3791 1129 3845 F
1133 3790 1364 3845 oderunt
1407 3789 1555 3844 illum
1580 3789 1874 3859 principes,

289 3885 612 3940 exciderunt
647 3899 767 3939 eum
796 3898 971 3954 reges.
1015 3882 1248 3937 Possunt
1275 3880 1491 3950 quidem
1526 3880 1798 3950 principes
1821 3885 1880 3936 et

288 3990 445 4045 reges
500 3975 643 4029 idem
697 3974 885 4028 videri.
946 3971 1004 4028 Si
1035 3988 1164 4028 vero
1218 3971 1474 4044 distingui
1523 3986 1743 4026 necesse
1770 3980 1876 4037 est,

288 4068 565 4137 principes
584 4067 878 4136 prophetas
934 4064 1316 4136 intelligamus,
1361 4063 1461 4133 ipsi
1489 4063 1634 4118 enim
1660 4079 1875 4118 sensum

287 4167 341 4212 et
377 4157 719 4227 prophetiam
747 4157 812 4212 de
844 4156 1062 4212 Christo
1089 4153 1359 4211 defossam
1382 4166 1437 4209 et
1462 4155 1784 4221 demersam,
1821 4154 1875 4210 in

287 4251 561 4319 prolundo
608 4249 804 4304 litterae
849 4248 1200 4304 collocarunt.
1239 4247 1378 4303 lstos
1403 4262 1534 4319 ergo
1560 4263 1737 4319 reges,
1786 4246 1878 4317 qui

292 4349 404 4396 tam
430 4340 699 4412 profunda
727 4348 976 4412 possunt,
1007 4348 1062 4396 et
1094 4349 1204 4394 tam
1234 4338 1550 4394 abscondita
1586 4340 1730 4409 putei
1754 4354 1879 4409 per-

291 4431 547 4493 scrutari,
568 4431 759 4485 merito
775 4430 1046 4500 apostolos
1060 4430 1378 4493 dixerimus,
1392 4444 1457 4484 ex
1473 4429 1668 4498 quibus
1682 4429 1876 4498 aliquis

291 4522 536 4577 dicebat:
570 4521 737 4575 Nobis
752 4533 925 4575 autem
942 4520 1184 4574 reuelauit
1199 4520 1340 4575 Deus
1359 4537 1454 4591 per
1472 4519 1730 4589 Spiritum
1753 4536 1878 4573 san-
1901 4505 1956 4565 Β

292 4625 458 4668 ctum.
510 4613 739 4684 Spiritus
771 4613 906 4667 enim
935 4613 1113 4666 omnia
1141 4621 1428 4676 scrutatur,
1454 4610 1611 4665 etiam
1642 4609 1751 4664 alta
1782 4609 1880 4665 Dei

294 4705 346 4777 (I
371 4704 498 4759 Cor.
531 4703 615 4776 ιι).
643 4703 779 4771 Quia
816 4718 942 4774 ergo
970 4718 1066 4771 per
1087 4702 1334 4772 spiritum
1375 4709 1602 4771 possunt
1622 4715 1877 4770 perscru-

293 4798 400 4853 tari
438 4797 604 4851 etiam
648 4795 752 4866 ipsi
802 4794 911 4850 alta
938 4795 1052 4861 Dei,
1096 4802 1152 4849 et
1175 4793 1284 4848 alta
1311 4808 1375 4848 ac
1414 4790 1681 4863 profunda
1731 4790 1877 4862 putei

292 4896 584 4960 penetrare
608 4886 880 4958 mysteria,
924 4886 1126 4940 idcirco
1159 4899 1318 4955 reges
1343 4898 1464 4938 esse
1488 4882 1759 4947 dicuntur,
1785 4882 1878 4951 qui

294 4988 518 5052 puteum
541 4979 704 5034 istum
727 4979 889 5032 etiam
924 4977 978 5031 in
1000 4986 1155 5047 petra
1196 4976 1538 5041 exciderunt,
1576 4989 1641 5029 ac
1665 4975 1799 5028 dura
1822 4980 1878 5027 et

296 5070 535 5125 difﬁcilia
557 5069 798 5124 scientiae
846 5076 1057 5124 secreta
1084 5075 1527 5137 penetraverunt.
1588 5065 1741 5134 Quod
1774 5081 1873 5120 au—-

299 5173 409 5217 tem
453 5177 610 5233 reges
644 5161 751 5216 dici
795 5161 1006 5232 possint
1034 5160 1198 5214 etiam
1240 5159 1488 5230 apostoli,
1543 5168 1675 5228 puto
1712 5173 1778 5213 ex
1813 5172 1877 5212 eo

294 5252 456 5308 facile
482 5252 700 5322 probari
747 5267 924 5322 posse,
952 5251 1096 5321 quod
1137 5251 1203 5305 de
1233 5234 1484 5306 omnibus
1531 5250 1879 5306 credentibus

297 5345 541 5400 dicitur:
589 5342 691 5397 Vos
734 5352 907 5397 autem
954 5359 1113 5414 genus
1138 5341 1329 5414 regale,
1373 5342 1722 5396 sacerdotium
1760 5359 1875 5396 ma-

295 5452 482 5507 gnum,
523 5451 647 5507 gens
669 5444 852 5489 sancta
884 5433 932 5505 (l
963 5432 1107 5487 Petr.
1140 5432 1223 5504 ιι).
1294 5432 1350 5487 Si
1377 5447 1505 5503 ergo
1548 5432 1666 5487 illos
1694 5431 1878 5487 dicunt

299 5543 483 5599 reges,
512 5527 605 5598 qui
627 5540 723 5597 per
752 5526 977 5581 verbum
1019 5525 1258 5596 ipsorum
1283 5524 1646 5589 crediderunt,
1675 5531 1879 5592 quanto

301 5617 593 5689 niagisipsi
609 5632 762 5688 rcges
787 5616 1017 5672 habendi
1045 5625 1189 5680 sunt,
1206 5616 1296 5685 qui
1321 5614 1525 5669 faciunt
1549 5614 1883 5685 reges‘?Apo-

303 5712 424 5765 stoli
460 5711 603 5764 ettim
633 5710 895 5779 przreipue
928 5723 1082 5777 reges
1108 5715 1233 5762 sunt
1263 5707 1520 5778 gentium,
1560 5706 1648 5776 qui
1696 5716 1881 5777 gentes

1976 3247 2116 3316 Quid
2136 3257 2317 3302 autem
2341 3256 2446 3314 est,
2494 3249 2637 3318 quod
2669 3248 2830 3302 homo
2851 3245 3045 3302 oll‘erat
3079 3247 3188 3301 Dco
3210 3245 3365 3301 illoc
3389 3245 3563 3316 ipsum

1973 3344 2117 3414 quod
2144 3344 2197 3397 in
2238 3342 2356 3413 lege
2398 3343 2659 3413 scriptum
2682 3352 2796 3399 est:
2844 3340 3069 3396 Munera
3107 3357 3222 3395 mea
3269 3340 3397 3394 data
3425 3357 3559 3395 mea.

1974 3433 2042 3488 Et
2066 3433 2151 3488 his
2174 3444 2305 3505 ergo
2329 3449 2449 3504 qua:
2477 3434 2626 3489 dedit
2650 3434 2811 3499 Deus,
2840 3430 3074 3487 oﬂ‘erunt
3099 3430 3451 3486 nihilominus
3466 3431 3558 3485 ho-

1976 3525 2151 3579 mines
2186 3524 2316 3578 Deo.
2366 3523 2505 3591 Quid
2531 3523 2680 3578 dedit
2715 3524 2861 3578 Deus
2888 3521 3143 3577 homini?
3216 3520 3563 3592 Agnitionem

1977 3614 2081 3669 sui.
2140 3613 2277 3681 Quid
2325 3614 2489 3669 homo
2515 3612 2676 3668 oll‘ert
2708 3613 2865 3667 Deo?
2935 3610 3123 3665 Fidem
3166 3626 3322 3665 suam
3359 3610 3561 3665 etell'e-

1976 3712 2143 3770 ctum,
2170 3705 2274 3759 hoc
2295 3704 2438 3774 quod
2463 3704 2668 3774 expetit
2692 3706 2759 3757 ab
2790 3703 3009 3758 homine
3036 3703 3198 3757 Deus.
3245 3701 3290 3755 A
3308 3701 3562 3756 Mathana

1978 3806 2156 3850 autem
2185 3795 2430 3850 venimus
2469 3794 2524 3849 in
2568 3792 2834 3858 Nahaliel,
2871 3790 3014 3862 quod
3055 3791 3442 3862 interpretatur
3494 3807 3563 3846 ex

1979 3874 2110 3943 Deo.
2162 3887 2301 3954 Quid
2344 3894 2427 3941 est
2474 3901 2539 3940 ex
2571 3886 2717 3941 Deo?
2759 3885 2953 3941 Postea
2994 3900 3158 3955 quam
3202 3885 3561 3941 obtulerimus

1978 3995 2097 4042 nos,
2149 3994 2268 4049 quae
2302 3991 2369 4032 ex
2400 3977 2559 4034 nobis
2595 3968 2755 4041 sunt,
2793 3976 3037 4031 venimus
3065 3976 3133 4031 ad
3158 3976 3261 4032 hoc
3286 3984 3346 4031 ut
3373 3992 3563 4030 conse-

1978 4086 2210 4141 quamur
2262 4086 2325 4125 ea
2359 4085 2479 4140 qua:
2503 4084 2568 4123 ex
2607 4069 2727 4124 Deo
2741 4076 2885 4123 sunt.
2941 4067 3075 4124 Cum
3102 4067 3247 4122 enim
3276 4068 3435 4122 lldem
3467 4084 3561 4121 no-

1976 4172 2146 4216 stram
2174 4170 2229 4215 et
2258 4159 2507 4215 allectum
2533 4158 2887 4213 obtulerimus
2913 4159 2985 4222 ei,
3015 4165 3143 4212 tunc
3180 4167 3235 4212 et
3260 4158 3376 4227 ipse
3402 4156 3561 4227 largi-

1982 4261 2068 4306 tur
2100 4251 2255 4305 nobis
2277 4250 2490 4305 diversa
2528 4249 2666 4303 dona
2700 4247 2935 4318 Spiritus
2964 4247 3136 4302 sancti
3159 4248 3225 4302 de
3259 4248 3453 4317 quibus
3481 4247 3562 4300 di-

1978 4344 2054 4398 cit
2075 4342 2366 4412 Apostolus
2395 4360 2407 4394 :
2440 4339 2633 4394 Omnia
2660 4350 2831 4393 autem
2862 4357 2926 4394 ea;
2943 4339 3054 4394 Deo
3078 4349 3197 4393 sunt
3221 4339 3275 4412 (Ι
3301 4337 3425 4393 Cor.
3452 4340 3557 4410 ιιι).

1980 4435 2092 4489 Eta
2118 4432 2358 4488 Nahaliel
2383 4432 2630 4487 venimus
2657 4433 2709 4488 in
2734 4431 2980 4496 Bamoth,
3003 4431 3143 4501 quod
3174 4432 3563 4502 interpretatur

1980 4524 2230 4578 adventus
2265 4522 2470 4577 mortis.
2531 4520 2695 4591 Cujus
2725 4522 2915 4579 mortis
2954 4522 3043 4577 hic
3080 4522 3430 4594 intelligimus
3472 4525 3559 4579 ad-

1979 4622 2220 4679 ventum,
2274 4612 2377 4667 nisi
2405 4612 2573 4679 illius,
2627 4614 2717 4682 qui
2743 4611 2961 4668 Christo
2999 4614 3366 4677 commoritur,
3414 4623 3472 4669 ut
3508 4621 3562 4671 et

1980 4704 2331 4759 convivamus
2373 4702 2446 4769 ei,
2497 4719 2601 4773 qua
2633 4703 2891 4759 debemus
2944 4703 3270 4759 mortiﬁeare
3318 4707 3561 4761 membra

1980 4803 2184 4859 nostra,
2231 4810 2351 4864 qua:
2380 4800 2507 4848 sunt
2539 4810 2702 4865 super
2742 4795 2987 4850 terram?
3026 4796 3091 4850 Et
3119 4794 3314 4851 iterum
3348 4816 3360 4850 :
3423 4797 3563 4853 Con-

1978 4886 2166 4957 sepulti
2187 4902 2368 4940 sumus
2390 4887 2526 4939 enim
2549 4885 2629 4939 illi
2655 4903 2746 4956 per
2772 4885 3083 4953 baptismum
3096 4884 3160 4940 ‘in
3186 4898 3402 4942 mortem
3433 4885 3560 4958 (Co-

1982 4976 2208 5048 loss.n).
2260 4977 2318 5032 Si
2352 4979 2474 5048 quis
2499 4993 2627 5048 ergo
2652 4978 2907 5034 salutaris
2958 4978 3121 5048 hujus
3158 4981 3282 5035 vitae
3312 4981 3558 5036 ordinem

1984 5073 2148 5132 tenet,
2176 5083 2274 5136 per
2296 5068 2412 5122 hazc
2436 5083 2555 5138 qua:
2600 5070 3020 5125 memoravimus
3067 5071 3141 5126 ita
3194 5087 3355 5143 agere
3380 5072 3558 5136 debet,

1982 5167 2037 5213 et
2066 5160 2253 5214 venire
2281 5167 2402 5230 post
2446 5160 2611 5214 multa
2640 5160 2708 5215 ad
2731 5160 2873 5216 hunc
2911 5160 3108 5226 locum,
3141 5177 3300 5232 quem
3327 5162 3560 5216 diximus

1983 5251 2289 5321 significare
2312 5251 2502 5306 mortis
2522 5251 2831 5306 adventum.
2877 5252 2943 5306 Et
2987 5269 3053 5308 ex
3087 5252 3334 5315 Bamoth,
3362 5251 3556 5319 inquit,

1984 5343 2039 5397 in
2066 5358 2277 5409 nemus,
2303 5342 2445 5413 quod
2463 5351 2545 5398 est
2565 5343 2619 5396 in
2640 5358 2833 5412 eampo
2858 5342 3033 5408 Moab,
3073 5357 3103 5396 a
3131 5341 3332 5396 vertice
3363 5341 3561 5393 montis

1984 5435 2131 5501 caesi,
2181 5435 2271 5504 qui
2301 5433 2519 5503 respicit
2556 5433 2622 5487 ad
2643 5433 2933 5488 desertum.
2997 5432 3052 5486 Si
3108 5432 3208 5484 hoc
3267 5425 3454 5485 itinere
3483 5443 3562 5482 xu-

1985 5527 2260 5588 eedamus,
2287 5537 2394 5593 quo
2409 5538 2515 5578 non
2543 5530 2651 5576 uim
2675 5522 2913 5576 locorum
2937 5518 3230 5579 vocabulis,
3266 5530 3427 5585 quam
3450 5517 3562 5570 ani-

1985 5631 2087 5670 mae
2125 5613 2452 5685 profectibus
2489 5621 2739 5667 constare
2794 5611 2931 5665 ratio
2973 5607 3369 5677 explanationis
3415 5623 3561 5663 asse.

1989 5707 2115 5770 ruit,
2171 5714 2286 5773 post
2320 5702 2499 5757 omnia
2545 5701 2646 5756 ista
2675 5701 2917 5753 venimus
2938 5697 3003 5751 ad
3043 5711 3255 5766 nemus,
3285 5697 3399 5755 sive
3426 5706 3481 5751 ut
3506 5697 3557 5750 in
