3924 6176
394 323 502 380 ἸΓΟ

1034 321 1099 373 Β.
1143 317 1395 373 ΒᾹΒᾹΝΙ
1437 316 1652 374 MAURI
1692 315 2012 372 ARCllIi~IP.
2056 314 2363 371 MOGL'NT.
2402 315 2688 371 OPI'ZRLTM
2728 315 2905 371 PAllS
2942 314 2980 371 l.

3545 316 3645 379 Η)

390 440 512 493 aliis
558 432 958 505 exemplaribus
990 426 1257 499 habetur,
1312 434 1365 487 in
1396 433 1610 497 Janam,
1639 433 1780 501 quod
1811 400 1970 485 inter:
1998 438 2045 494 Α
2074 430 2203 498 quid
2232 447 2338 484 non
2377 439 2552 501 potest
2598 430 2906 499 hujusmodi
2954 431 3117 485 homo
3144 431 3343 496 dicere,
3387 434 3514 503 quia
3557 436 3658 493 sub

389 536 634 600 pretatuv
663 542 930 589 ascensus,
955 524 1067 578 sive
1104 534 1276 578 vertex
1303 524 1511 577 montis.
1555 524 1660 577 Per
1681 524 1797 576 haec
1824 536 1971 590 ergo,

389 617 475 671 vel
499 617 566 671 ad
589 615 720 669 illud
744 614 1163 668 famosissimum
1188 613 1356 667 divini
1404 612 1638 682 paradisi
1665 626 1874 676 nemus,
1908 610 1976 663 ad

389 721 633 761 ammnas
661 704 882 758 delicias
909 702 1259 757 habitationis
1300 701 1663 770 antiquorum,
1712 699 1797 754 vel
1827 707 1976 753 certe

388 798 455 851 :ul
478 795 732 850 verticem
760 792 1108 864 perfectionis
1133 799 1189 845 et
1213 790 1561 846 beatitudinis
1584 788 1973 851 summitatem,

391 888 464 939 ita
500 894 557 939 ut
590 884 764 954 possis
791 884 954 937 etiam
978 882 1091 951 ipse
1112 881 1310 945 dicere,
1351 880 1479 951 quia
1506 878 1851 933 resuscitavit
1877 893 1977 932 nos

389 994 510 1031 eum
529 978 662 1046 ipso,
680 984 733 1028 et
746 974 932 1028 sedere
950 971 1076 1026 fecit
1092 972 1145 1026 in
1162 971 1475 1026 caelestibus
1492 971 1543 1023 in
1560 969 1795 1024 Christo.
1814 967 1976 1023 Vides

388 1084 668 1137 quousque
696 1066 1011 1137 pervenitur
1031 1079 1061 1118 a
1086 1071 1269 1134 puteo.
1314 1062 1474 1117 Vides
1501 1060 1698 1130 quibus
1733 1057 1975 1113 mansio-

388 1160 564 1222 nihns,
595 1159 702 1211 imo
730 1156 927 1226 quibus
952 1152 1291 1224 profectibus
1315 1153 1418 1206 iter
1444 1150 1640 1204 anima:
1664 1156 1888 1219 paratur
1904 1146 1972 1200 ad

387 1247 605 1301 cielum.
636 1244 766 1311 Quae
788 1245 835 1299 si
860 1244 1146 1313 diligenter
1171 1240 1448 1311 inspicias,
1470 1240 1585 1309 ipse
1616 1239 1759 1308 apud
1788 1244 1976 1291 temet-

387 1335 562 1405 ipsum
585 1335 934 1405 quotidianos
957 1332 1234 1402 profectus
1267 1340 1387 1386 tuos
1430 1330 1750 1393 discutiens,
1777 1328 1973 1397 quibus

386 1427 443 1482 in
472 1426 606 1481 locis
627 1434 680 1480 et
710 1439 870 1494 quam
898 1422 1183 1494 proximus
1220 1438 1250 1477 a
1276 1435 1443 1491 regno
1471 1420 1735 1474 caelorum
1779 1418 1973 1473 habea-

387 1519 476 1579 tis,
507 1518 777 1581 advertes,
804 1524 863 1569 ut
892 1516 1003 1580 ille,
1044 1515 1111 1571 de
1134 1530 1242 1585 quo
1268 1512 1694 1575 dixitDominus,
1718 1510 1844 1580 quia
1870 1524 1970 1561 non

385 1612 537 1681 longe
557 1627 609 1664 es
641 1627 673 1662 a
706 1624 861 1679 regno
887 1607 986 1663 Det
1018 1608 1232 1679 (Matth.
1263 1607 1383 1681 xu).

1008 1739 1236 1795 CAPUT
1263 1739 1353 1796 IV.

385 1832 464 1888 De
485 1851 544 1888 eo
571 1833 710 1904 quod
731 1831 954 1904 populiis
982 1828 1154 1883 Israel
1183 1838 1365 1904 contra
1402 1844 1569 1899 regem
1613 1825 1752 1904 Scon
1786 1827 1973 1879 Amor-

456 1898 1024 1971 rha'orum'prwliatus
1053 1909 1149 1964 est,
1178 1909 1224 1953 et
1263 1899 1395 1953 victo
1430 1898 1490 1953 eo
1516 1898 1743 1969 possedit
1778 1907 1973 1950 terram

454 1991 589 2027 etus.

459 1993 481 2027 ε
508 1993 589 2027 us.

459 1993 637 2134 (Imm)
684 2060 827 2114 Misit
853 2069 1027 2113 autem
1055 2057 1226 2113 Israel
1267 2058 1474 2112 nuntios
1503 2057 1573 2111 ad
1616 2055 1754 2112 Scon
1806 2073 1973 2127 regem

384 2157 812 2212 Antorrha'orum
847 2154 1025 2207 dicens
1048 2169 1066 2206 :
1091 2150 1317 2207 Obsecro
1338 2160 1397 2204 ut
1420 2151 1550 2204 mihi
1573 2151 1798 2204 transire
1821 2149 1976 2203 liceat

382 2266 475 2318 per
504 2256 699 2300 terram
742 2256 909 2297 tuam.
946 2240 1069 2296 Non
1112 2241 1489 2296 declinabimus
1542 2240 1597 2293 in
1640 2256 1795 2310 agros
1822 2250 1868 2293 et
1901 2239 1976 2292 vi-

385 2357 535 2404 neas,
563 2355 666 2391 non
692 2335 923 2390 bibemus
953 2350 1117 2405 aquas
1141 2333 1204 2387 de
1223 2333 1392 2404 puteis
1420 2333 1545 2387 tuis.
1578 2329 1674 2385 Via
1697 2333 1838 2402 regia
1859 2348 1976 2402 gra-

384 2429 610 2490 diemur,
650 2427 813 2479 donec
850 2435 1178 2477 transeamus
1208 2423 1456 2476 terminos
1498 2430 1634 2475 tuos.
1666 2419 1768 2485 Qui
1794 2436 1974 2474 conce-

384 2520 504 2571 dere
530 2515 697 2571 noluit
718 2524 775 2567 ut
798 2516 1043 2567 transiret
1067 2512 1236 2567 Israel
1263 2529 1355 2582 per
1377 2512 1508 2581 lines
1540 2530 1681 2567 suos.
1720 2512 1857 2578 Quin
1880 2529 1975 2582 po-

383 2612 488 2664 tius
523 2607 751 2662 eatercitu
774 2615 1104 2676 congregato,
1134 2622 1370 2675 egressus
1395 2615 1469 2659 est
1495 2605 1697 2659 obviam
1726 2605 1780 2658 in
1799 2604 1972 2657 deser-

381 2711 512 2764 tunt,
540 2709 588 2754 et
616 2699 748 2753 venit
784 2699 838 2751 in
859 2695 1013 2762 lusa,
1042 2698 1395 2768 pugnavitque
1416 2706 1598 2751 contra
1620 2713 1738 2751 eum
1762 2710 1780 2748 :
1803 2713 1834 2749 a
1868 2711 1970 2766 quo

384 2809 664 2863 percussus
694 2800 768 2845 est
798 2791 852 2844 in
878 2807 967 2844 ore
1008 2789 1193 2861 gladii.
1246 2790 1484 2845 Historia
1535 2789 1754 2859 quidem
1803 2789 1974 2843 mani-

384 2885 520 2939 festa
552 2892 655 2946 est,
687 2881 783 2935 sed
812 2880 1169 2951 deprecemur
1204 2878 1510 2943 Dominum,
1561 2887 1620 2932 ut
1658 2879 1863 2949 aliquid
1891 2879 1972 2932 di-

383 2990 550 3045 gnum
574 2973 846 3044 possimus
882 2972 934 3025 in
982 2971 1328 3026 interioribus
1367 2971 1616 3025 sensibus
1658 2971 1964 3040 pervidere.

385 3066 526 3121 Scon
569 3061 839 3133 duplicem
884 3060 1047 3114 habet
1079 3060 1603 3129 interpretationem,
1656 3060 1769 3114 sive
1812 3060 1971 3112 arbor

2075 518 2293 574 Christo
2316 520 2523 589 positus
2549 521 2662 575 haec
2685 536 2807 591 ago,
2831 522 2994 575 etiam
3024 522 3068 576 si
3101 522 3200 577 sub
3225 523 3425 581 Christi
3443 526 3660 583 nomine

2075 608 2286 662 censeri
2316 608 2601 663 videatur?
2630 610 2687 663 In
2709 625 2817 679 quo
2841 609 3092 665 Christus
3116 612 3477 682 principatum
3498 616 3657 686 gerit,

2076 698 2222 753 nulla
2257 699 2329 753 ibi
2357 699 2718 765 immunditia,
2745 701 2892 755 nulla
2920 702 3179 770 iniquitas
3203 704 3524 758 admittitur.
3549 704 3657 761 Nec

2076 789 2280 844 habere
2320 790 2556 860 aliquem
2595 791 2767 846 locum
2804 800 2982 861 potest
3011 794 3208 864 injusta
3239 796 3526 863 cupiditas.
3562 796 3651 851 Se-

2075 880 2310 934 cundum
2338 882 2484 935 hunc
2505 883 2688 951 itaque
2715 886 2932 939 modum
2958 894 3106 940 recte
3127 896 3182 939 et
3212 885 3462 941 Christus
3491 888 3660 942 virtu-

2075 977 2189 1024 tum
2213 971 2489 1041 princeps,
2520 981 2574 1028 et
2600 973 2849 1030 diabolus
2887 976 3126 1039 malitiae,
3174 985 3229 1030 et
3256 978 3422 1032 totius
3464 978 3663 1047 iniqui-

2075 1061 2202 1116 tatis
2232 1061 2478 1121 ,dicetur.
2512 1064 2674 1118 Mittit
2704 1065 2887 1135 itaque
2926 1065 3131 1136 legatos
3170 1066 3334 1122 Israel
3374 1069 3442 1123 ad
3476 1081 3663 1141 regem

2072 1149 2533 1217 Amorrhaaorum,
2553 1170 2733 1225 regem
2749 1154 2802 1208 in
2816 1156 3235 1211 amaritudinem
3251 1168 3663 1227 provocantem,

2073 1257 2255 1312 regem
2303 1242 2718 1310 infructuosum,
2773 1260 2956 1316 regem
3011 1247 3324 1315 superbum.
3379 1247 3668 1313 Quomodo

2074 1335 2362 1406 superbus,
2393 1336 2662 1405 quomodo
2683 1336 2859 1391 elatus
2908 1338 3192 1391 docebitur
3228 1338 3519 1393 diabolus?
3549 1339 3670 1407 Ipse

2073 1427 2302 1508 est,.qui
2334 1426 2513 1482 dixit:
2569 1425 2773 1482 Virtute
2803 1444 2918 1482 mea
2965 1428 3182 1497 faciant,
3221 1440 3270 1483 et
3296 1430 3559 1499 sapientia
3588 1430 3672 1484 in-

2073 1516 2310 1570 tellectus
2339 1519 2441 1571 mei
2486 1518 2727 1587 auferam
2759 1519 2891 1588 ﬁnes
2913 1521 3166 1589 gentium,
3209 1532 3256 1573 et
3290 1520 3667 1589 fortitudinem

2071 1620 2249 1659 eorum
2269 1604 2629 1675 depra'dabor.
2660 1607 2729 1660 Et
2753 1609 3079 1663 commovebo
3106 1610 3496 1681 civitates,qua:
3516 1611 3676 1666 inha-

2074 1697 2330 1764 bitantur,
2360 1709 2406 1754 et
2430 1700 2725 1755 universum
2753 1703 2926 1757 orbem
2948 1713 3103 1757 terra:
3120 1705 3323 1774 capiam
3356 1722 3516 1759 manu
3553 1721 3673 1761 mea

1999 1782 2047 1842 B
2073 1792 2229 1862 quasi
2258 1792 2439 1846 nidum
2485 1792 2621 1863 (lsa.
2649 1792 2725 1863 χ).
2759 1793 2826 1848 Et
2873 1794 3070 1849 iterum
3101 1795 3233 1850 dicit
3273 1795 3450 1851 elatus
3498 1796 3597 1852 hic
3620 1805 3677 1852 et

2075 1883 2342 1952 superbus
2370 1900 2382 1936 :
2415 1882 2708 1937 Ascendam
2733 1888 2788 1936 in
2810 1882 3014 1947 etclam,
3058 1900 3219 1953 supra
3243 1884 3417 1938 sidera
3439 1884 3563 1939 cwli
3583 1902 3676 1955 po-

2076 1991 2200 2029 nam
2222 1976 2466 2029 thronum
2495 1992 2689 2039 meum,
2718 1975 2903 2029 sedebo
2934 1977 2989 2029 in
3013 1985 3187 2030 monte
3229 1975 3455 2041 excelso,
3505 1993 3677 2047 supra

2076 2075 2274 2120 montes
2295 2066 2451 2131 altos,
2480 2067 2568 2137 qui
2589 2075 2710 2119 sunt
2737 2066 2806 2119 ad
2835 2066 3173 2137 aquilonem;
3200 2067 3482 2121 ascendam
3507 2083 3679 2138 supra

2076 2157 2275 2212 nubes:
2302 2174 2391 2211 ero
2413 2156 2601 2211 similis
2626 2156 2898 2211 Altissimo
2936 2156 3073 2227 (Isa.
3106 2156 3240 2228 stv).
3270 2155 3463 2212 Adhuc
3494 2155 3681 2227 requi-

2075 2246 2171 2311 ris,
2200 2246 2245 2301 si
2280 2246 2396 2317 ipse
2423 2246 2494 2300 sit
2516 2244 2689 2300 elatus
2711 2254 2766 2300 et
2791 2246 3098 2316 superbus?
3125 2247 3237 2301 Imo
3265 2244 3447 2315 potius
3473 2254 3534 2298 et
3560 2245 3679 2314 ipse

2076 2335 2344 2405 superbus
2367 2343 2422 2389 et
2452 2334 2663 2399 elatus;
2711 2343 2765 2389 et
2796 2334 2884 2389 ille
2905 2335 3059 2403 quasi
3091 2335 3404 2405 unigenitus
3429 2333 3583 2403 ejus,
3613 2333 3680 2388 de

2075 2441 2183 2496 quo
2213 2426 2472 2495 scriptum
2494 2434 2609 2481 est:
2664 2423 2803 2490 Quia
2842 2425 3123 2479 extolletur
3162 2442 3321 2495 super
3357 2441 3511 2479 omne
3534 2423 3681 2496 quod

2075 2518 2270 2571 dicitur
2295 2519 2453 2582 Deus,
2483 2527 2573 2570 aut
2596 2515 2734 2587 quod
2762 2515 2955 2569 colitur
2987 2516 3043 2586 (1
3071 2516 3250 2570 Thess.
3280 2516 3343 2586 ll)
3372 2534 3385 2568 :
3418 2516 3496 2570 ita
3532 2525 3600 2570 ut
3626 2516 3682 2571 in

2083 2606 2282 2677 templo
2306 2606 2400 2660 Dei
2441 2607 2645 2671 sedeat,
2671 2606 2963 2661 ostendens
3009 2620 3067 2660 se
3114 2613 3372 2675 tanquam
3399 2606 3471 2659 sit
3505 2605 3681 2662 Deus.

2075 2696 2265 2753 Omnis
2291 2713 2421 2770 ergo
2441 2700 2532 2769 qui
2557 2700 2729 2754 elatus
2766 2708 2927 2754 estet
2954 2700 3237 2768 superbus,
3264 2697 3351 2752 vel
3380 2698 3531 2753 filius
3550 2698 3679 2754 elati

2076 2786 2257 2858 hujus,
2289 2788 2374 2843 vel
2403 2790 2699 2860 discipulus
2738 2799 2792 2845 et
2831 2790 3091 2844 imitator.
3126 2789 3195 2843 Et
3224 2797 3517 2858 propterea
3548 2790 3684 2845 dicit

2072 2878 2363 2949 Apostolus
2391 2880 2456 2934 de
2485 2882 2739 2949 quodam,
2781 2897 2844 2934 ne
2871 2880 3007 2950 forte
3058 2879 3229 2934 elatus
3258 2881 3460 2934 incidat
3497 2882 3558 2935 in
3580 2882 3679 2952 ju-

2074 2970 2276 3023 dicium
2300 2970 2507 3023 diaboli
2531 2971 2579 3042 (1
2609 2970 2800 3025 Timot.
2826 2972 2932 3041 ut).
2960 2971 3265 3026 Ostendens
3287 2986 3387 3041 per
3415 2972 3526 3027 hoc
3552 2973 3679 3042 quia

2072 3062 2251 3116 omnis
2277 3060 2449 3115 elatus
2488 3062 2672 3127 simili,
2705 3070 2765 3115 ut
2810 3062 3061 3118 diabolus
3088 3062 3297 3133 judicio
3336 3063 3680 3119 condemna-

382 3153 738 3223 infructuosa,
770 3150 885 3204 sive
924 3149 1114 3204 elatus.
1163 3148 1325 3203 Mittit
1365 3149 1530 3218 igitur
1571 3148 1738 3203 Israel
1764 3148 1970 3217 legatos
1997 3137 2044 3204 Β
2075 3153 2241 3206 bitur.
2288 3151 2397 3206 Nos
2452 3168 2581 3223 etgo
2626 3168 2814 3207 sumus
2850 3153 2945 3224 qui
2992 3154 3229 3208 transire
3277 3151 3536 3208 volumus
3586 3167 3684 3224 per

382 3246 451 3298 ad
486 3242 665 3298 Scon:
698 3241 866 3295 mittit
892 3241 959 3296 ad
979 3241 1227 3295 arborem
1259 3238 1668 3305 infructuosam,
1711 3238 1876 3291 mittit
1903 3237 1972 3292 ad

383 3335 586 3390 clatum
612 3341 667 3388 et
688 3332 996 3401 superbum.
1026 3331 1123 3386 Hic
1157 3339 1337 3385 autem
1366 3329 1507 3385 Scon
1539 3345 1635 3385 rex
1662 3338 1747 3385 est
1779 3330 1974 3383 Amor-

387 3429 677 3494 rlueorum,
707 3428 798 3498 qui
825 3434 881 3482 et
907 3425 1009 3496 ipsi
1034 3426 1458 3495 interpretantur
1476 3424 1533 3477 in
1565 3422 1973 3477 amaritudinem

389 3518 705 3573 adducentes
731 3518 816 3573 vel
844 3516 1129 3588 loquentes.
1161 3514 1325 3568 Mittit
1352 3529 1481 3585 ergo
1522 3513 1590 3568 ad
1611 3511 1756 3567 Scon
1792 3527 1972 3581 regem

386 3610 822 3664 Amorrhaeorum
840 3607 1051 3678 Moyses
1067 3605 1248 3660 verbis
1263 3604 1527 3674 pacificis,
1546 3604 1731 3659 dicens
1749 3622 1761 3657 :
1780 3602 1975 3657 Trans-

388 3703 584 3757 ibimus
631 3717 729 3772 per
777 3709 978 3754 terram
1035 3707 1201 3753 tuam.
1237 3695 1295 3751 Si
1343 3696 1639 3751 secundum
1676 3694 1976 3765 spiritalem

386 3790 798 3862 intelligentiam
830 3787 1129 3843 dixerimus
1157 3786 1300 3841 Seon
1330 3800 1511 3856 regem
1536 3785 1763 3856 ﬁguram
1795 3792 1976 3838 tenere

386 3880 607 3945 diaboli,
633 3879 759 3949 quia
808 3879 922 3948 ipse
969 3885 1053 3931 est
1097 3876 1272 3931 elatus
1322 3883 1378 3929 et
1426 3873 1815 3940 infructuosus,
1845 3881 1977 3943 puto

388 3975 531 4044 quod
561 3990 668 4028 non
717 3973 921 4028 habeas
957 3971 1147 4025 mirari
1177 3970 1319 4038 quod
1348 3985 1471 4024 eum
1504 3968 1733 4023 dixerim
1769 3983 1975 4038 regem,

388 4084 513 4121 eum
538 4065 693 4120 audis
725 4065 903 4135 ipsum
930 4063 1095 4118 etiam
1123 4061 1409 4116 Dominum
1437 4069 1493 4113 et
1522 4057 1857 4113 Salvatorem
1888 4073 1980 4112 no-

389 4170 582 4221 strum,
639 4158 691 4213 in
748 4153 1040 4226 Evangelia
1086 4152 1153 4207 de
1208 4166 1273 4207 eo
1306 4150 1617 4205 dicentem:
1668 4148 1803 4202 Ecce
1841 4164 1979 4202 nunc

390 4253 525 4307 renit
550 4250 786 4321 princeps
810 4248 969 4318 hujus
1004 4244 1206 4307 mundi,
1234 4254 1282 4298 et
1304 4243 1358 4297 in
1392 4259 1473 4297 me
1495 4258 1597 4296 non
1618 4242 1808 4295 invenit
1830 4241 1980 4313 quid-

386 4359 543 4415 quam
590 4341 769 4413 (Joan.
800 4336 934 4409 xxv).
982 4337 1049 4392 Et
1084 4336 1320 4390 iterum:
1372 4333 1509 4389 Ecce
1563 4350 1700 4388 nunc
1742 4335 1979 4404 princeps

386 4436 551 4505 hujus
576 4433 760 4487 mundi
801 4433 1037 4485 mittetur
1076 4429 1221 4500 foras
1242 4425 1417 4499 (Psal.
1443 4426 1613 4499 uxr).
1660 4426 1719 4482 Si
1746 4442 1876 4498 ergo
1902 4437 1980 4481 to-

2076 3244 2219 3298 hnne
2267 3244 2547 3309 mundum,
2600 3252 2658 3298 ut
2699 3245 2986 3314 pervenire
3031 3245 3302 3313 possimus
3350 3243 3421 3297 ad
3471 3254 3683 3299 terram

2075 3344 2319 3388 sanctam
2344 3348 2464 3403 qua:
2516 3335 2840 3405 repromissa
2879 3343 2964 3389 est
3011 3336 3255 3401 sanctis;
3300 3343 3357 3389 et
3407 3337 3684 3392 mittimus

2080 3425 2267 3480 verbis
2288 3426 2536 3494 pacificis
2565 3427 2632 3481 ad
2657 3426 2822 3492 Scon,
2846 3428 3227 3498 promittentes
3264 3445 3372 3484 non
3395 3445 3501 3485 nos
3527 3431 3683 3486 habi-

2085 3521 2298 3570 taturos
2344 3516 2396 3569 in
2431 3524 2571 3570 terra
2615 3517 2757 3585 ejus,
2806 3532 2908 3572 nec
2956 3526 3262 3573 moraturos
3299 3535 3427 3574 cum
3457 3535 3553 3588 eo,
3589 3521 3685 3577 sed

2085 3608 2415 3662 transituros
2462 3609 2852 3674 tantummodo,
2885 3617 2941 3663 et
2988 3610 3294 3664 incessuras
3339 3612 3428 3664 via
3485 3613 3682 3682 regali,

2078 3717 2180 3757 nec
2201 3701 2564 3756 declinaturos
2594 3717 2841 3770 usquam,
2872 3717 3048 3771 neque
3084 3703 3135 3756 in
3176 3717 3389 3773 agrum,
3422 3719 3609 3775 neque
3630 3705 3683 3760 in

2078 3792 2293 3847 vineam
2318 3810 2331 3846 :
2362 3792 2457 3847 sed
2478 3808 2577 3847 nec
2606 3792 2672 3847 de
2704 3792 2821 3847 lacu
2846 3792 3111 3848 bibituros
3160 3808 3347 3862 aquas.
3381 3795 3683 3851 Videamus

2080 3898 2211 3953 ergo
2235 3884 2450 3953 quando
2476 3899 2572 3938 vos
2603 3884 2705 3937 ista
2734 3884 3107 3953 promisimus,
3128 3885 3343 3953 quando
3370 3886 3491 3940 haec
3514 3887 3683 3941 verba

2081 3972 2301 4027 diabOIO
2331 3973 2787 4029 denuntiavimus.
2838 3976 3173 4030 Recordetur
3214 3977 3601 4048 unusquisque
3625 3978 3683 4032 ﬁ-

2082 4060 2304 4126 delium,
2334 4077 2455 4117 cum
2483 4063 2717 4133 primum
2754 4065 2901 4119 venit
2928 4065 2995 4119 ad
3020 4080 3191 4135 aquas
3236 4066 3525 4135 baptismi,
3558 4082 3681 4123 cum

2082 4153 2358 4224 signacula
2391 4154 2514 4209 fidei
2540 4156 2714 4224 prima
2742 4157 2998 4226 suscepit,
3022 4167 3077 4211 et
3105 4157 3172 4211 ad
3191 4155 3395 4213 fontem
3417 4159 3682 4215 salutaris

2083 4247 2335 4310 accessit,
2379 4246 2575 4315 quibus
2609 4246 2682 4300 ibi
2732 4253 2859 4301 tunc
2901 4261 3030 4301 usus
3076 4248 3147 4302 sit
3178 4248 3391 4312 verbis;
3423 4256 3485 4304 et
3536 4249 3682 4319 quod

2084 4337 2479 4392 renuntiaverit
2511 4336 2743 4402 diabolo,
2793 4342 2905 4391 non
2926 4353 2985 4392 se
3013 4352 3238 4392 usurum
3282 4339 3500 4408 pompis
3542 4339 3675 4408 ejus.

2086 4445 2266 4501 neque
2291 4429 2545 4499 operibus
2595 4430 2732 4500 ejus,
2784 4443 2960 4498 neque
3003 4427 3127 4483 ullis
3156 4429 3378 4483 omnino
3436 4430 3681 4484 servitiis

391 4527 501 4580 tius
526 4524 710 4578 mundi
738 4522 997 4592 princeps
1024 4535 1146 4577 esse
1183 4520 1238 4574 in
1277 4519 1586 4589 Evangeliis
1625 4518 1841 4583 dicitur,
1873 4533 1979 4572 non
2006 4509 2059 4567 D
2085 4522 2201 4590 ejus
2222 4538 2287 4577 ac
2316 4522 2685 4577 voluntatibus
2710 4522 3033 4590 pariturum.
3070 4519 3139 4573 Ει
3183 4520 3286 4574 hoc
3318 4527 3402 4573 est
3443 4521 3596 4589 quod
3627 4520 3678 4573 in

392 4613 554 4667 debet
583 4611 874 4668 absurdum
904 4612 1100 4676 videri,
1126 4611 1172 4665 si
1204 4610 1347 4664 Scon
1375 4611 1488 4679 regi
1515 4609 1978 4672 Amorrhaeorum,

393 4707 476 4761 vel
503 4708 668 4761 etiam
699 4707 821 4763 aliis
847 4706 1178 4777 quibuslibet
1203 4705 1444 4776 gentium
1490 4703 1725 4773 regibus,
1759 4716 1980 4770 compa-

396 4805 564 4850 ratur.
591 4794 853 4867 Princeps
879 4807 1059 4853 autem
1089 4797 1286 4853 dicitur
1307 4796 1517 4860 mundi,
1543 4810 1651 4849 non
1680 4793 1805 4863 quia
1835 4808 1981 4847 crea.

393 4887 534 4941 verit
583 4888 885 4953 mundum,.
915 4889 1009 4946 sed
1053 4890 1179 4960 quia
1209 4889 1363 4944 multi
1390 4888 1603 4944 suntin
1652 4887 1754 4941 hoc
1779 4886 1980 4941 mundo

397 4988 730 5050 peccatores.
764 4978 980 5036 Peccati
1009 4990 1212 5047 autem,
1261 4984 1388 5053 quia
1422 4983 1534 5052 ipse
1578 4980 1833 5049 princeps
1872 4988 1977 5044 est,

396 5075 519 5126 ideo
551 5071 716 5125 etiam
748 5073 932 5126 mundi
963 5072 1214 5142 princeps
1239 5073 1538 5142 appellatus
1564 5080 1666 5127 est.
1697 5070 1755 5125 In
1786 5071 1871 5125 his
1900 5071 1981 5125 vi-

398 5161 595 5216 delicet
622 5160 713 5230 qui
753 5161 990 5215 nondum
1035 5160 1400 5231 relinquentes
1447 5159 1721 5222 mundum,
1754 5170 1978 5215 conver-

398 5261 586 5307 tuntur
621 5252 689 5305 ad
719 5249 958 5305 Patrem.
991 5248 1299 5305 Secundum
1329 5249 1433 5304 hoc
1470 5250 1615 5305 enim
1644 5251 1807 5305 etiam
1846 5249 1975 5305 illud

396 5345 623 5399 dicitur:
652 5341 789 5409 Quia
807 5342 973 5396 omnis
992 5342 1145 5395 homo
1166 5342 1219 5394 in
1242 5340 1473 5411 ntaligno
1495 5343 1693 5410 positus
1714 5349 1811 5395 est.
1836 5341 1974 5408 Quid

396 5435 541 5488 enim
590 5433 811 5504 prodest
864 5432 1019 5487 nobis
1067 5431 1266 5496 dicere,
1318 5432 1444 5500 quia
1496 5434 1745 5501 princeps
1798 5441 1983 5486 noster

399 5524 653 5579 Christus
701 5532 806 5589 est,
847 5523 890 5578 si
946 5524 1107 5578 rebus
1133 5531 1187 5577 et
1232 5521 1486 5592 Operibus
1536 5538 1826 5593 arguamur
1856 5523 1980 5591 quia

401 5614 505 5665 dia!
527 5613 646 5667 olus
671 5614 1031 5684 ptincipalum
1061 5622 1207 5667 tenet
1228 5614 1280 5667 in
1319 5613 1473 5667 nobis
1502 5629 1516 5677 ;
1558 5624 1649 5667 aut
1676 5628 1781 5668 non
1804 5612 1980 5682 palam

403 5713 506 5765 est,
532 5706 630 5756 sub
656 5721 759 5771 quo
781 5707 1019 5775 princ-ipe
1043 5718 1162 5776 agat
1193 5705 1509 5775 impudicus,
1541 5705 1811 5776 injustus?
1837 5704 1985 5759 Nun-

2087 4614 2173 4668 his
2194 4614 2329 4684 legis
2352 4611 2692 4667 sermonibus
2727 4610 3102 4674 adumbratur,
3143 4609 3270 4679 quia
3301 4624 3409 4662 non
3435 4608 3679 4664 declinet

2085 4705 2250 4760 Israel
2292 4720 2466 4774 neque
2493 4705 2546 4759 in
2577 4718 2766 4774 agrum
2815 4701 2952 4771 ejus,
2986 4717 3163 4771 neque
3208 4702 3262 4754 in
3290 4701 3505 4757 vineam
3535 4698 3674 4768 ejus,

2086 4796 2180 4849 sed
2210 4810 2387 4865 neque
2417 4810 2611 4864 aquam
2635 4794 2701 4849 de
2729 4793 2850 4848 lacu
2877 4791 2994 4861 ejus
3027 4791 3311 4861 pollicetur
3339 4806 3398 4845 se
3428 4805 3556 4844 esse
3585 4804 3678 4859 po-

2087 4893 2342 4936 taturum.
2370 4883 2486 4937 Non
2511 4883 2654 4937 enim
2704 4882 2844 4935 ultra
2894 4880 3187 4950 disciplina:
3231 4878 3535 4944 diabolicm,
3568 4893 3675 4931 non

2085 4973 2411 5044 astrologiie,
2436 4990 2541 5028 non
2571 4974 2783 5044 magiae,
2814 4988 2921 5028 non
2948 4973 3109 5027 ullius
3135 4971 3357 5025 omnino
3382 4968 3670 5028 doctrina).

2084 5079 2202 5133 qua:
2231 5074 2420 5119 contra
2472 5065 2567 5119 Dei
2608 5066 2865 5134 pietatem
2918 5063 3121 5132 aliquid
3154 5063 3363 5125 doceat,
3414 5059 3671 5129 poculum

2083 5164 2277 5210 sumet.
2306 5154 2507 5209 Fidelis
2540 5156 2684 5210 enim
2716 5156 2878 5210 habet
2905 5170 3033 5209 suos
3083 5152 3281 5217 fontes,
3333 5160 3389 5205 et
3434 5150 3576 5206 bibit
3603 5148 3671 5203 de

2080 5245 2320 5299 fontibus
2350 5244 2695 5299 salutaribus.
2730 5246 2846 5299 Non
2874 5246 3021 5300 bibet
3043 5259 3238 5313 aquam
3259 5242 3325 5296 de
3351 5242 3472 5296 lacu
3502 5239 3669 5301 Scon,

2090 5350 2190 5390 nec
2238 5334 2550 5404 relinquens
2597 5334 2798 5390 fontem
2850 5350 3002 5403 aqua:
3054 5333 3210 5397 viv:e,
3242 5338 3533 5400 congregat
3565 5326 3667 5382 sibi

2088 5426 2239 5482 lacus
2264 5427 2590 5491 confractus,
2619 5427 2713 5481 sed
2742 5426 2827 5479 via
2878 5425 3044 5494 regali
3087 5425 3422 5479 incessurum
3457 5436 3514 5473 se
3539 5431 3666 5487 pro-
3694 5470 3716 5497 κ

2087 5519 2293 5573 litetur.
2322 5519 2451 5585 Qua:
2474 5527 2556 5573 est
2578 5519 2664 5572 via
2695 5517 2932 5587 regalis?
2965 5516 3054 5568 [ila
3077 5516 3194 5570 sine
3222 5511 3407 5575 dubio,
3435 5524 3556 5579 quin
3585 5507 3668 5561 di-

2084 5613 2196 5667 cit:
2233 5611 2343 5682 Ego
2366 5629 2479 5666 sunt
2500 5613 2602 5675 ria,
2632 5612 2844 5673 veritas,
2877 5621 2921 5662 et
2950 5610 3049 5662 rita
3086 5604 3424 5679 (lacunam).
3459 5603 3524 5657 Et
3551 5613 3670 5653 me-

2086 5705 2190 5759 rito
2242 5704 2450 5773 regalis.
2485 5704 2600 5773 Ipse
2654 5712 2738 5756 est
2780 5702 2945 5756 enim.
3008 5702 3072 5754 de
3101 5716 3207 5769 quo
3238 5697 3499 5769 Propheta
3539 5692 3660 5748 ait:
