3932 6188
293 318 385 372 HI

990 316 1524 374 ENARRATIONES
1560 317 1628 373 IN
1668 316 1932 375 LIBRUM
1973 316 2438 373 NUMEROIIUM.
2477 349 2545 358 -—
2580 318 2706 373 LIB.
2744 320 2827 374 III.

3436 327 3549 384 7i?

291 424 433 477 Dens
449 423 715 493 judicium
761 433 906 477 tuum
960 427 1068 495 regi
1104 428 1173 480 da
1216 425 1387 497 (Psal.
1415 428 1536 497 vn).
1582 428 1673 483 Via
1702 429 1866 500 regali
1894 431 1946 490 Α
1971 428 2107 482 simo
2134 436 2320 498 patere
2368 428 2578 484 debeat.
2609 431 2713 485 Sed
2752 428 2865 500 jam
2895 440 2953 486 ut
2986 433 3123 487 Deus
3148 452 3238 490 sua
3280 442 3541 507 promissa

286 529 423 581 ergo
455 513 804 567 incedendum
829 523 935 578 est,
962 530 1061 569 nec
1085 516 1458 571 declinandum
1503 533 1753 587 usquam,
1779 534 1873 574 ne-

285 619 397 672 que
424 604 481 658 in
532 619 719 674 agrum
773 604 908 672 ejus,
942 621 1116 676 neque
1164 608 1218 661 in
1248 609 1461 663 vineam
1503 609 1640 677 ejus,
1689 610 1742 664 id
1767 619 1871 676 est,

285 692 471 762 neque
505 694 568 747 atl
601 707 786 763 opera,
821 710 995 764 neque
1032 697 1097 750 ad
1140 711 1331 753 sensus
1385 699 1682 755 diaboliros
1709 701 1875 755 decli-

284 797 426 836 nare
455 782 590 836 ultra
623 799 776 838 mens
829 784 1064 839 ﬁdelium
1092 787 1270 842 debet.
1326 789 1605 856 Quomodo
1631 790 1875 846 volumus

286 887 428 942 ergo
455 873 588 928 ﬁnes
613 873 1049 931 Amorrhatorum
1081 894 1205 933 cum
1231 895 1363 949 pace
1390 884 1663 937 transire?
1682 884 1875 938 Amor-

292 961 448 1025 rhazi,
478 960 770 1017 inﬁdelium
799 965 892 1034 qui
934 976 1060 1020 sunt
1088 967 1142 1021 in
1172 968 1273 1023 hoc
1304 972 1526 1035 mundo,
1555 987 1679 1040 pars
1704 973 1874 1043 accipi

288 1058 493 1120 potest.
525 1051 630 1106 Sed
657 1053 744 1107 isti
776 1054 1221 1124 interpretantur,
1252 1068 1310 1113 ut
1349 1074 1509 1129 supra
1543 1062 1778 1116 diximus
1803 1062 1878 1115 lo-

285 1153 530 1212 quentes,
579 1144 661 1197 vel
697 1146 1103 1201 amaritudinem
1132 1149 1465 1205 adducentes.
1512 1152 1578 1206 Et
1608 1154 1876 1222 quomodo

290 1231 515 1300 quidem
575 1233 631 1288 in
660 1236 1074 1292 amaritudinem
1102 1234 1372 1294 adducant
1420 1241 1588 1296 Deum
1635 1242 1877 1299 inﬁdeles

291 1332 351 1377 et
382 1324 689 1390 increduli,
715 1327 1053 1395 expositione
1087 1344 1193 1383 non
1245 1331 1467 1401 indiget.
1510 1331 1663 1398 Quod
1695 1344 1873 1388 autem

291 1414 378 1468 ait
403 1413 691 1484 loquentes,
715 1416 783 1470 ad
813 1416 956 1471 illam
984 1428 1193 1486 partem
1222 1420 1358 1474 trahi
1384 1430 1578 1491 potest,
1610 1424 1735 1491 quia
1758 1423 1878 1478 inﬁ-

294 1503 449 1558 deles
472 1506 665 1576 quippe
688 1517 743 1562 et
791 1511 892 1565 sub
932 1512 1175 1582 principe
1205 1513 1417 1568 diabolo
1465 1525 1705 1586 agentes,
1733 1516 1876 1587 loqui

295 1606 503 1651 norunt
549 1603 940 1666 tantummodo,
981 1604 1074 1658 sed
1122 1604 1414 1674 loquuntur
1458 1607 1659 1662 inania.
1710 1610 1876 1665 V'erhi

294 1702 486 1752 causa,
519 1697 577 1741 ut
614 1699 786 1758 poeta:
838 1706 1046 1757 eorum,
1100 1703 1157 1748 ut
1183 1696 1436 1768 astrologi
1472 1739 1485 1762 ,
1533 1708 1591 1752 ut
1634 1700 1875 1755 nonnulli

1972 518 2288 586 compleret,
2317 518 2521 588 adjuvit
2552 520 2843 586 lsraelitas,
2873 523 3068 591 quibus
3109 526 3544 587 Amorrhmorum

1973 617 2115 662 terra
2137 609 2251 663 dari
2298 611 2599 679 oportebat.
2638 613 2771 667 Nam
2803 614 2969 668 Edom
3022 632 3142 670 cum
3191 621 3440 676 similiter
3470 626 3546 681 eis

1975 699 2257 753 transitum
2313 700 2623 771 denegaret,
2679 718 2785 757 non
2835 716 3209 774 pugnaverunt
3257 724 3379 764 cum
3429 712 3544 783 ipsa

1974 794 2132 857 gente
2157 787 2430 853 Israelittc,
2469 790 2522 843 id
2572 800 2675 856 cst,
2708 790 2800 846 ﬁlii
2854 792 3020 847 Iacob
3049 810 3170 848 cum
3212 796 3335 852 ﬁliis
3384 800 3544 866 Esau,

1976 878 2201 931 duorum
2254 894 2637 950 germanorum
2687 890 2850 950 atque
2906 886 3242 953 geminorum
3300 889 3548 955 duorum,

1975 965 2098 1034 quia
2156 976 2357 1022 terram
2409 969 2554 1024 illam
2610 971 2866 1027 Israelitis
2919 991 3025 1028 non
3072 979 3417 1046 promiserat,
3458 985 3555 1035 sed

1975 1053 2379 1112 declinaverunt
2407 1061 2474 1113 ab
2517 1061 2616 1115 eis.
2651 1064 2715 1117 Et
2741 1065 2998 1119 dominati
3030 1076 3172 1130 sunt,
3216 1070 3406 1140 inquit.
3460 1074 3551 1127 lilii

1976 1144 2139 1199 Israel
2162 1146 2214 1199 in
2264 1148 2409 1201 omni
2441 1158 2583 1203 terra
2613 1152 2749 1221 ejus.
2784 1155 2971 1209 Omnis
3003 1158 3220 1225 quidem
3252 1160 3398 1227 regio
3438 1163 3555 1216 lure

1978 1245 2213 1302 terrena,
2248 1247 2392 1293 terra
2418 1248 2501 1295 est
2533 1241 2711 1309 Seon;
2776 1247 2868 1300 sed
2917 1248 3165 1303 Christus
3223 1251 3275 1304 in
3313 1251 3557 1307 Ecclesia

1977 1328 2093 1397 cjus
2141 1330 2454 1387 dominatur
2489 1334 2541 1387 in
2589 1336 2734 1389 omni
2791 1345 2932 1392 terra
2981 1340 3142 1394 Seon.
3188 1342 3255 1396 Et
3290 1343 3555 1398 dominati
3608 1367 3612 1371 η

1978 1429 2102 1477 sunt
2134 1423 2203 1476 ab
2236 1422 2420 1478 Arnon
2450 1441 2620 1497 usque
2672 1426 2859 1483 Jaboc.
2898 1430 3081 1484 Arnou
3118 1441 3172 1486 et
3211 1432 3377 1489 Jahnc
3422 1435 3555 1489 civi-

1979 1520 2118 1566 tates
2148 1520 2302 1566 erant
2346 1514 2581 1584 regionis
2618 1515 2780 1571 Seon.
2833 1518 2939 1573 Sed
2989 1520 3201 1575 initium
3256 1532 3373 1577 erat
3402 1527 3553 1593 regni

1979 1600 2094 1670 ejus
2114 1601 2324 1667 Arnon,
2357 1612 2409 1657 ct
2443 1604 2562 1659 ﬁnis
2600 1604 2787 1662 Jaboc.
2825 1608 2892 1662 Et
2922 1609 3042 1663 ideo
3081 1610 3280 1666 dicitur
3309 1614 3435 1683 quia
3466 1615 3559 1668 do-

1982 1694 2172 1748 minati
2207 1704 2332 1749 sunt
2386 1697 2453 1749 ab
2483 1695 2665 1752 Arnon
2712 1715 2883 1762 usque
2930 1699 3115 1755 Jaboc.
3171 1702 3561 1773 Interpretatur

290 1778 464 1832 etiam
492 1780 926 1851 philosophorum
952 1804 964 1837 :
997 1786 1089 1854 qui
1112 1786 1293 1841 inania
1314 1788 1606 1858 loquuntur
1634 1800 1689 1846 et
1717 1807 1872 1848 vana.
1906 1779 1951 1836 Β
1979 1790 2158 1837 autem
2188 1782 2570 1838 πιείεάίειὶοηϐδ
2599 1802 2798 1840 eorum.
2831 1788 3045 1842 Initium
3068 1804 3197 1860 ergo
3221 1793 3370 1860 regni
3395 1791 3558 1855 Seon.

293 1873 566 1930 Fide-lium
595 1886 772 1932 autem
799 1896 1023 1950 regnum
1058 1883 1202 1950 quod
1224 1898 1252 1935 a
1282 1883 1391 1938 Deo
1422 1894 1526 1950 est,
1556 1903 1660 1941 non
1688 1887 1740 1940 in
1763 1902 1880 1942 ser-

296 1981 464 2021 mone
486 1976 588 2032 est,
622 1970 714 2023 sed
746 1971 798 2023 in
833 1970 1337 2030 virtute..Volumus
1370 1990 1498 2045 ergo
1526 1992 1625 2030 nos
1658 1977 1882 2045 paciﬁce

298 2059 536 2112 transire
558 2075 655 2128 per
699 2061 978 2126 mundum,
1010 2063 1105 2117 sed
1153 2064 1257 2119 hoc
1282 2065 1458 2135 ipsum
1489 2067 1663 2137 magis
1698 2068 1884 2123 incitat

296 2148 600 2218 principem
627 2152 831 2216 mundi,
861 2154 1003 2222 quod
1026 2153 1255 2209 dicimus
1277 2170 1374 2210 nos
1404 2156 1543 2210 nolle
1570 2172 1883 2226 permanere

297 2253 424 2292 cum
461 2239 578 2309 ipso
603 2256 702 2295 nec
737 2242 959 2306 morari,
992 2258 1095 2297 nec
1120 2243 1323 2313 aliquid
1364 2244 1480 2312 ejus
1509 2246 1644 2301 velle
1671 2250 1881 2303 contin-

293 2344 448 2399 gere.
476 2331 605 2385 Inde
642 2333 814 2401 magis
842 2334 1216 2400 exacerbatur,
1248 2335 1371 2390 inde
1391 2337 1668 2392 extollitur
1695 2347 1752 2393 et
1777 2339 1884 2392 ira-

295 2420 491 2484 scitur,
539 2431 593 2476 et
628 2434 930 2477 commovet
960 2424 1117 2478 nobis
1166 2426 1592 2494 persecutiones,
1644 2427 1883 2497 pericula

297 2513 549 2577 suscitat,
581 2513 853 2567 cruciatus
876 2514 1125 2569 intentat.
1162 2515 1225 2568 Et
1252 2516 1371 2570 ideo
1392 2517 1557 2571 dicit:
1589 2515 1884 2588 Congrega-

297 2604 369 2655 vit
402 2604 609 2673 iniquus
634 2604 771 2658 Seon
796 2605 1044 2674 populum
1070 2622 1246 2669 suum,
1271 2614 1317 2659 et
1338 2606 1462 2659 exiit
1488 2607 1763 2676 conﬂigere
1790 2607 1886 2660 ad—

297 2710 505 2747 versum
532 2694 721 2748 Israel.
753 2696 882 2762 Quis
907 2704 991 2750 est
1035 2697 1211 2751 omnis
1253 2697 1480 2767 populus
1523 2697 1685 2763 Senu,
1722 2713 1884 2768 quem

298 2785 539 2839 concitat
565 2795 753 2839 contra
783 2785 989 2840 Israel?
1011 2784 1118 2851 Sed
1146 2787 1274 2855 quid
1296 2787 1425 2842 facit
1449 2788 1614 2843 Israel
1639 2790 1661 2841 ?
1710 2786 1877 2851 Venit,

300 2873 496 2943 inquit,
542 2877 597 2929 in
623 2875 780 2941 Jasa,
830 2878 975 2946 quod
1018 2878 1406 2946 interpretatur
1452 2879 1689 2934 mandati
1717 2880 1888 2934 adiat-

299 2962 477 3031 plctio.
515 2962 573 3018 Si
602 2979 733 3034 ergo
758 2966 1038 3021 veniamus
1077 2975 1131 3020 et
1176 2983 1276 3021 nos
1305 2969 1371 3022 ad
1414 2968 1591 3023 locum
1616 2969 1800 3033 istum,
1833 2968 1886 3023 id

299 3063 405 3117 est,
430 3053 500 3107 ad
525 3055 882 3124 expletionem
912 3057 1309 3124 mandatorum,
1336 3058 1497 3113 etiam
1528 3061 1572 3113 si
1594 3074 1715 3114 cum
1738 3060 1885 3114 omni

1981 1872 2139 1940 hujus
2168 1874 2295 1928 elati
2322 1883 2376 1929 et
2409 1875 2728 1931 infructuosi
2769 1879 3175 1937 maledictiones
3212 1891 3377 1944 sunt;
3428 1883 3562 1938 ﬁnes

1979 1982 2110 2022 vero
2140 1975 2223 2021 est
2244 1965 2433 2032 Jahoc,
2456 1969 2597 2037 quod
2620 1970 3006 2039 interpretatur
3029 1971 3307 2026 luctamen.
3334 1974 3562 2028 Necesse.

1980 2067 2063 2112 est
2097 2058 2243 2112 enim
2268 2067 2329 2112 ut
2357 2061 2533 2114 omnis
2577 2062 2668 2129 qui
2708 2061 2821 2115 vult
2867 2063 3018 2117 exire
3053 2063 3119 2117 de
3167 2079 3332 2133 regno
3360 2063 3561 2117 diaboli

1979 2156 2036 2202 ct
2059 2146 2192 2201 ﬁnes
2233 2145 2350 2216 ejus
2397 2149 2649 2212 evadere,
2682 2149 2952 2204 luctamen
3014 2151 3270 2212 inveniat,
3303 2161 3357 2205 et
3388 2160 3564 2205 certa-

1982 2239 2129 2293 mina
2166 2239 2213 2293 ei
2240 2254 2272 2292 a
2301 2240 2565 2294 ministris
2592 2238 2708 2308 ejus
2751 2249 2806 2295 et
2850 2242 3172 2296 satellitibus
3212 2243 3559 2296 suscitentur.

1982 2328 2085 2383 Sed
2112 2331 2157 2383 si
2183 2328 2410 2383 luctatus
2458 2329 2613 2397 fuerit
2661 2340 2707 2384 et
2734 2332 2933 2395 vicerit,
2976 2331 3093 2400 jam
3125 2348 3229 2385 non
3272 2333 3367 2385 erit
3397 2330 3563 2385 Iacob

1983 2422 2166 2476 civitas
2197 2420 2357 2487 Seon,
2384 2423 2473 2475 sed
2512 2424 2609 2476 erit
2636 2424 2816 2476 civitas
2847 2422 3015 2476 Israel
3064 2423 3215 2493 (Gen.
3244 2424 3423 2490 xxttt).
3452 2423 3567 2477 Hoc

1982 2522 2065 2567 est
2115 2514 2370 2567 nimirum
2421 2515 2561 2582 quod
2604 2514 2831 2584 legimus
2855 2523 2911 2568 et
2938 2514 3002 2568 de
3031 2514 3339 2584 patriarcha
3375 2512 3565 2574 Iacob.

1984 2603 2073 2672 qui
2103 2618 2226 2658 cum
2274 2604 2510 2658 venisset
2552 2604 2617 2657 ad
2648 2602 2821 2656 locum
2870 2604 3176 2671 quemdam,
3220 2603 3488 2657 luctamen
3513 2603 3568 2658 ei

1983 2701 2342 2762 praeparatum
2379 2701 2483 2756 est,
2511 2700 2565 2746 et
2590 2692 2661 2746 ibi
2689 2701 2797 2746 tota
2837 2702 2992 2747 nocte
3034 2692 3287 2757 Iuctatus,
3315 2708 3436 2747 cum
3472 2692 3571 2748 ob-

1985 2784 2236 2839 tinuisset
2261 2793 2318 2838 et
2356 2784 2675 2838 invaluisset
2718 2783 2784 2837 ad
2815 2782 3003 2847 Deum,
3033 2784 3326 2838 vocitatum
3363 2791 3444 2838 est
3470 2797 3568 2839 no-

1985 2892 2109 2931 men
2132 2874 2247 2943 ejus
2267 2875 2453 2929 Israel.

2056 2970 2125 3024 Et
2152 2969 2367 3039 accepit,
2404 2968 2602 3037 inquit,
2654 2964 2823 3019 Israel
2867 2981 3042 3019 omnes
3081 2966 3311 3017 ciritatcs
3341 2964 3489 3027 istas,
3520 2976 3568 3018 ct

1988 3062 2239 3116 habitavit
2266 3060 2430 3115 Israel
2457 3061 2509 3114 in
2540 3058 2775 3113 omnibus
2798 3058 3094 3112 civitatibus
3124 3057 3566 3110 Amori/imorum.

300 3144 545 3198 exercitu
591 3145 800 3198 venerit
829 3145 1115 3200 adversum
1148 3162 1245 3201 nos
1273 3146 1415 3201 Seon
1469 3147 1571 3202 iste
1614 3147 1813 3212 elatus,
1834 3157 1889 3202 et
1913 3120 1958 3182 C
1994 3153 2095 3207 Hic
2116 3151 2300 3217 Israel,
2326 3151 2417 3221 qui
2447 3150 2497 3204 in
2521 3149 2738 3204 Christo
2765 3148 2929 3203 Israel
2950 3156 3056 3212 est,
3079 3148 3169 3217 qui
3202 3163 3306 3200 non
3332 3147 3383 3200 in
3408 3162 3573 3202 carne

298 3235 566 3303 superbus
595 3235 861 3300 diabolus,
892 3244 946 3290 et
974 3235 1225 3307 conﬂigat
1245 3238 1527 3293 adversum
1558 3253 1675 3304 nos,
1706 3238 1752 3293 si
1778 3253 1890 3292 om-

300 3339 399 3379 nes
429 3340 560 3380 snos
589 3332 776 3379 contra
803 3341 903 3381 nos
945 3327 1220 3383 datmnncs
1266 3330 1517 3392 concitet,
1572 3345 1891 3399 superamus

298 3432 447 3480 eum,
475 3417 521 3469 si
538 3416 633 3471 Dei
648 3418 898 3472 mandata
922 3419 1270 3488 complemus.
1289 3421 1569 3491 Complere
1583 3423 1726 3477 enim
1743 3438 1893 3476 man-

300 3507 450 3570 data,
468 3506 573 3561 hoc
593 3516 677 3561 est.
694 3507 966 3563 diabolum
982 3518 1035 3563 et
1050 3525 1264 3565 omnem
1288 3508 1402 3578 ejus
1417 3513 1712 3566 exercitum
1739 3527 1893 3585 supe-

301 3614 447 3655 rare.
476 3601 540 3654 Et
557 3610 683 3657 tunc
700 3604 1054 3673 complebitur
1076 3606 1129 3659 in
1155 3607 1309 3661 nobis
1328 3607 1567 3677 Apostoli
1590 3608 1782 3670 oratio,
1798 3609 1891 3675 qui

300 3691 379 3744 ait
407 3708 420 3743 :
448 3690 589 3744 Deus
615 3701 788 3745 autent
814 3704 1039 3747 conteret
1065 3693 1303 3749 Satanan
1321 3696 1499 3750 subter
1519 3696 1671 3767 pedes
1700 3707 1891 3751 vestros

300 3779 543 3833 velociter
563 3779 742 3851 (Rom.
768 3783 900 3853 xvt).
925 3783 992 3837 Et
1013 3783 1141 3838 illud
1162 3786 1304 3853 quod
1329 3785 1585 3841 Dominus
1613 3786 1725 3841 ait:
1759 3786 1894 3841 Ecce

300 3866 372 3920 do
389 3868 530 3922 vobis
548 3879 850 3938 potestatem
867 3871 1106 3926 calcandi
1128 3890 1282 3943 super
1305 3884 1562 3944 serpentes
1589 3885 1637 3930 et
1659 3878 1893 3946 scorpio-

302 3975 416 4024 nes,
444 3968 494 4013 et
520 3951 677 4029 super
707 3978 909 4016 omnem
936 3965 1178 4018 virtutem
1224 3958 1440 4030 inimici,
1486 3975 1534 4020 et
1582 3968 1714 4021 nihil
1754 3968 1895 4022 vobis

302 4048 503 4101 nocebit
526 4048 676 4117 (Luc.
692 4049 769 4121 χ).
793 4050 936 4105 Nihil
959 4053 1102 4106 enim
1122 4068 1315 4108 timere
1340 4055 1494 4109 nobis
1516 4064 1769 4124 poterunt
1794 4057 1894 4111 ista

300 4139 510 4203 omnia,
558 4141 603 4194 si
652 4142 931 4199 veniamus
961 4145 1012 4199 in
1057 4143 1220 4199 Jasa:
1255 4147 1437 4212 idest,
1486 4149 1531 4203 si
1568 4151 1820 4205 mandata
1842 4159 1894 4207 et

301 4241 572 4301 praacepta
613 4232 823 4288 Domini
842 4237 1014 4290 nostri
1040 4234 1165 4291 Jcsu
1195 4237 1394 4294 Christi
1420 4256 1717 4297 servemus.

377 4321 446 4375 Et
466 4340 705 4392 possessa
746 4335 821 4380 est
849 4336 989 4380 terra
1016 4327 1129 4396 ejus
1157 4327 1220 4380 ab
1243 4327 1425 4383 Arnen
1454 4347 1614 4401 usque
1651 4331 1819 4385 Jaboc
1846 4340 1895 4384 et

303 4411 442 4481 [ilics
470 4415 716 4478 Ammon,
739 4416 862 4485 quia
889 4416 1015 4485 forti
1058 4418 1305 4487 pra’sidio
1346 4420 1654 4474 tenebantur
1685 4422 1895 4474 termini

304 4504 746 4559 Ammonitarum.
780 4505 920 4561 Tulit
945 4524 1065 4577 ergo
1094 4507 1261 4562 Israel
1298 4525 1474 4562 omnes
1504 4510 1733 4565 civitates
1756 4511 1889 4580 ejus,

303 4604 351 4648 et
374 4594 629 4648 habitarit
647 4597 702 4649 in
726 4596 938 4651 urbibus
961 4599 1272 4673 Amorrha’i,
1288 4599 1340 4654 in
1360 4598 1597 4653 Hesebon
1622 4600 1816 4653 scilicet
1844 4610 1892 4653 et

306 4685 494 4740 viculis
520 4685 653 4756 ejus,
690 4697 746 4740 et
770 4688 997 4757 reliqua.
1027 4689 1095 4742 Et
1127 4690 1394 4758 percussit
1419 4704 1543 4743 eum
1569 4688 1735 4743 Israel
1761 4703 1893 4744 nece

305 4775 495 4846 gladii,
531 4785 588 4831 et
618 4778 875 4833 dominati
920 4787 1043 4834 sunt
1089 4789 1244 4834 terra:
1268 4778 1386 4848 ejus
1407 4780 1474 4834 ab
1508 4778 1691 4834 Arnon
1723 4795 1893 4848 usque

304 4864 496 4930 Jaboc,
526 4883 699 4937 usque
724 4868 791 4922 ad
842 4868 981 4924 ﬁlios
1024 4870 1276 4933 Ammon,
1312 4869 1565 4939 quoniam
1601 4868 1759 4923 Jazer
1785 4878 1894 4924 ter-

306 4959 441 5012 mini
470 4957 704 5014 ﬁliorum
751 4959 980 5015 Ammon
1028 4969 1172 5016 sunt.
1204 4961 1271 5015 Et
1295 4960 1504 5031 accepit
1529 4961 1707 5016 omnis
1730 4961 1894 5016 Israel

308 5048 562 5103 civitates
590 5050 740 5115 istas,
773 5059 829 5105 et
857 5052 1122 5107 habitavit
1152 5051 1313 5106 Israel
1346 5052 1400 5105 in
1425 5052 1675 5107 omnibus
1704 5053 1896 5107 civita-

309 5140 453 5194 tibus
466 5139 978 5196 Amorrbscommin
997 5142 1262 5197 Ilcsebon.
1283 5141 1382 5198 IIic
1414 5154 1562 5198 certe
1588 5143 1754 5198 Israel
1777 5160 1900 5213 pos-

309 5232 451 5286 sedit
485 5232 734 5287 civitates
760 5233 1224 5299 Amorrhzeorum,
1249 5250 1386 5305 quas
1430 5235 1568 5292 bello
1604 5236 1896 5306 superavit,

311 5322 440 5390 quia
470 5337 579 5376 non
626 5337 720 5378 cas
767 5326 1155 5379 anathemavit.
1208 5325 1340 5379 Nam
1382 5327 1426 5380 si
1472 5328 1894 5392 anathemasset,

312 5415 594 5482 possidere
623 5415 697 5469 illi
723 5432 827 5470 non
852 5411 1061 5482 liceret,
1091 5430 1191 5473 nec
1220 5419 1343 5472 inde
1386 5418 1452 5472 ad
1478 5434 1609 5473 usus
1652 5434 1778 5473 suos
1802 5418 1897 5472 ali-

312 5504 443 5571 quid
461 5506 666 5574 pmzda:
698 5522 978 5576 usurpare.
1009 5504 1312 5562 Notandum
1346 5516 1429 5563 est
1453 5522 1606 5572 sane,
1635 5509 1899 5577 quemad-

315 5597 538 5651 modum
563 5598 708 5668 justa
736 5599 874 5654 bella
902 5599 1246 5669 gerebantur.
1271 5599 1525 5655 Innoxius
1548 5600 1694 5653 enim
1718 5610 1898 5654 trans-

317 5682 428 5743 itus
464 5688 787 5760 negabatur,
825 5687 915 5758 qui
951 5686 1072 5757 jure
1114 5688 1362 5745 humana:
1389 5688 1663 5744 societatis
1707 5688 1900 5757 acquis-

1994 3240 2177 3305 Israel,
2211 3255 2312 3294 nec
2344 3239 2398 3293 in
2428 3238 2717 3293 manifesto
2740 3235 2956 3292 Judams
2979 3245 3083 3301 est,
3125 3237 3240 3307 ipse
3281 3237 3488 3291 habitat
3518 3237 3571 3291 in

1993 3331 2245 3386 omnibus
2299 3330 2612 3385 civitatibus
2640 3328 3101 3391 Amorrltmorum,
3146 3344 3269 3382 cum
3324 3328 3379 3381 in
3424 3328 3569 3386 οηωὶ

1994 3424 2127 3478 orbe
2158 3430 2423 3476 terrarum
2466 3420 2666 3475 Christi
2696 3421 2950 3475 Ecclesiae
2976 3427 3361 3491 propagautur.
3391 3418 3495 3474 Sed
3521 3429 3576 3473 et

1997 3515 2364 3583 unusquisque
2385 3524 2628 3568 nostrum
2652 3513 2803 3582 prius
2818 3513 3009 3568 civitas
3033 3512 3133 3565 fuit
3155 3512 3388 3580 regionis
3410 3509 3572 3572 Seon.

1996 3606 2140 3675 regis
2164 3604 2312 3657 elati.
2343 3602 2621 3671 Regnabat
2661 3603 2804 3656 enim
2830 3603 2882 3655 in
2918 3601 3071 3655 nobis
3117 3600 3361 3664 stultitia,
3390 3616 3577 3669 super-

1995 3697 2102 3759 bia,
2156 3694 2428 3763 impietas,
2459 3700 2513 3746 et
2541 3692 2721 3746 omnia
2757 3708 2876 3760 qua:
2905 3699 3030 3746 sunt
3059 3707 3125 3744 ex
3174 3702 3325 3760 parte
3353 3690 3573 3751 diaboli.

1999 3787 2106 3842 Sed
2132 3787 2224 3841 ubi
2272 3792 2609 3855 expugnatur
2660 3792 2714 3838 et
2738 3783 2979 3837 devictus
3022 3781 3315 3844 estfortis,
3367 3789 3422 3833 ct
3448 3795 3574 3835 vasa

1998 3877 2115 3946 ejus
2137 3878 2346 3946 direpta
2376 3885 2522 3938 sunt,
2567 3873 2740 3929 eﬁ‘ecti
2788 3890 2973 3929 smnus
3010 3874 3259 3928 civitates
3305 3872 3492 3934 Israel,
3522 3881 3577 3924 et

2000 3967 2287 4023 luereditas
2315 3974 2644 4021 sanctorum.
2677 3965 2735 4019 Si
2777 3974 2956 4019 tamen
3008 3965 3223 4033 penitus
3270 3963 3452 4017 excisa
3494 3970 3579 4016 cst

2000 4062 2055 4115 in
2093 4059 2249 4114 nobis
2272 4065 2512 4128 potestas
2539 4057 2650 4121 illa,
2676 4072 2794 4126 qua:
2819 4056 2971 4126 prius
2992 4054 3370 4111 dominabatur
3399 4054 3452 4106 iu
3480 4068 3578 4107 no-

1998 4153 2103 4218 bis,
2136 4159 2191 4206 et
2218 4150 2398 4205 excisa
2425 4156 2508 4204 est
2542 4148 2704 4203 arbor
2744 4145 3099 4208 infructuosa,
3129 4154 3186 4199 ct
3232 4143 3467 4209 (It-jectus
3497 4151 3581 4194 cst

2002 4258 2095 4296 rex
2127 4241 2321 4304 elatus,
2349 4247 2404 4293 et
2431 4253 2616 4293 sumus
2645 4239 2743 4291 sub
2767 4252 2832 4290 eo
2859 4251 3004 4306 rege,
3030 4236 3119 4303 qui
3166 4234 3293 4288 dicit
3318 4248 3332 4284 :
3384 4232 3579 4285 Discite

1999 4350 2031 4385 a
2063 4349 2163 4395 me,
2202 4331 2325 4400 quia
2352 4329 2491 4382 mitis
2518 4343 2635 4380 sum
2654 4335 2700 4378 et
2728 4324 2940 4379 humilis
2965 4324 3119 4377 corde
3146 4322 3370 4393 (Matth.
3388 4320 3484 4389 XI).
3514 4321 3579 4373 Et

1998 4420 2268 4489 posthaec
2311 4416 2581 4486 sigillatim
2611 4412 2725 4482 jam
2773 4414 3019 4468 civitates
3051 4412 3266 4480 superbi
3316 4420 3371 4465 ct
3417 4410 3581 4465 infru-

1997 4508 2174 4564 ctuosi
2200 4507 2343 4575 regis
2365 4512 2664 4567 enumerat,
2692 4512 2748 4558 et
2768 4503 2926 4558 dicit:
2946 4502 3011 4556 In
3046 4501 3286 4555 Ilesebon
3307 4511 3354 4555 et
3388 4502 3440 4555 iu
3468 4516 3514 4554 ot
3534 4516 3581 4551 :-

1996 4600 2146 4655 uibus
2176 4598 2412 4667 finitim's
2433 4597 2568 4666 ejus.
2622 4595 2759 4663 Quid
2805 4605 2891 4650 est
2938 4596 3040 4650 hoc
3064 4595 3204 4664 quod
3249 4594 3577 4665 praecipuam

1996 4692 2185 4745 urbem
2202 4690 2268 4744 de
2291 4704 2454 4757 regno
2467 4687 2609 4743 Seon
2625 4687 2921 4742 nominavit
2937 4686 3183 4741 Heschon
3197 4686 3220 4739 ?
3232 4685 3479 4741 llesebon
3499 4686 3580 4738 in-

1998 4788 2324 4852 terpretatur
2334 4781 2687 4850 cogitationes.
2702 4779 2889 4833 Merito
2903 4793 3031 4848 ergo
3044 4792 3171 4847 pars
3185 4776 3418 4831 maxima
3432 4775 3584 4844 γῳιή

1997 4870 2266 4934 diabolici,
2295 4879 2349 4924 et
2376 4877 2615 4938 potestas
2642 4868 2763 4938 ejus
2801 4867 3053 4936 plurima,
3082 4867 3134 4920 in
3168 4866 3583 4936 cogitationibus

1997 4973 2208 5036 regnat.
2243 4962 2335 5017 Sic
2363 4960 2507 5016 enim
2547 4960 2681 5014 dixit
2711 4969 2765 5014 et
2813 4960 3110 5013 Dominus:
3162 4956 3299 5024 Quia
3339 4958 3403 5011 de
3428 4956 3583 5010 corde

1995 5055 2283 5127 procedunt
2340 5053 2675 5123 cogitationes
2722 5050 2899 5117 Iillllil’,
2948 5048 3252 5114 homicidia,
3300 5046 3580 5103 adulteria,

1998 5147 2161 5218 furta,
2194 5145 2334 5216 falsa
2362 5138 2682 5206 testimonia,
2713 5143 3044 5213 blasphemia:
3067 5157 3085 5194 .‘
3115 5151 3162 5195 et
3178 5143 3278 5195 ista
3309 5148 3583 5205 suumque?

1997 5237 2273 5306 inquinant
2319 5231 2579 5288 hominem
2614 5232 2829 5304 (Matth.
2870 5231 2945 5303 v).
3002 5232 3069 5286 Et
3117 5232 3238 5285 ideo
3279 5224 3585 5283 necessaria

2003 5322 2309 5381 incenditur
2339 5326 2440 5380 ista
2469 5326 2661 5379 civitas
2691 5332 2747 5379 et
2797 5324 2904 5393 igni
2951 5323 3217 5378 exuritur.
3267 5317 3382 5383 Quo
3431 5314 3586 5405 vigui?

2004 5421 2097 5475 illo
2124 5418 2367 5490 profecto
2395 5435 2502 5488 quo
2528 5418 2658 5472 dicit
2682 5416 2929 5471 Salvator
2955 5434 2967 5470 :
3020 5415 3200 5484 Ignem
3242 5409 3352 5464 veni
3386 5408 3587 5465 mittere

2004 5510 2059 5564 in
2101 5518 2322 5573 terram,
2372 5517 2420 5561 et
2460 5523 2617 5577 quam
2666 5504 2803 5569 volo,
2852 5514 2906 5557 ut
2937 5502 3254 5558 accendatur
3283 5495 3435 5551 lLuc.
3461 5494 3584 5567 xu).

1952 5662 1959 5669 ο
2007 5597 2135 5651 Post
2162 5610 2333 5666 pauca
2367 5604 2547 5649 autem
2579 5593 2903 5669 rcl‘erturﬁe
2926 5589 3163 5645 civitate.

2078 5684 2283 5739 Idcirco
2314 5682 2508 5737 dicitur
2528 5681 2582 5735 in
2602 5679 2867 5751 proverbio
2889 5694 2907 5731 :
2942 5674 3119 5730 Venite
3150 5676 3203 5729 in
3233 5671 3491 5741 Hcscoon,
3531 5682 3603 5733 ut-
