3932 6188
461 278 563 335 725

1099 268 1160 326 B.
1200 267 1456 325 RABANI
1495 267 1714 325 MAURI
1750 264 2069 321 ARClllEP.
2114 260 2422 319 MOGUNT.
2461 262 2750 319 OPERUM
2788 260 2970 319 PARS
3000 259 3040 315 1.
3574 274 3664 334 ’ᾔει
3731 332 3739 345 ⁹

459 394 748 464 a-diﬁcetur
765 398 813 444 et
852 390 1400 454 construatur‘civitas
1430 387 1587 443 Seon.
1635 388 1781 459 Ignis
1807 405 2042 458 egressus
2071 388 2122 448 Α
2147 386 2286 455 Quid
2310 388 2552 443 eradicat
2572 389 2625 443 in
2655 404 2718 444 ea
2738 389 2763 442 ?
2787 386 3152 460 Cogitationes
3170 391 3355 462 impias
3375 404 3423 449 et
3449 396 3659 468 impurus

390 526 393 529 μ
458 496 533 541 est
562 485 627 539 de
655 481 920 546 Hesebon,
948 481 1165 551 ﬂamma
1191 479 1254 534 de
1276 479 1464 548 oppido
1503 479 1663 544 Seon,
1704 489 1753 537 et
1781 480 2043 535 devoravit

458 580 536 631 Ar
583 574 957 637 Moabitarum,
1005 581 1054 625 et
1107 571 1421 625 habitatores
1468 570 1788 625 excelsorum
1840 572 2042 624 Arnon.

462 667 688 736 Propter
715 665 843 728 hoc,
884 662 1081 732 inquit,
1112 662 1294 717 dicent
1322 663 1736 733 aenigmatista:
1782 661 1961 715 Venite
1988 661 2044 715 in

463 756 727 820 llesebon,
772 765 827 807 ut
872 752 1166 821 (ediﬁcetur
1192 763 1241 806 et
1286 764 1627 807 construatur
1670 753 1851 807 civitas
1884 751 2040 817 Seon,

458 850 705 919 quoniam
731 849 866 917 ignis
890 848 1140 917 processit
1164 847 1229 899 de
1265 847 1522 910 Hesebon,
1554 856 1601 901 et
1631 849 1845 917 ﬂamma
1888 847 1952 901 de
1975 848 2046 901 ci—

461 941 616 994 ritate
662 936 824 1001 Seon,
868 945 916 989 et
967 935 1232 990 devoravit
1264 938 1339 989 Ar
1365 935 1741 990 Moabitarum.
1791 935 1954 999 Scou,
1986 943 2046 991 ut

462 1032 714 1094 diximus,
744 1037 862 1083 erat
907 1043 1024 1093 rex,
1061 1027 1214 1097 cujus
1243 1038 1362 1082 erat
1388 1029 1580 1083 civitas
1630 1029 1898 1082 llcsebon.
1953 1028 2045 1081 Sic

460 1138 587 1193 ergo
614 1120 990 1191 intelligendus
1040 1128 1123 1175 est
1171 1120 1305 1176 ordo
1331 1121 1637 1185 verborum,
1685 1121 1810 1190 quia
1857 1121 2044 1174 dicunt

460 1216 547 1270 isti
573 1214 981 1285 :nnigmatistte:
1028 1211 1225 1279 Venite,
1276 1222 1331 1266 ut
1373 1212 1662 1280 wdiﬁcetur
1686 1221 1734 1266 et
1774 1222 2044 1266 construa-

458 1315 548 1359 tur
592 1303 853 1369 Ilesebon,
883 1318 1004 1373 quae
1031 1302 1132 1357 fuit
1163 1302 1345 1356 civitas
1379 1301 1536 1356 Seon.
1569 1301 1674 1356 Sed
1703 1306 2043 1372 requiramus

456 1413 603 1452 nunc
655 1396 747 1467 qui
799 1404 926 1451 sunt
973 1396 1059 1450 isti
1105 1394 1497 1472 aenigmatista);
1550 1392 1798 1463 Enigma
1845 1393 2044 1448 dicitur

457 1501 636 1541 sermo
684 1486 965 1556 ﬁguratus.
1027 1485 1423 1557 IEnigmatisue
1473 1500 1602 1555 ergo
1645 1485 1919 1548 dicuntur,
1950 1484 2040 1554 qui

457 1576 753 1648 ﬁguraliter
776 1577 1086 1647 loquuntur.
1119 1578 1188 1633 Et
1212 1578 1334 1647 quis
1361 1583 1444 1631 est
1468 1576 1623 1640 alius,
1648 1576 1739 1646 qui
1763 1577 1816 1630 in
1858 1575 2043 1647 ﬁguris

456 1667 667 1722 locutus
715 1668 804 1731 sit,
838 1668 941 1722 nisi
985 1666 1074 1722 lex
1097 1674 1151 1721 et
1194 1667 1517 1736 prophetae?
1541 1666 1680 1720 Audi
1710 1667 1878 1731 enim,
1908 1682 2043 1738 quo-

456 1757 618 1812 modo
653 1757 822 1811 David
849 1757 1018 1811 dicit:
1073 1757 1320 1827 Aperiunt
1353 1758 1410 1811 in
1462 1756 1714 1829 parabole
1751 1774 1808 1811 os
1846 1774 2038 1822 meum,
2073 1737 2117 1796 Β

454 1847 644 1919 loquar
668 1848 1045 1918 propositiones
1094 1847 1158 1902 ab
1208 1849 1357 1903 initio
1401 1846 1573 1921 (Psal.
1610 1847 1822 1920 xcvm).
1857 1847 1962 1903 Sed
1991 1856 2046 1902 et

454 1939 640 2002 lsaias,
671 1940 796 2009 quia
834 1940 1121 2008 aenigmata
1169 1939 1277 1994 sint
1316 1955 1437 2009 qua:
1472 1940 1714 2009 scripsit,
1738 1939 1841 1994 hoc
1885 1939 2046 1995 modo

454 2030 713 2085 declarat.
771 2030 964 2097 Erunt,
997 2032 1190 2101 inquit,
1218 2031 1371 2084 verba
1414 2030 1558 2096 libri,
1586 2033 1721 2085 sicut
1750 2038 1901 2085 verba
1926 2031 2048 2083 libri

451 2121 644 2190 signati
668 2135 686 2172 :
714 2137 864 2192 quem
893 2121 938 2174 si
967 2120 1201 2174 dederint
1229 2120 1283 2174 in
1311 2137 1498 2174 manus
1526 2121 1750 2175 hominis
1774 2120 2047 2174 nescientis

454 2209 656 2264 litteras
678 2219 725 2264 et
756 2211 983 2265 dixerint
1009 2213 1077 2275 ei,
1113 2209 1269 2283 Lege,
1316 2211 1473 2277 dicet,
1510 2209 1635 2265 Non
1679 2212 1796 2265 novi
1818 2210 2043 2265 litteras.

455 2297 514 2352 Si
538 2309 713 2354 autem
741 2300 979 2356 dederint
1014 2302 1199 2356 scienti
1236 2301 1463 2367 litteras,
1491 2302 1646 2366 dicet,
1683 2300 2045 2373 Nonpossum

454 2390 641 2461 legere,
673 2393 912 2463 signatus
960 2402 1037 2448 est
1070 2395 1208 2448 enim
1246 2393 1383 2465 (Isa.
1431 2392 1604 2465 xxix).
1654 2392 1913 2463 Signatus
1945 2410 2045 2447 au-

456 2487 564 2535 tem
590 2481 794 2537 dicitur
820 2482 979 2549 liber,
1007 2498 1073 2538 eo
1117 2485 1260 2553 quod
1289 2483 1478 2552 ﬁguris
1518 2483 1808 2554 perplexas
1860 2492 1963 2547 est,
1992 2492 2047 2538 et

452 2573 830 2644 atuigmatibus
882 2573 1171 2629 involutus.
1229 2574 1427 2629 Dicunt
1481 2590 1611 2646 ergo
1666 2575 1753 2629 isti
1792 2575 2045 2646 aenigma-

454 2664 594 2720 tista;
617 2680 633 2720 :
675 2665 853 2723 Venite
876 2668 931 2721 in
954 2666 1212 2734 Hesebon,
1238 2676 1292 2721 ut
1312 2668 1619 2738 mdiﬁcetur.
1644 2668 1852 2724 Cecidit
1870 2669 2043 2740 prima

453 2755 545 2811 illa
581 2749 852 2824 ll'esebon,
880 2741 1007 2814 'imo
1041 2760 1301 2816 subversa
1339 2769 1424 2816 est
1447 2768 1503 2815 et
1536 2761 1777 2827 incensa,
1816 2761 2045 2817 reaediﬁ-

453 2852 629 2904 cauda
674 2857 760 2906 est
802 2850 931 2906 alia.
982 2850 1088 2906 Sed
1126 2852 1398 2922 quomodo
1450 2854 1554 2908 hoc
1601 2853 1715 2918 ﬁat,
1767 2862 2044 2923 assumpto

452 2939 805 2997 ostendamus
834 2942 1099 3012 exemplo.
1133 2941 1239 2999 Sed
1274 2943 1556 2999 videamus
1584 2943 1838 3015 gentilem
1870 2944 1925 2999 in
1951 2946 2043 3001 de—

453 3032 652 3087 decore
697 3032 824 3087 vita:
865 3034 1126 3103 positum,
1171 3049 1237 3089 ac
1263 3033 1540 3106 religionis
1564 3049 1774 3100 errore,
1811 3051 1919 3089 non
1943 3035 2042 3089 du-

453 3122 596 3178 bites
629 3124 695 3179 de
721 3139 786 3179 eo
812 3092 1014 3190 dicere,
1041 3126 1186 3194 quod
1220 3125 1292 3181 sit
1328 3092 1444 3180 hmo
1489 3124 1740 3181 Hesebon
1762 3092 1961 3180 civitas
1986 3125 2039 3178 in
2068 3092 2112 3154 Ο

455 3227 623 3282 regno
657 3214 801 3282 regis
849 3212 1015 3269 Seou.
1066 3214 1279 3285 Regnat
1331 3216 1476 3269 enim
1523 3215 1577 3269 in
1621 3215 2043 3285 cogitationibus

452 3303 593 3373 ejus,
622 3319 717 3358 rex
748 3303 1119 3359 infructuosus
1142 3313 1198 3359 et
1225 3304 1422 3360 elatus.
1459 3304 1540 3359 Ad
1586 3306 1751 3370 hunc,
1799 3306 1844 3360 si
1887 3321 2044 3360 acce-

455 3392 550 3447 dat
580 3393 762 3457 lsrael,
802 3394 906 3449 boc
943 3401 1047 3458 est,
1078 3393 1338 3449 Ecclesia:
1367 3393 1533 3461 ﬁlius,
1566 3402 1622 3450 et
1663 3394 1918 3451 adhibeat
1952 3395 2039 3466 ja-

456 3483 577 3539 eula
623 3484 773 3539 verbi
805 3483 919 3548 Dei,
973 3491 1030 3539 et
1076 3484 1362 3555 distringat
1411 3494 1600 3540 contra
1628 3501 1750 3541 eum
1805 3485 2040 3557 gladium

458 3576 698 3647 spiritus,
722 3585 779 3633 et
820 3579 1065 3633 destruat
1088 3579 1142 3633 in
1185 3592 1253 3634 eo
1275 3594 1467 3635 omnes
1515 3580 1846 3636 munitiones
1870 3581 2043 3651 genti-

455 3669 591 3724 lium
637 3670 972 3741 dogmatum,
1018 3679 1072 3725 et
1103 3670 1361 3728 elationes
1413 3683 1858 3742 argumentorum
1902 3674 2039 3744 ejus,

455 3758 581 3830 igne
613 3761 858 3816 veritatis
906 3775 1119 3826 exurat,
1151 3760 1315 3815 dicito
1339 3761 1407 3816 de
1452 3762 1578 3828 hoc,
1607 3763 1733 3832 quia
1784 3764 2041 3818 subversa

455 3859 541 3907 est
564 3850 813 3907 Hesebon
839 3850 1031 3907 civitas
1079 3851 1242 3906 Seon.
1277 3849 1384 3906 Sed
1421 3867 1528 3906 non
1568 3853 1831 3909 continuo
1860 3855 2043 3909 deser-

457 3954 545 3998 tus
570 3952 626 3997 et
668 3943 960 3998 destitutus
1006 3943 1337 4012 relinquitur
1382 3944 1485 4000 iste
1522 3946 1577 3998 in
1624 3960 1733 4015 quo
1783 3946 2040 4001 subversa

455 4041 583 4089 sunt
628 4032 906 4103 gentilium
941 4033 1213 4103 dogmata.
1264 4031 1380 4087 Non
1434 4034 1577 4088 enim
1624 4033 1907 4104 disciplina
1960 4043 2044 4090 est

457 4124 582 4180 ﬁliis
612 4122 777 4179 Israel
796 4122 1100 4178 destructas
1143 4122 1469 4193 relinquere,
1495 4139 1632 4193 quas
1661 4125 2044 4180 destruxcrunt

455 4215 728 4280 civitates,
757 4214 855 4270 sed
880 4229 1004 4269 cum
1052 4213 1365 4269 subrueriut
1410 4221 1465 4269 et
1497 4214 1789 4269 everterint
1842 4214 1896 4268 in
1939 4215 2041 4270 bo-

456 4308 603 4363 mine
645 4307 818 4362 malas
842 4306 1196 4378 cogitationes
1243 4313 1299 4360 et
1341 4306 1535 4376 impios
1565 4321 1777 4370 sensus,
1812 4307 2040 4362 reaediﬁ-

458 4407 587 4455 cant
609 4415 800 4455 rursus
825 4399 880 4453 in
921 4399 1086 4454 corde
1108 4398 1246 4469 ejus,
1269 4413 1432 4467 quam
1460 4398 1844 4454 destruxcrant
1867 4398 2038 4453 bonas

457 4489 837 4559 cogitationes,
861 4488 980 4558 pios
1020 4502 1234 4551 sensus,
1281 4488 1580 4543 doctrinam
1609 4490 1855 4544 veritatis
1895 4490 2038 4544 iuse-

460 4585 602 4641 rent,
629 4579 905 4648 religionis
934 4579 1096 4632 ritum
1129 4579 1363 4641 tradent,
1410 4579 1653 4634 ordinem
1700 4579 1916 4634 vivendi
1945 4580 2039 4633 do—

458 4671 673 4735 cebunt,
726 4661 1062 4727 honestatem
1118 4686 1352 4737 morum,
1407 4672 1805 4727 observantiam
1855 4672 2039 4726 statim

458 4765 853 4829 monstrabunt,
890 4775 944 4820 et
977 4774 1105 4822 tunc
1138 4781 1265 4822 vere
1294 4767 1491 4822 dicent
1538 4766 1625 4821 isti
1670 4767 2041 4839 aenigmatista:

460 4857 529 4911 ad
556 4858 872 4926 semetipsos
911 4859 1179 4913 invicem:
1213 4857 1404 4914 Venite
1444 4866 1499 4914 et
1528 4859 1854 4915 aediﬁcemus
1877 4860 2042 4916 llese—

460 4950 591 5014 bon,
622 4965 741 5019 quae
770 4948 871 5004 fuit
907 4951 1098 5005 civitas
1149 4949 1311 5005 Seon.
1359 4950 1429 5005 Et
1474 4950 1574 5020 ipsi
1617 4950 1783 5020 enim,
1817 4952 1919 5006 hoc
1958 4960 2041 5007 est

462 5042 721 5099 Ecclesiae
762 5041 879 5106 ﬁlii,
906 5043 1033 5112 quia
1066 5041 1265 5111 ﬁguras
1304 5041 1436 5111 legis
1483 5018 1537 5095 et
1568 5018 1852 5110 aenigmata
1882 5041 2040 5110 spiri-

464 5134 646 5189 taliter
694 5132 1041 5203 intelligunt,
1101 5133 1473 5203 aenigmatista:
1525 5130 1879 5201 appellantur.
1928 5132 2043 5187 Hoc

462 5235 567 5291 est,
593 5227 737 5297 quod
762 5233 816 5282 et
846 5221 1109 5279 ieremias
1153 5224 1381 5295 ﬁgurato
1410 5222 1760 5278 nihilominus
1790 5238 2042 5278 sermone

465 5316 732 5387 designat,
756 5315 851 5371 ubi
882 5314 947 5369 ad
978 5328 1100 5369 eum
1130 5314 1327 5369 dicitur
1364 5329 1393 5366 a
1429 5312 1694 5367 Domino:
1742 5312 1875 5366 Ecce
1923 5312 2043 5367 dedi

463 5407 616 5460 verba
655 5422 768 5462 men
808 5405 863 5460 in
901 5421 990 5459 ore
1030 5414 1141 5469 tuo,
1187 5419 1300 5456 ecce
1329 5401 1574 5456 consti'ui
1618 5412 1667 5455 te
1710 5401 1865 5455 hodie
1891 5419 2046 5473 super

465 5506 694 5564 genteset
724 5512 904 5566 regna,
931 5494 1200 5548 eradicare
1234 5504 1279 5547 et
1317 5493 1626 5553 subvertere,
1659 5501 1705 5546 et
1725 5492 2045 5560 rea'diﬁcare

468 5596 516 5637 et
537 5586 832 5653 replautare
862 5585 1078 5655 (Jercm.
1102 5583 1349 5652 t)..Qui.l
1377 5584 1620 5639 eradicat
1646 5592 1701 5638 et
1746 5583 1876 5653 quid
1913 5582 2042 5635 sub~

473 5675 981 5729 \ct'tit?t‘.ivitatcm
1039 5678 1302 5734 lieselmn.
1355 5692 1481 5744 quur
1520 5685 1634 5729 erat
1684 5675 1823 5742 regis
1877 5674 2049 5727 Scou.

2143 477 2282 544 Quid
2317 477 2611 534 remdiﬁcat
2640 479 2694 532 in
2723 494 2809 542 ea,
2841 487 2894 532 et
2933 479 3061 549 quid
3086 479 3378 549 replantat?
3422 483 3668 557 Cogitatio.

2144 587 2241 625 nes
2262 571 2378 640 pias
2396 580 2451 626 et
2471 580 2667 626 castas.
2698 570 2768 627 Ut
2794 570 3059 627 elliciatur
3086 570 3321 627 llesebon
3343 575 3514 631 civitas
3533 578 3667 646 Scon,

2145 678 2252 717 non
2276 661 2734 725 Amorrhzeorum,
2770 664 2864 718 sed
2913 663 3146 718 ﬁliorum
3177 663 3353 719 Israel.
3405 667 3570 734 Moab,
3595 674 3668 741 qui

2144 755 2531 824 interpretatur
2556 756 2622 808 de
2661 765 2808 825 patre
2828 755 2941 810 sive
2967 772 3106 825 aqua
3135 764 3367 824 paterna,
3392 757 3451 813 de
3497 760 3667 817 incesto

2144 856 2200 903 et
2246 847 2513 902 ebrietate
2566 856 2884 916 conceptus,
2930 854 2987 900 et
3035 846 3420 915 quodammodo
3468 850 3673 919 a'sente,

2145 937 2255 991 imo
2286 936 2562 990 nesciente
2603 945 2759 1005 patre
2804 935 3020 989 videtur
3046 950 3166 990 esse
3207 946 3495 1007 generatus,
3540 956 3675 995 sacu-

2143 1027 2315 1082 larem
2351 1028 2674 1099 sapientiam
2710 1027 3000 1098 signiﬁcat,
3033 1043 3155 1097 quae
3191 1034 3453 1083 auctorem
3481 1030 3552 1084 sui
3577 1047 3676 1085 seu-

2145 1135 2262 1174 squ
2286 1118 2466 1173 habet.
2500 1119 2563 1172 Et
2589 1118 2715 1188 quia
2740 1134 2804 1172 ex
2852 1118 2943 1173 Dei
2977 1118 3282 1172 conditione
3309 1128 3585 1190 generatur,
3610 1122 3679 1175 vi-

2144 1211 2301 1265 detur
2346 1210 2563 1279 quidem
2606 1210 2673 1263 de
2722 1217 2878 1278 patre
2929 1209 3098 1272 nasci,
3147 1209 3289 1278 quod
3342 1210 3678 1280 interpretatur

2145 1301 2323 1356 Moab.
2354 1300 2461 1355 Sed
2491 1301 2618 1371 quia
2669 1300 2880 1356 adulter
2912 1307 3016 1365 est,
3061 1309 3118 1355 et
3161 1301 3487 1357 adversarius
3530 1302 3679 1372 populi

2146 1401 2241 1455 Dei
2270 1401 2337 1455 de
2357 1400 2564 1455 incesto
2586 1415 2649 1454 ac
2679 1398 2933 1468 spelunca
2965 1413 3032 1452 ac
3054 1405 3213 1452 nocte
3236 1405 3524 1468 generatur.
3556 1397 3681 1452 Unde

2143 1492 2437 1548 secundum
2449 1490 2600 1546 Isaiae
2617 1490 2976 1560 prophetiam,
2996 1489 3051 1543 in
3074 1495 3231 1543 nocte
3252 1488 3424 1556 periit,
3440 1487 3487 1540 in
3508 1502 3679 1549 errore,

2145 1582 2353 1638 scilicet
2402 1580 2751 1651 sempiterno.
2801 1579 2871 1633 At
2920 1592 3135 1649 quoque
3185 1577 3312 1631 urbs
3350 1576 3677 1637 Moabitarum,

2144 1692 2265 1746 qua:
2310 1674 2698 1744 interpretatur
2746 1670 3039 1730 antidicus,
3094 1669 3147 1723 id
3200 1675 3302 1733 est,
3353 1667 3673 1727 adversarius,

2146 1770 2252 1823 hoc
2292 1767 2547 1830 ostendit,
2597 1764 2738 1834 quod
2771 1764 2888 1818 haec
2924 1761 3208 1831 sapientia,
3256 1775 3373 1831 qua:
3416 1759 3681 1813 adversaria

2146 1859 2241 1914 Dei
2263 1866 2369 1923 est,
2395 1855 2768 1912 ecclesiastico
2806 1866 3055 1908 sermone
3100 1858 3290 1905 contra
3336 1864 3391 1903 se
3430 1855 3680 1918 pugnante,

2144 1950 2393 2005 veritatis
2438 1949 2563 2019 igne
2599 1943 2959 2008 consumitur,
3005 1956 3035 1994 a
3067 1955 3174 2010 quo
3204 1946 3261 1993 et
3286 1938 3591 1992 habitatores
3611 1950 3684 1989 ex-

2143 2042 2414 2097 celsorum
2436 2040 2622 2094 Arnon
2660 2037 3007 2092 devorautur.
3039 2032 3224 2086 Arnen
3263 2028 3420 2090 enim,
3451 2036 3506 2081 ut
3529 2040 3683 2096 supra-

2146 2132 2351 2187 dictum
2384 2137 2487 2192 est,
2517 2125 2827 2182 maledictio
2852 2123 2967 2179 sive
2992 2119 3316 2176 illuminatio
3349 2131 3525 2172 eorum
3550 2116 3683 2168 inter-

2143 2231 2416 2293 pretatur,
2442 2220 2569 2290 quia
2591 2232 2781 2273 omnes
2803 2215 2896 2287 qui
2925 2213 3204 2270 conﬁdunt
3229 2211 3286 2265 in
3310 2208 3448 2263 fastu
3475 2207 3688 2275 eloqueno

2146 2316 2236 2370 tia:
2277 2322 2334 2369 et
2383 2311 2664 2383 sapientiae
2710 2309 2981 2369 humanae,
3034 2320 3155 2375 quze
3205 2302 3333 2356 ﬁliis
3387 2301 3688 2355 tenebrarum

2146 2403 2324 2458 lucida
2355 2416 2477 2456 esse
2507 2401 2741 2463 videtur,
2773 2402 3051 2458 corruunt,
3093 2390 3495 2463 prtecipitantur
3514 2394 3562 2440 et
3584 2399 3688 2438 con.

2145 2502 2454 2551 sumuntur.

2227 2585 2318 2640 Va:
2345 2584 2458 2648 tibi,
2490 2581 2679 2647 Moab;
2708 2580 2911 2652 peristi,
2935 2576 3122 2648 popule
3137 2575 3384 2630 Chamos.
3413 2572 3554 2626 Dedit
3578 2568 3690 2637 ﬁlios

2145 2677 2259 2747 ejus
2286 2677 2341 2729 in
2368 2675 2569 2744 fugam,
2597 2681 2644 2725 et
2674 2669 2814 2740 ﬁlias
2835 2670 2889 2722 in
2912 2667 3267 2736 captivitatem
3298 2663 3401 2732 regi
3435 2658 3691 2715 Amorrlur—

2146 2784 2294 2822 orum
2326 2766 2486 2821 Seon.
2517 2764 2715 2834 Iugum
2745 2763 2979 2832 ipsorum
3005 2758 3245 2829 disperiit
3285 2756 3349 2810 ab
3377 2753 3592 2808 Hesebon
3615 2766 3689 2802 us-

2145 2873 2244 2928 que
2272 2855 2461 2909 Dibon.
2490 2851 2640 2905 Lassi
2668 2859 3009 2921 pervenerunt
3037 2848 3091 2900 in
3122 2845 3268 2916 Nofe
3296 2859 3451 2915 usque
3481 2838 3688 2896 Medaba.

2145 2946 2382 3001 Cbamos
2426 2945 2819 3011 interpretatur
2866 2954 3210 3010 congregans,
3258 2937 3340 2991 vel
3387 2934 3528 3004 quasi
3563 2939 3692 2983 attre-

2144 3038 2321 3090 ctutio.
2360 3036 2533 3092 Dibon
2572 3032 2905 3087 abundanter
2947 3028 3243 3099 intelligens
3274 3026 3585 3082 tentationeut
3603 3020 3695 3074 sive

2144 3130 2320 3195 ﬂuxus
2359 3144 2559 3181 eorum.
2597 3126 2729 3181 Nofe
2759 3125 2975 3196 sufﬂans
2999 3121 3081 3177 vel
3107 3121 3339 3191 spirans.
3386 3118 3451 3172 Et
3476 3112 3683 3171 Medaba,

2143 3220 2208 3272 de
2232 3218 2391 3272 saltu.
2443 3219 2534 3272 Vat
2580 3217 2799 3287 quidem
2828 3214 2933 3269 illis
2962 3220 3065 3276 est,
3096 3211 3187 3281 qui
3217 3212 3274 3265 in
3303 3205 3520 3279 spiritali
3564 3200 3694 3257 Moab

2142 3309 2499 3371 conﬁdentes,
2552 3313 2882 3376 congregant
2923 3303 3024 3358 sibi
3080 3302 3369 3360 thesauros
3422 3291 3688 3364 sapientiae.

2143 3416 2263 3475 qua:
2304 3399 2523 3454 inimica
2553 3405 2638 3452 est
2681 3397 2812 3461 Deo,
2844 3404 2899 3450 et
2931 3410 2991 3450 se
3027 3393 3250 3463 erigunt
3284 3407 3380 3461 per
3427 3383 3692 3457 superbiam

2142 3503 2331 3549 contra
2374 3491 2672 3561 potentiam
2722 3489 2837 3543 Dei.
2890 3486 3128 3554 Quorum
3170 3494 3354 3538 tamen
3385 3497 3487 3535 uo:
3526 3488 3696 3547 prtcva-

2142 3586 2276 3642 lebit
2302 3585 2548 3649 audacia,
2580 3584 2673 3639 sed
2702 3583 2755 3636 in
2791 3582 3021 3653 ﬁguram
3045 3586 3312 3639 vertetur,
3335 3584 3389 3630 ct
3415 3570 3630 3628 tradetur
3650 3565 3692 3617 iu

2144 3677 2515 3747 captivitatem
2548 3672 2662 3745 regi
2688 3671 3013 3742 spiritalium
3045 3666 3501 3722 Amorrbmorum.
3529 3657 3696 3747 lugent

2142 3742 2375 3838 ips-orum
2412 3766 2549 3820 enim
2594 3742 2838 3833 disperiet
2892 3762 2956 3815 ab
2997 3758 3235 3813 llesebon
3272 3772 3432 3827 usque
3458 3742 3695 3838 Dibon,_itl

2143 3836 2246 3922 est,
2281 3875 2311 3912 a
2348 3857 2527 3911 radice
2547 3853 2889 3926 cogitationis
2916 3863 3087 3921 usque
3116 3848 3182 3903 ad
3210 3845 3372 3918 proﬁt
3412 3843 3615 3899 ditatem
3635 3836 3699 3888 iu-
3743 3878 3747 3883 .

2142 3951 2391 4006 tellectus
2415 3947 2614 4004 deﬁuet
2637 3947 2867 4003 scientia
2894 3945 3131 4000 illorum.
3174 3942 3442 4011 Lassique
3462 3934 3697 3992 suﬁlantcs

2145 4042 2438 4096 vanitatem
2470 4040 2775 4100 verborum,
2807 4052 2870 4092 ac
2913 4035 3182 4105 spirantes
3225 4031 3469 4085 fmtidum
3506 4023 3697 4080 odorem

2144 4146 2335 4188 sensus
2358 4129 2583 4201 putritli,
2617 4129 2670 4183 in
2704 4127 2898 4182 saltum
2930 4123 3223 4179 infertilem
3259 4118 3584 4192 pervenient,
3624 4107 3695 4162 ubi

2146 4239 2250 4278 nou
2294 4228 2422 4275 sunt
2455 4219 2680 4273 arbores
2711 4216 3023 4277 fructuosze,
3077 4213 3170 4267 sed
3232 4213 3287 4265 in
3337 4224 3444 4279 quo
3490 4202 3699 4259 habitent

2143 4313 2367 4368 lzestite:
2400 4317 2589 4364 contra
2619 4323 2754 4378 quas
2780 4306 3051 4375 Propheta
3095 4303 3387 4357 Dominum
3419 4300 3699 4367 deprecatur

2145 4403 2330 4457 dicens
2357 4419 2368 4453 :
2398 4397 2479 4453 Ne
2508 4397 2711 4462 tradas,
2755 4396 2993 4461 Domine,
3024 4394 3200 4449 bestiis
3233 4394 3441 4447 animas
3478 4384 3695 4450 conﬁten-

2140 4497 2273 4550 tium
2304 4494 2395 4547 tibi
2426 4491 2598 4564 (Psal.
2624 4490 2838 4561 LXXIII).

2216 4584 2484 4639 Habitavit
2513 4592 2686 4638 autem
2715 4581 2880 4636 Israel
2902 4583 2957 4635 in
2980 4590 3118 4635 terra
3144 4579 3470 4641 Amorrha'i;
3493 4570 3699 4635 misitque

2145 4678 2374 4748 Moyses,
2422 4677 2511 4747 qui
2557 4675 2885 4746 explorarent
2932 4673 3130 4736 Jazer,
3183 4672 3338 4741 cujus
3381 4672 3606 4738 ceperuu’
3641 4657 3700 4711 τί-

2143 4766 2310 4831 culos,
2339 4776 2386 4820 et
2415 4765 2753 4837 possederunt
2787 4763 3126 4817 habitatores.
3159 4760 3325 4823 Misit,
3358 4755 3546 4826 inquit,
3579 4748 3699 4816 M0)"—

2140 4873 2229 4912 scs
2258 4857 2494 4921 nuntios,
2526 4857 2616 4926 qui
2661 4854 3005 4925 explorarent
3049 4852 3227 4916 Jazer,
3260 4850 3416 4919 cujus
3453 4844 3700 4914 cmperuﬂl

2140 4945 2369 5009 viculos,
2417 4956 2469 4998 et
2517 4925 2874 5015 possederunt
2910 4943 3262 4998 habitatores.
3313 4937 3415 5004 Qui
3469 4940 3588 4989 sunt
3629 4925 3689 4981 illi

2141 5033 2341 5099 nuntii,
2365 5049 2501 5103 quos
2524 5032 2754 5104 Moyses,
2792 5032 2846 5087 id
2893 5039 2977 5087 est
3004 5032 3091 5085 lex
3120 5028 3287 5092 misit,
3338 5025 3440 5080 nisi
3469 5018 3699 5092 praedica-

2140 5134 2289 5179 tores
2315 5125 2531 5179 sancti?
2556 5133 2617 5178 ut
2640 5124 2888 5178 videlicet
2912 5121 3258 5191 explorarent
3299 5118 3478 5180 Jazer,
3499 5126 3609 5183 qua:
3633 5107 3699 5161 iu-

2144 5222 2476 5284 terpretatur
2519 5214 2773 5284 fortitudo
2806 5229 3006 5277 eorum,
3057 5212 3161 5266 hoc
3206 5219 3290 5265 est
3328 5209 3398 5263 ad
3436 5200 3695 5260 fortissima

2142 5319 2372 5374 quicque
2392 5304 2641 5374 dogmata
2666 5304 3043 5359 haereticorum
3073 5311 3127 5358 et
3153 5300 3432 5356 dialectica
3463 5303 3573 5350 arte
3592 5304 3695 5343 con

2144 5401 2375 5460 structa,
2404 5394 2457 5447 in
2484 5394 2678 5462 quibus
2715 5395 2880 5449 robur
2916 5394 2999 5449 sui
3030 5390 3499 5448 mundus'videtur
3528 5385 3698 5440 habere

2145 5485 2372 5540 erroris.
2410 5485 2532 5541 Haec
2557 5487 2702 5541 enim
2730 5501 2852 5541 cum
2892 5486 3270 5555 praedicatores
3296 5480 3474 5537 sancti
3509 5471 3697 5531 investi-

2146 5583 2360 5644 gantes,
2392 5590 2526 5629 vana
2555 5591 2620 5630 ac
2660 5576 2873 5648 fragilia
2927 5591 3047 5630 esse
3084 5578 3499 5645 conspexerunt,
3545 5575 3697 5632 οωιιηο

2150 5676 2275 5723 runt
2294 5668 2521 5739 situlos,
2557 5670 2655 5725 hoc
2682 5680 2764 5726 est
2793 5677 3087 5725 conventus
3117 5666 3453 5738 pOpulorum,
3476 5665 3704 5728 εινοεδεο
