3932 6188
304 265 410 322 79.5

1002 257 1541 318 ENARRATlONES
1576 256 1644 311 ΙΝ
1685 251 1950 308 LIBRUM
1988 251 2450 309 NUMERORUM.
2492 287 2562 297 —
2600 257 2727 311 LIB.
2768 257 2853 312 Ill.

3466 260 3567 316 7'36

297 379 500 429 derunt
524 374 864 431 habitatores
890 389 1099 436 eorum,
1128 389 1252 427 cum
1278 387 1388 434 eos,
1434 385 1572 440 quos
1613 369 1681 423 ab
1704 380 1894 421 errore
1921 367 1973 424 Α
1998 373 2224 436 tempore
2261 383 2352 421 rex
2388 367 2440 421 in
2471 367 2648 422 Moab.
2692 369 2838 424 Misit
2865 387 2985 441 ergo
3016 372 3222 423 nuntios
3248 373 3315 424 ad
3348 372 3571 429 Balaam

298 464 689 526 liberaverant,
721 463 787 515 ad
813 462 1137 516 catholicam
1160 460 1319 515 ﬁdem
1353 459 1746 515 convertebant
1773 474 1789 522 ;
1840 462 1896 510 et
1991 455 2164 524 ﬁlium
2191 455 2579 521 Beorariolum,
2605 458 2696 528 qui
2723 458 2987 512 habitabat
3021 477 3112 529 sup
3146 478 3170 512 r
3197 463 3388 530 [lumen
3415 475 3570 520 terra?

294 566 557 609 sermone
586 559 733 605 recto
758 566 822 604 ac
846 551 1004 605 bonis
1051 549 1336 620 exemplis,
1364 549 1419 603 in
1462 549 1605 602 viam
1651 546 1897 601 veritatis

298 644 372 697 ad
396 641 1019 712 implendum’pnecepta
1040 641 1256 697 Domini
1279 641 1605 712 dirigebant,
1628 648 1895 710 quatenus

302 735 374 790 de
402 751 592 790 eorum
618 735 960 790 correctione
1006 750 1072 791 ac
1113 734 1355 806 profectu
1373 776 1389 801 ,
1422 735 1758 790 mansionem
1786 746 1899 787 οω-

300 825 467 882 lestis
482 826 675 897 patria:
700 827 1067 896 acquirerent.

925 917 1159 974 CAPUT
1200 919 1261 973 V.

384 1007 459 1061 De
485 1025 661 1078 pugna
692 1007 1059 1062 Israelitarum
1099 1020 1280 1063 contra
1314 1006 1395 1079 0g
1424 1025 1591 1079 regem
1621 1007 1825 1062 Busan.

381 1097 561 1169 (ιω.)
598 1095 970 1169 Verteruntque
993 1115 1048 1152 sc
1069 1108 1115 1152 et
1141 1099 1485 1153 ascenderunt
1515 1114 1606 1168 per
1632 1098 1767 1152 riam
1795 1096 1903 1151 Ba-

300 1204 428 1250 san,
457 1197 506 1241 et
537 1189 760 1241 occurrit
790 1188 864 1242 eis
895 1186 977 1257 0g
1012 1203 1105 1242 rex
1145 1186 1347 1253 Basan,
1389 1205 1507 1242 cum
1539 1189 1680 1242 omni
1708 1188 1900 1259 populo

304 1294 410 1330 suo
442 1287 769 1347 pugnaturus
798 1278 852 1331 in
880 1277 1067 1331 Edrai.
1100 1277 1345 1348 Dixitque
1374 1278 1626 1333 Dominus
1652 1278 1721 1331 ad
1754 1277 1903 1348 Moy-

302 1387 404 1425 sen
430 1384 451 1422 :
492 1370 576 1425 Ne
605 1372 788 1424 timeas
818 1387 956 1435 eum,
991 1371 1114 1442 quia
1142 1372 1197 1425 in
1226 1387 1384 1425 manu
1410 1381 1502 1425 tua
1538 1370 1735 1424 tradidi
1761 1386 1899 1436 eum,

315 1471 365 1515 et
389 1477 594 1514 omnem
627 1460 879 1531 populum
906 1478 968 1515 ac
996 1471 1188 1515 terram
1222 1462 1356 1533 ejus.
1388 1460 1675 1533 Faciesquc
1698 1461 1782 1515 illi
1803 1462 1907 1516 sic-

308 1560 372 1603 ut
415 1549 581 1616 fecisti
623 1549 763 1605 Seon
810 1552 916 1620 regi
944 1549 1401 1615 Amorrlurorum,
1433 1550 1713 1604 habitatori
1742 1549 1908 1605 Hese-

308 1639 438 1693 bon.
481 1636 855 1693 Percusserunt
881 1640 1044 1710 igitur
1071 1650 1118 1694 et
1148 1640 1287 1694 hunc
1317 1657 1435 1695 cum
1462 1640 1587 1710 ﬁliis
1617 1643 1749 1707 suis,
1788 1642 1906 1696 uni-

309 1740 621 1800 versumque
654 1728 905 1801 populum
948 1731 1083 1800 ejus,
1110 1747 1273 1803 usque
1300 1730 1369 1785 ad
1405 1730 1830 1797 internecionem,
1856 1744 1904 1787 et
1934 1712 1980 1770 Β

311 1821 653 1889 possederunt
705 1831 899 1875 terram
943 1822 1079 1892 ejus.
1126 1822 1321 1878 Postea
1370 1822 1514 1876 enim
1562 1839 1723 1893 quam
1760 1825 1904 1879 obti-

311 1918 555 1966 nuerunt
583 1911 676 1968 ﬁlii
722 1911 888 1967 lsrael
922 1913 1171 1968 civitates
1208 1912 1650 1968 Amorrbteorum
1670 1955 1685 1979 ,
1712 1929 1905 1969 ascen-

318 2002 517 2056 derunt
550 2003 715 2057 etiam
764 2003 942 2069 viam,
974 2019 1094 2073 quae
1131 2005 1279 2060 ducit
1317 2005 1372 2059 in
1414 2004 1621 2070 Basan,
1657 2006 1746 2060 ubi
1788 2014 1910 2060 erat

308 2092 401 2164 Og
438 2109 535 2148 rex
574 2095 768 2149 Basan.
816 2094 922 2151 Sed
956 2096 1024 2150 ad
1053 2096 1199 2152 hunc
1244 2112 1419 2167 neque
1454 2097 1661 2167 legatos
1691 2097 1909 2152 mittere

318 2185 630 2256 dignantur,
669 2200 846 2255 neque
873 2195 1061 2257 petere
1105 2187 1174 2241 ab
1213 2202 1299 2253 eo,
1330 2198 1389 2242 ut
1427 2203 1526 2259 per
1553 2196 1754 2244 terram
1794 2188 1910 2257 ejus

318 2283 630 2340 transeant;
672 2279 767 2332 sed
811 2278 1066 2332 continuo
1094 2276 1390 2348 confligunt
1415 2295 1538 2334 cum
1561 2295 1627 2335 eo
1652 2289 1708 2335 et
1747 2297 1909 2352 supe-

311 2375 485 2431 rant,
539 2374 648 2421 tam
695 2368 870 2438 ipsum
922 2383 1085 2437 quam
1133 2370 1387 2440 populum
1439 2368 1575 2438 ejus.
1617 2370 1912 2428 Videamus

317 2472 472 2527 ergo,
508 2472 627 2526 qua:
652 2466 734 2513 est
768 2458 962 2513 Basan.
994 2458 1173 2514 Basan
1206 2459 1595 2531 interpretatur
1619 2464 1909 2533 turpitudo.

322 2548 521 2603 Merito
553 2563 684 2619 ergo
718 2565 819 2604 nec
844 2549 1009 2620 legati
1043 2550 1333 2605 mittuntur
1358 2551 1426 2606 ad
1478 2552 1635 2607 istam
1670 2561 1911 2623 gentem,

320 2659 429 2700 nec
457 2646 716 2700 transitus
745 2661 846 2716 per
875 2655 1076 2700 terram
1114 2646 1231 2715 ejus
1262 2649 1521 2717 poscitur.
1550 2647 1740 2703 Nullus
1765 2648 1910 2703 enim

323 2737 486 2791 nobis
516 2737 777 2792 transitus
813 2737 973 2793 debet
1007 2752 1146 2803 esse,
1190 2738 1368 2793 nullus
1405 2754 1657 2794 accessus
1691 2739 1759 2793 ad
1804 2749 1916 2794 tur-

324 2830 647 2899 pitudinem,
677 2830 773 2885 sed
802 2831 869 2884 ab
897 2830 1056 2884 initio
1089 2832 1273 2885 statim
1311 2833 1687 2904 expugnanda,
1712 2841 1764 2888 et
1800 2847 1917 2886 om-

325 2921 565 2977 nimodis
607 2923 846 2978 cavenda
875 2930 975 2977 est.
1007 2921 1088 2995 0g
1123 2932 1303 2977 autem
1323 2965 1337 2988 ,
1368 2924 1463 2993 qui
1501 2941 1595 2979 rex
1625 2940 1745 2980 esse
1784 2925 1917 2980 diei-

323 3022 419 3068 tur
458 3015 666 3079 Basan,
698 3014 998 3074 interclusio
1044 3016 1450 3086 interpretatur.
1490 3008 1685 3073 Potest
1724 3019 1812 3073 hic
1858 3017 1917 3072 fi-

1994 546 2228 615 riliorum
2258 545 2502 611 Ammon,
2537 556 2594 600 ut
2632 558 2869 602 vocarent
2907 566 3023 603 eum
3049 560 3097 603 et
3138 551 3362 607 dicerent
3389 567 3407 604 :
3438 554 3571 609 Ecce

1995 654 2232 709 egressus
2268 646 2341 691 est
2375 637 2598 708 papulas
2623 639 2686 693 de
2719 638 2969 709 Egypto,
2996 641 3086 710 qui
3124 644 3323 711 operuit
3353 647 3574 715 superﬁ-

1997 728 2127 782 ciem
2159 738 2331 792 terrte,
2360 728 2542 782 sedens
2571 739 2753 782 contra
2787 746 2894 783 me.
2931 728 3058 784 Veni
3089 732 3251 800 igitur
3278 743 3324 785 et
3355 734 3573 789 maledic

1996 816 2186 889 populo
2224 818 2362 880 huic,
2406 818 2496 888 qui
2534 818 2722 887 fortior
2748 835 2829 872 me
2856 828 2964 885 est,
2997 821 3042 874 si
3075 821 3331 890 quomodo
3374 840 3574 892 possent

1996 922 2263 982 percutere
2291 926 2442 975 eum,
2473 919 2521 964 et
2558 899 2746 965 eiicere
2781 911 2846 964 de
2881 921 3021 967 terra
3064 929 3211 978 mea,
3245 923 3351 969 etc.
3396 914 3578 971 Primo

1997 1017 2129 1074 ergo
2181 1004 2421 1058 omnium
2488 1003 2761 1057 fatendum
2817 1012 2932 1068 est,
2979 1005 3032 1060 in
3079 1007 3399 1075 quibusdam
3448 1008 3579 1065 locis

2000 1094 2120 1163 plus
2164 1110 2322 1165 posse
2360 1095 2540 1149 valere
2578 1098 2739 1151 verba
2787 1111 2947 1166 quam
2978 1112 3232 1167 corpora,
3263 1099 3387 1168 quia
3437 1102 3580 1167 quoi

2002 1187 2275 1241 exercitus
2322 1186 2613 1241 multarum
2677 1187 2914 1255 gentium
2974 1188 3159 1256 nequit
3210 1188 3444 1254 efﬁcere,
3478 1206 3581 1245 nec

2002 1289 2157 1334 scuto
2184 1287 2241 1334 et
2268 1279 2434 1334 armis
2462 1286 2639 1348 potest
2679 1279 2909 1334 obtineri
2931 1320 2945 1343 ,
2979 1280 3083 1334 hoc
3122 1282 3301 1337 verbis
3327 1278 3577 1336 efficitur.

2004 1373 2073 1427 Et
2113 1388 2220 1427 non
2249 1371 2370 1427 dico
2398 1372 2604 1427 sanctis
2637 1373 2816 1427 verbis
2853 1372 2935 1427 vel
2977 1372 3069 1426 Dei
3105 1372 3302 1437 verbis,
3335 1374 3427 1429 sed
3456 1389 3581 1427 ver--

2006 1465 2089 1518 bis
2145 1463 2463 1533 quibusdam
2494 1504 2510 1529 ,
2570 1478 2689 1533 qua:
2758 1463 2898 1517 inter
2974 1463 3224 1518 homines
3294 1464 3644 1520 habentur.\

2009 1553 2168 1607 .V'erbi
2197 1553 2390 1623 gratia,
2417 1562 2571 1607 erant
2598 1553 2655 1607 in
2678 1552 2915 1624 Egypto
2945 1552 3308 1609 incantatores
3336 1562 3391 1608 et
3417 1554 3582 1624 magi.

2008 1643 2140 1710 Quis
2186 1651 2365 1714 potest
2408 1644 2687 1697 hominum
2738 1632 3056 1699 fortitudine
3095 1643 3342 1712 corporis
3377 1643 3582 1713 virgam

2009 1741 2219 1788 mutare
2247 1734 2298 1787 in
2331 1742 2657 1803 serpentem,
2683 1732 2826 1802 quod
2850 1732 2920 1788 ab
2947 1731 3055 1786 illis
3081 1730 3283 1787 factum
3314 1731 3585 1786 refertur?

2006 1823 2111 1877 Aut
2155 1823 2277 1892 quis
2310 1831 2487 1894 potest
2512 1822 2719 1877 viribus
2754 1821 2996 1891 corporis
3037 1836 3233 1892 aquam
3277 1823 3331 1876 in
3370 1821 3586 1892 sangui-

2007 1928 2131 1968 nem
2158 1914 2404 1969 vertere?
2429 1913 2703 1968 Fecerunt
2735 1924 2912 1967 tamen
2950 1914 3054 1968 hoc
3093 1913 3473 1985 Egyptiorum
3506 1914 3592 1967 in--

2009 2006 2317 2063 cantatores
2339 2015 2394 2060 et
2421 2005 2583 2077 magi.
2613 2006 2839 2061 Fecerat
2868 2006 3011 2060 enim
3040 2006 3155 2060 htec
3177 2005 3331 2075 prius
3359 2005 3585 2075 Moyses.

2010 2098 2117 2154 Sed
2161 2099 2289 2168 quia
2335 2098 2544 2153 sciebat
2592 2113 2687 2151 rex
2727 2096 2970 2168 Aigypti,
3025 2097 3166 2166 quod
3215 2103 3441 2166 possent
3477 2097 3592 2150 haec

2011 2198 2129 2243 arte
2167 2189 2401 2258 quadam
2448 2186 2562 2242 ﬁeri
2616 2189 2936 2250 verborum,
2978 2204 3097 2256 qua:
3140 2187 3407 2240 habentur
3452 2192 3594 2239 mter

2013 2279 2276 2341 homines,
2310 2277 2523 2349 putavit
2560 2285 2617 2331 et
2655 2277 2872 2347 Moysen
2915 2293 3023 2331 non
3071 2277 3186 2331 hmo
3232 2276 3324 2331 Dei
3370 2277 3593 2338 virtute,

2013 2372 2108 2426 sed
2139 2371 2348 2440 magica
2393 2378 2510 2423 arte
2556 2368 2772 2433 fecisse,
2808 2377 2864 2423 et
2891 2368 3035 2437 quod
3082 2368 3315 2421 humana
3356 2376 3473 2419 arte
3520 2364 3597 2420 fe-

2014 2460 2171 2526 cerit,
2196 2461 2247 2515 id
2276 2460 2369 2515 Dei
2398 2459 2599 2515 factum
2643 2459 2844 2514 virtute
2874 2458 3148 2513 simulare.
3178 2457 3454 2512 Convocat
3475 2472 3598 2511 con-

2016 2553 2168 2606 tinuo
2198 2551 2576 2624 Egyptiorum
2609 2551 2978 2605 incantatores
2999 2558 3053 2605 et
3084 2565 3290 2621 magos,
3315 2550 3454 2604 inter
3473 2564 3594 2604 eum

2017 2645 2107 2714 qui
2153 2645 2353 2700 virtute
2407 2644 2502 2699 Dei
2548 2645 2894 2714 operabatur,
2940 2652 2996 2698 et
3037 2658 3131 2698 eos
3184 2643 3276 2712 qui
3328 2644 3598 2697 darmones

2019 2738 2376 2800 invocabant,
2424 2736 2552 2791 facit
2583 2752 2703 2791 esse
2738 2746 3034 2791 certamen.
3090 2735 3231 2789 Deus
3277 2742 3455 2788 autem
3501 2748 3599 2786 no-

2019 2836 2132 2882 ster
2178 2822 2373 2881 dolere
2424 2826 2586 2889 facit,
2633 2833 2689 2880 et
2732 2826 2928 2879 iterum
2995 2823 3263 2887 restituit;
3325 2820 3600 2876 contraria

2019 2928 2202 2973 autem
2250 2919 2424 2972 virtus
2472 2916 2614 2970 male
2663 2916 2878 2985 quidem
2936 2913 3113 2968 facere
3150 2912 3351 2985 aliquid
3388 2917 3598 2981 potest,

2021 3011 2116 3065 sed
2146 3008 2430 3063 restituere
2455 3009 2507 3062 in
2552 3006 2819 3076 integrum
2860 3021 2964 3059 non
3001 3013 3208 3074 potest.
3255 3002 3378 3057 Hmc
3418 3009 3600 3060 autem

323 3122 521 3177 ενι-ειη
565 3107 766 3162 habere
810 3107 1051 3161 omnium
1099 3107 1395 3161 carnalium
1445 3116 1500 3163 et
1553 3109 1914 3163 materialium
1940 3069 1990 3131 Ο
2020 3101 2202 3155 omnia
2228 3099 2608 3170 praemisimus,
2638 3105 2695 3150 ut
2721 3112 2886 3166 opera
2914 3095 3133 3149 Balaam
3161 3089 3245 3149 vel
3276 3095 3435 3148 verba
3460 3094 3599 3164 ejus,

325 3214 545 3262 rerum,
582 3214 810 3268 quarum
842 3213 1026 3254 amore
1072 3207 1127 3252 et
1167 3198 1435 3254 desiderio
1478 3200 1694 3255 detenta
1734 3202 1915 3257 anima

326 3287 659 3352 excluditur,
699 3295 755 3343 et
800 3297 1086 3358 separatur
1123 3305 1153 3343 a
1195 3289 1324 3344 Deo.
1356 3289 1632 3346 Adversus
1660 3292 1759 3347 hos
1789 3308 1918 3364 ergo

327 3378 406 3431 ita
435 3377 750 3448 praecipitur
777 3378 973 3432 bellum
1006 3378 1320 3450 gerendum,
1356 3387 1412 3433 ut
1443 3396 1550 3434 non
1581 3381 1920 3452 relinquatur

329 3486 401 3523 ex
433 3485 502 3524 eo
528 3470 737 3525 vivens.
770 3469 983 3524 Nullum
1015 3471 1158 3526 enim
1188 3487 1216 3525 a
1246 3469 1370 3527 ﬁliis
1402 3471 1566 3527 Israel
1596 3483 1812 3544 oportet
1838 3492 1922 3531 re-

334 3560 507 3630 linqui
548 3562 602 3615 in
630 3575 796 3632 regno
839 3560 1185 3631 turpitudinis
1219 3569 1273 3616 et
1310 3562 1591 3618 dedecoris
1627 3565 1918 3630 viventem,

330 3649 430 3703 sed
465 3649 623 3704 decet
645 3649 995 3704 lsraelitieam
1024 3650 1278 3704 virtutem
1305 3651 1557 3707 excidere
1582 3660 1638 3707 et
1674 3668 1922 3710 resecare

334 3739 541 3810 turpia,
568 3747 623 3795 et
663 3741 750 3810 pia
792 3754 1018 3810 qumque
1066 3741 1120 3795 in
1146 3741 1331 3797 animo
1380 3743 1728 3808 rezedilieare,
1760 3754 1923 3814 atque

336 3831 566 3885 honesta
597 3844 662 3884 ac
706 3830 958 3900 religiosa
1006 3830 1268 3900 plantare.
1321 3831 1396 3885 De
1437 3848 1602 3902 regno
1636 3832 1777 3889 Seon
1816 3851 1923 3890 non

334 3928 425 3974 est
469 3920 757 3989 scriptum.
809 3920 873 3974 Et
911 3919 1095 3974 nullus
1126 3919 1282 3975 vivus
1316 3922 1671 3993 relinquatur,
1717 3940 1819 3981 nec
1857 3928 1923 3981 die

343 4026 514 4081 regno
548 4010 724 4064 Moab.
764 4009 925 4064 Forte
950 4011 1093 4066 enim
1132 4027 1199 4067 ex
1232 4012 1335 4068 illis
1364 4028 1500 4085 opus
1544 4016 1780 4071 habebat
1820 4019 1921 4074 ali-

338 4101 509 4169 quod,
539 4108 595 4157 et
628 4101 900 4155 nonnullis
929 4117 1115 4157 eorum
1157 4118 1256 4173 pro
1290 4106 1414 4161 vitae
1457 4105 1618 4176 hujus
1663 4112 1924 4181 agonibus

337 4199 398 4244 et
444 4191 723 4246 exercitiis
772 4192 1093 4261 indigemus.
1135 4194 1388 4265 Alioquin
1437 4197 1812 4256 debuissemus
1857 4218 1921 4257 ex

339 4281 449 4334 hoc
498 4270 699 4335 uiundo
748 4282 945 4336 exisse.
994 4281 1071 4337 De
1112 4283 1287 4338 Basan
1337 4294 1546 4353 tamen,
1586 4289 1689 4343 hoc
1732 4298 1816 4344 est
1860 4291 1927 4346 de

338 4370 699 4439 turpitudine,
724 4371 872 4425 nullo
900 4372 1116 4441 penitus
1141 4373 1461 4445 indigemus,
1493 4378 1624 4432 nihil
1653 4394 1720 4433 ex
1747 4394 1813 4434 eo
1842 4397 1925 4436 re-

339 4462 674 4531 linquamus.
721 4462 1028 4518 Excidenda
1076 4463 1288 4528 omnia,
1339 4466 1520 4520 omnia
1566 4468 1927 4524 subvertenda

344 4561 477 4607 sunt
511 4568 677 4622 opera
716 4553 1083 4623 turpitudinis.
1108 4554 1171 4608 In
1200 4554 1348 4610 nullo
1372 4555 1517 4610 enim
1545 4565 1725 4627 potest
1760 4560 1927 4615 hone-

339 4654 494 4700 stum
519 4660 663 4711 esse,
688 4645 830 4716 quod
860 4653 1018 4716 turpe
1043 4655 1145 4701 est.

962 4755 1191 4813 CAPUT
1229 4756 1318 4813 Vl.

385 4843 466 4899 De
506 4844 670 4899 Balac
708 4862 823 4916 rege
861 4843 1244 4929 Moabitarmn,
1274 4856 1323 4901 et
1354 4847 1580 4904 Balaam
1614 4850 1806 4919 ariolo,
1845 4864 1893 4909 et

989 4932 1137 4969 asma
1165 4933 1298 4986 ejus.

426 5003 581 5077 (CAP.
606 5004 764 5078 χχιι.)
794 5003 1125 5076 Profectique
1151 5017 1325 5062 castra
1353 5010 1531 5064 metati
1559 5021 1681 5066 sunt
1711 5012 1764 5067 in
1790 5030 1937 5067 cam-

355 5097 616 5169 pestribus
648 5097 828 5165 Hoab,
862 5097 949 5152 ubi
977 5107 1123 5152 trans
1152 5099 1442 5155 Iordanem
1463 5100 1677 5158 Iericho
1707 5105 1809 5158 sita
1836 5118 1932 5160 est.

370 5186 564 5243 Videas
593 5196 767 5242 autem
796 5187 995 5241 Balaac
1030 5187 1172 5257 ﬁlius
1204 5188 1408 5259 Sephor
1434 5193 1609 5246 omnia
1651 5210 1770 5265 qua:
1801 5196 1939 5266 fece-

360 5286 444 5331 rat
466 5275 636 5331 Israel
652 5276 977 5341 Amorrlueo,
998 5286 1046 5329 et
1072 5275 1210 5346 quod
1236 5278 1619 5346 pertimuissem
1640 5298 1757 5335 eum
1780 5283 1934 5339 Moa-

359 5365 481 5421 bitae
506 5376 553 5420 et
580 5367 828 5437 impetum
855 5366 970 5436 ejus
1006 5366 1142 5436 ferre
1172 5382 1277 5420 non
1309 5379 1536 5438 possent,
1563 5370 1695 5424 dixit
1724 5372 1793 5425 ad
1821 5390 1935 5427 ma-

360 5457 499 5511 iores
529 5467 657 5511 natu
693 5456 849 5511 Moab
871 5472 891 5511 :
921 5455 1008 5510 Ita
1037 5457 1220 5512 delebit
1253 5459 1335 5512 hic
1361 5459 1585 5529 populus
1611 5478 1811 5528 omnes,
1839 5466 1933 5534 qui

354 5550 415 5601 in
455 5550 647 5602 nostris
689 5548 877 5605 finibus
914 5558 1321 5614 commorantur,
1365 5551 1624 5620 quomodo
1669 5554 1799 5607 solet
1840 5554 1929 5610 bos

359 5638 547 5694 herbas
584 5657 743 5709 usque
772 5640 839 5694 ad
876 5640 1074 5694 radices
1105 5656 1332 5710 carpere.
1382 5639 1502 5710 Ipse
1542 5644 1678 5697 enim
1716 5655 1828 5700 erat
1854 5664 1928 5702 .eo

2017 3191 2288 3261 possimus
2318 3189 2616 3243 advertere.
2648 3186 2786 3241 Sunt
2811 3195 2867 3240 et
2892 3200 3170 3256 magorum
3202 3184 3475 3238 nonnullae
3500 3183 3603 3237 dif-

2020 3282 2280 3338 ferentia}.
2308 3280 2412 3335 Alii
2443 3280 2585 3334 enim
2614 3279 2758 3349 plus,
2782 3277 2869 3334 alii
2898 3277 3076 3331 minus
3106 3275 3305 3330 valent.
3336 3275 3435 3329 Hic
3459 3275 3602 3329 enim

2020 3373 2238 3428 Balaam
2266 3371 2657 3427 famnsissimus
2680 3381 2800 3424 erat
2827 3370 2881 3424 in
2911 3376 3030 3423 arte
3063 3367 3293 3437 magica,
3319 3376 3375 3421 et
3402 3366 3455 3419 in
3486 3378 3608 3420 cur;

2021 3466 2258 3520 minibus
2306 3465 2485 3518 noxiis
2527 3470 2853 3532 praepotens.
2894 3459 3011 3514 Non
3059 3458 3205 3513 enim
3258 3457 3493 3523 habebat
3537 3457 3606 3510 ad

2025 3556 2475 3611 maledicendum.
2530 3554 2813 3608 Daemones
2863 3553 3010 3606 enim
3052 3552 3123 3607 ad
3170 3548 3606 3607 maledicendum

2025 3649 2355 3711 invitantur,
2407 3662 2511 3699 non
2570 3645 2639 3698 ad
2689 3640 3139 3699 benedicendum.
3196 3639 3470 3709 Scriptum
3526 3647 3609 3693 est

2023 3755 2202 3810 ergo:
2251 3738 2314 3791 Et
2367 3736 2501 3790 dixit
2549 3734 2706 3788 Moab
2754 3733 2823 3789 ad
2880 3733 3106 3786 seniores
3157 3729 3399 3785 Madian.
3448 3727 3608 3781 Nunc

2025 3832 2249 3901 ablinget
2298 3844 2563 3899 synagoga
2611 3826 2722 3881 hazc
2772 3841 2969 3890 omnes,
3014 3824 3104 3894 qui
3151 3822 3206 3876 in
3249 3820 3471 3875 circuitu
3516 3836 3609 3873 no.

2025 3935 2132 3978 stro
2161 3930 2301 3987 sunt,
2341 3921 2473 3975 sicut
2523 3917 2748 3988 abliuget
2801 3913 2991 3970 vitulus
3025 3913 3239 3967 herbam
3289 3912 3477 3982 campi.
3527 3908 3608 3964 0b

2030 4018 2132 4073 hoc
2177 4016 2293 4071 sine
2323 4013 2505 4078 dubio,
2546 4011 2672 4082 quia
2704 4009 2901 4065 vitulus
2932 4023 3027 4064 ore
3070 4006 3343 4076 abrumpit
3381 4005 3604 4062 herbam

2029 4110 2095 4164 de
2130 4120 2338 4175 campo,
2370 4104 2551 4173 lingua
2598 4111 2857 4170 tanquam
2898 4099 3058 4164 falce,
3090 4111 3425 4169 quaecunque
3456 4097 3610 4150 inve-

2030 4199 2171 4254 nerit
2206 4205 2375 4252 secat.
2405 4195 2485 4248 Ita
2510 4203 2565 4249 et
2592 4193 2820 4264 populus
2865 4192 2953 4246 hic
2980 4191 3135 4260 quasi
3171 4189 3392 4254 vitulus,
3420 4203 3514 4242 ore
3552 4197 3609 4243 ct

2031 4289 2187 4344 labiis
2222 4294 2441 4358 pugnat,
2471 4294 2525 4339 et
2561 4301 2711 4338 arma
2752 4282 2914 4337 habet
2941 4282 2993 4335 in
3026 4280 3206 4335 verbis
3239 4295 3303 4334 ac
3333 4277 3605 4349 precibus.

2034 4378 2159 4432 [lare
2203 4379 2365 4448 igitur
2405 4376 2583 4430 sciens
2617 4373 2782 4427 mittit
2818 4372 2883 4426 ad
2913 4369 3155 4436 Balaam,
3193 4375 3252 4422 ut
3288 4376 3343 4423 et
3371 4368 3485 4438 ipse
3520 4369 3612 4424 de-

1956 4430 2006 4488 D
2036 4467 2174 4522 ferat
2216 4430 2377 4521 ;erba
2406 4464 2703 4529 contraria,
2735 4471 2791 4518 et
2819 4462 3069 4532 precibus
3116 4476 3322 4530 preces.
3368 4459 3479 4516 Nec
3512 4463 3613 4516 mi-

2038 4559 2195 4621 reris,
2224 4560 2269 4613 si
2298 4566 2383 4612 est
2411 4557 2464 4611 in
2496 4555 2700 4626 magica
2745 4563 2862 4609 arte
2893 4551 2999 4607 tale
3041 4551 3263 4622 aliquid.
3298 4552 3431 4607 Esse
3466 4554 3609 4607 enim

2036 4653 2176 4707 hanc
2224 4659 2395 4705 artem
2439 4648 2682 4718 designat
2726 4647 2888 4701 etiam
2937 4643 3238 4715 Scriptura,
3283 4645 3378 4700 sed
3419 4645 3497 4698 uti
3545 4661 3610 4700 ea

1996 4806 2007 4811 _
2037 4741 2303 4814 prohibet.
2342 4740 2475 4793 Nam
2518 4747 2573 4793 et
2599 4739 2866 4793 dmmones
2909 4735 3192 4806 Scriptura
3222 4736 3485 4808 designat,
3516 4739 3609 4792 sed

2037 4834 2136 4890 coli
2168 4848 2263 4888 eos
2289 4840 2343 4885 et
2370 4831 2647 4887 exhortari
2690 4838 2855 4885 vetat.
2887 4830 3052 4886 Recte
3077 4845 3206 4902 ergo
3240 4831 3447 4903 magica
3493 4840 3612 4887 arte

2037 4926 2113 4978 uti
2143 4923 2414 4994 prohibet,
2442 4921 2533 4992 qui
2563 4936 2841 4992 magorum
2887 4921 3119 4977 ministri
3149 4932 3276 4977 sunt
3300 4922 3478 4993 angeli
3526 4938 3608 4978 re-

2039 5014 2147 5084 fugi
2174 5022 2230 5069 et
2255 5012 2479 5082 spiritus
2502 5011 2744 5080 maligni,
2773 5020 2827 5066 et
2853 5012 3116 5067 daemonia
3149 5012 3446 5066 immunda.
3482 5010 3609 5065 Nul-

2038 5104 2121 5158 lus
2165 5103 2310 5157 enim
2357 5109 2666 5157 sanctorum
2709 5102 2994 5171 spirituum
3046 5102 3387 5172 obtemperat
3433 5118 3609 5169 mago.

2038 5195 2156 5249 Non
2197 5203 2412 5264 poterat
2439 5195 2693 5250 invocare
2732 5210 2921 5265 magus
2947 5194 3280 5256 Michaelem,
3318 5209 3424 5246 non
3462 5202 3614 5261 pote-

2037 5293 2120 5339 rat
2166 5286 2417 5340 invocare
2449 5284 2687 5354 Rapbael
2741 5299 2914 5353 neque
2956 5283 3189 5338 Gabriel.
3230 5282 3396 5336 Multo
3436 5282 3610 5350 magis

2035 5392 2223 5447 magus
2247 5391 2350 5430 non
2375 5384 2555 5444 potest
2582 5376 2831 5429 invocare
2850 5375 3266 5442 onmipotentem
3297 5372 3481 5434 Deum,
3511 5386 3613 5426 nec

2035 5466 2202 5520 illium
2230 5467 2347 5537 ejus
2373 5465 2556 5520 Jesum
2591 5465 2867 5519 Christum
2895 5465 3177 5518 Dominum
3206 5466 3473 5524 nostrum,
3510 5476 3611 5515 nec

2035 5555 2296 5626 Spiritum
2326 5565 2573 5610 sanetum
2601 5554 2738 5625 ejus.
2776 5554 2882 5608 Nos
2920 5553 3017 5608 soli
3050 5551 3344 5619 accipimus
3374 5559 3615 5619 potesta-

2037 5657 2143 5702 tem
2172 5646 2454 5703 invocandi
2494 5646 2663 5700 Deum
2692 5645 2932 5709 Putrem,
2966 5662 3060 5698 nos
3091 5642 3186 5697 soli
3223 5642 3482 5700 habemus
3505 5660 3611 5715 =po-
