3924 6176
468 262 562 318 7‘37

1106 264 1167 320 Β.
1208 265 1459 320 RABANI
1499 264 1717 322 MAURI
1754 264 2028 320 ARCHIEI

2132 260 2421 318 HOGUNT.
2463 259 2747 316 OPEBUM
2780 259 2959 314 PARS
2991 259 3033 314 ι.

3562 267 3648 325 7—23
3705 278 3722 305 ο

455 383 706 432 testatem
737 376 1017 430 invocandi
1042 377 1369 448 unigenitum
1392 376 1506 447 ejus
1530 377 1711 434 Jesum
1731 377 2026 434 Christum.
2060 385 2107 443 Α
2135 373 2272 427 tiunt
2314 371 2523 434 audire,
2554 382 2884 441 possuntque
2923 386 3115 441 capere
3143 372 3420 441 spiritalem
3462 392 3645 435 sensum

453 467 596 535 Ergo
636 467 905 522 dazmones
952 476 1070 522 arte
1110 470 1342 539 quadam
1387 479 1442 524 et
1471 470 1860 540 compositione
1896 485 2021 524 ver-

455 561 681 626 borum,
731 560 784 613 in
823 560 1114 625 amicitias,
1157 571 1216 615 ut
1246 563 1319 616 ita
1355 564 1551 630 dicam,
1597 572 1878 619 cesserant
1921 563 2021 617 Ba-

452 648 617 715 laam,
645 666 870 719 quorum
901 652 1155 706 amicitiis
1182 651 1375 717 fretus,
1422 669 1646 723 magnus
1681 654 1819 724 apud
1853 653 2025 708 homi-

407 758 413 767 ·
450 755 549 794 nes
597 739 897 794 videbatur.
940 740 1019 796 Ob
1051 742 1153 796 hoc
1181 755 1309 812 ergo
1350 744 1518 797 mittit
1566 744 1635 796 ad
1662 758 1787 797 eum
1842 758 1935 798 rex
1970 750 2025 798 et

453 831 565 884 ait:
602 828 730 883 Veni
766 846 902 883 nunc
929 840 973 883 et
1016 831 1237 885 maledic
1272 833 1401 886 mihi
1428 834 1675 903 populum
1704 835 1861 899 hunc,
1900 832 2026 903 quia

451 922 645 990 fortior
668 921 752 974 ltic
791 930 891 985 est,
909 938 1065 992 quam
1095 939 1219 977 nos:
1246 925 1289 976 si
1313 924 1447 993 forte
1483 926 1739 994 possimus
1761 933 2026 994 percutere

449 1013 656 1084 aliquos
686 1029 750 1068 ex
782 1014 878 1078 eis,
905 1022 953 1068 et
986 1014 1174 1085 ejicere
1217 1032 1303 1069 eos
1350 1034 1383 1070 a
1422 1027 1581 1070 terra.
1628 1016 1853 1072 Videtur
1893 1016 2024 1070 mihi

448 1117 545 1157 rex
578 1102 666 1158 hic
697 1118 801 1157 non
831 1119 895 1158 es
934 1104 1145 1175 integro
1187 1105 1461 1160 confidere
1502 1107 1556 1161 in
1584 1106 1802 1160 Balaam
1841 1106 2025 1161 divino

382 1256 389 1267 ι
446 1194 679 1263 ingenti;
707 1195 867 1250 credo
894 1196 960 1251 de
989 1197 1277 1252 virtutibus
1297 1213 1416 1268 qua:
1441 1199 1495 1253 in
1522 1200 1717 1268 populo
1751 1198 1840 1253 Dei
1871 1198 2024 1253 facte

444 1292 572 1339 sunt
598 1285 872 1341 auditione
901 1288 1248 1356 perterritus,
1279 1297 1335 1342 et
1361 1289 1482 1343 ideo
1510 1289 1661 1355 dicit,
1691 1289 1735 1343 si
1766 1289 1905 1343 forte
1941 1288 2023 1343 vel

443 1390 508 1430 eo
545 1391 715 1445 usque
750 1376 1079 1446 praevaleant
1122 1378 1529 1435 maledictiones
1553 1378 1771 1434 Balaam
1791 1420 1807 1446 ,
1835 1390 1893 1434 ut
1925 1379 2025 1433 ali-

446 1483 577 1538 quos
606 1484 672 1526 ex
702 1469 833 1538 ipsis
873 1470 1045 1539 possit
1085 1479 1388 1540 percutere,
1416 1479 1641 1527 caeteros
1670 1485 1800 1526 vero
1835 1469 2023 1540 fugare

446 1560 782 1627 perterritos,
813 1569 867 1614 et
896 1562 1112 1631 propria
1146 1570 1287 1616 terra
1315 1563 1603 1633 depellere.
1639 1563 1859 1619 Addidit
1887 1578 2024 1633 pra:-

448 1661 616 1716 tcrca,
649 1651 786 1717 Quia
816 1653 943 1719 scio,
977 1654 1167 1722 inquit,
1192 1654 1331 1725 quod
1360 1671 1490 1725 quos
1522 1655 1879 1721 maledixeris,
1912 1673 2025 1711 ma-

2127 479 2296 533 pauca
2313 464 2488 534 aliqua
2509 464 2739 518 dicimus
2755 479 2819 517 ex
2845 463 3048 518 multis.
3066 462 3245 519 Potest
3263 478 3385 535 ergo
3402 467 3540 535 objici
3559 474 3647 527 tale

2125 554 2326 624 aliquid
2363 568 2426 608 ac
2457 554 2581 607 dici.
2617 552 2831 608 luvocet
2854 553 3126 608 daemones
3152 553 3379 620 Balaam,
3408 558 3648 616 maledica!

2124 644 2319 715 populo
2357 661 2369 697 :
2409 645 2645 698 invocari
2681 645 2949 697 daemones
2996 642 3199 698 laciant
3246 647 3378 715 quod
3423 659 3645 717 possunt:

2125 736 2362 804 nunquid
2414 751 2517 788 non
2555 743 2729 802 potest
2782 733 2921 788 Deus
2964 732 3250 789 defendere
3290 751 3319 790 a
3364 738 3649 796 (ia-monibus

2124 824 2397 892 populum,
2427 825 2641 892 vimque
2671 838 2856 876 eorum
2888 822 2940 876 in
2969 822 3348 879 malefaciendo
3374 826 3650 885 destruere?

2124 915 2261 982 Quid
2291 930 2419 984 ergo
2453 928 2585 983 opus
2619 922 2758 979 erat,
2789 921 2847 967 ut
2883 914 2998 982 ipse
3033 915 3242 969 veniret
3271 917 3335 970 ad
3369 917 3579 981 Balaam,
3606 928 3652 975 ct

2123 1012 2409 1058 consuetos
2435 1003 2706 1057 daemones
2743 1004 3053 1072 prohiberet
3079 1006 3349 1068 accedere,
3375 1020 3435 1059 ne
3458 1007 3530 1060 vel
3555 1018 3652 1063 ten.

2123 1106 2299 1152 tarcnt
2329 1103 2423 1150 aut
2451 1104 2775 1150 conarentur
2801 1093 2995 1150 laedere
3022 1095 3155 1150 velle
3184 1096 3427 1166 populum
3451 1097 3568 1161 Dei?
3585 1098 3651 1156 Ad

2124 1189 2239 1242 hmo
2272 1202 2425 1257 ergo,
2471 1186 2595 1240 licet
2632 1200 2738 1239 non
2782 1185 2964 1239 omnia
3003 1200 3123 1253 qum
3162 1193 3379 1253 possunt
3406 1200 3654 1242 occurrere

2122 1278 2443 1351 proferenda
2471 1289 2621 1344 sunt,
2654 1287 2835 1333 tamen
2868 1278 3099 1335 dicimus
3131 1295 3195 1334 ex
3227 1287 3393 1348 parte,
3430 1278 3652 1346 quianon

2123 1374 2237 1428 vult
2264 1374 2405 1427 Deus
2448 1372 2748 1426 dremonum
2794 1386 2964 1441 genus
3004 1379 3128 1424 ante
3177 1379 3379 1438 tempus
3407 1369 3648 1423 damnare.

2125 1461 2316 1518 Sciunt
2356 1462 2497 1517 enim
2534 1468 2588 1515 et
2626 1460 2727 1529 ipsi
2772 1461 3064 1526 darmones,
3100 1460 3224 1528 quia
3254 1469 3453 1528 tempus
3493 1473 3650 1512 eorum

2120 1568 2360 1624 prmsens
2389 1552 2493 1606 hoc
2533 1550 2787 1605 smculum
2830 1549 3094 1605 continet.
3144 1548 3425 1617 Propterea
3458 1547 3653 1615 denique

2123 1653 2179 1700 et
2209 1644 2492 1698 Dominum
2542 1643 2830 1713 rogabant,
2875 1650 2936 1695 ut
2980 1656 3087 1695 non
3132 1650 3399 1710 torqueret
3441 1656 3526 1695 eos
3550 1648 3656 1694 ante

444 1742 619 1797 (edicti
662 1754 811 1798 erunt
847 1762 863 1799 :
905 1755 951 1799 et
999 1762 1128 1816 quos
1167 1746 1519 1813 benedixeris,
1554 1746 1806 1801 benedicti
1846 1755 2018 1800 erunt.

2132 1744 2360 1805 tempus,
2391 1748 2564 1802 neque
2599 1733 2652 1787 in
2686 1732 2937 1803 abyssum
2968 1733 3228 1786 mitteret.
3272 1732 3337 1786 Et
3360 1732 3425 1787 ob
3449 1733 3541 1786 hoc
3579 1745 3658 1784 ne-

443 1831 556 1900 Ego
586 1849 691 1887 non
739 1836 899 1889 credo
927 1836 1051 1904 quia
1097 1835 1262 1890 sciret
1306 1851 1396 1890 rex
1426 1837 1569 1905 quod
1614 1836 2023 1906 quibuscuuque

443 1922 805 1981 benediaissct
850 1926 1084 1991 Balaam,
1129 1927 1392 1982 benedicti
1430 1935 1629 1982 essent.
1677 1927 1782 1983 Sed
1815 1928 2026 1983 videtur

445 2015 576 2068 mihi
608 2016 856 2071 adulandi
887 2018 1058 2087 gratia
1108 2018 1223 2072 haec
1266 2018 1469 2082 dicere,
1506 2025 1565 2072 ut
1594 2025 1767 2072 artem
1798 2016 1915 2087 ejus
1950 2015 2026 2071 ef-

442 2104 621 2160 ferens
649 2115 703 2161 et
731 2108 1014 2173 extollens,
1038 2094 1421 2178 promptiorem
1448 2109 1551 2164 sibi
1587 2125 1709 2164 eum
1741 2109 1929 2163 reddat
1956 2109 2023 2163 ad

444 2195 674 2251 facinus.
718 2195 827 2253 Ars
868 2199 1013 2253 enim
1062 2200 1270 2270 magica
1312 2201 1486 2255 nescit
1527 2200 1864 2265 benedicere,
1896 2200 2022 2269 quia

444 2302 545 2342 nec
572 2274 845 2344 diemones
869 2291 1046 2345 sciunt
1091 2291 1429 2347 benefacere.
1476 2292 1662 2347 Noscit
1703 2291 2024 2346 benedicere

441 2378 595 2433 Isaac
636 2388 691 2435 et
736 2379 920 2446 Jacob,
950 2391 1005 2436 et
1031 2382 1220 2438 omnes
1262 2385 1474 2438 saneti':
1509 2383 1797 2453 impiorum
1841 2381 2023 2437 nullus

443 2467 545 2520 scit
572 2467 910 2524 benedicere.
941 2469 1046 2524 Sed
1096 2472 1312 2525 tandem
1349 2472 1576 2527 veniunt
1608 2472 1767 2542 legati
1812 2472 1880 2525 ad
1915 2472 2021 2526 Ba-

443 2554 605 2610 laam.

526 2643 786 2701 Venerunt
831 2648 988 2714 enim,
1019 2650 1215 2721 inquit,
1246 2651 1474 2705 seniores
1514 2650 1671 2705 Moab
1699 2659 1745 2704 et
1794 2651 2023 2705 seniores

442 2734 681 2803 Madan,
719 2738 961 2794 habentes
1005 2741 1340 2796 divinationis
1389 2743 1613 2813 pretium
1660 2743 1716 2796 in
1757 2742 2019 2813 manibus,

442 2825 557 2882 sive
607 2830 902 2885 secundum
942 2830 1104 2885 aliam
1135 2832 1454 2899 editionem,
1498 2832 1797 2888 divinacula
1827 2834 1882 2886 in
1908 2848 2023 2886 ma-

445 2919 595 2975 nibus
623 2936 823 2975 eorum.
868 2922 928 2977 In
970 2922 1077 2978 illis
1115 2924 1462 2980 divinationis
1488 2925 1721 2990 artibus,
1747 2939 1885 2994 quas
1924 2940 2021 2978 cu-

445 3009 661 3066 riositas
694 3012 927 3067 humana
953 3015 1280 3084 composuit,
1306 3024 1431 3069 sunt
1455 3014 1699 3086 quredam
1725 3030 1846 3084 quae
1877 3014 2024 3069 Scri-

2128 1841 2233 1897 quc
2279 1825 2549 1880 diabolum
2590 1825 2817 1879 removit
2864 1840 2895 1878 a
2939 1825 3241 1894 principatu
3293 1824 3462 1879 szeculi
3505 1821 3657 1892 hujus,

2125 1917 2252 1988 quia
2280 1917 2455 1971 adhuc
2492 1931 2625 1985 opus
2668 1923 2752 1970 est
2779 1929 2943 1984 opera
2988 1915 3108 1985 ejus
3134 1915 3201 1969 ad
3231 1915 3477 1969 exercitia
3505 1920 3655 1969 certa-

2125 2008 2331 2061 minum
2357 2013 2413 2061 et
2445 2005 2728 2059 victoriam
2757 2005 3059 2059 beatorum.
3102 2002 3161 2058 Si
3190 2004 3333 2058 enim
3362 2003 3656 2059 dremouibus

2120 2076 2404 2150 auferatur
2429 2095 2650 2150 libertas
2674 2094 2907 2159 arbitrii,
2953 2094 3134 2149 nullus
3176 2094 3317 2149 ultra
3361 2092 3656 2163 impugnabit

2125 2186 2357 2240 athletas
2380 2184 2601 2240 Christi.
2632 2182 2789 2239 Nullo
2827 2191 3005 2238 autem
3042 2192 3403 2254 oppugnante,
3447 2198 3537 2237 nec
3565 2196 3663 2237 cer-

2124 2287 2303 2334 tamen
2349 2278 2564 2349 aliquod
2604 2277 2747 2342 erit;
2795 2286 2850 2331 et
2887 2277 3097 2331 sublato
3145 2278 3456 2341 certamine.
3495 2276 3667 2331 nullum

2124 2370 2228 2424 erit
2264 2371 2567 2439 prtemium,
2598 2368 2741 2423 nulla
2780 2369 3026 2424 victoria.
3062 2369 3274 2425 idcirco
3302 2370 3457 2440 igitur
3481 2364 3562 2422 tali
3592 2368 3663 2420 via

2123 2465 2297 2517 utitur
2328 2462 2493 2526 Deus,
2521 2469 2581 2515 ut
2608 2469 2664 2515 et
2691 2461 2921 2530 populus
2942 2461 3118 2516 adhuc
3139 2461 3311 2523 rudis,
3337 2468 3391 2515 et
3414 2458 3499 2527 qui
3524 2472 3671 2527 nuper

2132 2558 2370 2612 abstrahi
2425 2564 2667 2626 eruperat
2714 2571 2744 2609 a
2798 2554 2948 2610 cultu
3001 2555 3337 2615 daemonum,
3375 2551 3669 2608 dazmonibus

2125 2667 2231 2706 non
2260 2650 2532 2715 tradatur;
2564 2657 2621 2704 et
2662 2647 2934 2703 invocanti
2972 2662 3130 2718 mago
3169 2662 3422 2716 responsa
3449 2643 3658 2699 deferan-

2124 2752 2231 2809 tur,
2260 2751 2315 2797 et
2342 2758 2509 2814 genus
2546 2741 2846 2795 daemonum
2875 2755 2979 2795 non
3010 2739 3248 2794 nudetur
3281 2738 3475 2793 arbitrii
3513 2745 3665 2806 potes-

2125 2841 2255 2888 tate.
2298 2832 2365 2886 Et
2412 2832 2533 2887 ideo
2564 2831 2825 2901 praevenit
2872 2830 3012 2884 Deus
3051 2827 3202 2884 adire
3251 2828 3486 2890 Balaam,
3528 2833 3665 2894 atque

2126 2923 2379 2978 invocare
2422 2922 2693 2977 daemones
2736 2921 2804 2976 ad
2850 2920 3285 2975 maledicendum
3327 2918 3584 2989 prohibet,
3617 2912 3655 2968 si

2126 3022 2308 3068 tamen
2353 3028 2383 3067 a
2413 3013 2705 3083 cupiditate
2754 3018 3039 3066 ceSsasset.
3072 3010 3179 3067 Sed
3207 3013 3336 3083 quia
3363 3009 3583 3081 persistit
3615 3006 3660 3060 in

441 3108 601 3170 plura
628 3101 846 3171 quidem
872 3075 1174 3159 divinadula
1221 3075 1541 3161 nominavit.
1584 3075 1814 3160 Geutilis
1841 3113 2021 3159 autem
2051 3075 2095 3136 Ο
2132 3103 2398 3158 desiderio
2432 3075 2670 3172 pecunia:
2717 3101 3020 3173 indulgens,
3051 3103 3192 3156 Deus
3226 3102 3430 3158 arbitrii
3458 3101 3672 3155 libertate

442 3195 799 3260 consuetudo,
835 3196 920 3249 vel
950 3197 1190 3265 tripodas
1224 3196 1309 3252 vel
1356 3198 1619 3261 cortinas,
1647 3197 1731 3251 vel
1764 3196 1887 3251 aliis
1926 3197 2026 3251 hu-

444 3282 675 3351 iusmodi
704 3284 982 3340 vocabulis
1005 3285 1251 3356 appellat.
1286 3286 1416 3354 Quae
1442 3287 1593 3356 quasi
1627 3286 1695 3341 ad
1721 3288 1825 3342 hoc
1851 3287 2028 3355 ipsum

443 3382 791 3437 consecrata,
847 3375 1050 3429 moveri
1098 3374 1167 3428 ab
1217 3376 1297 3431 eis
1342 3384 1398 3430 et
1440 3376 1770 3431 contrectari
1824 3362 2025 3431 solent.

446 3462 726 3533 Scriptura
773 3464 955 3520 divina
1016 3481 1146 3521 sane
1195 3467 1371 3537 Ephot
1423 3468 1692 3537 quoddam
1738 3467 2029 3524 vernaculo

449 3567 699 3608 sermone
743 3554 986 3610 nominat
1028 3555 1080 3611 in
1127 3558 1423 3629 prophetis,
1471 3559 1613 3629 quod
1659 3559 2028 3614 indumentum

449 3645 669 3700 tradunt
703 3661 824 3702 esse
853 3648 1309 3718 prophetautium.
1354 3652 1521 3721 Igitur
1564 3652 1784 3706 Balaam
1821 3651 2031 3707 divina-

448 3733 585 3790 culis
619 3736 873 3805 acceptis,
901 3752 1026 3791 eum
1058 3738 1297 3794 solerent
1322 3740 1595 3795 daemones
1622 3741 1689 3796 ad
1730 3755 1791 3796 se
1820 3741 2027 3807 venire,

448 3823 661 3895 fugatos
687 3826 902 3896 quidem
935 3828 1206 3883 daemones
1244 3829 1421 3896 videt,
1464 3831 1557 3887 sed
1595 3830 1784 3886 adesse
1826 3829 2027 3895 Deum;

448 3922 506 3968 et
534 3914 653 3969 ideo
691 3914 822 3970 dicit
865 3916 1201 3989 interrogare
1245 3934 1303 3974 se
1338 3921 1537 3987 Deum,
1569 3922 1695 3992 quia
1740 3930 2032 3977 consuetos

448 4002 550 4057 sibi
601 4018 793 4074 parere
845 4021 1108 4075 nusquam
1163 4008 1432 4065 daemones
1476 4011 1643 4066 videt.
1693 4011 1850 4066 Venit
1903 4026 2033 4082 ergo

449 4095 563 4165 ipse
593 4094 659 4149 ad
695 4095 944 4161 Balaam,
994 4113 1100 4152 non
1152 4099 1297 4168 quod
1331 4100 1524 4171 dignus
1569 4109 1713 4157 esset
1759 4101 1826 4155 ad
1871 4117 2030 4172 quem

449 4188 665 4244 veniret
701 4188 863 4256 Deus,
895 4190 989 4246 sed
1017 4199 1076 4245 ut
1115 4192 1431 4262 fugarentur
1471 4193 1547 4248 illi
1597 4195 1691 4265 qui
1730 4194 1779 4250 ei
1825 4195 1891 4249 ad
1919 4210 2035 4249 ma-

449 4276 787 4335 ledicendum
811 4290 866 4336 et
891 4282 1029 4337 male
1060 4269 1365 4340 faciendum
1395 4286 1587 4342 adesse
1614 4296 2029 4343 consueverant.

451 4365 573 4422 Jam
604 4369 731 4424 hinc
767 4372 911 4425 enim
944 4373 1266 4442 providebat
1307 4375 1449 4431 Deus
1476 4377 1673 4447 pepqu
1717 4392 1834 4432 suo.
1865 4377 2034 4432 Adest

454 4473 602 4528 ergo,
632 4467 687 4514 et
715 4460 847 4516 dicit
883 4461 1024 4518 Deus
1054 4463 1121 4518 ad
1164 4477 1287 4518 eum
1318 4482 1330 4518 :
1365 4464 1506 4531 Quid
1550 4468 1783 4522 homines
1817 4470 1904 4522 isti
1950 4484 2033 4522 ve—

456 4562 643 4605 nerunt
686 4563 740 4607 at
767 4554 857 4608 te?
880 4555 949 4608 Et
994 4556 1128 4611 dixit
1146 4555 1383 4635 Balaam
1425 4558 1494 4612 ad
1532 4559 1698 4612 Deum
1724 4576 1742 4613 :
1773 4559 1937 4613 Balac
1974 4560 2034 4628 fi-

455 4642 557 4696 lius
603 4641 801 4715 Sephor
856 4663 949 4701 rex
998 4647 1187 4715 Moab,
1238 4650 1377 4704 misit
1414 4667 1500 4705 eos
1552 4651 1620 4704 ad
1656 4667 1769 4715 me,
1803 4651 1981 4705 dicens
2014 4664 2033 4701 :

457 4733 595 4787 Ecce
622 4735 842 4804 populus
882 4740 1033 4809 exivit
1075 4739 1141 4793 de
1183 4739 1415 4810 .Egypto
1457 4750 1503 4794 et
1545 4742 1808 4810 cooperuit
1848 4740 2035 4811 faciem

457 4833 634 4886 terra',
664 4833 711 4877 et
740 4824 824 4879 hic
861 4826 990 4880 sedit
1017 4829 1178 4897 juazta
1206 4845 1304 4883 me.
1344 4827 1467 4885 Veni
1502 4846 1625 4901 ergo
1660 4847 1797 4885 nunc
1840 4840 1889 4884 et
1925 4847 2037 4883 ma-

458 4912 591 4968 ledic
613 4930 753 4981 eum,
780 4916 825 4969 si
851 4914 984 4984 forte
1011 4919 1293 4987 poterimus
1319 4929 1583 4990 percutere
1608 4935 1728 4973 eum
1750 4928 1798 4973 et
1826 4920 2033 4989 ejicere.

459 5004 530 5059 Et
569 5004 701 5060 dixit
734 5006 987 5062 Dominus
1029 5008 1099 5063 ad
1140 4993 1367 5064 Balaam
1410 5028 1428 5064 :
1471 5008 1591 5065 Non
1644 5028 1732 5066 eas
1778 5028 1896 5065 cum
1940 5013 2037 5074 eis,

463 5113 626 5169 neque
668 5096 949 5153 maledicas
985 5098 1255 5171 populum.
1296 5100 1391 5155 Est
1420 5102 1556 5156 enim
1596 5102 1909 5157 benedictus.
1944 5102 2037 5157 Al-

464 5191 570 5246 tior
608 5189 697 5246 hic
735 5189 980 5244 exoritur
1020 5192 1277 5259 quazstio;
1310 5198 1365 5245 et
1410 5192 1593 5247 nescio
1626 5200 1808 5246 utrum
1844 5207 2041 5247 conve-

463 5281 577 5337 niat
619 5297 730 5336 rem
780 5289 888 5335 tam
936 5279 1186 5350 profundi
1226 5282 1466 5353 mysterii
1505 5284 1797 5347 denudare,
1825 5291 1879 5338 et
1915 5299 2041 5354 pro-

463 5372 606 5428 ferre
647 5372 714 5426 ad
746 5371 947 5435 turbas,
978 5381 1034 5427 et
1078 5388 1170 5427 eas
1208 5375 1412 5439 turbas,
1439 5390 1559 5445 qua:
1605 5377 1672 5430 ad
1714 5376 2041 5431 auditorium

462 5465 611 5518 verbi
646 5465 773 5529 Dei,
806 5480 911 5519 non
960 5463 1063 5519 nisi
1098 5466 1285 5535 paucis
1328 5465 1517 5520 diebus
1558 5466 1879 5530 adveniunt,
1910 5481 2042 5521 con-

466 5554 617 5610 tinuo
663 5558 974 5619 discedunt,
1024 5572 1124 5611 nec
1170 5556 1224 5610 in
1272 5558 1619 5613 meditatione
1653 5558 1801 5613 verbi
1836 5556 2042 5613 diutius

469 5645 840 5701 imumrmtur.
875 5648 1075 5702 Tamen
1113 5662 1209 5716 pro
1242 5648 1325 5702 his
1356 5649 1444 5720 qui
1475 5649 1697 5705 studiosi
1727 5655 1851 5703 sunt
1881 5656 1934 5703 et
1973 5649 2041 5704 si-

2056 4423 2110 4482 D

2132 3210 2318 3249 rursus
2344 3195 2423 3248 ire
2452 3193 2742 3264 permittit;
2774 3194 2995 3248 verbum
3028 3202 3213 3247 tamen
3245 3208 3398 3248 suum
3443 3190 3595 3260 injicit
3626 3189 3672 3242 in

2129 3299 2192 3339 os
2233 3284 2369 3354 ejus,
2399 3283 2691 3353 prohibens
2740 3283 3172 3338 maledictionem
3222 3283 3338 3338 ﬁeri
3382 3297 3473 3353 per
3501 3281 3669 3335 (teuto-

2130 3389 2249 3439 nes,
2280 3382 2339 3427 ut
2380 3374 2844 3429 benedictionibus
2890 3374 3066 3428 locum
3112 3373 3303 3439 daret,
3341 3380 3396 3429 et
3418 3386 3509 3443 pro
3537 3366 3676 3423 male-

2131 3464 2291 3521 dictis
2325 3463 2569 3534 proferrc
2597 3464 2762 3518 faciat
2793 3465 3012 3518 Balaam
3041 3464 3444 3520 benedictiones
3467 3476 3526 3515 ac
3563 3472 3668 3528 pro-

2131 3556 2370 3626 phetias,
2409 3571 2531 3625 quae
2579 3555 2788 3625 possint
2833 3556 3104 3610 azdilicare
3140 3571 3253 3610 non
3303 3554 3467 3610 solum
3507 3546 3675 3613 lsraei,

2133 3649 2227 3703 sed
2264 3656 2320 3702 et
2364 3647 2599 3716 reliquas
2640 3655 2848 3715 gentes.
2895 3645 2952 3700 Si
2991 3646 3134 3700 enim
3178 3646 3470 3716 prophetae
3511 3642 3612 3711 ejus
3649 3652 3674 3689 a

2131 3736 2313 3808 Moyse
2347 3738 2517 3792 sacris
2544 3737 2743 3791 inserta
2781 3744 2907 3791 sunt
2942 3735 3329 3801 voluminibus,
3359 3742 3549 3805 quanto
3580 3744 3674 3785 ma-

2132 3830 2214 3901 gis
2241 3830 2526 3898 descriptae
2560 3836 2685 3883 sunt
2724 3829 2790 3882 ab
2835 3828 2919 3882 his
2948 3827 3038 3897 qui
3084 3827 3405 3882 habitabant
3441 3833 3557 3878 tunc
3590 3819 3677 3873 lle-

2133 3919 2507 3989 sopotamiam,
2537 3918 2677 3987 apud
2722 3933 2857 3988 quos
2891 3916 3210 3986 magniﬁcus
3260 3916 3548 3970 habebatur
3589 3908 3673 3969 Ba:

2133 4011 2298 4077 laam,
2325 4027 2569 4082 quosque
2614 4010 2746 4065 artis
2774 4011 2891 4082 ejus
2931 4018 3144 4066 constat
3181 4007 3354 4064 fuisse
3391 3999 3679 4074 discipulos!

2132 4102 2211 4156 Ex
2238 4102 2327 4156 illa
2368 4101 2599 4171 denique
2643 4103 2817 4157 fertur
2859 4115 3137 4171 magorum
3167 4090 3342 4169 genus
3369 4107 3421 4154 et
3450 4089 3680 4150 institutio

2134 4193 2186 4247 in
2233 4192 2478 4261 partibus
2506 4190 2743 4247 Orientis
2775 4192 2958 4261 vigere
2983 4209 2996 4244 :
3024 4191 3115 4260 qui
3149 4191 3426 4260 descripta
3455 4187 3681 4242 habentes

2133 4282 2275 4352 apud
2311 4295 2369 4336 se
2410 4280 2591 4335 omnia
2634 4296 2754 4351 qua:
2803 4281 3224 4350 prophetaverat
3265 4278 3501 4340 Balaam,
3542 4272 3681 4327 etiam

2135 4371 2440 4426 habuerunt
2467 4372 2572 4425 hoc
2598 4371 2884 4440 scriptum,
2919 4370 3065 4440 quod
3095 4370 3298 4424 orietur
3322 4367 3472 4423 stella
3503 4381 3563 4420 ea:
3601 4359 3684 4414 Ια-

2135 4461 2228 4515 cob
2272 4469 2319 4514 et
2370 4470 2610 4531 exsurget
2645 4461 2799 4514 homo
2827 4460 2892 4513 de
2937 4458 3109 4514 Israel
3151 4459 3344 4529 (Num.
3374 4455 3535 4524 ΠΝ).
3578 4450 3682 4504 Haec

2135 4552 2337 4621 scripta
2395 4551 2668 4606 habebant
2715 4549 2856 4620 magi
2901 4550 3043 4619 apud
3093 4549 3446 4619 semetipsos;
3490 4553 3543 4599 et
3580 4540 3681 4595 ideo

2137 4640 2352 4711 quando
2381 4652 2540 4696 natus
2567 4650 2651 4695 est
2687 4638 2862 4704 Iesus,
2907 4648 3243 4710 agnoverunt
3288 4638 3517 4698 stellam,
3541 4639 3590 4689 et
3615 4630 3678 4683 in-

2140 4733 2461 4788 tellexerunt
2506 4730 2784 4801 adimpleri
2816 4730 3156 4801 prephetiam
3202 4729 3379 4800 magis
3411 4727 3506 4797 ipsi
3543 4734 3683 4794 quam

2140 4826 2366 4895 populus
2412 4824 2595 4886 Israel,
2625 4824 2717 4893 qui
2758 4833 3067 4879 sanctorum
3098 4824 3484 4894 prophetarum
3525 4816 3685 4872 audire

2142 4918 2306 4974 verba
2331 4916 2671 4986 contempsit.

2216 5008 2520 5079 Reversique
2572 5008 2829 5078 principes
2872 5008 3117 5063 dixerunt
3167 5007 3236 5060 ad
3276 5004 3443 5059 Balac
3480 4996 3687 5058 :Noluit

2145 5099 2367 5155 Balaam
2414 5099 2586 5153 venire
2622 5098 2909 5152 uobiscum.
2948 5097 3177 5151 Rursum
3205 5095 3295 5150 ille
3342 5093 3504 5148 multa
3538 5088 3688 5160 plures

2144 5199 2191 5241 et
2230 5184 2524 5247 nobiliores,
2551 5203 2707 5257 quam
2744 5196 2865 5240 ante
2903 5186 3134 5250 miserat,
3165 5186 3324 5238 misit.
3357 5182 3459 5247 Qui
3492 5193 3600 5233 cum
3624 5189 3691 5226 ve-

2148 5281 2338 5333 nissent
2369 5277 2438 5330 ad
2487 5276 2706 5331 Balaam
2742 5277 2986 5330 dixerunt
3021 5292 3038 5329 :
3070 5274 3159 5329 Sic
3202 5275 3327 5327 dicit
3370 5269 3532 5326 Balac
3569 5263 3690 5334 ﬁlius

2150 5369 2351 5441 Sephor
2383 5385 2402 5423 :
2433 5366 2515 5422 Ne
2551 5369 2810 5422 cuncteris
2857 5367 3027 5421 venire
3062 5369 3132 5419 ad
3173 5381 3251 5418 me
3285 5375 3305 5414 :
3345 5369 3558 5432 paratus
3592 5367 3690 5408 sunt

2146 5462 2403 5516 honorare
2429 5470 2499 5525 te,
2529 5469 2578 5514 et
2609 5459 2865 5531 quidquid
2901 5457 3125 5512 volueris
3155 5457 3299 5510 dare.
3351 5452 3479 5507 Veni
3516 5456 3561 5503 et
3596 5458 3694 5500 nta-

2147 5553 2277 5608 ledic
2304 5551 2494 5624 populo
2522 5552 2626 5605 isti.
2661 5548 2943 5619 Respondit
2971 5546 3231 5601 Balaam:
3260 5542 3322 5599 Si
3356 5540 3553 5596 dederit
3586 5532 3696 5589 milli

2146 5644 2310 5700 Βαίας
2345 5645 2549 5715 plenam
2583 5643 2792 5697 domum
2829 5658 2978 5697 suam
3017 5640 3218 5710 argenti
3248 5647 3294 5691 et
3324 5636 3465 5703 auri,
3494 5646 3589 5689 non
3610 5637 3695 5700 po-
