3932 6188
267 338 377 396 7'29

949 331 1480 388 EL‘iARBATIONES
1520 332 1586 385 ΙΝ
1632 327 1890 385 LIBRUM
1925 327 2385 387 NUMEBORUM.
2423 362 2491 373 ——
2528 333 2655 387 LIB.
2696 333 2780 388 III.

3424 335 3533 391 730

271 458 385 502 tero
412 447 689 500 immutare
726 442 934 495 verbum
982 440 1190 495 Domini
1238 440 1331 494 Dei
1374 440 1504 504 mei,
1536 449 1590 492 ut
1625 437 1698 491 vel
1731 435 1849 506 plus
1876 438 1928 497 Α
1952 437 2107 497 enim,
2146 448 2381 492 scrutare
2421 438 2742 509 Scripturas,
2782 454 2831 496 et
2865 443 2975 496 vide
3015 460 3139 515 quia
3175 446 3422 514 propheta
3464 449 3529 501 de

268 538 352 592 vel
383 537 555 589 minus
581 532 787 603 loquar,
812 541 915 586 etc.
950 531 1167 585 Balaam
1206 531 1296 586 hic
1336 540 1394 585 ut
1437 530 1683 599 superius
1713 527 1848 581 dixi-

270 642 419 691 mus,
460 624 675 680 divinus
703 630 853 686 erat,
886 623 1184 675 daemonum
1225 620 1429 676 scilicet
1462 618 1764 674 ministerio
1795 624 1853 671 et

268 729 394 771 arte
434 715 661 785 magica,
693 729 799 767 non
835 726 1107 780 nunquam
1143 709 1317 764 futura
1350 704 1708 778 prtenoscens.
1741 706 1851 760 Bo-

268 814 438 877 gatur
464 820 494 859 a
535 803 694 857 Balac
738 816 862 871 rege
890 802 954 853 ad
1006 800 1431 855 maledicendum
1475 798 1727 868 populum
1769 796 1847 849 Is-

243 887 414 950 rael.
447 894 628 965 Legati
656 892 895 955 veniunt,
926 898 1073 945 stant
1102 890 1340 944 attonita:
1369 900 1573 959 gentes,
1603 895 1659 941 et
1690 886 1850 940 anxie

269 992 673 1054 exspectantes,
704 981 834 1051 quid
864 980 1181 1049 respondeat
1224 980 1468 1041 Balaam,
1499 979 1566 1032 de
1594 993 1701 1048 quo
1731 991 1853 1047 per-

272 1091 498 1133 suasum
546 1074 838 1136 habebant,
878 1072 1019 1140 quod
1048 1070 1240 1141 dignus
1274 1069 1469 1124 divinis
1497 1067 1726 1136 eloquiis
1754 1066 1851 1119 ha-

270 1167 517 1222 beretur.
559 1165 694 1220 Vide
731 1162 999 1233 quomodo
1024 1175 1167 1216 nunc
1199 1158 1461 1229 sapientia
1495 1158 1589 1212 Dei
1637 1172 1730 1212 vas
1779 1156 1850 1209 is-

272 1257 373 1311 tud
403 1255 474 1309 ad
498 1252 879 1309 contumeliam
905 1257 1263 1320 praeparatum
1282 1290 1297 1314 ,
1332 1247 1593 1318 prolicere
1624 1245 1754 1301 facit
1781 1245 1849 1299 ad

273 1345 565 1401 utilitatem
610 1359 716 1397 non
760 1341 931 1396 solum
960 1340 1133 1411 gentis
1164 1339 1343 1404 unius,
1374 1337 1469 1392 sed
1514 1351 1650 1407 pene
1687 1336 1850 1389 totius

272 1436 486 1490 numdi.
511 1434 579 1488 Et
604 1433 731 1488 huic
753 1432 839 1487 cui
864 1430 1107 1486 solebant
1128 1429 1297 1484 videri
1323 1430 1617 1492 daemones,
1639 1427 1855 1481 videtur

273 1528 423 1582 Deus
441 1525 736 1594 prohibens
755 1522 881 1577 mali
904 1522 1084 1592 operis
1104 1521 1226 1576 iter.
1244 1519 1590 1589 Obstupescit
1610 1518 1849 1582 Balaam,

273 1626 333 1672 et
366 1618 596 1671 miratur
628 1613 964 1684 prohibentis
992 1612 1388 1667 auctoritatem.
1431 1609 1545 1664 Non
1582 1610 1727 1664 enim
1767 1624 1855 1663 so-

274 1708 426 1762 lebat
461 1706 794 1761 daemonibus
818 1703 1121 1774 displicere,
1151 1701 1489 1756 sed'interim
1523 1698 1747 1754 remittit
1778 1698 1852 1751 le-

1951 524 2175 580 Galilwa
2202 543 2305 581 non
2334 529 2497 598 surgit
2529 520 2711 598 (Joan.
2742 530 2814 600 v).
2844 532 2910 585 Et
2938 533 3130 586 iterum
3161 534 3345 588 dicunt
3373 555 3386 588 :
3418 536 3530 592 Nos

1950 613 2112 683 legem
2141 615 2408 681 habemus,
2448 629 2495 671 et
2527 620 2810 673 secundum
2839 620 2997 691 legem
3028 623 3172 676 debet
3220 626 3351 678 mori
3369 668 3380 687 ,
3411 627 3531 695 quia

1952 708 2153 766 Filium
2185 710 2280 765 Dei
2316 731 2370 766 se
2403 713 2523 782 fecit
2551 713 2731 786 (Joan.
2758 716 2892 786 xix).
2926 717 3028 772 Per
3056 733 3175 785 quae
3218 718 3424 789 singula
3446 720 3531 773 vi-

1952 802 2148 857 dentur
2183 804 2396 873 quidem
2442 803 2645 858 Scrihze
2690 814 2744 860 et
2788 806 3043 861 Pharisaei
3087 807 3260 861 zelum
3309 808 3399 861 Dei
3434 809 3534 864 ba-

1952 894 2101 957 bere,
2133 894 2227 948 sed
2260 892 2588 947 simulatum.
2631 895 2796 948 Asina
2848 911 2997 959 vero,
3031 896 3117 949 cui
3163 896 3386 950 sedebat
3426 895 3531 949 Ba-

1952 985 2111 1049 laam,
2141 985 2405 1052 quomodo
2432 984 2709 1053 Scriptura
2735 985 2866 1039 dicit
2894 1004 2907 1040 :
2940 985 3189 1039 Homines
3216 996 3263 1040 et
3282 988 3529 1057 jumenta

1951 1076 2120 1129 salvos
2153 1075 2332 1143 facies,
2376 1075 2593 1130 Domine
2631 1076 2801 1149 (Psal.
2830 1077 3014 1150 xxxv),
3043 1086 3099 1132 et
3136 1094 3260 1147 pars
3308 1078 3534 1132 creden-

1955 1164 2087 1218 tium
2136 1172 2313 1233 potest
2358 1164 2589 1236 intelligi
2632 1184 2645 1218 :
2688 1181 2805 1235 quae
2843 1168 2956 1221 sive
2992 1182 3092 1235 pro
3130 1168 3381 1231 stultitia,
3420 1168 3536 1223 sive

1952 1270 2050 1324 pro
2081 1255 2419 1319 innocentia,
2471 1256 2793 1311 animalibus
2826 1267 3192 1327 comparatur.
3247 1258 3338 1312 Sic
3386 1257 3533 1311 enim

1953 1355 2010 1400 et
2031 1345 2318 1415 Apostolus
2337 1346 2469 1401 dicit
2495 1365 2508 1400 :
2548 1345 2726 1401 Videte
2748 1359 2920 1402 autem
2944 1351 3261 1404 vocationem
3289 1359 3532 1414 vestram,

1954 1436 2164 1505 fratres,
2191 1435 2314 1505 quia
2350 1452 2451 1488 non
2481 1435 2632 1489 multi
2658 1438 2794 1490 inter
2826 1456 2912 1491 vos
2944 1440 3217 1509 sapientes,
3256 1456 3359 1492 non
3384 1438 3537 1492 multi

1955 1524 2192 1577 nobiles:
2223 1525 2313 1579 sed
2338 1542 2454 1596 qua:
2499 1526 2674 1579 stulta‘
2700 1538 2820 1581 sunt
2852 1530 3053 1592 mundi,
3097 1529 3243 1599 elegit
3284 1529 3446 1592 Deus,
3478 1538 3535 1582 ut

1955 1614 2240 1683 confundat
2278 1619 2535 1686 sapientes
2572 1617 2622 1689 (Ι
2651 1618 2772 1672 Cor.
2806 1620 2865 1689 1).
2912 1621 3007 1675 Isti
3036 1638 3163 1691 ergo
3208 1623 3362 1686 tales,
3395 1622 3536 1676 sicut

1955 1706 2296 1775 evangelica,
2335 1722 2454 1777 quae
2499 1710 2552 1762 in
2602 1711 2870 1779 parabolis
2901 1715 3160 1784 agebant,
3207 1722 3355 1783 gesta
3393 1711 3535 1766 desi-

275 1806 455 1868 gatos,
479 1797 665 1852 dicens
687 1810 792 1851 non
818 1809 877 1850 se
902 1809 1060 1864 posse
1087 1792 1286 1856 facere,
1315 1792 1416 1847 nisi
1448 1789 1852 1859 verbum,quod
1881 1798 1929 1857 Β
1956 1803 2142 1863 gnant,
2184 1796 2252 1851 ab
2281 1797 2402 1851 istis
2443 1799 2696 1868 pessimis
2726 1799 2969 1856 Dominis
2999 1801 3206 1856 Scribis
3245 1817 3306 1856 ac
3352 1800 3542 1855 Phari-

274 1889 425 1944 Deus
470 1889 678 1944 dederit
720 1889 776 1943 in
818 1902 915 1942 ore
959 1886 1094 1956 ejus.
1132 1884 1380 1939 Redeunt
1426 1898 1615 1937 rursus
1656 1881 1852 1951 legati,

276 1980 480 2035 iterum
522 1979 767 2049 requirit,
800 1979 993 2033 iterum
1032 1976 1289 2031 molestus
1317 1985 1432 2040 est,
1471 1974 1665 2027 iterum
1710 1974 1857 2043 cupit

277 2071 490 2127 audire.
516 2070 634 2125 Non
671 2071 814 2125 enim
850 2068 1006 2123 facile
1049 2067 1295 2137 cupidus,
1326 2064 1482 2121 facile
1517 2064 1855 2121 mercedibus

279 2171 454 2218 caret.
482 2161 621 2230 Quid
644 2176 774 2232 ergo
812 2160 962 2215 audit
988 2159 1222 2214 secundo
1242 2172 1277 2211 'a
1309 2157 1455 2211 Deo?
1481 2156 1539 2212 Si
1566 2173 1749 2211 vocare
1782 2165 1852 2221 te,

278 2252 479 2322 inquit,
509 2260 752 2307 venerunt
780 2251 1012 2304 homines
1047 2250 1164 2313 isti,
1200 2265 1353 2319 surge
1379 2257 1427 2301 et
1456 2247 1585 2302 vade
1614 2263 1730 2300 cum
1758 2246 1854 2299 eis.

280 2343 338 2399 In
363 2359 476 2413 quo
497 2342 758 2398 voluntati
786 2342 1002 2412 quidem
1030 2341 1344 2411 cupiditatis
1371 2338 1487 2409 ejus
1515 2340 1660 2395 cedit
1689 2338 1852 2403 Deus,

281 2442 344 2488 ut
374 2433 711 2503 compleatur
754 2432 883 2486 illud
911 2430 1052 2500 quod
1097 2431 1358 2501 scriptum
1385 2438 1470 2486 est
1503 2445 1518 2483 :
1550 2429 1743 2483 Dimisi
1770 2445 1855 2481 eos

280 2526 341 2580 in
374 2523 637 2579 desideria
662 2524 835 2578 cordis
866 2539 1045 2577 eorum
1069 2536 1087 2574 :
1116 2523 1261 2576 ibunt
1290 2522 1344 2576 in
1375 2520 1718 2591 voluptatibus
1746 2521 1855 2574 suis

285 2615 460 2686 (Psal.
490 2615 674 2688 Lux).
703 2615 810 2671 Sed
859 2624 1037 2670 tamen
1066 2615 1349 2670 consilium
1393 2615 1589 2669 divina:
1639 2613 1859 2682 dispen-

286 2707 516 2762 sationis
550 2706 816 2775 expletur.
864 2707 1071 2761 Dicitur
1113 2706 1257 2761 enim
1304 2705 1372 2759 ad
1418 2721 1540 2759 eum
1580 2722 1593 2757 :
1638 2702 1856 2757 Verbum

285 2795 425 2865 quod
453 2795 642 2849 dedero
667 2796 721 2849 in
742 2812 830 2849 ore
847 2806 959 2861 tuo,
979 2796 1075 2849 hoc
1099 2795 1344 2866 loqueris.
1372 2793 1430 2849 Si
1454 2794 1647 2863 dignus
1669 2791 1860 2847 fuisset

286 2886 526 2951 Balaam,
551 2888 774 2941 verbum
802 2901 958 2941 suum
994 2887 1136 2941 Deus
1165 2900 1270 2940 non
1300 2886 1351 2939 in
1377 2898 1472 2939 ore
1514 2882 1649 2953 ejus,
1680 2883 1772 2937 sed
1805 2882 1859 2935 in

287 2978 452 3033 corde
475 2977 762 3048 posuisset.
801 2977 954 3032 Hunc
980 2987 1160 3032 autem
1187 2977 1442 3047 quoniam
1472 2977 1523 3030 in
1555 2974 1716 3030 corde
1744 2972 1862 3042 ejus

289 3070 620 3126 desiderium
667 3071 935 3126 mercedis
982 3078 1138 3133 erat,
1183 3080 1237 3125 et
1282 3069 1547 3138 cupiditas
1596 3067 1857 3137 pecuniae,

287 3161 515 3216 verbum
552 3159 647 3215 Dei
688 3175 797 3214 non
827 3160 881 3214 in
915 3161 1101 3221 corde,
1129 3158 1223 3214 sed
1255 3160 1308 3213 in
1337 3172 1431 3212 ore
1459 3158 1577 3228 ejus
1617 3157 1856 3226 ponitur.
1888 3140 1932 3202 C

287 3248 565 3321 Agebatur
607 3249 750 3304 enim
776 3250 912 3303 mira
940 3257 995 3303 et
1023 3264 1214 3320 magna
1243 3248 1597 3319 dispensatio,
1628 3255 1686 3300 ut
1729 3260 1863 3316 quo-

287 3342 438 3398 niam
480 3342 860 3412 prophetarum
892 3342 1134 3407 verbum,
1162 3343 1253 3411 qui
1296 3342 1437 3395 intra
1476 3341 1652 3395 aulam
1684 3340 1861 3394 conti-

289 3434 560 3489 nebantur
601 3432 971 3497 lsraeliticam,
1000 3431 1067 3486 ad
1107 3440 1293 3501 gentes
1321 3431 1602 3499 pervenire
1625 3444 1732 3483 non
1768 3444 1865 3498 po-

290 3528 495 3586 terant,
523 3537 622 3591 per
647 3520 881 3585 Balaam,
924 3520 1010 3574 cui
1040 3519 1173 3574 ﬁdes
1202 3520 1270 3573 ab
1301 3518 1570 3572 universis
1612 3517 1866 3587 gentibus

293 3611 617 3675 habebatur,
664 3611 1065 3666 innotescerent
1094 3609 1256 3665 etiam
1302 3608 1612 3662 nationibus
1658 3612 1865 3661 secreta

291 3702 361 3756 de
396 3700 612 3756 Christo
642 3701 916 3771 mysteria,
946 3708 1002 3754 et
1036 3699 1343 3753 thesaurum
1374 3710 1628 3765 magnum
1660 3693 1867 3763 profer-

294 3800 380 3847 ret
410 3793 477 3846 ad
505 3800 714 3862 gentes,
744 3807 848 3846 non
881 3799 990 3845 tam
1031 3790 1194 3845 corde
1222 3796 1277 3842 et
1302 3802 1462 3842 sensu
1504 3801 1666 3855 quam
1692 3799 1785 3838 ore
1814 3792 1869 3838 et

293 3898 545 3939 sermone
576 3891 869 3953 portatum.
904 3882 1009 3937 Sed
1043 3896 1112 3935 ne
1145 3895 1241 3950 per
1270 3876 1480 3948 singula
1518 3878 1870 3931 immoremur

296 3974 425 4043 (non
452 3973 596 4028 enim
626 3980 834 4041 tempus
856 3980 941 4027 est
966 3978 1154 4026 cuncta
1181 3967 1449 4039 dissolvi),
1476 3982 1691 4021 ascensa
1719 3966 1870 4018 asina

295 4077 419 4125 sua,
442 4059 668 4114 Balaam
692 4060 799 4114 ibat
832 4075 924 4130 per
954 4059 1112 4112 viam.
1141 4056 1382 4110 Occurrit
1418 4055 1465 4109 ei
1496 4053 1731 4125 angelus.
1777 4051 1871 4106 Ille

298 4153 416 4207 sine
452 4152 616 4207 dubio
640 4151 732 4221 qui
775 4152 962 4205 aderat
993 4148 1116 4202 [iliis
1152 4147 1339 4211 Israel,
1369 4146 1544 4215 aperit
1573 4160 1635 4200 os
1676 4144 1864 4208 asiam,

300 4251 360 4299 ut
384 4250 642 4314 arguatur
660 4258 758 4312 per
777 4256 898 4296 eam
927 4239 1141 4293 Balaam
1164 4245 1216 4293 et
1241 4237 1372 4291 muti
1402 4235 1623 4305 pecudis
1646 4233 1871 4288 vocibus

298 4333 610 4390 confutetur
638 4333 684 4388 is
717 4332 810 4402 qui
838 4330 1052 4386 divinus
1079 4329 1363 4384 videbatur
1405 4335 1461 4381 et
1504 4326 1736 4395 sapiens.
1767 4323 1872 4378 Ve-

300 4437 422 4479 rum
450 4431 574 4493 post
600 4422 719 4476 brec
746 4419 1074 4477 conveniens
1108 4417 1223 4487 jam
1249 4418 1462 4473 videtur
1495 4416 1673 4486 aliqua
1705 4414 1870 4468 etiam

300 4515 371 4570 de
407 4512 665 4583 allegoria
693 4510 1023 4580 contingere.
1066 4508 1283 4562 Balaam
1314 4507 1421 4564 hic.
1461 4505 1553 4574 qui
1600 4505 1870 4574 interpre-

301 4614 451 4660 tatur
477 4601 701 4673 populus
727 4617 910 4666 vanus,
939 4599 1155 4655 videtur
1189 4598 1317 4652 mihi
1350 4595 1551 4651 habere
1584 4608 1873 4665 personam

303 4694 621 4750 Scribarum
666 4699 723 4746 et
768 4691 1163 4746 Pharisaeorum
1204 4686 1415 4742 Judaici
1460 4685 1664 4755 populi.
1714 4684 1873 4739 Balac

302 4799 468 4849 vero,
511 4782 604 4852 qui
651 4780 880 4836 exclusio
934 4779 1018 4836 vel
1059 4778 1323 4833 devoratio
1371 4777 1781 4845 interpretatur,
1821 4783 1879 4830 et

304 4875 423 4944 ipse
468 4886 755 4941 personam
800 4870 999 4926 habere
1044 4862 1422 4937 intelligendus
1461 4872 1546 4920 est
1584 4864 1747 4918 unius
1788 4863 1881 4917 ali-

306 4960 463 5030 cujus
490 4959 811 5030 spiritalium
847 4957 1031 5013 mundi
1059 4956 1217 5027 hujus
1245 4955 1530 5010 contrariae
1572 4953 1877 5025 potestatis,

307 5067 420 5124 quo
451 5050 739 5106 excludere
776 5054 832 5103 et
875 5049 1136 5103 devorare
1168 5045 1352 5114 cupiat
1393 5042 1581 5110 Israel,
1611 5058 1719 5098 non
1756 5056 1881 5097 eum

310 5144 403 5216 qui
449 5142 743 5199 secundum
771 5154 989 5196 carnem
1016 5146 1120 5205 est,
1151 5138 1247 5193 sed
1280 5152 1404 5193 eum
1445 5137 1538 5206 qui
1585 5137 1882 5194 secundum

312 5238 585 5308 spiritum.
613 5234 813 5290 Volens
836 5248 966 5305 ergo
994 5240 1234 5304 potestas
1257 5230 1346 5287 illa
1376 5233 1649 5287 contraria
1677 5231 1881 5297 delere,

311 5339 367 5384 et
402 5327 621 5398 penitus
655 5325 924 5394 exstingui
967 5323 1261 5392 spiritalem
1289 5322 1470 5384 Israel,
1501 5338 1607 5377 non
1634 5323 1756 5378 aliis
1781 5324 1885 5378 uti-

314 5431 405 5474 tur
437 5417 725 5481 ministris,
754 5416 855 5470 nisi
884 5415 1230 5484 pontiﬁcibus
1267 5422 1322 5468 et
1357 5413 1562 5469 Scribis
1595 5428 1660 5468 ac
1701 5413 1888 5468 Phari-

312 5508 459 5565 steis.
489 5507 639 5575 Ipsos
670 5506 885 5569 invitat,
917 5506 1044 5574 ipsis
1069 5506 1347 5561 mercedes
1372 5504 1638 5573 promittit
1666 5513 1718 5560 et
1749 5520 1889 5574 pra:-

317 5599 446 5654 mia.
491 5596 569 5651 Illi
610 5612 735 5651 vero
766 5597 906 5651 sicut
939 5596 1040 5650 iste
1090 5596 1303 5649 Balaam
1344 5593 1504 5660 facit,
1547 5594 1803 5649 simulant
1830 5612 1889 5652 se

321 5697 519 5745 cuncta
549 5689 615 5743 ad
657 5690 822 5753 Deum
852 5688 1073 5756 referre,
1114 5697 1167 5743 et
1209 5688 1323 5744 zelo
1354 5688 1445 5743 Dei
1487 5703 1662 5758 agerc.
1700 5687 1888 5745 Dicunt

1895 4476 1949 4535 D

1960 1888 2082 1942 saeis
2109 1887 2337 1956 subjecti
2368 1891 2765 1960 quodammodo
2794 1894 3116 1947 tenebantur
3142 1901 3196 1948 et
3225 1893 3411 1956 vincti,
3441 1889 3538 1945 sed

1959 1996 1989 2035 a
2016 1980 2245 2036 Domino
2285 1982 2589 2048 solvuntur,
2622 1999 2729 2038 non
2772 1985 2989 2053 quidem
3028 2000 3126 2054 per
3155 1985 3327 2054 ipsum
3364 1982 3543 2036 Domi-

1957 2089 2110 2137 num,
2149 2073 2243 2127 sed
2275 2087 2373 2141 per
2400 2073 2707 2143 discipulos.
2738 2074 2878 2128 Dicit
2905 2074 3047 2129 enim
3079 2074 3188 2143 ipse
3216 2073 3281 2126 ad
3312 2071 3542 2140 discipu-

1956 2162 2037 2216 los
2062 2180 2075 2214 :
2106 2160 2187 2215 Ite
2217 2162 2269 2215 in
2307 2161 2473 2214 vicum
2503 2162 2592 2231 qui
2617 2171 2693 2214 est
2723 2172 2901 2215 contra
2930 2179 3035 2225 vos,
3062 2172 3107 2213 et
3138 2160 3406 2213 invenietis
3434 2160 3543 2212 nsi-

1957 2268 2079 2305 nam
2123 2251 2426 2321 alligatam,
2464 2260 2511 2304 et
2544 2250 2746 2320 pullum
2791 2252 2925 2321 ejus.
2972 2250 3162 2305 Solvite
3202 2259 3250 2302 et
3294 2248 3542 2302 adducite

1957 2343 2171 2414 (Matth.
2196 2344 2350 2412 xxii).
2383 2343 2533 2397 Sicut
2569 2358 2698 2414 ergo
2735 2343 2789 2397 in
2828 2343 3117 2412 Evangelio
3155 2358 3260 2397 non
3297 2342 3414 2411 ipse
3443 2343 3521 2396 Do

1958 2434 2156 2497 minus,
2197 2434 2293 2488 sed
2320 2434 2567 2503 discipuli
2599 2433 2812 2487 solvunt
2838 2433 3068 2498 asinam,
3104 2434 3174 2486 ita
3202 2440 3255 2485 et
3286 2432 3395 2497 hic,
3433 2445 3543 2485 non

1960 2539 1989 2577 a
2020 2525 2130 2578 Deo
2159 2524 2295 2593 ipso,
2326 2524 2419 2577 sed
2450 2525 2516 2577 ab
2541 2523 2730 2593 angelo
2757 2524 2875 2593 ipso
2906 2524 3146 2594 aperitur
3170 2539 3231 2577 os
3258 2523 3442 2576 asinae.
3476 2521 3544 2576 Et

1958 2615 2100 2669 sicut
2126 2615 2179 2668 in
2197 2614 2524 2684 Evangeliis,
2557 2614 2647 2683 qui
2675 2629 2782 2667 non
2813 2614 2995 2668 vident
3024 2621 3254 2683 arguunt
3279 2613 3544 2675 videntes,

1959 2705 2034 2758 ita
2075 2713 2129 2759 et
2157 2705 2245 2759 hic
2275 2706 2366 2775 qui
2403 2705 2537 2758 muti
2568 2712 2723 2757 erant
2758 2712 2990 2775 arguunt
3018 2703 3313 2772 loquentes.
3345 2703 3408 2757 Et
3441 2703 3543 2756 hoc

1960 2803 2041 2849 est
2074 2796 2217 2864 quod
2246 2796 2460 2850 dicebat
2502 2795 2761 2848 Dominus
2802 2812 2814 2847 :
2847 2793 3027 2859 Pater,
3055 2796 3255 2863 gratias
3292 2810 3390 2864 ago
3426 2793 3543 2857 tibi,

1959 2886 2207 2956 quoniam
2247 2885 2565 2938 abscondisti
2608 2885 2720 2937 hate
2759 2902 2790 2937 a
2839 2883 3178 2954 sapientibus,
3210 2893 3258 2937 et
3304 2882 3543 2937 revelasti

1962 2992 2023 3029 ea
2070 2973 2301 3045 parvulis
2343 2973 2559 3046 (Matth.
2607 2975 2697 3046 χ).
2745 2971 2950 3034 Scriba:
2998 2974 3160 3044 igitur
3192 2983 3248 3027 et
3286 2972 3545 3029 Pharisaei

1965 3075 2118 3121 erant
2147 3067 2239 3136 qui
2275 3067 2537 3120 sedebant
2564 3082 2728 3136 super
2755 3067 2962 3120 asinam
2998 3067 3158 3130 hanc,
3190 3074 3243 3120 et
3289 3065 3548 3120 tenebant

1964 3173 2084 3212 eam
2111 3159 2365 3211 vinctam.
2394 3158 2529 3226 Ipsis
2559 3173 2686 3227 ergo
2713 3158 2967 3211 irascitur
2990 3166 3045 3211 et
3071 3157 3325 3228 angelus;
3358 3165 3413 3211 et
3442 3157 3546 3211 nisi

1964 3248 2195 3317 quodam
2233 3246 2535 3299 futurorum
2563 3255 2870 3315 prospectu,
2900 3247 3019 3301 illos
3044 3248 3262 3317 quidem
3289 3249 3550 3318 peremis-

1963 3347 2077 3403 set,
2108 3339 2314 3392 asinam
2364 3348 2545 3391 autem
2593 3346 2893 3403 servasset;
2924 3353 3042 3406 qua:
3073 3338 3208 3392 vidit
3233 3346 3287 3392 et
3317 3337 3548 3392 reverita

1964 3437 2047 3486 est
2071 3445 2215 3494 eum,
2243 3428 2334 3497 qui
2374 3428 2521 3483 venit
2559 3428 2626 3481 ad
2662 3428 2896 3492 vincam,
2929 3436 2983 3483 et
3009 3437 3117 3482 stat
3144 3428 3284 3483 inter
3326 3428 3546 3493 vineas;

1965 3519 2285 3588 compressit
2320 3526 2500 3571 tamen
2532 3518 2696 3585 pedes
2727 3518 2962 3571 sedentis
2998 3532 3161 3585 super
3193 3531 3251 3571 se
3278 3518 3332 3571 in
3363 3532 3548 3572 mace-

1965 3612 2126 3673 riam,
2152 3617 2207 3662 et
2248 3608 2370 3661 ideo
2403 3622 2506 3660 non
2556 3614 2731 3674 potest
2761 3605 3038 3659 ambulare
3082 3606 3173 3659 ille
3220 3606 3336 3674 ejus
3367 3620 3552 3660 sessor

1966 3699 2238 3768 antiquus,
2269 3711 2370 3750 nec
2420 3696 2608 3749 venire
2653 3694 2719 3748 ad
2748 3710 2891 3755 eum,
2923 3695 3013 3763 qui
3055 3695 3225 3748 dicit:
3274 3692 3453 3748 Venite
3481 3695 3551 3749 ad

1966 3806 2070 3855 me,
2107 3803 2284 3841 omnes
2318 3786 2406 3856 qui
2436 3784 2684 3838 laboratis
2713 3794 2761 3837 et
2796 3785 2997 3837 onerati
3023 3786 3165 3848 estis,
3190 3791 3296 3837 etc.
3331 3783 3549 3855 (Matth.

1967 3879 2069 3951 xx).
2098 3879 2262 3933 Asina
2295 3886 2472 3931 tamen
2502 3878 2651 3931 venit
2691 3877 2922 3931 adliucta
2954 3894 2985 3931 a
3024 3877 3335 3948 discipulis;
3372 3885 3429 3933 et
3458 3874 3547 3932 cui

1971 3981 2098 4026 tunc
2123 3970 2344 4026 sedebat
2371 3968 2587 4022 Balaam
2623 3969 2888 4024 mercedis
2917 3969 3162 4039 cupidus,
3196 3984 3339 4024 nuiic
3371 3969 3422 4024 ei
3466 3983 3553 4024 se-

1970 4061 2061 4116 det
2092 4061 2251 4115 Deus.
2285 4057 2397 4113 Nec
2425 4058 2661 4123 mireris,
2709 4057 2752 4112 si
2786 4074 2908 4113 cum
2948 4074 3110 4128 quem
3156 4058 3390 4113 diximus
3420 4058 3554 4112 scri-

1970 4151 2161 4205 barum
2210 4156 2265 4203 et
2304 4149 2585 4203 doctorum
2616 4148 2797 4218 populi
2846 4147 3075 4203 formam
3126 4157 3331 4213 tenere,
3365 4148 3553 4201 videas

1971 4242 2383 4312 prophetantem
2411 4240 2476 4295 de
2501 4238 2738 4294 Christo.
2773 4240 2886 4295 Hoc
2910 4241 3054 4294 enim
3102 4239 3295 4294 fecisse
3324 4238 3554 4308 legimus

1972 4341 2027 4387 et
2053 4320 2336 4401 Caipham,
2374 4329 2463 4399 qui
2495 4329 2668 4382 dixit:
2701 4329 2923 4400 Expedit
2967 4330 3107 4384 vobis
3138 4339 3191 4382 ut
3222 4345 3357 4381 unus
3396 4328 3550 4381 homo

1972 4431 2146 4493 pereat
2178 4438 2272 4492 pro
2318 4422 2457 4474 omni
2494 4418 2683 4490 populo
2730 4420 2910 4491 (Joan.
2936 4420 3033 4490 x1).
3062 4419 3166 4473 Sed
3196 4421 3323 4485 hoc,
3355 4418 3551 4489 inquit,

1973 4514 2098 4586 quia
2143 4522 2253 4568 erat
2304 4512 2539 4582 pontifex
2589 4512 2715 4564 anni
2754 4510 2919 4576 illius,
2959 4511 3276 4582 prophetarit
3327 4511 3548 4566 dicens:

1973 4604 2322 4675 Prophetavit
2370 4619 2499 4674 ergo
2549 4610 2604 4657 et
2650 4603 2870 4656 Balaam
2920 4605 2986 4658 de
3033 4602 3269 4657 Christo.
3320 4602 3387 4656 Et
3436 4603 3556 4658 ideo

1975 4713 2134 4753 nemo
2165 4694 2457 4751 extollatur
2490 4693 2654 4747 etiam
2687 4694 2730 4747 si
2773 4694 3085 4763 prophetet,
3132 4693 3295 4746 etiam
3337 4693 3382 4747 si
3420 4710 3559 4763 prai—

1976 4788 2258 4844 scientiam
2284 4793 2571 4846 mereatur,
2607 4784 2701 4838 sed
2732 4783 2919 4837 redeat
2946 4783 3013 4837 ad
3041 4782 3285 4851 Apos:oli
3328 4784 3555 4848 dictum,

1975 4892 2081 4947 quo
2120 4877 2187 4929 ad
2227 4876 2330 4929 ista
2376 4872 2671 4943 respiciens
2716 4872 2792 4924 ait
2834 4889 2846 4924 :
2883 4870 3002 4926 Sive
3047 4873 3329 4942 praphetia:
3379 4872 3555 4926 abole-

1983 4968 2193 5031 bantur,
2218 4966 2324 5020 sive
2344 4963 2536 5034 lingua:
2559 4961 2851 5025 cessabunt,
2876 4961 2980 5015 sive
3004 4962 3220 5015 scientia
3241 4961 3555 5015 destruetur.

1984 5058 2052 5112 Et
2079 5057 2206 5128 quid
2244 5064 2323 5111 est
2343 5072 2463 5125 ergo
2493 5054 2632 5126 quod
2663 5053 2875 5107 manet?
2902 5052 3083 5118 Fides,
3109 5054 3304 5124 inquit,
3334 5064 3381 5105 et
3421 5069 3559 5121 spes,

1984 5161 2032 5207 et
2060 5150 2307 5204 charitas.
2341 5130 2518 5217 Major
2539 5156 2710 5200 autem
2744 5145 2930 5199 horum
2953 5155 3027 5199 est
3050 5147 3300 5200 charitas.
3333 5143 3401 5196 Et
3424 5143 3558 5203 sola,

1987 5241 2192 5311 inquit,
2219 5239 2447 5294 charitas
2489 5247 2563 5291 est
2599 5254 2716 5307 qua:
2753 5253 3019 5307 nunquam
3048 5237 3221 5298 cadit;
3250 5235 3363 5286 ideo
3405 5249 3560 5300 super

1991 5331 2334 5402 prophetiam,
2368 5344 2524 5398 super
2560 5327 2850 5389 scientiam,
2878 5343 3033 5396 super
3064 5326 3249 5393 ﬁdem,
3296 5338 3451 5390 super
3485 5322 3557 5389 ip—

1993 5439 2107 5476 sum
2135 5422 2290 5475 etiam
2325 5420 2654 5488 martyrium,
2689 5426 2747 5471 ut
2778 5415 2973 5471 Paulus
3007 5417 3179 5475 docet,
3212 5412 3440 5465 charitas
3473 5413 3562 5463 ha-

1995 5509 2161 5564 benda
2188 5517 2298 5573 est,
2324 5515 2378 5562 et
2406 5508 2646 5562 charitas
2678 5505 2971 5560 excolenda
3017 5510 3129 5566 est;
3170 5509 3215 5553 et
3254 5499 3375 5568 quia
3424 5498 3564 5553 Deus

1994 5601 2222 5654 charitas
2253 5607 2327 5652 est
2371 5597 2425 5669 (I
2456 5596 2578 5651 Cor.
2608 5595 2760 5668 xm);
2799 5603 2855 5650 et
2886 5592 3132 5648 Christus
3158 5588 3298 5643 illius
3330 5589 3568 5644 charita-

1997 5691 2066 5747 tis
2109 5698 2221 5756 est,
2268 5690 2360 5761 qui
2400 5688 2554 5743 nobis
2597 5686 2983 5757 perfectionem
3032 5680 3314 5736 ch-iritatis
3360 5679 3565 5736 donare
