3924 6176
467 256 560 310 τδι
1111 249 1164 304 Β.
1202 247 1457 304 BABANI
1496 244 1712 301 MAURI
1749 240 2063 299 ARCHIEP.

2165 238 2421 297 OGUNT.
2463 240 2753 297 OPERUM
2780 240 2968 296 PARS
3000 240 3039 295 Ι.
3592 252 3683 310 Ἰὸξ

465 370 737 439 dignetur.
786 366 895 422 Nec
927 365 1056 420 illud
1102 365 1365 433 silendum
1413 363 1669 425 arbitror,
1697 359 1838 429 quod
1888 357 2040 411 a.-,iua
2070 355 2122 415 A
2145 355 2462 422 Jerusalem,
2490 373 2608 427 qua:
2633 356 2928 424 ludificatur
2952 368 3005 411 ut
3031 357 3232 424 civitas,
3257 376 3403 428 cujus
3432 366 3685 437 participa.

470 460 583 514 haec
612 458 770 512 arioli
817 457 1054 520 Balaam,
1088 466 1272 525 typum
1320 453 1635 526 gentilitatis
1664 458 1847 515 tenet,
1887 465 2050 519 quam
2153 449 2226 502 tio
2260 449 2374 518 ejus
2411 449 2465 503 in
2509 449 2756 519 idipsum.
2788 448 2991 502 Montes
3035 450 3091 501 in
3126 449 3346 504 circuitu
3374 453 3501 522 ejus,
3527 467 3569 510 et
3595 457 3687 513 Do-

467 550 742 622 quondam
774 549 887 620 ipse
916 548 1151 611 Balaam,
1183 547 1235 600 id
1265 555 1370 610 est,
1408 544 1681 599 seductori
1712 541 2049 601 idololatriae.
2152 539 2324 592 minus
2360 541 2415 592 in
2458 539 2679 592 circuitu
2722 538 2899 608 populi
2936 538 3019 592 sui
3046 537 3216 609 (Psal.
3251 542 3416 611 CXXI).
3446 544 3550 599 Non
3580 557 3688 604 sunt

470 642 623 712 quasi
653 641 866 696 brutum
895 639 1094 694 animal
1138 647 1191 693 et
1222 638 1366 691 nulla
1400 637 1609 690 ratione
1653 636 1917 699 retinens,
1945 649 2053 704 quo
2153 647 2281 701 ergo
2310 632 2447 685 tales
2484 629 2884 700 Mesopotamia:
2924 638 3157 695 montes,
3189 633 3284 687 sed
3326 633 3400 687 illi
3435 634 3498 689 de
3521 639 3688 706 quibus

470 731 640 786 voluit
695 745 909 793 errore,
966 731 1281 784 substravit.
1339 728 1445 783 Sed
1497 729 1598 782 ista
1652 727 1903 797 angelum
1954 726 2052 780 Dei
2153 722 2388 778 dicitur:
2418 717 2621 776 Mon‘tes
2648 723 2922 777 tenebrosi.
2952 724 3020 777 Et
3047 725 3242 780 iterum
3273 726 3338 781 dc
3373 728 3557 796 quibus
3578 731 3688 786 diei-

471 838 630 893 quem
663 822 825 876 homo
855 836 960 874 non
992 819 1184 888 potuit,
1218 827 1273 873 et
1306 819 1438 873 vidit
1483 826 1537 871 et
1570 817 1761 871 detulit
1790 825 1845 871 et
1873 816 2052 871 locuta
2154 822 2277 868 tur:
2312 813 2448 867 Ecce
2467 831 2560 884 ego
2582 814 2651 867 ad
2675 825 2744 877 te,
2772 831 2920 868 mons
2945 825 3206 886 corrupte.
3234 815 3326 871 lsti
3351 826 3473 872 sunt
3488 831 3688 887 montes,

470 922 584 974 est,
630 920 690 964 ut
741 924 1155 977 agnoscercums
1204 908 1598 978 posterioribus
1659 907 1758 961 sub
1815 908 2051 961 adventu
2154 902 2206 956 in
2249 903 2443 971 quibus
2471 911 2555 957 est
2599 904 2776 957 omnis
2812 904 3041 959 altitudo
3065 906 3329 962 extollens
3373 922 3430 962 se
3467 909 3692 968 adversus

472 1003 650 1070 magni
701 999 874 1070 angeli
923 1000 1049 1060 Dei,
1100 1000 1355 1069 gentilem
1404 999 1547 1052 illam
1597 999 1806 1068 plebem
1849 1006 2050 1051 mutam
2154 995 2435 1048 scientiam
2466 994 2582 1050 Dei.
2613 995 2694 1049 Ab
2723 996 2840 1050 istis
2865 1010 2998 1066 ergo
3028 997 3302 1052 montibus
3340 1000 3617 1054 accersitur
3647 1010 3694 1057 et

472 1092 685 1145 duritiae
715 1090 1042 1149 stoliditatis,
1075 1106 1233 1158 quem
1266 1098 1457 1144 natura
1486 1090 1677 1144 solutis
1715 1091 1822 1143 Deo
1856 1089 2054 1161 linguis
2154 1083 2372 1136 Βειιεὶεὶηι
2420 1084 2527 1137 hiC-
2575 1085 2775 1151 ριιειιρε
2815 1094 2995 1140 autem
3026 1095 3151 1139 ευιη
3194 1087 3281 1141 is“
3311 1097 3530 1153 ηιοῢιθδ,
3555 1091 3692 1145 talem

473 1182 795 1245 locuturum,
826 1180 900 1234 ita
930 1189 986 1234 ut
1013 1196 1129 1249 qtae
1156 1189 1273 1235 erat
1314 1182 1554 1251 subjecta
1583 1181 1840 1252 perfidia},
1872 1182 1925 1236 in
1965 1198 2057 1235 vo.
2153 1173 2355 1227 habent
2397 1182 2453 1227 et.
2495 1173 2793 1228 Orientem.
2823 1174 2996 1229 liabet
3035 1176 3178 1230 enim
3214 1184 3272 1230 et
3301 1188 3476 1232 ortum
3508 1179 3695 1235 luminis

473 1288 587 1325 cem
623 1271 742 1325 ﬁdei
786 1280 839 1325 ει
870 1270 1230 1326 οοηῖοεδίοηίε
1275 1280 1600 1342 erumperet,
1646 1272 1798 1327 Licet
1826 1281 1882 1327 ει
1926 1289 2055 1329 caro
2153 1266 2236 1318 sui
2270 1265 2378 1329 ille,
2406 1266 2497 1335 qui
2529 1267 2798 1321 convertit
2821 1284 2881 1322 se
2899 1269 3051 1327 sicut
3078 1269 3329 1339 angelum
3368 1270 3515 1325 lucis.
3547 1271 3695 1327 liabet

472 1370 656 1414 nostra
691 1360 890 1414 animal
934 1360 1026 1423 sit,
1071 1361 1385 1431 plerumque
1422 1362 1565 1414 enim
1602 1378 1728 1416 caro
1758 1377 1856 1431 per
1882 1344 2053 1418 iuolc—
2154 1358 2297 1411 illam
2349 1359 2520 1413 lucem
2569 1359 2633 1413 dc
2681 1376 2786 1429 qua
2837 1360 3099 1430 scriptum
3146 1370 3231 1415 est
3259 1381 3271 1415 :
3300 1361 3415 1416 Lua:
3453 1363 3696 1432 impiorum

473 1454 631 1506 stium
664 1461 827 1518 tacta,
859 1452 1065 1522 ﬂagello
1095 1468 1193 1507 suo
1238 1454 1404 1507 menti
1436 1454 1602 1508 Deum
1644 1454 1865 1520 indicat,
1892 1470 2052 1524 quem
2152 1450 2536 1520 ea'stinguetur.
2562 1460 2616 1504 οι
2645 1452 2784 1505 Sicut
2811 1452 2913 1505 ἰδίει
2950 1452 3039 1507 lll.“
3080 1453 3389 1523 impiorum.
3420 1464 3473 1508 ει
3494 1455 3573 1509 illa
3597 1470 3697 1524 (tute

473 1559 626 1596 tuens
655 1544 768 1612 ipsa
810 1545 960 1598 carni
998 1545 1289 1613 praesidens
1319 1561 1425 1598 non
1473 1546 1725 1600 videbat:
1762 1547 1835 1601 ita
1873 1555 1932 1600 ιιι
1960 1564 2054 1601 an-
2153 1540 2423 1594 convertit
2458 1554 2517 1595 se
2545 1541 2689 1596 sicut
2714 1541 2770 1596 in
2800 1542 3052 1613 angelum
3082 1542 3234 1606 lucis,
3257 1545 3521 1599 contraria
3543 1554 3617 1599 est
3634 1545 3695 1599 illi

476 1633 675 1688 xietate
718 1634 939 1703 spiritus
974 1635 1236 1703 prolicere
1277 1638 1329 1689 in
1378 1637 1481 1693 hoc
1522 1638 1724 1692 mundo
1762 1638 2046 1707 cupientis.
2083 1703 2119 1707 _
2154 1631 2282 1696 lItCi.
2312 1646 2433 1701 (11KB
2452 1633 2704 1687 dicebat:
2736 1633 2850 1703 Ego
2879 1651 2997 1688 sum
3034 1634 3129 1688 (ιι-τ
3162 1635 3346 1689 mundi
3382 1635 3552 1704 (Ιοαηο
3579 1636 3692 1705 VI").

472 1723 619 1778 velut
662 1725 766 1778 iter
794 1724 1065 1779 tendentis
1094 1714 1370 1796 impediat,
1407 1728 1579 1782 donec
1606 1729 1656 1782 ei
1701 1703 2047 1794 invisibilem,
2083 1703 2127 1761 Β
2157 1722 2228 1775 ila
2258 1733 2314 1776 et
2341 1724 2443 1777 iste
2468 1722 2681 1788 Oriens.
2714 1725 3023 1779 CODlI'al‘iuS
3051 1733 3136 1779 εει
3163 1724 3237 1778 mi
3265 1724 3471 1781 Ονίθηιί
3489 1765 3502 1789 ν
3525 1725 3585 1778 de
3610 1739 3697 1793 φιο

474 1815 563 1883 qui
612 1816 713 1870 sibi
757 1816 938 1870 obviat
984 1819 1305 1872 innoteseat.
1354 1818 1507 1874 Uu'le
1552 1827 1607 1873 et
1654 1820 1790 1875 bene
1823 1835 1918 1889 per
1953 1820 2055 1877 Pc-
2158 1814 2420 1885 scriptum
2465 1825 2551 1871 est
2603 1816 2656 1870 in
2701 1814 2938 1870 Jeremia
2967 1834 2981 1870 :
3009 1815 3145 1870 Ecce
3184 1817 3281 1882 vir,
3316 1814 3498 1871 Oriens
3540 1832 3696 1869 nomen

476 1912 619 1959 trum
669 1906 868 1962 dicitur
911 1927 924 1963 :
980 1909 1367 1980 Correptionem
1411 1912 1593 1965 habuit
1640 1929 1750 1967 sua:
1808 1914 2051 1978 vesania,
2156 1906 2289 1976 ejus.
2321 1907 2397 1960 Ex
2434 1907 2575 1961 illius
2606 1923 2737 1979 ergo
2780 1922 2886 1961 non
2936 1907 3092 1961 istius
3135 1905 3603 2006 Orientis-finibus
3627 1921 3698 2006 ve—

473 1997 765 2067 ;ubjugale,
815 2011 1017 2055 mutum
1060 2017 1077 2053 ;
1116 2003 1254 2072 quod
1291 2004 1346 2057 in
1395 2005 1617 2058 hominis
1652 2022 1769 2059 υοεε
1816 2006 2052 2078 loquens,
2158 1999 2340 2052 niebat
2372 1998 2620 2061 Balaam,
2654 1999 2987 2052 illuminatus
3015 1999 3132 2053 sine
3176 1995 3431 2095 dllbiodlb
3566 1995 3698 2095 Ιΐειρξ·

472 2086 732 2155 proltibuit
760 2091 1019 2160 prophetia
1048 2093 1399 2163 insipienfiam
1428 2094 1513 2162 (II
1539 2094 1680 2150 Petr.
1713 2096 1795 2168 ιι).
1827 2097 2055 2153 Insanus
2157 2086 2273 2143 ΐυιο
2299 2089 2365 2143 de
2386 2104 2494 2157 quo
2526 2088 2724 2147 dicitur
2749 2106 2764 2143 :
2795 2088 3068 2154 Quomodo
3099 2088 3287 2142 cecidit
3321 2087 3386 2141 de
3416 2086 3534 2140 casio
3569 2086 3700 2138 Luci-

475 2176 672 2246 quippe
707 2180 866 2233 homo
913 2197 941 2233 a
985 2182 1245 2253 subjugali
1291 2194 1439 2239 muto
1481 2187 1792 2255 corripitur,
1839 2188 2055 2257 quando
2157 2180 2257 2250 fet“,
2299 2183 2387 2251 qui
2428 2198 2582 2235 mane
2621 2182 2889 2235 oriebatur
2937 2180 3073 2251 (Isa.
3129 2180 3268 2251 xu).
3320 2180 3425 2235 Sed
3461 2180 3743 2243 videamus.

475 2267 615 2321 elata
648 2283 819 2335 mens,
853 2271 1171 2328 humilitatis
1201 2274 1397 2329 bonum
1430 2276 1573 2345 quod
1615 2284 1799 2330 tenere
1827 2277 2050 2341 debeat,

2165 2271 2286 2338 quid
2313 2272 2445 2325 dicit
2468 2271 2556 2326 ille
2585 2270 2745 2325 Baiae
2771 2287 2865 2325 rex
2891 2270 3045 2325 Moab
3069 2311 3083 2335 ,
3115 2271 3208 2339 qui
3249 2270 3525 2325 accersivit
3550 2283 3655 2323 eum
3672 2282 3700 2320 c

477 2358 545 2409 ab
575 2357 770 2413 alllicta
810 2376 972 2415 carne
1013 2372 1359 2417 memoratur.
1402 2366 1506 2419 Sed
1549 2365 1708 2431 hujus
1748 2368 2052 2437 correptio-
2157 2367 2336 2421 medio
2360 2366 2639 2419 lluminum
2668 2367 2733 2420 de
2765 2365 3040 2420 montibus
3066 2364 3332 2419 Orientis.

478 2449 564 2502 nis
603 2450 801 2503 donum
843 2452 1043 2505 idcirco
1091 2454 1305 2508 Balaam
1348 2472 1454 2511 non
1504 2457 1782 2523 obtinuit,
1822 2460 1948 2529 quia
1989 2460 2056 2514 ad
2241 2456 2385 2522 Veni,
2417 2457 2611 2527 inquit,
2636 2466 2685 2511 et
2710 2456 2931 2511 maledic
2959 2455 3148 2537 Iacob.
3170 2470 3394 2523 propera
3413 2461 3459 2505 et
3483 2452 3701 2503 demit!"

479 2536 904 2592 maledicendum
953 2556 1183 2612 pergens
1204 2583 1219 2609 ,
1262 2559 1448 2599 vocem
1498 2561 1606 2601 non
1655 2557 1892 2602 mentem
1931 2565 2053 2602 mu-
2158 2546 2350 2602 Israel.
2383 2548 2658 2613 Quomodo
2680 2547 2992 2602 maledicam
3019 2546 3105 2599 cui
3134 2562 3241 2598 non
3272 2542 3531 2597 maledixit
3556 2538 3702 2593 Deus!

483 2626 636 2681 ωγίι-
2159 2640 2278 2706 Qua
2311 2641 2511 2694 ratione
2539 2641 2762 2694 detester
2792 2656 2943 2710 quem
2974 2638 3236 2691 Dominus
3287 2653 3389 2690 non
3416 2632 3702 2687 detestatur?

2163 2730 2234 2785 De
2258 2731 2474 2785 summis
2504 2730 2736 2785 sificibus
2766 2729 2944 2783 videbo
2975 2744 3114 2791 eum,
3145 2736 3193 2780 et
3218 2726 3288 2781 de
3319 2724 3527 2779 collibus
3557 2721 3701 2775 consi-

2155 2821 2349 2875 derabo
2378 2821 2548 2875 illum.
2578 2819 2814 2890 Populus
2842 2819 3092 2872 nabitarit
3124 2816 3299 2882 solus,
3328 2826 3372 2871 et
3403 2817 3531 2869 inter
3558 2822 3700 2881 gentes

2158 2927 2263 2964 non
2305 2910 2649 2981 reputabitur.
2697 2909 2826 2974 Quis
2879 2910 3215 2962 dinumerare
3274 2908 3433 2978 possit
3478 2904 3701 2975 pulverem

2155 3000 2345 3065 Iacob,
2368 3009 2415 3053 et
2446 3016 2595 3054 nosse
2628 3015 2901 3053 numerant
2942 3000 3118 3068 stirpis
3148 2997 3364 3051 Israel?
3390 2995 3637 3065 Ampliore
3658 2992 3699 3044 vi

2162 3101 2217 3147 et
2246 3092 2448 3161 majore
2472 3092 2774 3145 intentione
2809 3091 3253 3145 maledictionem
3287 3090 3339 3143 in
3377 3087 3534 3143 Israel
3564 3099 3699 3154 quam

2163 3185 2215 3240 in
2238 3183 2405 3240 Iacob
2426 3184 2643 3238 Balaam
2674 3183 2888 3237 videtur
2914 3197 3205 3251 exponere.
3237 3181 3421 3236 Donec
3450 3179 3579 3232 enim
3603 3174 3704 3244 quis

2162 3284 2373 3330 tantum
2412 3274 2578 3330 Jacob
2607 3282 2723 3340 est,
2748 3274 2851 3328 hoc
2874 3283 2992 3338 est,
3025 3274 3080 3327 in
3122 3272 3433 3327 actionibus
3475 3268 3627 3324 solum
3659 3272 3705 3318 et

2161 3367 2418 3435 operibus
2461 3365 2668 3435 positus
2716 3363 3103 3428 inferioribus,
3141 3361 3595 3418 maledictionibns
3621 3358 3704 3411 itu-

2161 3468 2450 3529 pugnatur.
2478 3457 2579 3512 Ubi
2609 3465 2788 3511 tamen
2813 3457 3128 3527 profecerit,
3151 3464 3205 3510 et
3235 3456 3538 3510 interiorem
3563 3447 3705 3505 homi-

2163 3563 2285 3602 nem
2313 3549 2380 3602 ad
2410 3545 2697 3602 videndum
2728 3548 2911 3609 Deum.
2942 3546 3179 3601 revelato
3206 3546 3409 3601 mentis
3433 3544 3576 3600 oculo
3601 3553 3704 3594 esa-

2160 3655 2322 3696 cuere
2364 3648 2419 3695 et
2458 3653 2754 3708 provocare
2785 3635 2900 3706 jam
2949 3638 3203 3707 coeperit,
3260 3646 3387 3691 tunc
3420 3650 3521 3690 non
3561 3631 3703 3686 solum

2163 3729 2465 3784 maledictis
2491 3730 2559 3782 ab
2583 3727 2826 3792 inimico,
2847 3729 2942 3783 sed
2971 3727 3428 3781 detestationibus
3446 3737 3594 3792 super
3612 3734 3705 3773 ma-

2163 3818 2406 3884 ledictis,
2460 3819 2565 3873 hoc
2611 3826 2728 3880 est,
2785 3816 3289 3871 vehementioribus
3344 3814 3703 3870 maledictorum

2156 3907 2353 3977 jaculis
2396 3907 2815 3976 impugnabitur.
2855 3904 2962 3960 Sed
3009 3914 3134 3960 tunc
3174 3906 3398 3975 quidem
3430 3921 3484 3957 os
3517 3901 3698 3955 Balaam

2163 3995 2526 4051 maledictione
2547 4006 2594 4050 et
2618 3995 2971 4049 amaritudine
2992 3994 3201 4065 plenum
3224 4005 3363 4060 erat,
3384 4003 3433 4049 et
3450 3993 3538 4047 sub
3555 3991 3703 4057 lingua

2163 4087 2279 4156 ejus
2307 4086 2457 4139 labor
2480 4095 2527 4140 et
2562 4084 2745 4151 dolor,
2793 4086 2883 4140 sed
2934 4094 2981 4138 et
3020 4085 3075 4138 in
3118 4086 3330 4140 insidiis
3361 4101 3473 4138 cum
3499 4079 3703 4135 divitibus

2166 4177 2339 4250 (Psal.
2372 4178 2470 4247 ιιι).
2503 4177 2867 4246 Exspectabat
2885 4177 3031 4231 enim
3055 4178 3336 4232 mercedes
3358 4193 3388 4230 a
3410 4174 3565 4230 divite
3584 4184 3702 4237 reg".

1082 2721 1311 2779 CAPUT
1353 2724 1462 2779 vn.
1776 2798 1783 2803 A

566 2806 647 2863 De
669 2810 891 2865 adventu
915 2811 1139 2867 Balaam
1168 2815 1237 2868 ad
1266 2815 1429 2870 Balac
1456 2828 1505 2872 et
1531 2819 1801 2889 prophetia
1827 2821 1964 2889 ejus.

557 2896 707 2969 (CAP.
745 2900 925 2972 xxnt.)
960 2900 1107 2955 Dixit
1162 2903 1335 2974 itaque
1371 2905 1595 2959 Balaam
1625 2907 1694 2959 ad
1723 2907 1886 2961 Βαίας
1909 2922 1928 2959 :
1956 2906 2054 2963 Sta

471 2990 632 3063 juxta
661 2989 1023 3044 holocaustum
1046 3002 1213 3056 tuum,
1236 2994 1398 3047 donec
1421 2996 1692 3061 undam,si
1716 2997 1849 3066 forte
1875 3014 2053 3051 occur-

483 3090 565 3132 rat
594 3079 720 3133 mihi
742 3079 1035 3147 Dominus;
1057 3093 1104 3136 et
1127 3084 1469 3156 quodcunque
1497 3087 1843 3156 imperaverit,
1869 3086 2056 3158 loquar

481 3168 593 3220 tibi.
618 3166 850 3239 Cumque
876 3169 1070 3224 abesset
1095 3172 1355 3236 velociter,
1388 3178 1615 3229 occurrit
1642 3176 1720 3228 illi
1747 3176 1887 3230 Deus
1915 3178 2059 3230 locu-

484 3269 667 3327 tusque
689 3260 757 3311 ad
779 3277 897 3313 eum
920 3259 1144 3314 Balaam
1166 3276 1183 3313 :
1215 3260 1441 3331 Septem,
1466 3264 1662 3334 inquit,
1681 3282 1803 3319 aras
1829 3267 1986 3332 erexi,
2012 3276 2060 3321 et

482 3348 708 3416 imposui
745 3349 958 3404 vitulum
996 3361 1043 3405 et
1079 3353 1293 3406 arietem
1324 3354 1563 3424 desuper.
1599 3355 1853 3410 Dominus
1885 3368 2058 3410 autem

483 3437 655 3506 posuit
681 3437 887 3490 verbum
907 3440 960 3493 in
997 3456 1086 3493 ore
1105 3441 1218 3509 ejus
1250 3452 1296 3494 et
1337 3443 1411 3494 ait
1437 3455 1455 3493 :
1484 3441 1753 3498 Revertere
1772 3445 1840 3498 ad
1869 3444 2057 3512 Balac,

483 3537 531 3578 et
556 3525 667 3579 Ita'c
687 3526 934 3597 loqueris.
967 3527 1212 3583 Reversus
1244 3532 1433 3586 invenit
1472 3542 1692 3588 stantem
1716 3534 1883 3590 Βαίας
1901 3537 2059 3607 juxta

484 3613 844 3670 holocaustum
872 3634 1058 3683 suum,
1088 3631 1134 3673 et
1177 3636 1351 3675 omnes
1383 3624 1639 3693 principes
1686 3625 2058 3683 Moabitarum.

485 3704 866 3777 Assumptaque
884 3710 1133 3778 parabole
1155 3729 1251 3766 sua
1272 3714 1403 3767 dixit
1427 3729 1445 3766 :
1467 3715 1547 3768 De
1569 3714 1712 3769 Aran
1732 3717 1951 3772 adduxit
1980 3737 2061 3774 me

488 3787 652 3843 Balac
703 3807 795 3844 rea:
842 3790 1227 3861 Moabitarum,
1279 3797 1344 3850 de
1391 3799 1647 3853 montibus
1686 3799 1936 3856 Orientis.
1985 3803 2061 3859 De

491 3875 638 3929 Aran
678 3878 791 3932 sive
818 3888 877 3933 ut
898 3882 1002 3934 alia
1033 3883 1200 3937 editio
1228 3885 1411 3949 habet,
1439 3902 1507 3940 ex
1540 3887 1949 3958 Mesopotamia,
1975 3893 2059 3947 in-

487 3967 634 4034 quit,
680 3970 891 4024 vocavit
937 3986 1025 4025 me
1066 3972 1227 4027 Balac
1274 3990 1368 4028 rex
1409 3974 1584 4042 Moab,
1610 3987 1665 4032 et
1690 3994 1755 4034 ex
1789 3983 2062 4038 montibus

490 4057 745 4113 Orientis.
776 4060 1212 4132 Mesopotamiam
1240 4066 1370 4119 dicit
1399 4075 1621 4134 terram,
1653 4087 1774 4140 qua:
1795 4072 1935 4127 inter
1964 4073 2060 4127 llu-

492 4152 635 4206 mina
668 4152 973 4225 Babyloniae
1007 4154 1179 4221 jacet,
1227 4157 1291 4211 de
1336 4159 1534 4228 quibUs
1574 4162 1870 4218 scribitur:
1896 4163 2064 4236 Super

489 4242 709 4312 ﬂumina
751 4242 1068 4316 Babylonis,
1104 4244 1214 4300 illic
1257 4248 1486 4303 sedimus
1537 4260 1585 4304 et
1628 4252 1896 4322 fleuimus,
1944 4272 2062 4310 cum
2164 4242 2289 4324 έτίη
2318 4242 2534 4323 occulti;
2562 4242 3191 4336 ίηξενβοετεξηηοοεηιεε,
3223 4268 3333 4323 Sed
3359 4269 3516 4329 Deus,
3541 4262 3620 4332 qui
3642 4258 3705 4311 fa-

491 4333 885 4387 recordaremur
913 4336 1010 4402 tui,
1041 4335 1170 4391 Sion
1205 4335 1375 4411 (Psal.
1406 4342 1646 4415 cxxxw).
1686 4342 1742 4399 Si
1778 4346 1899 4417 quis
1930 4361 2059 4418 ergo
2096 4412 2139 4429 Ἀ
2167 4361 2243 4416 εει
2287 4374 2502 4429 semper
2545 4333 2815 4413 mirabilia
2862 4359 3045 4423 solus,
3090 4374 3159 4413 ex
3200 4358 3437 4413 inimicis
3485 4359 3706 4424 operatur

493 4424 634 4483 inter
663 4425 764 4478 ista
790 4423 1008 4481 flumina
1040 4428 1200 4482 fuerit
1222 4430 1510 4501 Babylonis
1528 4475 1542 4499 ,
1575 4412 1618 4489 si
1651 4436 1773 4504 quis
1796 4412 2063 4493 rheumau
2095 4412 2142 4471 ί)
2170 4412 2429 4508 salutem:
2446 4450 2633 4520 lnjecit
2660 4451 2884 4507 verbum
2911 4451 2964 4505 in
2995 4467 3057 4505 os
3076 4450 3217 4521 ejus,
3241 4450 3486 4520 quamvis
3505 4444 3704 4501 nondum

494 4512 637 4567 tibus
665 4513 901 4569 libidinis
922 4517 1233 4583 mandatur,
1264 4527 1315 4571 et
1349 4520 1574 4577 luxuria:
1597 4525 1819 4580 testibus
1839 4528 2064 4582 circum-

493 4601 748 4667 volvitur,
775 4604 876 4659 iste
899 4622 1004 4660 non
1038 4607 1236 4662 dicitur
1265 4619 1429 4675 stare,
1463 4613 1556 4666 sed
1581 4617 1790 4670 sedere.
1817 4617 1884 4671 Et
1920 4618 2062 4685 ideo,

497 4692 587 4759 qui
626 4693 697 4747 ibi
727 4699 1099 4767 comprehensi
1132 4708 1281 4760 sunt,
1315 4702 1605 4760 dicebant:
1640 4706 1810 4779 Super
1845 4711 2067 4778 [lumina

430 4804 447 4813 κ
498 4785 812 4856 Babylonis,
849 4791 920 4843 ibi
957 4792 1185 4847 sedimus
1211 4810 1326 4847 cum
1351 4799 1745 4853 recordaremur
1774 4802 1884 4865 tui,
1915 4803 2064 4859 Sion.

502 4877 607 4931 Sed
642 4894 740 4932 nec
771 4878 900 4935 ﬂere
939 4885 1154 4952 quidem
1191 4895 1316 4941 ante
1352 4898 1607 4957 possunt,
1651 4891 1755 4946 nisi
1800 4896 2065 4952 recordati

501 4966 702 5023 fuerint
726 4969 874 5024 Sion.
904 4970 1176 5030 Bonorum
1200 4994 1430 5048 namque
1456 4984 1776 5049 recordatio,
1804 4986 2065 5042 malorum

495 5079 694 5117 causas
720 5062 1091 5121 lamentabiles
1125 5067 1271 5122 facit.
1297 5069 1409 5125 Nisi
1434 5073 1576 5126 enim
1598 5074 1720 5142 quis
1758 5079 2070 5134 recordetur

503 5157 654 5218 Sida,
686 5156 788 5209 nisi
818 5156 991 5227 legem
1025 5159 1118 5213 Dei
1146 5168 1199 5214 et
1227 5162 1628 5232 Scripturarum
1671 5177 1879 5222 montes
1927 5171 2070 5240 aspi—

501 5248 631 5310 ciat,
658 5246 797 5300 mala
827 5262 921 5301 sua
946 5246 1074 5302 ﬂere
1097 5265 1200 5304 non
1228 5251 1434 5321 incipit.
1457 5252 1538 5307 Ex
1563 5254 1681 5310 istis
1705 5257 1866 5327 igitur
1894 5258 2069 5314 ﬂumi-

502 5340 660 5395 nibus
686 5350 910 5396 vocatur
932 5341 1174 5405 Balaam,
1202 5355 1257 5401 et
1280 5347 1348 5402 ab
1382 5349 1498 5404 istis
1528 5350 1764 5408 Orientis
1800 5357 2074 5412 montibus

502 5429 784 5487 invitatur.
827 5433 1039 5489 Montes
1070 5437 1192 5499 isti,
1234 5440 1406 5494 sancti
1444 5457 1550 5501 non
1580 5453 1707 5499 sunt
1738 5456 1949 5502 montes
1970 5488 1983 5512 ,
2020 5457 2077 5503 et

500 5535 614 5575 non
648 5532 777 5577 sunt
810 5524 884 5579 illi
921 5527 988 5582 de
1017 5525 1213 5593 quibus
1254 5531 1516 5598 scriptum
1550 5540 1672 5588 est:
1704 5532 2074 5593 Fundamenta

491 5611 618 5673 eius
648 5614 700 5668 in
731 5619 994 5674 montibus
1038 5620 1231 5675 sanctis
1267 5618 1439 5694 (Psal.
1471 5624 1710 5695 Lxxxvt).
1738 5624 1807 5679 Et
1838 5627 2031 5682 iterum
2060 5648 2071 5682 :

2171 4558 2266 4596 cor
2285 4540 2402 4610 ejus
2423 4556 2616 4610 capere
2641 4548 2823 4610 posset
2848 4542 3072 4595 verbum
3106 4541 3222 4596 Dei.
3242 4541 3433 4596 Adhuc
3460 4538 3590 4594 enim
3611 4541 3707 4588 erit

2172 4633 2225 4686 in
2252 4634 2412 4687 corde
2435 4630 2551 4701 ejus
2577 4620 2784 4686 merces
2809 4631 3136 4701 cupiditatis,
3167 4642 3391 4703 propter
3414 4631 3547 4700 quod
3566 4626 3703 4681 etiam

2171 4732 2293 4792 post
2314 4723 2537 4777 verbum
2562 4721 2796 4786 Domini,
2826 4722 2968 4791 quod
2999 4724 3186 4778 habuit
3214 4723 3268 4778 in
3296 4739 3392 4778 ore
3417 4720 3554 4789 ejus,
3583 4717 3705 4771 dice-

2174 4813 2268 4866 bat
2291 4812 2359 4866 ad
2389 4811 2586 4866 Baiae:
2623 4809 2749 4865 Veni
2776 4821 2823 4866 et
2847 4812 2915 4865 do
2953 4813 3045 4865 tibi
3086 4812 3381 4866 consilium.
3424 4810 3487 4865 Et
3512 4805 3707 4862 docebat

2168 4917 2292 4957 eum
2317 4902 2588 4972 quomodo
2608 4903 2848 4958 mitteret
2875 4904 3188 4959 scandalum
3218 4905 3270 4959 in
3300 4909 3579 4974 conspectu
3600 4897 3711 4951 lilio-

2170 5009 2290 5047 rum
2317 4993 2480 5047 Israel
2501 5034 2515 5056 ,
2558 5002 2618 5047 ut
2657 4994 3049 5050 manducarent
3079 4997 3236 5052 idolis
3263 4998 3561 5058 immolata,
3586 4999 3635 5046 et
3660 4996 3704 5039 ιιι

2170 5083 2587 5138 foruicarentur.
2635 5083 2863 5154 Propter
2903 5087 3045 5155 quod
3087 5098 3144 5142 et
3180 5088 3373 5141 cecidit
3410 5083 3642 5156 populus.
3665 5082 3705 5129 cl

2169 5177 2326 5246 plaga
2353 5191 2544 5246 magna
2571 5175 2712 5230 facta
2734 5185 2818 5231 est
2844 5179 2896 5232 in
2922 5195 3007 5243 eo,
3029 5180 3199 5234 donec
3220 5181 3446 5234 Phiuees
3468 5179 3707 5248 pcremP‘“

2175 5265 2415 5322 Israelita
2458 5268 2549 5336 qui
2594 5266 2960 5322 fornicabatur
2987 5285 3111 5324 cum
3140 5270 3504 5323 Madianitide.
3533 5259 3703 5321 sedavit

2177 5357 2414 5412 furorem
2440 5354 2674 5414 Domini.

2250 5446 2317 5500 Et
2345 5457 2458 5517 post
2496 5448 2637 5513 hare,
2671 5449 2881 5517 inquit,
2908 5448 3154 5517 produxit
3195 5446 3416 5500 Phineas
3459 5440 3704 5498 exercitum

2180 5549 2363 5595 contra
2397 5538 2754 5603 Madianitas;
2783 5550 2831 5593 et
2862 5540 3229 5606 interfecerunt
3269 5536 3536 5592 duodecim
3563 5526 3705 5584 milli“

2180 5632 2409 5686 riros:ct
2440 5626 2661 5682 Balaam
2687 5628 2855 5696 ﬁlium
2879 5627 3015 5683 Bcor
3042 5630 3094 5683 in
3120 5629 3316 5701 gladio.
3346 5627 3451 5683 Sed
3481 5626 3584 5679 luet:
3604 5622 3708 5672 ωιιθ
