3932 6188
294 308 400 365 735
996 304 1526 363 ENABRATIONES
1563 305 1640 365 IN.
1669 305 1929 362 LIBRUM
1970 305 2434 365 NUHEROBUM.
2476 342 2544 352 —
2582 312 2708 368 LIB.
2745 313 2831 369 IIl.
3435 319 3535 373 774

294 433 512 491 tempus
549 433 648 489 per
686 431 968 473 excessum
1011 419 1301 486 quemdam
1340 417 1765 482 introduximus,
1808 425 1867 470 nt
1896 420 1943 477 Α
1971 426 2168 473 terram
2208 420 2531 477 ambulantis
2574 426 2914 481 conversatio
2947 428 2998 481 in
3028 429 3180 482 melis
3207 436 3311 484 cst.
3340 429 3445 484 Aut
3490 434 3535 488 si

291 513 730 576 ostenderemus,
762 510 887 580 quia
918 508 1135 563 Balaam
1159 525 1265 563 non
1291 509 1344 562 in
1364 509 1544 570 corde,
1577 510 1672 563 sed
1698 509 1754 563 in
1776 524 1871 564 ore
1969 509 2133 563 etiam
2161 511 2229 563 ad
2261 510 2409 565 illum
2441 513 2693 582 populum
2729 516 2868 569 dicta
2907 517 3023 570 lucc
3059 517 3339 573 referenda
3380 530 3539 587 emit,

296 600 672 659 tantummodo
700 600 889 654 habuit
923 600 1144 653 verbum
1167 598 1283 652 Dei.
1304 598 1522 652 Interim
1541 638 1557 663 ,
1587 613 1707 667 quae
1748 614 1874 667 pro-

296 695 442 758 fert,
488 707 609 762 quae
653 689 913 759 loquitur,
943 703 1010 742 ex
1040 688 1204 741 verbo
1242 688 1334 741 Dei
1370 686 1626 756 loquitur,
1663 695 1718 741 et
1751 688 1874 741 ideo

293 798 425 854 qtae
457 782 618 843 dicit,
655 779 878 834 verbum
903 777 994 831 Dei
1026 786 1128 832 est.
1170 777 1258 831 Ait
1283 793 1449 846 ergo:
1484 778 1624 843 Quid
1654 776 1874 831 maledi-

295 888 441 936 cam,
462 886 610 941 quem
632 886 735 922 non
763 866 1031 922 maledixit
1054 868 1345 921 Dominus?
1371 868 1436 921 Et
1476 877 1690 922 uetera.
1734 867 1873 933 Quid

295 977 433 1034 ergo
454 959 718 1015 dicimus?
737 956 902 1013 Iacob
919 958 1133 1026 quidem
1163 974 1267 1010 non
1292 957 1563 1011 maledicit
1592 957 1872 1021 Dominus,

297 1067 403 1108 nec
428 1049 593 1106 Israel
615 1090 631 1114 ,
658 1049 750 1104 sed
776 1048 934 1102 alicui
970 1056 1128 1117 putas
1167 1047 1258 1100 alii
1287 1048 1577 1102 maledicit.
1596 1048 1874 1118 'Legimus

296 1142 582 1210 scriptum,
601 1139 726 1206 quia
745 1137 877 1191 dicit
896 1135 1153 1189 Dominus
1185 1136 1251 1188 ad
1282 1144 1586 1205 serpentem
1616 1153 1628 1187 :
1656 1135 1876 1188 Maledi-

294 1242 412 1286 ctus
428 1241 485 1284 tu
504 1235 560 1283 in
579 1228 817 1282 omnibus
839 1227 1012 1280 bestiis
1033 1236 1185 1279 teme
1202 1222 1351 1296 (Gen.
1371 1225 1473 1295 ut).
1505 1225 1571 1279 Et
1595 1226 1789 1279 iterum
1806 1225 1874 1278 ad

289 1325 509 1378 Adam:
535 1319 817 1374 Maledicta
850 1328 988 1371 terra
1016 1319 1071 1370 in
1106 1317 1344 1387 operibus
1371 1318 1475 1370 tuis
1511 1316 1720 1389 (lbid.).
1765 1314 1871 1369 Sed

290 1424 350 1470 et
370 1414 439 1468 ad
464 1411 599 1468 Cain
622 1429 636 1465 :
667 1409 736 1463 Et
764 1425 900 1464 nunc
930 1408 1236 1462 maledictus
1264 1418 1321 1462 tu
1345 1426 1377 1462 a
1402 1417 1575 1471 terra,
1610 1424 1728 1478 quia
1750 1424 1872 1476 αρε·

293 1506 404 1558 ruit
434 1520 494 1557 os
523 1518 706 1558 suum.
750 1509 806 1554 ut
849 1500 1094 1568 reciperet
1130 1500 1436 1569 sanguinem
1477 1499 1661 1569 fratris
1699 1500 1777 1554 tui
1808 1499 1872 1552 de

290 1594 540 1648 manibus
559 1592 665 1646 tuis
686 1587 839 1656 (Cen.
870 1589 967 1661 Ix).
994 1589 1081 1654 Et,
1112 1588 1426 1644 Maledictus
1452 1591 1641 1655 omnis,
1671 1590 1761 1660 qui
1789 1590 1873 1660 fa-

291 1685 364 1737 cit
391 1680 631 1752 sculptile
653 1690 743 1734 aut
778 1679 932 1748 fusile
957 1679 1191 1750 (Denter.
1224 1681 1418 1748 xxvtt).
1450 1681 1652 1735 Verum
1680 1696 1748 1735 ne
1772 1697 1870 1751 pu-

1970 617 2094 657 cum
2120 602 2466 660 distinctione
2492 605 2645 665 dicit.
2674 614 2735 659 ut
2770 607 2981 660 intuear
3015 616 3069 663 et
3115 608 3408 679 intelligam
3428 652 3443 675 ,
3480 619 3543 667 ut

1973 692 2208 748 futurum
2243 702 2454 764 tempus
2484 695 2753 766 signiﬁcet
2783 696 2915 749 illud
2945 696 3062 750 sine
3097 698 3285 759 dubio,
3327 700 3544 766 quando

1972 788 2149 841 omnis
2171 787 2330 842 Israel
2356 789 2422 843 ad
2453 788 2608 842 diem
2644 789 2842 845 Christi
2872 792 3092 846 veniens
3121 792 3437 857 salvabitur,
3472 795 3541 851 ab

1973 877 2058 930 his
2082 877 2199 931 sine
2222 878 2404 943 dubio,
2428 880 2518 947 qui
2543 881 2812 935 excelsam
2843 891 2896 934 ct
2928 882 3200 937 cmlestem
3229 885 3388 937 vitam
3412 900 3543 939 eon-

1972 975 2256 1034 surgentes
2297 982 2418 1020 cum
2458 967 2702 1031 Cl'risto,
2739 982 3097 1024 exercuerunt
3144 988 3308 1041 super
3347 982 3540 1027 terras.

1976 1052 2080 1108 Sed
2108 1064 2161 1108 et
2182 1056 2324 1123 quod
2351 1057 2486 1109 dixit
2513 1076 2526 1109 :
2554 1057 2628 1110 De
2650 1057 2816 1111 Iacob
2834 1060 3041 1129 quidem
3066 1061 3264 1122 ridebo,
3290 1063 3353 1115 de
3377 1062 3545 1115 Israel

1973 1154 2145 1197 autem
2184 1146 2498 1215 intelligam,
2549 1150 2711 1202 etiam
2750 1150 2851 1204 hoc
2880 1152 3155 1220 aptissima
3196 1154 3544 1207 distinctione

1974 1237 2375 1304 suscipiendum
2404 1248 2521 1301 est,
2544 1248 2612 1293 .ut
2642 1241 2784 1294 aliud
2814 1242 2879 1295 ad
2916 1251 3070 1296 actus
3098 1244 3366 1308 visibiles,
3402 1245 3545 1298 aliud

1975 1326 2040 1379 ad
2072 1326 2394 1380 invisibilem
2432 1328 2589 1381 Iidem
2637 1338 2800 1398 atque
2842 1330 3229 1399 intelligibilem
3265 1332 3544 1387 scientiam

1972 1413 2307 1479 conferatur.
2349 1417 2456 1470 Aut
2504 1418 2546 1471 si
2585 1419 2650 1471 ad
2696 1418 2935 1472 futurum
2982 1421 3234 1474 saeculum
3269 1422 3545 1476 converti-

1973 1521 2095 1560 mus
2113 1546 2126 1569 ,
2166 1506 2217 1560 id
2239 1515 2342 1570 est,
2369 1508 2436 1562 ad
2458 1509 2871 1563 resurrectionis
2892 1518 3130 1579 tempus,
3154 1509 3317 1564 Iacob
3342 1511 3543 1575 videbo,

1973 1605 2150 1664 potest
2166 1598 2232 1652 de
2254 1598 2570 1666 corporibus
2593 1598 2793 1652 dictum
2822 1599 3064 1669 intelligi,
3082 1599 3250 1653 Israel
3274 1611 3446 1654 autem
3461 1602 3545 1654 in-

1973 1683 2223 1753 telligam,
2247 1686 2470 1754 spiritus
2497 1695 2550 1740 et
2576 1687 2785 1741 animas
2809 1688 3110 1757 signiﬁcare
3128 1690 3542 1759 resurgentium.

292 1781 379 1825 tes
409 1772 522 1825 haec
550 1770 603 1823 in
631 1769 901 1822 veteribus
934 1768 1307 1821 tantummodo
1343 1768 1540 1822 litteris
1568 1770 1869 1834 contineri,
1903 1768 1949 1827 B
2046 1774 2202 1839 Ecce,
2228 1776 2423 1845 inquit,
2452 1777 2676 1847 populus
2700 1777 2841 1830 solus
2861 1779 3139 1843 habitabit,
3162 1789 3209 1833 et
3235 1780 3287 1833 in
3321 1782 3551 1834 nationi-

293 1863 462 1916 etiam
484 1860 537 1913 in
552 1858 856 1928 Evangeliis
878 1858 1074 1912 similia
1096 1858 1335 1911 invenies
1355 1859 1554 1927 scripta
1601 1857 1873 1928 Scriptum

293 1962 382 2008 est
405 1952 549 2006 enim
577 1952 703 2021 quia
729 1950 972 2005 dicturus
992 1949 1060 2003 sit
1084 1948 1341 2004 Dominus
1360 1948 1445 2002 his
1469 1950 1560 2017 qui
1588 1966 1618 2003 a
1640 1951 1878 2006 sinistris

294 2051 496 2098 erunt:
524 2042 782 2096 Discedite
807 2058 839 2094 a
874 2058 975 2106 me,
1002 2041 1287 2107 maledicti,
1310 2041 1364 2094 in
1413 2042 1583 2110 ignem
1623 2051 1875 2096 wternum

296 2134 517 2205 (Matth.
532 2134 679 2205 xxv).
695 2133 799 2189 Sed
811 2141 861 2188 et
877 2148 1000 2187 cum
1013 2132 1169 2187 dicit:
1187 2129 1276 2185 Va:
1288 2131 1446 2196 vobis,
1461 2132 1656 2188 Scriba:
1669 2144 1716 2186 et
1734 2133 1874 2186 Pha-

298 2230 438 2282 τὶς(νὶ
466 2227 748 2296 hypocrita:
770 2224 983 2296 (Matth.
1019 2222 1311 2296 xxnt).Et,
1348 2222 1434 2278 Vra
1473 2225 1611 2278 vobis
1632 2223 1875 2277 divitibus

297 2319 453 2387 (Luc.
481 2318 581 2389 vt),
605 2325 660 2371 et
686 2316 891 2386 singula
922 2314 1248 2383 hujusmodi.
1274 2314 1414 2381 Quid
1443 2313 1605 2377 aliud,
1631 2313 1733 2368 nisi
1762 2328 1878 2366 ma-

299 2410 515 2465 ledictis
537 2423 632 2462 eos
665 2406 875 2461 videtur
902 2407 1129 2476 urgere?
1156 2405 1262 2461 Sed
1292 2405 1421 2475 quid
1450 2404 1702 2466 diximus,
1732 2400 1875 2471 quod

299 2499 612 2553 mandatum
643 2512 739 2567 per
765 2496 1080 2566 Apostolum
1118 2497 1279 2550 datur
1317 2496 1406 2550 ubi
1448 2495 1619 2549 dicit:
1653 2493 1878 2547 Benedi-

297 2590 400 2644 cite
433 2598 483 2642 et
525 2588 684 2641 nolite
723 2586 1070 2641 maledicere?
1109 2586 1262 2653 Quod
1305 2600 1435 2656 ergo
1467 2585 1535 2640 ab
1570 2584 1878 2640 hominibus

302 2682 420 2735 vult
442 2682 581 2743 ﬁeri,
615 2682 717 2736 hoc
745 2682 859 2751 ipse
884 2680 1049 2744 facit,
1077 2680 1169 2749 qui
1199 2679 1503 2748 exemplum
1538 2679 1665 2733 vita
1701 2678 1877 2732 omni-

299 2776 403 2829 bus
426 2773 609 2844 ponit?
628 2772 745 2827 Non
773 2772 849 2826 ita
882 2780 985 2847 est.
1012 2770 1153 2825 Deus
1176 2774 1320 2825 enim
1357 2769 1554 2839 quibus
1581 2769 1872 2831 maledicit,

303 2866 558 2920 meritum
586 2863 835 2933 designat
864 2860 983 2929 ejus
1022 2861 1109 2916 cui
1157 2860 1516 2923 maledicitur,
1558 2866 1613 2914 et
1659 2867 1877 2914 senten-

300 2959 437 3012 tiam
480 2956 711 3026 promit,
760 2962 948 3024 utpote
990 2968 1151 3022 quem
1198 2968 1304 3007 non
1342 2951 1491 3006 fallat
1529 2967 1631 3006 nec
1668 2950 1874 3020 peccati

298 3049 554 3119 qualitas,
582 3062 757 3117 neque
785 3046 1059 3115 peccantis
1083 3044 1327 3100 etI‘ectus.
1353 3044 1522 3100 Homo
1547 3051 1726 3099 autem
1749 3043 1873 3111 quia

1977 1865 2071 1925 bus
2098 1881 2202 1918 non
2231 1867 2575 1935 reputabitur.
2603 1867 2785 1922 Potest
2808 1870 3005 1939 quippe
3040 1879 3095 1924 et
3136 1872 3427 1926 secundum
3457 1872 3550 1925 lit-

1977 1966 2149 2012 teram
2176 1966 2341 2012 stare.
2370 1957 2531 2013 Solus
2556 1960 2700 2012 enim
2734 1961 2959 2029 populus
2986 1960 3154 2017 Iacob
3185 1978 3289 2017 non
3322 1972 3407 2017 est
3426 1979 3553 2033 per-

1980 2050 2171 2103 mistns
2201 2050 2415 2103 caeteris
2443 2050 2783 2114 hominibus,
2815 2067 2914 2106 nec
2943 2053 3085 2106 inter
3117 2063 3342 2109 czeteras
3367 2066 3553 2125 gentes

1978 2150 2257 2210 reputatus
2286 2148 2387 2194 est.
2422 2140 2620 2194 Habuit
2649 2143 2793 2195 enim
2833 2151 2979 2196 certa
3019 2159 3245 2213 qumque
3273 2146 3551 2215 privilegia

1979 2232 2032 2287 in
2065 2232 2533 2287 observationibus
2556 2234 2668 2287 suis
2693 2243 2744 2288 et
2780 2235 2831 2287 in
2860 2234 3133 2304 legitimis,
3158 2252 3222 2291 ex
3249 2238 3443 2305 quibus
3468 2252 3553 2291 se-

1976 2331 2289 2392 questratus
2310 2338 2340 2376 a
2366 2325 2579 2379 eteteris
2608 2325 2770 2394 genti?
2796 2341 2859 2379 us
2886 2325 3201 2391 haberetur,
3223 2328 3363 2382 sicut
3387 2329 3551 2381 etiam

1979 2415 2151 2469 tribus
2183 2414 2308 2469 Levi
2342 2430 2449 2469 non
2484 2423 2571 2469 est
2608 2416 2875 2484 permixta
2916 2416 3058 2470 inter
3086 2427 3313 2473 caeteras
3348 2417 3549 2479 tribus,

1977 2521 2078 2560 nec
2125 2513 2515 2560 annumeratur
2562 2505 2704 2558 inter
2750 2520 2861 2559 eas.
2919 2505 3045 2560 Ihec
3092 2505 3310 2573 quidem
3361 2507 3413 2560 in
3465 2505 3555 2559 illo

1977 2597 2174 2666 populo
2212 2595 2432 2651 fuerunt
2465 2596 2758 2651 secundum
2795 2594 3023 2650 formam
3058 2595 3360 2650 futurorum
3393 2598 3554 2653 bono.

1979 2702 2118 2741 rum.
2155 2685 2327 2742 Verus
2371 2694 2553 2739 autem
2584 2684 2753 2740 Iacob
2796 2694 2852 2739 et
2893 2686 3150 2755 spiritalis
3192 2687 3391 2753 Israel,
3429 2703 3554 2743 vere

1977 2778 2123 2833 snlus
2146 2779 2411 2858 habitavit
2441 2779 2493 2832 in
2532 2780 2798 2848 gentibus.
2845 2777 2900 2832 Si
2940 2781 3085 2834 enim
3116 2782 3444 2835 accessimus
3485 2782 3552 2835 ad

1977 2865 2107 2920 Sion
2139 2876 2373 2922 montem
2395 2907 2409 2931 ,
2435 2875 2491 2921 et
2518 2868 2790 2921 civitatem
2831 2867 2923 2922 Dei
2967 2869 3200 2923 viventis
3240 2869 3540 2925 Jerusalem

1976 2957 2251 3011 ctelestetn
2273 2999 2287 3020 ,
2316 2965 2372 3011 et
2402 2956 2648 3011 venimus
2677 2959 2741 3010 ad
2783 2959 3080 3028 spiritalem
3122 2958 3393 3025 Judmam,
3434 2979 3553 3031 qua:

1977 3055 2059 3101 est
2086 3047 2264 3115 portio
2294 3046 2424 3112 Dei,
2456 3056 2512 3102 et
2549 3046 2603 3100 in
2635 3049 2795 3103 terris
2823 3050 2983 3118 positi
3030 3051 3101 3105 ibi
3138 3051 3397 3108 habemus
3425 3069 3554 3108 con-

300 3143 419 3197 Inee
445 3154 552 3194 non
575 3145 751 3208 potest
774 3136 915 3191 ferre
942 3136 1022 3189 vel
1050 3135 1248 3199 facere,
1275 3134 1470 3207 (neque
1497 3135 1643 3189 enim
1680 3149 1875 3203 propo-
1901 3132 1945 3195 C
1978 3136 2355 3198 versationem.
2384 3150 2512 3192 vere
2539 3152 2644 3191 non
2675 3148 2993 3206 reputamur
3012 3141 3151 3196 inter
3172 3152 3399 3199 caeteras
3425 3161 3549 3215 gen-

298 3234 464 3287 situm
496 3239 839 3300 mentemque
865 3229 1091 3284 alterius
1115 3229 1298 3284 videre
1324 3229 1464 3283 alius
1482 3237 1574 3282 aut
1597 3230 1875 3298 ignoscere

298 3321 525 3393 potest),
552 3321 754 3375 idcirco
794 3319 957 3373 etiam
994 3318 1039 3372 si
1062 3318 1377 3386 \judicantis
1418 3317 1503 3373 vel
1549 3319 1873 3373 sententiam

301 3409 604 3479 promentis
632 3407 828 3463 intuitu
857 3406 1098 3476 proferat
1139 3406 1511 3469 maledictum,
1546 3422 1652 3461 non
1697 3414 1875 3475 potest

298 3519 422 3557 esse
436 3502 583 3570 justa
612 3500 964 3556 maledicendi
998 3514 1184 3563 causa,
1213 3499 1304 3552 ubi
1340 3499 1618 3569 ignoratur
1644 3513 1875 3567 peccan-

299 3596 372 3648 tis
416 3591 682 3647 eﬂ'ectus:
717 3590 949 3644 maxime
993 3604 1115 3644 cum
1166 3589 1459 3643 humanum
1509 3588 1697 3643 vitium
1745 3597 1874 3643 tunc

297 3684 439 3737 sciat
466 3681 751 3737 maledicta
789 3678 1033 3749 proferre
1056 3694 1177 3734 cum
1219 3677 1356 3733 forte
1384 3679 1645 3733 conviciis
1673 3686 1768 3732 aut
1793 3679 1875 3731 in-

292 3772 457 3840 juriis
490 3778 834 3841 provocatur.
879 3768 1030 3837 Quod
1076 3769 1265 3823 vitium
1304 3783 1550 3823 resecare
1588 3768 1876 3837 Apostolus

298 3864 508 3926 volens,
546 3878 615 3917 ne
642 3861 942 3918 maledictis
971 3860 1256 3916 maledicta
1274 3900 1288 3923 ,
1315 3866 1371 3914 et
1401 3859 1663 3914 conviciis
1696 3859 1875 3913 convi-

298 3954 385 4007 cia
413 3965 805 4023 provocemus,
848 3951 1160 4005 mandatum
1208 3948 1576 4004 necessarium
1607 3948 1790 4017 ponit,
1818 3956 1874 4001 ut

298 4043 666 4097 benedicamus
710 4049 759 4093 et
801 4056 905 4093 non
951 4039 1324 4092 maledicamus
1370 4036 1548 4110 (Rom.
1587 4034 1686 4108 xu)
1720 4053 1733 4090 :
1767 4053 1876 4106 quo

298 4130 643 4187 conviciandi
669 4129 857 4184 vitium
889 4138 1186 4193 resecetur,
1214 4145 1320 4183 non
1345 4143 1453 4197 quo
1481 4127 1756 4197 iudicandi
1786 4146 1878 4183 ve-

300 4224 459 4288 ritas,
487 4236 611 4292 qnie
632 4221 879 4276 homines
904 4220 1056 4285 latet,
1085 4228 1142 4274 et
1165 4216 1544 4289 pronuntiandi
1578 4221 1877 4276 auctoritas

299 4314 620 4384 perimatur.
648 4312 716 4367 Et
744 4319 923 4367 tamen
961 4312 1091 4382 quid
1116 4326 1292 4366 causa:
1317 4311 1407 4377 sit,
1441 4312 1586 4380 quod
1617 4326 1723 4367 non
1757 4326 1875 4365 ma-

1978 3237 2079 3290 tes,
2111 3240 2212 3282 nec
2238 3226 2568 3296 reliquarum
2594 3228 2872 3282 nationum
2902 3229 3039 3285 lines
3064 3246 3186 3286 cum
3215 3235 3419 3289 nostris
3441 3234 3550 3288 lini-

1973 3316 2074 3371 bus
2125 3315 2526 3380 admiscentur,
2580 3317 2794 3370 etiamsi
2849 3320 3165 3374 restituatur
3216 3321 3451 3377 Sodoma
3498 3323 3551 3377 in

1973 3410 2272 3475 antiquum.
2299 3414 2354 3460 et
2380 3404 2649 3477 Egyptus
2681 3407 2734 3460 in
2765 3415 2966 3462 statum
2995 3425 3151 3464 suum
3185 3413 3405 3478 redeat;
3433 3422 3487 3467 et
3507 3414 3552 3469 si

1974 3498 2102 3566 quid
2130 3498 2240 3550 tale
2265 3497 2318 3551 in
2345 3497 2623 3566 prophetis
2650 3498 2935 3567 scriptum,
2963 3510 3336 3556 verumtamen
3362 3503 3438 3556 illi
3468 3503 3556 3559 Ja-

1973 3587 2077 3642 cob
2100 3597 2155 3640 et
2180 3585 2407 3655 spiritali
2434 3587 2630 3650 Israel,
2660 3603 2782 3641 cmn
2818 3588 2885 3640 ad
2926 3588 3223 3643 Ecclesium
3260 3579 3555 3660 primitivo-

1974 3694 2095 3734 rum
2120 3677 2461 3732 aseenderint
2481 3717 2496 3740 ,
2529 3677 2708 3731 nullus
2733 3678 3124 3745 ex:equabitur.
3162 3680 3341 3733 nullus
3380 3682 3549 3735 admi-

1973 3768 2234 3832 scebitur,
2261 3768 2424 3821 etiam
2453 3768 2498 3821 si
2528 3767 2647 3822 ista:
2686 3775 2875 3835 gentes
2914 3769 3209 3823 secundum
3250 3770 3393 3824 dicta
3430 3788 3553 3840 pro-

1972 3859 2186 3929 phetica
2234 3856 2438 3912 fuerint
2466 3856 2750 3912 restitutae.
2787 3856 2899 3912 Nisi
2940 3858 3082 3912 enim
3118 3858 3353 3914 insertus
3393 3862 3553 3918 fuerit

1974 3964 2160 4004 ramus
2187 3948 2445 4012 oleastri,
2474 3955 2531 4002 et
2575 3948 2755 4002 socius
2786 3946 2952 4002 fuerit
2989 3947 3165 4005 factus
3204 3951 3402 4006 radicis
3437 3953 3554 4021 pin-

1974 4042 2222 4114 guedinis
2248 4041 2423 4106 olivm,
2457 4041 2728 4110 quomodo
2754 4047 2932 4111 potest
2964 4041 3157 4096 sociari
3205 4051 3259 4097 et
3302 4043 3550 4117 conjungi

1974 4134 2044 4187 ad
2070 4131 2240 4187 Iacob
2266 4130 2351 4186 vel
2380 4130 2566 4195 Israel,
2597 4146 2720 4184 cum
2747 4130 2864 4185 sine
2892 4131 2992 4185 ista
3027 4132 3209 4185 radice
3248 4147 3349 4186 nec
3384 4131 3551 4185 Iacob

1974 4223 2257 4291 quisquam
2303 4224 2474 4291 possit
2514 4224 2793 4293 appellari,
2829 4239 2927 4279 nec
2972 4224 3157 4278 Israel.
3204 4224 3385 4294 Neque
3420 4241 3551 4295 ergo

1972 4327 2040 4366 ex
2085 4312 2252 4367 Jaeoh
2294 4312 2376 4366 vel
2417 4312 2583 4367 Israel
2630 4314 2675 4367 si
2718 4314 2839 4381 quis
2870 4322 3093 4383 peccat,
3126 4312 3292 4368 Iacob
3319 4315 3422 4369 dici
3458 4317 3543 4370 vel

300 4406 502 4460 Iedicat
526 4404 787 4459 Dominus
817 4402 983 4458 Iacob
1017 4418 1191 4472 neque
1215 4401 1411 4467 Israel,
1445 4403 1513 4458 ab
1536 4403 1653 4472 ipso
1684 4401 1875 4456 nihilo-
1899 4464 1944 4475 _
1975 4403 2140 4458 Israel
2181 4411 2386 4472 potest;
2417 4417 2589 4471 neque
2629 4418 2693 4458 ex
2740 4403 2991 4471 gentibus
3030 4404 3074 4458 si
3119 4404 3241 4473 quis
3276 4405 3551 4475 ingressus

300 4495 484 4551 minus
503 4492 746 4557 Balaam,
769 4492 879 4546 imo
900 4507 931 4546 a
955 4492 1119 4547 verbo
1148 4492 1289 4560 quod
1323 4491 1502 4561 posuit
1526 4490 1667 4547 Deus
1698 4492 1751 4546 in
1777 4505 1873 4545 ore
1899 4464 1950 4522 D
1979 4497 2143 4551 fuerit
2182 4464 2776 4560 Ecclesium-Domini:
2823 4494 2965 4550 inter
3007 4464 3192 4564 gentes
3224 4464 3364 4550 ultra
3394 4513 3550 4569 repu-

299 4589 439 4658 ejus,
470 4585 780 4655 diligentius
813 4584 1117 4639 audiamus.

369 4678 450 4732 De
469 4679 687 4732 summis
713 4675 946 4731 silicibus
974 4677 1154 4731 videbo
1174 4692 1314 4740 eum,
1344 4684 1393 4731 et
1412 4676 1476 4729 de
1500 4674 1718 4731 collibus
1747 4692 1874 4732 con-

299 4769 544 4830 siderabo
566 4768 734 4825 illum.
758 4770 903 4835 Sive,
924 4769 1076 4840 juxta
1100 4768 1259 4821 aliam
1279 4767 1590 4831 editionem,
1616 4765 1877 4831 Quoniam

301 4868 365 4920 dc
394 4865 693 4927 verticibus,
720 4861 915 4932 inquit,
938 4860 1191 4913 montium
1213 4858 1449 4911 intuebor
1467 4873 1606 4919 eum,
1639 4868 1687 4911 et
1711 4875 1743 4910 a
1768 4858 1873 4910 co!-

302 4958 441 5010 libus
464 4953 755 5023 intelligam
780 4967 919 5006 eum.
946 4951 1101 5017 Quia,
1128 4948 1322 5018 inquit,
1348 4947 1401 5002 in
1425 4946 1654 5002 excelsis
1679 4949 1875 5002 monti-

303 5049 406 5101 bus
442 5052 500 5098 et
528 5042 652 5096 altis
686 5040 914 5096 collibus
943 5040 1147 5108 positus
1186 5044 1273 5092 est
1308 5037 1502 5101 Israel,
1549 5038 1651 5092 hoc
1693 5047 1775 5093 est
1820 5038 1872 5091 in

303 5137 450 5191 edita
475 5134 586 5188 vita
613 5139 669 5187 et
692 5132 858 5185 ardua
881 5170 896 5196 ,
929 5130 995 5184 ad
1023 5143 1183 5198 quam
1212 5128 1569 5183 contuendam
1593 5136 1648 5182 et
1681 5128 1879 5181 inti-lli-

303 5223 538 5294 gendam
580 5237 685 5277 non
714 5220 875 5277 facile
916 5220 1038 5289 quis
1073 5219 1295 5273 idoneus
1336 5217 1463 5284 ﬁat,
1491 5218 1594 5274 nisi
1624 5219 1887 5273 ascendat

305 5315 375 5368 ad
402 5313 734 5369 eminentem
776 5318 832 5366 et
878 5308 1150 5365 excelsam
1194 5307 1509 5372 scientiam,
1539 5308 1768 5372 idcirco,
1803 5307 1884 5361 in-

303 5403 448 5474 quit,
474 5416 580 5457 nou
614 5401 665 5455 ei
689 5400 962 5455 maledicit
991 5399 1149 5453 Deus.
1185 5398 1282 5453 Est
1307 5398 1451 5452 enim
1479 5398 1586 5451 vita
1619 5397 1735 5467 ejus
1767 5396 1875 5450 alta

304 5506 359 5550 et
389 5493 646 5564 praecelsa
672 5532 689 5556 ,
733 5507 839 5546 non
883 5490 1100 5545 humilis
1142 5498 1197 5544 et
1240 5489 1467 5559 deiecta.
1497 5488 1648 5555 Quod
1691 5495 1873 5542 tamen

308 5588 437 5642 mihi
465 5601 571 5641 non
595 5584 829 5647 videtur,
861 5584 986 5652 quia
1015 5584 1080 5637 de
1114 5582 1204 5636 illo
1238 5581 1430 5644 Israel,
1460 5581 1549 5650 qui
1579 5581 1873 5635 secundum

310 5694 529 5734 carnem
568 5675 727 5731 Israel
772 5685 887 5739 est,
917 5674 1145 5738 dixerit;
1188 5671 1280 5728 sed
1316 5673 1378 5727 dc
1413 5671 1500 5725 illo
1535 5670 1686 5739 cujus
1716 5688 1874 5740 super

1981 4587 2201 4641 tabitur.

2054 4675 2183 4741 Quis
2212 4674 2535 4745 inrestigabit
2568 4691 2742 4729 semen
2778 4674 2943 4729 Iacob
2977 4684 3023 4730 et
3051 4677 3170 4746 quis
3200 4678 3550 4736 dinumerabit

1982 4766 2150 4838 plebes
2175 4765 2382 4820 Israel?
2407 4764 2595 4819 Simile
2623 4775 2707 4819 est
2734 4765 2807 4820 illi
2840 4766 2941 4820 hoc
2968 4767 3110 4835 quod
3146 4768 3404 4837 scriptum
3432 4780 3546 4837 est,

1978 4862 2104 4929 quia
2128 4858 2313 4912 eduxit
2338 4857 2480 4912 Deus
2507 4858 2780 4911 Abraham
2819 4856 2965 4912 foras
2994 4865 3047 4912 et
3076 4859 3153 4911 ait
3185 4860 3259 4913 illi
3287 4878 3300 4914 :
3336 4860 3550 4933 Respice

1977 4950 2047 5003 ad
2072 4948 2276 5012 uelum,
2303 4956 2350 5000 et
2375 4945 2650 5000 dinumera
2676 4945 2855 5000 stellas
2879 4947 2925 5000 si
2944 4956 3086 5017 potes
3110 4948 3460 5005 dinumerare.
3484 4952 3544 5005 Et

1978 5039 2092 5092 ait:
2128 5038 2213 5091 Ita
2242 5037 2339 5090 erit
2364 5051 2536 5090 semen
2566 5046 2731 5088 tuum.
2759 5035 2826 5088 Et
2871 5036 3088 5091 credidit
3133 5040 3393 5093 Abraham
3415 5040 3544 5104 Deo,

1976 5140 2023 5184 et
2073 5137 2368 5198 reputatum
2407 5136 2483 5181 est
2531 5126 2609 5180 illi
2650 5127 2719 5179 ad
2759 5128 3025 5197 justitiam
3073 5128 3225 5199 (Gen.
3267 5130 3407 5200 xm).
3441 5130 3546 5184 Sel

1975 5218 2250 5273 Abraham
2272 5217 2490 5287 quidem
2511 5224 2565 5270 et
2584 5216 2675 5270 alii
2700 5217 2926 5286 quilibet
2948 5218 3243 5282 hominum,
3270 5227 3362 5273 aut
3381 5221 3544 5271 etiam

1979 5306 2311 5378 angelorum,
2342 5307 2589 5361 fortassis
2611 5315 2790 5360 autem
2819 5316 2875 5360 et
2903 5308 3239 5377 superiorum
3265 5308 3542 5371 virtutum,

1981 5413 2090 5452 non
2121 5404 2334 5467 poterat
2358 5410 2644 5450 numerare
2672 5396 2855 5450 stellas
2873 5436 2888 5461 ,
2914 5411 3016 5451 nec
3042 5411 3226 5450 semen
3248 5394 3544 5461 Abraham,

1980 5486 2046 5541 de
2075 5501 2182 5554 quo
2208 5486 2465 5555 scriptum
2493 5494 2579 5539 est
2605 5499 2620 5538 :
2654 5483 2742 5540 Sic
2765 5486 2862 5539 erit
2882 5501 3053 5539 semen
3082 5494 3252 5537 tuum.
3285 5483 3426 5538 Deus
3450 5499 3547 5539 au-

1981 5589 2087 5634 tem
2112 5580 2179 5634 de
2201 5593 2309 5647 quo
2330 5578 2590 5646 scriptum
2617 5586 2701 5632 est
2726 5595 2739 5630 :
2767 5577 2870 5642 Qui
2893 5584 3131 5630 numerat
3159 5574 3550 5635 multitudinem

1978 5670 2270 5733 stellarum,
2300 5681 2345 5724 et
2373 5668 2607 5723 omnibus
2629 5669 2702 5723 cis
2732 5670 2938 5721 nomina
2962 5674 3107 5721 vocat
3135 5662 3308 5738 (Psal.
3332 5666 3551 5742 exul).
