  <div class='ocr_page' id='page_1' title='image "/cluster/home/n/w/nwhite01/storage/ocr_20150623/108/hvd.32044054759733/373.png"; bbox 0 0 3932 6188; ppageno 0'>
   <div class='ocr_carea' id='block_1_1' title="bbox 453 271 3637 341">
    <p class='ocr_par' dir='ltr' id='par_1_1' title="bbox 453 271 3637 341">
     <span class='ocr_line' id='line_1_1' title="bbox 453 271 3637 341; baseline 0.003 -15"><span class='ocrx_word' id='word_1_1' title='bbox 453 280 559 338; x_wconf 69' lang='lat'><strong>73-3</strong></span> <span class='ocrx_word' id='word_1_2' title='bbox 1094 277 1153 331; x_wconf 83' lang='grc' dir='ltr'><strong>Β.</strong></span> <span class='ocrx_word' id='word_1_3' title='bbox 1195 274 1449 331; x_wconf 73' lang='lat' dir='ltr'><strong>RABANI</strong></span> <span class='ocrx_word' id='word_1_4' title='bbox 1488 274 1708 331; x_wconf 67' lang='lat' dir='ltr'><strong>MAURI</strong></span> <span class='ocrx_word' id='word_1_5' title='bbox 1746 273 2064 330; x_wconf 76' lang='lat' dir='ltr'><strong>ABCIIIEP.</strong></span> <span class='ocrx_word' id='word_1_6' title='bbox 2109 272 2419 328; x_wconf 77' lang='lat' dir='ltr'><strong>MOGUNT.</strong></span> <span class='ocrx_word' id='word_1_7' title='bbox 2461 271 2744 328; x_wconf 70' lang='lat' dir='ltr'><strong>OPERUM</strong></span> <span class='ocrx_word' id='word_1_8' title='bbox 2785 271 2966 326; x_wconf 76' lang='lat' dir='ltr'><strong>PARS</strong></span> <span class='ocrx_word' id='word_1_9' title='bbox 2999 272 3041 327; x_wconf 92' lang='lat' dir='ltr'><strong>I.</strong></span> <span class='ocrx_word' id='word_1_10' title='bbox 3545 281 3637 341; x_wconf 76' lang='lat'><strong>756</strong></span> 
     </span>
    </p>
   </div>
   <div class='ocr_carea' id='block_1_2' title="bbox 454 388 3643 466">
    <p class='ocr_par' dir='ltr' id='par_1_2' title="bbox 454 388 3643 466">
     <span class='ocr_line' id='line_1_2' title="bbox 454 388 3643 466; baseline -0.003 -13"><span class='ocrx_word' id='word_1_11' title='bbox 454 400 518 453; x_wconf 86' lang='lat' dir='ltr'><strong>Et</strong></span> <span class='ocrx_word' id='word_1_12' title='bbox 558 397 649 466; x_wconf 86' lang='lat' dir='ltr'><strong>qui</strong></span> <span class='ocrx_word' id='word_1_13' title='bbox 699 395 831 451; x_wconf 77' lang='lat' dir='ltr'><strong>dixit</strong></span> <span class='ocrx_word' id='word_1_14' title='bbox 860 414 872 450; x_wconf 94' lang='lat'>:</span> <span class='ocrx_word' id='word_1_15' title='bbox 900 394 1011 465; x_wconf 86' lang='lat' dir='ltr'><strong>Ego</strong></span> <span class='ocrx_word' id='word_1_16' title='bbox 1039 394 1203 449; x_wconf 86' lang='lat' dir='ltr'><strong>stellis</strong></span> <span class='ocrx_word' id='word_1_17' title='bbox 1250 394 1485 449; x_wconf 88' lang='lat' dir='ltr'><strong>omnibus</strong></span> <span class='ocrx_word' id='word_1_18' title='bbox 1532 395 1804 458; x_wconf 82' lang='lat' dir='ltr'><strong>mandavi,</strong></span> <span class='ocrx_word' id='word_1_19' title='bbox 1844 400 2018 462; x_wconf 92' lang='lat' dir='ltr'><strong>potest</strong></span> <span class='ocrx_word' id='word_1_20' title='bbox 2052 396 2094 452; x_wconf 75' lang='grc' dir='ltr'><strong>Α</strong></span> <span class='ocrx_word' id='word_1_21' title='bbox 2126 389 2269 444; x_wconf 79' lang='lat' dir='ltr'><strong>tibus</strong></span> <span class='ocrx_word' id='word_1_22' title='bbox 2300 391 2350 443; x_wconf 89' lang='lat' dir='ltr'><strong>in</strong></span> <span class='ocrx_word' id='word_1_23' title='bbox 2379 389 2626 454; x_wconf 81' lang='lat' dir='ltr'><strong>Christo,</strong></span> <span class='ocrx_word' id='word_1_24' title='bbox 2649 388 2929 457; x_wconf 74' lang='lat' dir='ltr'><strong>iustiﬁcati</strong></span> <span class='ocrx_word' id='word_1_25' title='bbox 2969 398 3113 443; x_wconf 87' lang='lat' dir='ltr'><strong>sunt.</strong></span> <span class='ocrx_word' id='word_1_26' title='bbox 3144 390 3296 445; x_wconf 80' lang='lat' dir='ltr'><strong>Unde</strong></span> <span class='ocrx_word' id='word_1_27' title='bbox 3338 395 3643 454; x_wconf 66' lang='lat' dir='ltr'><strong>manifestum</strong></span> 
     </span>
    </p>
   </div>
   <div class='ocr_carea' id='block_1_3' title="bbox 452 479 3645 557">
    <p class='ocr_par' dir='ltr' id='par_1_3' title="bbox 452 479 3645 557">
     <span class='ocr_line' id='line_1_3' title="bbox 452 479 3645 557; baseline 0.001 -16"><span class='ocrx_word' id='word_1_28' title='bbox 452 488 778 557; x_wconf 85' lang='lat' dir='ltr'><strong>investigare</strong></span> <span class='ocrx_word' id='word_1_29' title='bbox 798 501 982 541; x_wconf 92' lang='lat' dir='ltr'><strong>semen</strong></span> <span class='ocrx_word' id='word_1_30' title='bbox 1001 484 1261 548; x_wconf 83' lang='lat' dir='ltr'><strong>Jacnb,et</strong></span> <span class='ocrx_word' id='word_1_31' title='bbox 1276 485 1617 539; x_wconf 89' lang='lat' dir='ltr'><strong>dinumerare</strong></span> <span class='ocrx_word' id='word_1_32' title='bbox 1635 483 2016 553; x_wconf 90' lang='lat' dir='ltr'><strong>plebeslsrael.</strong></span> <span class='ocrx_word' id='word_1_33' title='bbox 2119 489 2234 545; x_wconf 89' lang='lat' dir='ltr'><strong>est,</strong></span> <span class='ocrx_word' id='word_1_34' title='bbox 2266 482 2391 549; x_wconf 88' lang='lat' dir='ltr'><strong>quia</strong></span> <span class='ocrx_word' id='word_1_35' title='bbox 2438 481 2578 535; x_wconf 70' lang='lat' dir='ltr'><strong>sicut</strong></span> <span class='ocrx_word' id='word_1_36' title='bbox 2607 480 2895 548; x_wconf 85' lang='lat' dir='ltr'><strong>Apostolus</strong></span> <span class='ocrx_word' id='word_1_37' title='bbox 2925 481 3053 533; x_wconf 91' lang='lat' dir='ltr'><strong>dicit</strong></span> <span class='ocrx_word' id='word_1_38' title='bbox 3084 497 3098 533; x_wconf 90' lang='lat'><strong>:</strong></span> <span class='ocrx_word' id='word_1_39' title='bbox 3136 479 3313 549; x_wconf 71' lang='lat' dir='ltr'><strong>Neque</strong></span> <span class='ocrx_word' id='word_1_40' title='bbox 3357 484 3645 543; x_wconf 76' lang='lat' dir='ltr'><strong>cirrumcisio</strong></span> 
     </span>
    </p>
   </div>
   <div class='ocr_carea' id='block_1_4' title="bbox 453 571 3649 645">
    <p class='ocr_par' dir='ltr' id='par_1_4' title="bbox 453 571 3649 645">
     <span class='ocr_line' id='line_1_4' title="bbox 453 571 3649 645; baseline -0.001 -16"><span class='ocrx_word' id='word_1_41' title='bbox 453 577 569 645; x_wconf 79' lang='lat' dir='ltr'><strong>ipse</strong></span> <span class='ocrx_word' id='word_1_42' title='bbox 596 577 739 631; x_wconf 88' lang='lat' dir='ltr'><strong>enim</strong></span> <span class='ocrx_word' id='word_1_43' title='bbox 771 576 917 631; x_wconf 90' lang='lat' dir='ltr'><strong>solus</strong></span> <span class='ocrx_word' id='word_1_44' title='bbox 942 576 1066 638; x_wconf 86' lang='lat' dir='ltr'><strong>scit,</strong></span> <span class='ocrx_word' id='word_1_45' title='bbox 1094 576 1216 644; x_wconf 86' lang='lat' dir='ltr'><strong>quis</strong></span> <span class='ocrx_word' id='word_1_46' title='bbox 1237 589 1364 628; x_wconf 91' lang='lat' dir='ltr'><strong>vere</strong></span> <span class='ocrx_word' id='word_1_47' title='bbox 1404 573 1599 638; x_wconf 76' lang='lat' dir='ltr'><strong>Iacob,</strong></span> <span class='ocrx_word' id='word_1_48' title='bbox 1639 581 1696 628; x_wconf 90' lang='lat' dir='ltr'><strong>et</strong></span> <span class='ocrx_word' id='word_1_49' title='bbox 1733 574 1856 643; x_wconf 88' lang='lat' dir='ltr'><strong>quis</strong></span> <span class='ocrx_word' id='word_1_50' title='bbox 1896 588 2023 627; x_wconf 81' lang='lat' dir='ltr'><strong>vere</strong></span> <span class='ocrx_word' id='word_1_51' title='bbox 2120 571 2321 641; x_wconf 86' lang='lat' dir='ltr'><strong>aliquid</strong></span> <span class='ocrx_word' id='word_1_52' title='bbox 2347 581 2421 625; x_wconf 84' lang='lat' dir='ltr'><strong>est</strong></span> <span class='ocrx_word' id='word_1_53' title='bbox 2453 588 2614 641; x_wconf 76' lang='lat' dir='ltr'><strong>neque</strong></span> <span class='ocrx_word' id='word_1_54' title='bbox 2634 572 2967 641; x_wconf 68' lang='lat' dir='ltr'><strong>prwputium,</strong></span> <span class='ocrx_word' id='word_1_55' title='bbox 2991 571 3080 623; x_wconf 88' lang='lat' dir='ltr'><strong>scd</strong></span> <span class='ocrx_word' id='word_1_56' title='bbox 3110 571 3239 638; x_wconf 84' lang='lat' dir='ltr'><strong>ﬁdes</strong></span> <span class='ocrx_word' id='word_1_57' title='bbox 3258 588 3372 639; x_wconf 71' lang='lat' dir='ltr'><strong>qum</strong></span> <span class='ocrx_word' id='word_1_58' title='bbox 3399 587 3483 631; x_wconf 69' lang='lat' dir='ltr'><strong>per</strong></span> <span class='ocrx_word' id='word_1_59' title='bbox 3498 577 3649 631; x_wconf 78' lang='lat' dir='ltr'><strong>citari-</strong></span> 
     </span>
    </p>
   </div>
   <div class='ocr_carea' id='block_1_5' title="bbox 454 658 3649 733">
    <p class='ocr_par' dir='ltr' id='par_1_5' title="bbox 454 658 3649 733">
     <span class='ocr_line' id='line_1_5' title="bbox 454 658 3649 733; baseline -0 -15"><span class='ocrx_word' id='word_1_60' title='bbox 454 666 525 718; x_wconf 83' lang='lat' dir='ltr'><strong>sit</strong></span> <span class='ocrx_word' id='word_1_61' title='bbox 563 665 743 718; x_wconf 90' lang='lat' dir='ltr'><strong>Israel.</strong></span> <span class='ocrx_word' id='word_1_62' title='bbox 790 664 906 717; x_wconf 89' lang='lat' dir='ltr'><strong>Non</strong></span> <span class='ocrx_word' id='word_1_63' title='bbox 953 665 1099 717; x_wconf 90' lang='lat' dir='ltr'><strong>enim</strong></span> <span class='ocrx_word' id='word_1_64' title='bbox 1140 663 1207 718; x_wconf 88' lang='lat' dir='ltr'><strong>ad</strong></span> <span class='ocrx_word' id='word_1_65' title='bbox 1247 678 1369 717; x_wconf 87' lang='lat' dir='ltr'><strong>eum</strong></span> <span class='ocrx_word' id='word_1_66' title='bbox 1411 664 1501 733; x_wconf 87' lang='lat' dir='ltr'><strong>qui</strong></span> <span class='ocrx_word' id='word_1_67' title='bbox 1535 665 1586 718; x_wconf 92' lang='lat' dir='ltr'><strong>in</strong></span> <span class='ocrx_word' id='word_1_68' title='bbox 1620 664 1904 719; x_wconf 79' lang='lat' dir='ltr'><strong>manifesto</strong></span> <span class='ocrx_word' id='word_1_69' title='bbox 1923 662 2022 716; x_wconf 82' lang='lat' dir='ltr'><strong>Ju-</strong></span> <span class='ocrx_word' id='word_1_70' title='bbox 2121 669 2279 712; x_wconf 89' lang='lat' dir='ltr'><strong>tatem</strong></span> <span class='ocrx_word' id='word_1_71' title='bbox 2327 670 2575 729; x_wconf 80' lang='lat' dir='ltr'><strong>operatur</strong></span> <span class='ocrx_word' id='word_1_72' title='bbox 2603 658 2746 729; x_wconf 81' lang='lat' dir='ltr'><strong>(Gal.</strong></span> <span class='ocrx_word' id='word_1_73' title='bbox 2784 658 2883 729; x_wconf 76' lang='lat' dir='ltr'><strong>vr).</strong></span> <span class='ocrx_word' id='word_1_74' title='bbox 2924 660 2990 712; x_wconf 81' lang='lat' dir='ltr'><strong>Et</strong></span> <span class='ocrx_word' id='word_1_75' title='bbox 3023 660 3141 712; x_wconf 85' lang='lat' dir='ltr'><strong>ideo</strong></span> <span class='ocrx_word' id='word_1_76' title='bbox 3184 675 3340 712; x_wconf 86' lang='lat' dir='ltr'><strong>nemo</strong></span> <span class='ocrx_word' id='word_1_77' title='bbox 3383 671 3466 713; x_wconf 85' lang='lat' dir='ltr'><strong>aut</strong></span> <span class='ocrx_word' id='word_1_78' title='bbox 3509 663 3649 718; x_wconf 86' lang='lat' dir='ltr'><strong>incir-</strong></span> 
     </span>
    </p>
   </div>
   <div class='ocr_carea' id='block_1_6' title="bbox 455 748 3650 824">
    <p class='ocr_par' dir='ltr' id='par_1_6' title="bbox 455 748 3650 824">
     <span class='ocr_line' id='line_1_6' title="bbox 455 748 3650 824; baseline 0 -16"><span class='ocrx_word' id='word_1_79' title='bbox 455 758 603 810; x_wconf 78' lang='lat' dir='ltr'><strong>tlams</strong></span> <span class='ocrx_word' id='word_1_80' title='bbox 650 764 736 810; x_wconf 88' lang='lat' dir='ltr'><strong>est</strong></span> <span class='ocrx_word' id='word_1_81' title='bbox 784 756 1035 823; x_wconf 82' lang='lat' dir='ltr'><strong>respicit,</strong></span> <span class='ocrx_word' id='word_1_82' title='bbox 1082 770 1256 824; x_wconf 82' lang='lat' dir='ltr'><strong>neque</strong></span> <span class='ocrx_word' id='word_1_83' title='bbox 1301 755 1366 808; x_wconf 89' lang='lat' dir='ltr'><strong>ad</strong></span> <span class='ocrx_word' id='word_1_84' title='bbox 1416 770 1536 809; x_wconf 90' lang='lat' dir='ltr'><strong>eam</strong></span> <span class='ocrx_word' id='word_1_85' title='bbox 1584 771 1703 824; x_wconf 67' lang='lat' dir='ltr'><strong>qua:</strong></span> <span class='ocrx_word' id='word_1_86' title='bbox 1749 756 1802 809; x_wconf 92' lang='lat' dir='ltr'><strong>in</strong></span> <span class='ocrx_word' id='word_1_87' title='bbox 1845 755 2020 808; x_wconf 87' lang='lat' dir='ltr'><strong>mani-</strong></span> <span class='ocrx_word' id='word_1_88' title='bbox 2119 748 2467 805; x_wconf 88' lang='lat' dir='ltr'><strong>cumcisionis</strong></span> <span class='ocrx_word' id='word_1_89' title='bbox 2516 750 2837 817; x_wconf 88' lang='lat' dir='ltr'><strong>antiquitate</strong></span> <span class='ocrx_word' id='word_1_90' title='bbox 2887 764 2944 802; x_wconf 90' lang='lat' dir='ltr'><strong>se</strong></span> <span class='ocrx_word' id='word_1_91' title='bbox 2984 749 3185 817; x_wconf 85' lang='lat' dir='ltr'><strong>jactet,</strong></span> <span class='ocrx_word' id='word_1_92' title='bbox 3231 758 3323 802; x_wconf 88' lang='lat' dir='ltr'><strong>aut</strong></span> <span class='ocrx_word' id='word_1_93' title='bbox 3361 750 3410 802; x_wconf 89' lang='lat' dir='ltr'><strong>in</strong></span> <span class='ocrx_word' id='word_1_94' title='bbox 3440 755 3650 821; x_wconf 68' lang='lat' dir='ltr'><strong>[lm&#39;pnlli</strong></span> 
     </span>
    </p>
   </div>
   <div class='ocr_carea' id='block_1_7' title="bbox 455 840 3653 913">
    <p class='ocr_par' dir='ltr' id='par_1_7' title="bbox 455 840 3653 913">
     <span class='ocr_line' id='line_1_7' title="bbox 455 840 3653 913; baseline 0 -16"><span class='ocrx_word' id='word_1_95' title='bbox 455 846 591 897; x_wconf 85' lang='lat' dir='ltr'><strong>testo</strong></span> <span class='ocrx_word' id='word_1_96' title='bbox 628 844 679 897; x_wconf 91' lang='lat' dir='ltr'><strong>in</strong></span> <span class='ocrx_word' id='word_1_97' title='bbox 716 859 879 898; x_wconf 87' lang='lat' dir='ltr'><strong>carne</strong></span> <span class='ocrx_word' id='word_1_98' title='bbox 912 852 994 898; x_wconf 89' lang='lat' dir='ltr'><strong>est</strong></span> <span class='ocrx_word' id='word_1_99' title='bbox 1033 844 1403 907; x_wconf 84' lang='lat' dir='ltr'><strong>circumcisio;</strong></span> <span class='ocrx_word' id='word_1_100' title='bbox 1447 844 1538 897; x_wconf 82' lang='lat' dir='ltr'><strong>sed</strong></span> <span class='ocrx_word' id='word_1_101' title='bbox 1574 843 1719 897; x_wconf 85' lang='lat' dir='ltr'><strong>videt</strong></span> <span class='ocrx_word' id='word_1_102' title='bbox 1748 843 1894 897; x_wconf 86' lang='lat' dir='ltr'><strong>illum</strong></span> <span class='ocrx_word' id='word_1_103' title='bbox 1929 844 2022 913; x_wconf 84' lang='lat' dir='ltr'><strong>qui</strong></span> <span class='ocrx_word' id='word_1_104' title='bbox 2120 840 2359 894; x_wconf 87' lang='lat' dir='ltr'><strong>novitate</strong></span> <span class='ocrx_word' id='word_1_105' title='bbox 2396 842 2677 910; x_wconf 83' lang='lat' dir='ltr'><strong>glorietur,</strong></span> <span class='ocrx_word' id='word_1_106' title='bbox 2721 841 2834 903; x_wconf 86' lang='lat' dir='ltr'><strong>sed,</strong></span> <span class='ocrx_word' id='word_1_107' title='bbox 2881 849 2939 893; x_wconf 91' lang='grc' dir='ltr'><strong>ιιι</strong></span> <span class='ocrx_word' id='word_1_108' title='bbox 2982 841 3267 909; x_wconf 71' lang='lat' dir='ltr'><strong>Apostolus</strong></span> <span class='ocrx_word' id='word_1_109' title='bbox 3310 841 3461 903; x_wconf 79' lang='lat' dir='ltr'><strong>dicit,</strong></span> <span class='ocrx_word' id='word_1_110' title='bbox 3495 840 3653 898; x_wconf 75' lang='lat' dir='ltr'><strong>Probet</strong></span> 
     </span>
    </p>
   </div>
   <div class='ocr_carea' id='block_1_8' title="bbox 456 933 3654 1004">
    <p class='ocr_par' dir='ltr' id='par_1_8' title="bbox 456 933 3654 1004">
     <span class='ocr_line' id='line_1_8' title="bbox 456 933 3654 1004; baseline 0.001 -17"><span class='ocrx_word' id='word_1_111' title='bbox 456 935 509 987; x_wconf 90' lang='lat' dir='ltr'><strong>in</strong></span> <span class='ocrx_word' id='word_1_112' title='bbox 548 936 762 989; x_wconf 84' lang='lat' dir='ltr'><strong>occulto</strong></span> <span class='ocrx_word' id='word_1_113' title='bbox 791 933 1006 989; x_wconf 75' lang='lat' dir='ltr'><strong>Judzeus</strong></span> <span class='ocrx_word' id='word_1_114' title='bbox 1032 942 1136 999; x_wconf 88' lang='lat' dir='ltr'><strong>cst,</strong></span> <span class='ocrx_word' id='word_1_115' title='bbox 1167 942 1223 988; x_wconf 90' lang='lat' dir='ltr'><strong>et</strong></span> <span class='ocrx_word' id='word_1_116' title='bbox 1251 935 1342 1003; x_wconf 77' lang='lat' dir='ltr'><strong>qui</strong></span> <span class='ocrx_word' id='word_1_117' title='bbox 1378 935 1733 989; x_wconf 84' lang='lat' dir='ltr'><strong>circumcisus</strong></span> <span class='ocrx_word' id='word_1_118' title='bbox 1753 943 1837 989; x_wconf 84' lang='lat' dir='ltr'><strong>est</strong></span> <span class='ocrx_word' id='word_1_119' title='bbox 1859 936 2023 989; x_wconf 86' lang='lat' dir='ltr'><strong>corde</strong></span> <span class='ocrx_word' id='word_1_120' title='bbox 2120 935 2473 1003; x_wconf 75' lang='lat' dir='ltr'><strong>unusquisque</strong></span> <span class='ocrx_word' id='word_1_121' title='bbox 2502 951 2631 1003; x_wconf 84' lang='lat' dir='ltr'><strong>opus</strong></span> <span class='ocrx_word' id='word_1_122' title='bbox 2656 950 2825 994; x_wconf 85' lang='lat' dir='ltr'><strong>suum,</strong></span> <span class='ocrx_word' id='word_1_123' title='bbox 2856 943 2903 986; x_wconf 83' lang='lat' dir='ltr'><strong>et</strong></span> <span class='ocrx_word' id='word_1_124' title='bbox 2929 943 3052 986; x_wconf 85' lang='lat' dir='ltr'><strong>tunc</strong></span> <span class='ocrx_word' id='word_1_125' title='bbox 3096 936 3149 987; x_wconf 87' lang='lat' dir='ltr'><strong>in</strong></span> <span class='ocrx_word' id='word_1_126' title='bbox 3178 937 3445 1004; x_wconf 76' lang='lat' dir='ltr'><strong>semetipso</strong></span> <span class='ocrx_word' id='word_1_127' title='bbox 3483 947 3654 992; x_wconf 82' lang='lat' dir='ltr'><strong>tantum</strong></span> 
     </span>
    </p>
   </div>
   <div class='ocr_carea' id='block_1_9' title="bbox 454 1020 3657 1093">
    <p class='ocr_par' dir='ltr' id='par_1_9' title="bbox 454 1020 3657 1093">
     <span class='ocr_line' id='line_1_9' title="bbox 454 1020 3657 1093; baseline 0.007 -33"><span class='ocrx_word' id='word_1_128' title='bbox 454 1039 562 1078; x_wconf 70' lang='lat' dir='ltr'><strong>mm</strong></span> <span class='ocrx_word' id='word_1_129' title='bbox 593 1034 646 1078; x_wconf 53' lang='lat' dir='ltr'><strong>ei</strong></span> <span class='ocrx_word' id='word_1_130' title='bbox 672 1040 854 1079; x_wconf 50' lang='lat' dir='ltr'><strong>came.</strong></span> <span class='ocrx_word' id='word_1_131' title='bbox 2121 1020 2340 1090; x_wconf 80' lang='lat' dir='ltr'><strong>gloriam</strong></span> <span class='ocrx_word' id='word_1_132' title='bbox 2364 1022 2566 1075; x_wconf 77' lang='lat' dir='ltr'><strong>habebit</strong></span> <span class='ocrx_word' id='word_1_133' title='bbox 2583 1022 2631 1093; x_wconf 88' lang='lat' dir='ltr'><strong>(l</strong></span> <span class='ocrx_word' id='word_1_134' title='bbox 2639 1024 2724 1075; x_wconf 87' lang='lat' dir='ltr'><strong>bid</strong></span> <span class='ocrx_word' id='word_1_135' title='bbox 2733 1030 2793 1091; x_wconf 85' lang='lat'><strong>.).</strong></span> <span class='ocrx_word' id='word_1_136' title='bbox 2814 1023 2904 1077; x_wconf 88' lang='lat' dir='ltr'><strong>Sic</strong></span> <span class='ocrx_word' id='word_1_137' title='bbox 2926 1023 3156 1091; x_wconf 82' lang='lat' dir='ltr'><strong>denique</strong></span> <span class='ocrx_word' id='word_1_138' title='bbox 3176 1034 3225 1077; x_wconf 79' lang='lat' dir='ltr'><strong>et</strong></span> <span class='ocrx_word' id='word_1_139' title='bbox 3244 1023 3501 1092; x_wconf 79' lang='lat' dir='ltr'><strong>Propheta</strong></span> <span class='ocrx_word' id='word_1_140' title='bbox 3515 1027 3657 1083; x_wconf 83' lang='lat' dir='ltr'><strong>dicit:</strong></span> 
     </span>
    </p>
   </div>
   <div class='ocr_carea' id='block_1_10' title="bbox 526 1108 3659 1187">
    <p class='ocr_par' dir='ltr' id='par_1_10' title="bbox 526 1108 3659 1187">
     <span class='ocr_line' id='line_1_10' title="bbox 526 1108 3659 1187; baseline 0.004 -30"><span class='ocrx_word' id='word_1_141' title='bbox 526 1115 640 1182; x_wconf 64' lang='lat' dir='ltr'><strong>Ipse</strong></span> <span class='ocrx_word' id='word_1_142' title='bbox 683 1131 811 1183; x_wconf 72' lang='lat' dir='ltr'><strong>ergo</strong></span> <span class='ocrx_word' id='word_1_143' title='bbox 842 1115 989 1169; x_wconf 82' lang='lat' dir='ltr'><strong>solus</strong></span> <span class='ocrx_word' id='word_1_144' title='bbox 1018 1125 1101 1170; x_wconf 68' lang='lat' dir='ltr'><strong>est</strong></span> <span class='ocrx_word' id='word_1_145' title='bbox 1140 1117 1230 1185; x_wconf 78' lang='lat' dir='ltr'><strong>qui</strong></span> <span class='ocrx_word' id='word_1_146' title='bbox 1263 1117 1608 1171; x_wconf 72' lang='lat' dir='ltr'><strong>dinumerare</strong></span> <span class='ocrx_word' id='word_1_147' title='bbox 1647 1125 1822 1187; x_wconf 69' lang='lat' dir='ltr'><strong>potest</strong></span> <span class='ocrx_word' id='word_1_148' title='bbox 1859 1126 1915 1171; x_wconf 50' lang='lat' dir='ltr'><strong>et</strong></span> <span class='ocrx_word' id='word_1_149' title='bbox 1943 1117 2025 1170; x_wconf 71' lang='grc' dir='ltr'><strong>ἱει..</strong></span> <span class='ocrx_word' id='word_1_150' title='bbox 2124 1108 2259 1162; x_wconf 78' lang='lat' dir='ltr'><strong>Ecce</strong></span> <span class='ocrx_word' id='word_1_151' title='bbox 2287 1111 2441 1163; x_wconf 82' lang='lat' dir='ltr'><strong>homo</strong></span> <span class='ocrx_word' id='word_1_152' title='bbox 2464 1120 2512 1163; x_wconf 82' lang='lat' dir='ltr'><strong>et</strong></span> <span class='ocrx_word' id='word_1_153' title='bbox 2539 1127 2665 1179; x_wconf 85' lang='lat' dir='ltr'><strong>opus</strong></span> <span class='ocrx_word' id='word_1_154' title='bbox 2694 1112 2827 1181; x_wconf 85' lang='lat' dir='ltr'><strong>ejus.</strong></span> <span class='ocrx_word' id='word_1_155' title='bbox 2864 1111 2930 1164; x_wconf 68' lang='lat' dir='ltr'><strong>El</strong></span> <span class='ocrx_word' id='word_1_156' title='bbox 2957 1126 3166 1165; x_wconf 74' lang='lat' dir='ltr'><strong>IIICI‘CCS</strong></span> <span class='ocrx_word' id='word_1_157' title='bbox 3196 1114 3246 1164; x_wconf 90' lang='lat' dir='ltr'><strong>in</strong></span> <span class='ocrx_word' id='word_1_158' title='bbox 3278 1126 3550 1182; x_wconf 87' lang='lat' dir='ltr'><strong>conspectu</strong></span> <span class='ocrx_word' id='word_1_159' title='bbox 3573 1115 3659 1171; x_wconf 73' lang='lat' dir='ltr'><strong>D0-</strong></span> 
     </span>
    </p>
   </div>
   <div class='ocr_carea' id='block_1_11' title="bbox 453 1199 3659 1275">
    <p class='ocr_par' dir='ltr' id='par_1_11' title="bbox 453 1199 3659 1275">
     <span class='ocr_line' id='line_1_11' title="bbox 453 1199 3659 1275; baseline 0.002 -17"><span class='ocrx_word' id='word_1_160' title='bbox 453 1206 758 1274; x_wconf 82' lang='lat' dir='ltr'><strong>vestigare;</strong></span> <span class='ocrx_word' id='word_1_161' title='bbox 793 1216 848 1259; x_wconf 92' lang='lat' dir='ltr'><strong>et</strong></span> <span class='ocrx_word' id='word_1_162' title='bbox 879 1206 1012 1275; x_wconf 89' lang='lat' dir='ltr'><strong>ipse,</strong></span> <span class='ocrx_word' id='word_1_163' title='bbox 1046 1208 1341 1261; x_wconf 79' lang='lat' dir='ltr'><strong>secundum</strong></span> <span class='ocrx_word' id='word_1_164' title='bbox 1382 1208 1704 1263; x_wconf 78' lang='lat' dir='ltr'><strong>incll‘abilem</strong></span> <span class='ocrx_word' id='word_1_165' title='bbox 1740 1218 1795 1263; x_wconf 89' lang='lat' dir='ltr'><strong>et</strong></span> <span class='ocrx_word' id='word_1_166' title='bbox 1820 1209 2026 1265; x_wconf 85' lang='lat' dir='ltr'><strong>incom—</strong></span> <span class='ocrx_word' id='word_1_167' title='bbox 2124 1199 2255 1253; x_wconf 78' lang='lat' dir='ltr'><strong>milli</strong></span> <span class='ocrx_word' id='word_1_168' title='bbox 2303 1216 2422 1254; x_wconf 72' lang='lat' dir='ltr'><strong>esse</strong></span> <span class='ocrx_word' id='word_1_169' title='bbox 2468 1200 2685 1265; x_wconf 70' lang='grc' dir='ltr'><strong>ἀὶείῑιιΐν</strong></span> <span class='ocrx_word' id='word_1_170' title='bbox 2732 1209 2791 1255; x_wconf 67' lang='lat' dir='ltr'><strong>ut</strong></span> <span class='ocrx_word' id='word_1_171' title='bbox 2837 1201 3026 1254; x_wconf 66' lang='grc' dir='ltr'><strong>Γϐἀάθῑ</strong></span> <span class='ocrx_word' id='word_1_172' title='bbox 3070 1202 3362 1271; x_wconf 77' lang='lat' dir='ltr'><strong>unicuique</strong></span> <span class='ocrx_word' id='word_1_173' title='bbox 3399 1205 3659 1261; x_wconf 71' lang='lat' dir='ltr'><strong>secundum</strong></span> 
     </span>
    </p>
   </div>
   <div class='ocr_carea' id='block_1_12' title="bbox 453 1293 3661 1369">
    <p class='ocr_par' dir='ltr' id='par_1_12' title="bbox 453 1293 3661 1369">
     <span class='ocr_line' id='line_1_12' title="bbox 453 1293 3661 1369; baseline 0 -22"><span class='ocrx_word' id='word_1_174' title='bbox 453 1296 871 1364; x_wconf 79' lang='lat' dir='ltr'><strong>prelieusibilem</strong></span> <span class='ocrx_word' id='word_1_175' title='bbox 898 1298 1219 1364; x_wconf 89' lang='lat' dir='ltr'><strong>sapientiam</strong></span> <span class='ocrx_word' id='word_1_176' title='bbox 1247 1313 1419 1369; x_wconf 82' lang='lat' dir='ltr'><strong>suam,</strong></span> <span class='ocrx_word' id='word_1_177' title='bbox 1469 1299 1535 1350; x_wconf 88' lang='lat' dir='ltr'><strong>ad</strong></span> <span class='ocrx_word' id='word_1_178' title='bbox 1565 1298 1707 1351; x_wconf 87' lang='lat' dir='ltr'><strong>illam</strong></span> <span class='ocrx_word' id='word_1_179' title='bbox 1749 1299 2025 1353; x_wconf 72' lang='lat' dir='ltr'><strong>cmlestem</strong></span> <span class='ocrx_word' id='word_1_180' title='bbox 2124 1309 2285 1365; x_wconf 90' lang='lat' dir='ltr'><strong>opera</strong></span> <span class='ocrx_word' id='word_1_181' title='bbox 2316 1308 2433 1347; x_wconf 88' lang='lat' dir='ltr'><strong>sua.</strong></span> <span class='ocrx_word' id='word_1_182' title='bbox 2474 1293 2580 1347; x_wconf 89' lang='lat' dir='ltr'><strong>Sed</strong></span> <span class='ocrx_word' id='word_1_183' title='bbox 2624 1302 2678 1348; x_wconf 88' lang='lat' dir='ltr'><strong>et</strong></span> <span class='ocrx_word' id='word_1_184' title='bbox 2714 1295 3005 1348; x_wconf 87' lang='lat' dir='ltr'><strong>secundum</strong></span> <span class='ocrx_word' id='word_1_185' title='bbox 3034 1294 3176 1364; x_wconf 76' lang='lat' dir='ltr'><strong>leges</strong></span> <span class='ocrx_word' id='word_1_186' title='bbox 3204 1294 3533 1364; x_wconf 65' lang='lat' dir='ltr'><strong>tropologite,</strong></span> <span class='ocrx_word' id='word_1_187' title='bbox 3565 1296 3661 1351; x_wconf 63' lang='lat' dir='ltr'><strong>haec</strong></span> 
     </span>
    </p>
   </div>
   <div class='ocr_carea' id='block_1_13' title="bbox 454 1384 3663 1456">
    <p class='ocr_par' dir='ltr' id='par_1_13' title="bbox 454 1384 3663 1456">
     <span class='ocr_line' id='line_1_13' title="bbox 454 1384 3663 1456; baseline 0.001 -21"><span class='ocrx_word' id='word_1_188' title='bbox 454 1384 683 1437; x_wconf 77' lang='lat' dir='ltr'><strong>fortnam</strong></span> <span class='ocrx_word' id='word_1_189' title='bbox 714 1400 877 1455; x_wconf 86' lang='lat' dir='ltr'><strong>quam</strong></span> <span class='ocrx_word' id='word_1_190' title='bbox 907 1385 1022 1453; x_wconf 89' lang='lat' dir='ltr'><strong>ipse</strong></span> <span class='ocrx_word' id='word_1_191' title='bbox 1049 1385 1194 1439; x_wconf 80' lang='lat' dir='ltr'><strong>solus</strong></span> <span class='ocrx_word' id='word_1_192' title='bbox 1228 1387 1368 1441; x_wconf 82' lang='lat' dir='ltr'><strong>scire</strong></span> <span class='ocrx_word' id='word_1_193' title='bbox 1410 1394 1606 1456; x_wconf 84' lang='lat' dir='ltr'><strong>potest,</strong></span> <span class='ocrx_word' id='word_1_194' title='bbox 1646 1388 1826 1456; x_wconf 89' lang='lat' dir='ltr'><strong>posuit</strong></span> <span class='ocrx_word' id='word_1_195' title='bbox 1860 1388 2024 1442; x_wconf 89' lang='lat' dir='ltr'><strong>etiam</strong></span> <span class='ocrx_word' id='word_1_196' title='bbox 2128 1386 2393 1441; x_wconf 87' lang='lat' dir='ltr'><strong>sententia</strong></span> <span class='ocrx_word' id='word_1_197' title='bbox 2428 1386 2636 1441; x_wconf 88' lang='lat' dir='ltr'><strong>utiliter</strong></span> <span class='ocrx_word' id='word_1_198' title='bbox 2673 1387 2892 1455; x_wconf 75' lang='lat' dir='ltr'><strong>intelligi</strong></span> <span class='ocrx_word' id='word_1_199' title='bbox 2922 1387 3080 1441; x_wconf 85' lang='lat' dir='ltr'><strong>valet.</strong></span> <span class='ocrx_word' id='word_1_200' title='bbox 3122 1386 3261 1440; x_wconf 87' lang='lat' dir='ltr'><strong>Sunt</strong></span> <span class='ocrx_word' id='word_1_201' title='bbox 3300 1401 3520 1455; x_wconf 86' lang='lat' dir='ltr'><strong>namque</strong></span> <span class='ocrx_word' id='word_1_202' title='bbox 3550 1404 3663 1440; x_wconf 81' lang='lat' dir='ltr'><strong>non-</strong></span> 
     </span>
    </p>
   </div>
   <div class='ocr_carea' id='block_1_14' title="bbox 455 1474 3662 1548">
    <p class='ocr_par' dir='ltr' id='par_1_14' title="bbox 455 1474 3662 1548">
     <span class='ocr_line' id='line_1_14' title="bbox 455 1474 3662 1548; baseline 0 -19"><span class='ocrx_word' id='word_1_203' title='bbox 455 1474 586 1529; x_wconf 83' lang='lat' dir='ltr'><strong>istos</strong></span> <span class='ocrx_word' id='word_1_204' title='bbox 609 1475 871 1531; x_wconf 76' lang='lat' dir='ltr'><strong>Numeros</strong></span> <span class='ocrx_word' id='word_1_205' title='bbox 899 1492 1033 1546; x_wconf 86' lang='lat' dir='ltr'><strong>quos</strong></span> <span class='ocrx_word' id='word_1_206' title='bbox 1058 1478 1316 1531; x_wconf 81' lang='lat' dir='ltr'><strong>habemus</strong></span> <span class='ocrx_word' id='word_1_207' title='bbox 1343 1479 1396 1532; x_wconf 92' lang='lat' dir='ltr'><strong>in</strong></span> <span class='ocrx_word' id='word_1_208' title='bbox 1432 1479 1699 1534; x_wconf 86' lang='lat' dir='ltr'><strong>manibus.</strong></span> <span class='ocrx_word' id='word_1_209' title='bbox 1737 1478 1792 1533; x_wconf 82' lang='lat' dir='ltr'><strong>In</strong></span> <span class='ocrx_word' id='word_1_210' title='bbox 1832 1480 2027 1548; x_wconf 80' lang='lat' dir='ltr'><strong>quibus</strong></span> <span class='ocrx_word' id='word_1_211' title='bbox 2128 1477 2256 1531; x_wconf 88' lang='lat' dir='ltr'><strong>nulli</strong></span> <span class='ocrx_word' id='word_1_212' title='bbox 2292 1477 2429 1530; x_wconf 86' lang='lat' dir='ltr'><strong>intra</strong></span> <span class='ocrx_word' id='word_1_213' title='bbox 2463 1485 2707 1532; x_wconf 87' lang='lat' dir='ltr'><strong>sanctam</strong></span> <span class='ocrx_word' id='word_1_214' title='bbox 2737 1477 3033 1531; x_wconf 76' lang='lat' dir='ltr'><strong>Ecclesium</strong></span> <span class='ocrx_word' id='word_1_215' title='bbox 3054 1518 3068 1541; x_wconf 93' lang='lat'><strong>,</strong></span> <span class='ocrx_word' id='word_1_216' title='bbox 3096 1476 3187 1547; x_wconf 86' lang='lat' dir='ltr'><strong>qui</strong></span> <span class='ocrx_word' id='word_1_217' title='bbox 3216 1476 3451 1547; x_wconf 78' lang='lat' dir='ltr'><strong>prolixus</strong></span> <span class='ocrx_word' id='word_1_218' title='bbox 3488 1478 3548 1531; x_wconf 78' lang='lat' dir='ltr'><strong>ad</strong></span> <span class='ocrx_word' id='word_1_219' title='bbox 3577 1478 3662 1530; x_wconf 84' lang='lat' dir='ltr'><strong>Do-</strong></span> 
     </span>
    </p>
   </div>
   <div class='ocr_carea' id='block_1_15' title="bbox 454 1565 3661 1636">
    <p class='ocr_par' dir='ltr' id='par_1_15' title="bbox 454 1565 3661 1636">
     <span class='ocr_line' id='line_1_15' title="bbox 454 1565 3661 1636; baseline 0.002 -20"><span class='ocrx_word' id='word_1_220' title='bbox 454 1565 708 1634; x_wconf 69' lang='lat' dir='ltr'><strong>pra&#39;cepit</strong></span> <span class='ocrx_word' id='word_1_221' title='bbox 740 1573 799 1617; x_wconf 89' lang='lat' dir='ltr'><strong>ut</strong></span> <span class='ocrx_word' id='word_1_222' title='bbox 828 1567 1124 1620; x_wconf 87' lang='lat' dir='ltr'><strong>secundum</strong></span> <span class='ocrx_word' id='word_1_223' title='bbox 1152 1568 1501 1636; x_wconf 85' lang='lat' dir='ltr'><strong>cognationes</strong></span> <span class='ocrx_word' id='word_1_224' title='bbox 1546 1583 1703 1632; x_wconf 87' lang='lat' dir='ltr'><strong>suas,</strong></span> <span class='ocrx_word' id='word_1_225' title='bbox 1731 1567 2027 1623; x_wconf 89' lang='lat' dir='ltr'><strong>secundum</strong></span> <span class='ocrx_word' id='word_1_226' title='bbox 2128 1566 2334 1619; x_wconf 90' lang='lat' dir='ltr'><strong>minnm</strong></span> <span class='ocrx_word' id='word_1_227' title='bbox 2365 1582 2553 1635; x_wconf 77' lang='lat' dir='ltr'><strong>preces</strong></span> <span class='ocrx_word' id='word_1_228' title='bbox 2584 1567 2783 1621; x_wconf 85' lang='lat' dir='ltr'><strong>habent</strong></span> <span class='ocrx_word' id='word_1_229' title='bbox 2808 1606 2821 1630; x_wconf 95' lang='lat'><strong>,</strong></span> <span class='ocrx_word' id='word_1_230' title='bbox 2848 1566 2939 1620; x_wconf 87' lang='lat' dir='ltr'><strong>sed</strong></span> <span class='ocrx_word' id='word_1_231' title='bbox 2969 1567 3132 1620; x_wconf 86' lang='lat' dir='ltr'><strong>vitam</strong></span> <span class='ocrx_word' id='word_1_232' title='bbox 3168 1568 3552 1635; x_wconf 75' lang='lat' dir='ltr'><strong>deprecantium</strong></span> <span class='ocrx_word' id='word_1_233' title='bbox 3576 1584 3661 1621; x_wconf 81' lang='lat' dir='ltr'><strong>non</strong></span> 
     </span>
    </p>
   </div>
   <div class='ocr_carea' id='block_1_16' title="bbox 458 1653 3665 1726">
    <p class='ocr_par' dir='ltr' id='par_1_16' title="bbox 458 1653 3665 1726">
     <span class='ocr_line' id='line_1_16' title="bbox 458 1653 3665 1726; baseline 0.001 -21"><span class='ocrx_word' id='word_1_234' title='bbox 458 1653 647 1708; x_wconf 86' lang='lat' dir='ltr'><strong>domos</strong></span> <span class='ocrx_word' id='word_1_235' title='bbox 669 1653 993 1708; x_wconf 82' lang='lat' dir='ltr'><strong>familiarum</strong></span> <span class='ocrx_word' id='word_1_236' title='bbox 1021 1672 1264 1719; x_wconf 89' lang='lat' dir='ltr'><strong>suarum,</strong></span> <span class='ocrx_word' id='word_1_237' title='bbox 1291 1673 1358 1711; x_wconf 76' lang='lat' dir='ltr'><strong>ex</strong></span> <span class='ocrx_word' id='word_1_238' title='bbox 1385 1659 1601 1713; x_wconf 87' lang='lat' dir='ltr'><strong>nomine</strong></span> <span class='ocrx_word' id='word_1_239' title='bbox 1621 1660 1797 1712; x_wconf 91' lang='lat' dir='ltr'><strong>omnis</strong></span> <span class='ocrx_word' id='word_1_240' title='bbox 1819 1674 2029 1713; x_wconf 87' lang='lat' dir='ltr'><strong>mascu-</strong></span> <span class='ocrx_word' id='word_1_241' title='bbox 2130 1654 2348 1708; x_wconf 83' lang='lat' dir='ltr'><strong>habent.</strong></span> <span class='ocrx_word' id='word_1_242' title='bbox 2394 1654 2525 1707; x_wconf 77' lang='lat' dir='ltr'><strong>Nam</strong></span> <span class='ocrx_word' id='word_1_243' title='bbox 2551 1656 2812 1724; x_wconf 85' lang='lat' dir='ltr'><strong>promissa</strong></span> <span class='ocrx_word' id='word_1_244' title='bbox 2838 1656 3076 1710; x_wconf 76' lang='lat' dir='ltr'><strong>cmlestia</strong></span> <span class='ocrx_word' id='word_1_245' title='bbox 3101 1656 3447 1725; x_wconf 88' lang='lat' dir='ltr'><strong>petitionibus</strong></span> <span class='ocrx_word' id='word_1_246' title='bbox 3468 1673 3665 1726; x_wconf 78' lang='lat' dir='ltr'><strong>sequun-</strong></span> 
     </span>
    </p>
   </div>
   <div class='ocr_carea' id='block_1_17' title="bbox 458 1731 3664 1817">
    <p class='ocr_par' dir='ltr' id='par_1_17' title="bbox 458 1731 3664 1817">
     <span class='ocr_line' id='line_1_17' title="bbox 458 1731 3664 1817; baseline 0.002 -25"><span class='ocrx_word' id='word_1_247' title='bbox 458 1740 541 1795; x_wconf 83' lang='lat' dir='ltr'><strong>lus</strong></span> <span class='ocrx_word' id='word_1_248' title='bbox 575 1758 671 1809; x_wconf 87' lang='lat' dir='ltr'><strong>per</strong></span> <span class='ocrx_word' id='word_1_249' title='bbox 699 1744 871 1812; x_wconf 87' lang='lat' dir='ltr'><strong>capita</strong></span> <span class='ocrx_word' id='word_1_250' title='bbox 901 1760 998 1798; x_wconf 91' lang='lat' dir='ltr'><strong>sua</strong></span> <span class='ocrx_word' id='word_1_251' title='bbox 1029 1754 1362 1809; x_wconf 87' lang='lat' dir='ltr'><strong>numeretur,</strong></span> <span class='ocrx_word' id='word_1_252' title='bbox 1393 1761 1423 1797; x_wconf 89' lang='lat' dir='ltr'><strong>a</strong></span> <span class='ocrx_word' id='word_1_253' title='bbox 1453 1746 1645 1816; x_wconf 78' lang='lat' dir='ltr'><strong>viginti</strong></span> <span class='ocrx_word' id='word_1_254' title='bbox 1680 1748 1836 1801; x_wconf 91' lang='lat' dir='ltr'><strong>annis</strong></span> <span class='ocrx_word' id='word_1_255' title='bbox 1861 1756 1916 1800; x_wconf 90' lang='lat' dir='ltr'><strong>et</strong></span> <span class='ocrx_word' id='word_1_256' title='bbox 1939 1762 2031 1800; x_wconf 85' lang='lat' dir='ltr'><strong>sn-</strong></span> <span class='ocrx_word' id='word_1_257' title='bbox 2064 1731 2104 1788; x_wconf 81' lang='grc' dir='ltr'>Β</span> <span class='ocrx_word' id='word_1_258' title='bbox 2136 1753 2240 1806; x_wconf 88' lang='lat' dir='ltr'><strong>tur,</strong></span> <span class='ocrx_word' id='word_1_259' title='bbox 2271 1745 2524 1814; x_wconf 80' lang='lat' dir='ltr'><strong>operibus</strong></span> <span class='ocrx_word' id='word_1_260' title='bbox 2566 1745 2793 1815; x_wconf 83' lang='lat' dir='ltr'><strong>fugiunt.</strong></span> <span class='ocrx_word' id='word_1_261' title='bbox 2828 1745 2892 1799; x_wconf 83' lang='lat' dir='ltr'><strong>Hi</strong></span> <span class='ocrx_word' id='word_1_262' title='bbox 2920 1761 3301 1814; x_wconf 86' lang='lat' dir='ltr'><strong>nonnunquam</strong></span> <span class='ocrx_word' id='word_1_263' title='bbox 3344 1746 3591 1817; x_wconf 70' lang='lat' dir='ltr'><strong>lacrymas</strong></span> <span class='ocrx_word' id='word_1_264' title='bbox 3621 1748 3664 1799; x_wconf 73' lang='lat' dir='ltr'><strong>itt</strong></span> 
     </span>
    </p>
   </div>
   <div class='ocr_carea' id='block_1_18' title="bbox 455 1833 3665 1905">
    <p class='ocr_par' dir='ltr' id='par_1_18' title="bbox 455 1833 3665 1905">
     <span class='ocr_line' id='line_1_18' title="bbox 455 1833 3665 1905; baseline 0.002 -22"><span class='ocrx_word' id='word_1_265' title='bbox 455 1845 575 1898; x_wconf 85' lang='lat' dir='ltr'><strong>pra,</strong></span> <span class='ocrx_word' id='word_1_266' title='bbox 608 1835 783 1888; x_wconf 87' lang='lat' dir='ltr'><strong>omnis</strong></span> <span class='ocrx_word' id='word_1_267' title='bbox 816 1835 909 1902; x_wconf 88' lang='lat' dir='ltr'><strong>qui</strong></span> <span class='ocrx_word' id='word_1_268' title='bbox 946 1834 1219 1902; x_wconf 88' lang='lat' dir='ltr'><strong>egreditur</strong></span> <span class='ocrx_word' id='word_1_269' title='bbox 1251 1835 1303 1888; x_wconf 93' lang='lat' dir='ltr'><strong>in</strong></span> <span class='ocrx_word' id='word_1_270' title='bbox 1335 1835 1531 1890; x_wconf 89' lang='lat' dir='ltr'><strong>virtute</strong></span> <span class='ocrx_word' id='word_1_271' title='bbox 1566 1835 1750 1891; x_wconf 67' lang='lat' dir='ltr'><strong>Israel.</strong></span> <span class='ocrx_word' id='word_1_272' title='bbox 1779 1836 1847 1890; x_wconf 86' lang='lat' dir='ltr'><strong>Et</strong></span> <span class='ocrx_word' id='word_1_273' title='bbox 1873 1836 2029 1891; x_wconf 90' lang='lat' dir='ltr'><strong>colli-</strong></span> <span class='ocrx_word' id='word_1_274' title='bbox 2131 1833 2379 1888; x_wconf 88' lang='lat' dir='ltr'><strong>oratione</strong></span> <span class='ocrx_word' id='word_1_275' title='bbox 2406 1835 2711 1902; x_wconf 69' lang='lat' dir='ltr'><strong>percipiunt</strong></span> <span class='ocrx_word' id='word_1_276' title='bbox 2737 1853 2750 1888; x_wconf 89' lang='lat'><strong>:</strong></span> <span class='ocrx_word' id='word_1_277' title='bbox 2782 1836 2874 1889; x_wconf 86' lang='lat' dir='ltr'><strong>sed</strong></span> <span class='ocrx_word' id='word_1_278' title='bbox 2897 1850 3019 1889; x_wconf 90' lang='lat' dir='ltr'><strong>cum</strong></span> <span class='ocrx_word' id='word_1_279' title='bbox 3040 1844 3160 1904; x_wconf 89' lang='lat' dir='ltr'><strong>post</strong></span> <span class='ocrx_word' id='word_1_280' title='bbox 3175 1837 3433 1891; x_wconf 89' lang='lat' dir='ltr'><strong>orationis</strong></span> <span class='ocrx_word' id='word_1_281' title='bbox 3456 1846 3665 1905; x_wconf 71' lang='lat' dir='ltr'><strong>tempora</strong></span> 
     </span>
    </p>
   </div>
   <div class='ocr_carea' id='block_1_19' title="bbox 460 1920 3666 1997">
    <p class='ocr_par' dir='ltr' id='par_1_19' title="bbox 460 1920 3666 1997">
     <span class='ocr_line' id='line_1_19' title="bbox 460 1920 3666 1997; baseline 0.003 -26"><span class='ocrx_word' id='word_1_282' title='bbox 460 1920 606 1989; x_wconf 78' lang='lat' dir='ltr'><strong>gitur</strong></span> <span class='ocrx_word' id='word_1_283' title='bbox 633 1935 821 1976; x_wconf 91' lang='lat' dir='ltr'><strong>eorum</strong></span> <span class='ocrx_word' id='word_1_284' title='bbox 845 1923 1062 1991; x_wconf 86' lang='lat' dir='ltr'><strong>quidam</strong></span> <span class='ocrx_word' id='word_1_285' title='bbox 1097 1931 1343 1977; x_wconf 87' lang='lat' dir='ltr'><strong>sacratus</strong></span> <span class='ocrx_word' id='word_1_286' title='bbox 1370 1939 1657 1989; x_wconf 89' lang='lat' dir='ltr'><strong>numerus,</strong></span> <span class='ocrx_word' id='word_1_287' title='bbox 1687 1925 1752 1980; x_wconf 89' lang='lat' dir='ltr'><strong>de</strong></span> <span class='ocrx_word' id='word_1_288' title='bbox 1784 1940 1891 1993; x_wconf 88' lang='lat' dir='ltr'><strong>quo</strong></span> <span class='ocrx_word' id='word_1_289' title='bbox 1916 1924 2028 1993; x_wconf 75' lang='lat' dir='ltr'><strong>jam</strong></span> <span class='ocrx_word' id='word_1_290' title='bbox 2132 1941 2317 1980; x_wconf 90' lang='lat' dir='ltr'><strong>eorum</strong></span> <span class='ocrx_word' id='word_1_291' title='bbox 2357 1934 2594 1980; x_wconf 75' lang='lat' dir='ltr'><strong>mentem</strong></span> <span class='ocrx_word' id='word_1_292' title='bbox 2638 1928 2888 1996; x_wconf 89' lang='lat' dir='ltr'><strong>superbia</strong></span> <span class='ocrx_word' id='word_1_293' title='bbox 2933 1927 3253 1997; x_wconf 85' lang='lat' dir='ltr'><strong>pulsaverit.</strong></span> <span class='ocrx_word' id='word_1_294' title='bbox 3284 1928 3425 1983; x_wconf 88' lang='lat' dir='ltr'><strong>illico</strong></span> <span class='ocrx_word' id='word_1_295' title='bbox 3459 1929 3505 1982; x_wconf 92' lang='lat' dir='ltr'><strong>in</strong></span> <span class='ocrx_word' id='word_1_296' title='bbox 3550 1927 3666 1982; x_wconf 82' lang='lat' dir='ltr'><strong>fastu</strong></span> 
     </span>
    </p>
   </div>
   <div class='ocr_carea' id='block_1_20' title="bbox 462 2011 3666 2091">
    <p class='ocr_par' dir='ltr' id='par_1_20' title="bbox 462 2011 3666 2091">
     <span class='ocr_line' id='line_1_20' title="bbox 462 2011 3666 2091; baseline 0.003 -28"><span class='ocrx_word' id='word_1_297' title='bbox 462 2011 711 2077; x_wconf 84' lang='lat' dir='ltr'><strong>superius</strong></span> <span class='ocrx_word' id='word_1_298' title='bbox 738 2027 837 2080; x_wconf 89' lang='lat' dir='ltr'><strong>pro</strong></span> <span class='ocrx_word' id='word_1_299' title='bbox 868 2021 924 2065; x_wconf 85' lang='lat' dir='ltr'><strong>ut</strong></span> <span class='ocrx_word' id='word_1_300' title='bbox 949 2013 1168 2066; x_wconf 84' lang='lat' dir='ltr'><strong>donavit</strong></span> <span class='ocrx_word' id='word_1_301' title='bbox 1192 2014 1468 2078; x_wconf 87' lang='lat' dir='ltr'><strong>Dominus,</strong></span> <span class='ocrx_word' id='word_1_302' title='bbox 1504 2014 1758 2069; x_wconf 74' lang='lat' dir='ltr'><strong>diximus.</strong></span> <span class='ocrx_word' id='word_1_303' title='bbox 1788 2015 1892 2070; x_wconf 85' lang='lat' dir='ltr'><strong>Sed</strong></span> <span class='ocrx_word' id='word_1_304' title='bbox 1931 2016 2032 2070; x_wconf 80' lang='lat' dir='ltr'><strong>iste</strong></span> <span class='ocrx_word' id='word_1_305' title='bbox 2132 2020 2379 2074; x_wconf 68' lang='lat' dir='ltr'><strong>elationis</strong></span> <span class='ocrx_word' id='word_1_306' title='bbox 2420 2021 2798 2075; x_wconf 80' lang='lat' dir='ltr'><strong>intumescunt.</strong></span> <span class='ocrx_word' id='word_1_307' title='bbox 2835 2020 2971 2076; x_wconf 87' lang='lat' dir='ltr'><strong>Cum</strong></span> <span class='ocrx_word' id='word_1_308' title='bbox 3014 2021 3238 2091; x_wconf 84' lang='lat' dir='ltr'><strong>instigat</strong></span> <span class='ocrx_word' id='word_1_309' title='bbox 3281 2020 3498 2074; x_wconf 85' lang='lat' dir='ltr'><strong>avaritia</strong></span> <span class='ocrx_word' id='word_1_310' title='bbox 3522 2061 3535 2082; x_wconf 94' lang='lat'><strong>,</strong></span> <span class='ocrx_word' id='word_1_311' title='bbox 3566 2036 3666 2073; x_wconf 66' lang='lat' dir='ltr'><strong>mox</strong></span> 
     </span>
    </p>
   </div>
   <div class='ocr_carea' id='block_1_21' title="bbox 461 2103 3668 2181">
    <p class='ocr_par' dir='ltr' id='par_1_21' title="bbox 461 2103 3668 2181">
     <span class='ocr_line' id='line_1_21' title="bbox 461 2103 3668 2181; baseline 0.003 -27"><span class='ocrx_word' id='word_1_312' title='bbox 461 2116 719 2156; x_wconf 88' lang='lat' dir='ltr'><strong>numerus</strong></span> <span class='ocrx_word' id='word_1_313' title='bbox 742 2111 867 2158; x_wconf 90' lang='lat' dir='ltr'><strong>tunc</strong></span> <span class='ocrx_word' id='word_1_314' title='bbox 892 2103 1109 2158; x_wconf 89' lang='lat' dir='ltr'><strong>demum</strong></span> <span class='ocrx_word' id='word_1_315' title='bbox 1135 2113 1381 2159; x_wconf 86' lang='lat' dir='ltr'><strong>sacratus</strong></span> <span class='ocrx_word' id='word_1_316' title='bbox 1408 2113 1493 2158; x_wconf 86' lang='lat' dir='ltr'><strong>est</strong></span> <span class='ocrx_word' id='word_1_317' title='bbox 1537 2112 1587 2158; x_wconf 81' lang='lat' dir='ltr'><strong>et</strong></span> <span class='ocrx_word' id='word_1_318' title='bbox 1616 2106 1858 2175; x_wconf 81' lang='lat' dir='ltr'><strong>placidus</strong></span> <span class='ocrx_word' id='word_1_319' title='bbox 1890 2107 2030 2171; x_wconf 91' lang='lat' dir='ltr'><strong>Deo,</strong></span> <span class='ocrx_word' id='word_1_320' title='bbox 2131 2124 2231 2178; x_wconf 88' lang='lat' dir='ltr'><strong>per</strong></span> <span class='ocrx_word' id='word_1_321' title='bbox 2276 2110 2522 2165; x_wconf 87' lang='lat' dir='ltr'><strong>incendia</strong></span> <span class='ocrx_word' id='word_1_322' title='bbox 2582 2111 2751 2165; x_wconf 61' lang='lat' dir='ltr'><strong>avidae</strong></span> <span class='ocrx_word' id='word_1_323' title='bbox 2800 2111 3140 2181; x_wconf 83' lang='lat' dir='ltr'><strong>cogitationis</strong></span> <span class='ocrx_word' id='word_1_324' title='bbox 3192 2119 3502 2165; x_wconf 68' lang='lat' dir='ltr'><strong>exmstuant.</strong></span> <span class='ocrx_word' id='word_1_325' title='bbox 3557 2109 3668 2164; x_wconf 84' lang='lat' dir='ltr'><strong>Cum</strong></span> 
     </span>
    </p>
   </div>
   <div class='ocr_carea' id='block_1_22' title="bbox 457 2188 3673 2268">
    <p class='ocr_par' dir='ltr' id='par_1_22' title="bbox 457 2188 3673 2268">
     <span class='ocr_line' id='line_1_22' title="bbox 457 2188 3673 2268; baseline 0.002 -25"><span class='ocrx_word' id='word_1_326' title='bbox 457 2206 581 2244; x_wconf 89' lang='lat' dir='ltr'><strong>cum</strong></span> <span class='ocrx_word' id='word_1_327' title='bbox 623 2191 740 2260; x_wconf 91' lang='lat' dir='ltr'><strong>ipso</strong></span> <span class='ocrx_word' id='word_1_328' title='bbox 768 2194 1115 2262; x_wconf 62' lang='lat' dir='ltr'><strong>praecipiente</strong></span> <span class='ocrx_word' id='word_1_329' title='bbox 1157 2203 1495 2250; x_wconf 83' lang='lat' dir='ltr'><strong>numeratur.</strong></span> <span class='ocrx_word' id='word_1_330' title='bbox 1535 2195 1591 2249; x_wconf 89' lang='lat' dir='ltr'><strong>Si</strong></span> <span class='ocrx_word' id='word_1_331' title='bbox 1624 2206 1801 2252; x_wconf 86' lang='lat' dir='ltr'><strong>autem</strong></span> <span class='ocrx_word' id='word_1_332' title='bbox 1842 2207 2032 2252; x_wconf 86' lang='lat' dir='ltr'><strong>contra</strong></span> <span class='ocrx_word' id='word_1_333' title='bbox 2133 2197 2343 2251; x_wconf 73' lang='lat' dir='ltr'><strong>luxuria</strong></span> <span class='ocrx_word' id='word_1_334' title='bbox 2375 2200 2679 2261; x_wconf 87' lang='lat' dir='ltr'><strong>tentaverit,</strong></span> <span class='ocrx_word' id='word_1_335' title='bbox 2713 2200 2765 2252; x_wconf 91' lang='lat' dir='ltr'><strong>in</strong></span> <span class='ocrx_word' id='word_1_336' title='bbox 2797 2188 2999 2256; x_wconf 86' lang='lat' dir='ltr'><strong>illicitis</strong></span> <span class='ocrx_word' id='word_1_337' title='bbox 3024 2200 3277 2268; x_wconf 86' lang='lat' dir='ltr'><strong>protinus</strong></span> <span class='ocrx_word' id='word_1_338' title='bbox 3307 2198 3570 2253; x_wconf 79' lang='lat' dir='ltr'><strong>desideriis</strong></span> <span class='ocrx_word' id='word_1_339' title='bbox 3591 2213 3673 2250; x_wconf 87' lang='lat' dir='ltr'><strong>an-</strong></span> 
     </span>
    </p>
   </div>
   <div class='ocr_carea' id='block_1_23' title="bbox 457 2284 3675 2354">
    <p class='ocr_par' dir='ltr' id='par_1_23' title="bbox 457 2284 3675 2354">
     <span class='ocr_line' id='line_1_23' title="bbox 457 2284 3675 2354; baseline 0.002 -21"><span class='ocrx_word' id='word_1_340' title='bbox 457 2292 785 2351; x_wconf 76' lang='lat' dir='ltr'><strong>prau-eptum</strong></span> <span class='ocrx_word' id='word_1_341' title='bbox 816 2284 1028 2340; x_wconf 88' lang='lat' dir='ltr'><strong>Domini</strong></span> <span class='ocrx_word' id='word_1_342' title='bbox 1052 2286 1221 2340; x_wconf 85' lang='lat' dir='ltr'><strong>voluit</strong></span> <span class='ocrx_word' id='word_1_343' title='bbox 1242 2287 1440 2354; x_wconf 66' lang='lat' dir='ltr'><strong>aliquis</strong></span> <span class='ocrx_word' id='word_1_344' title='bbox 1464 2303 1773 2353; x_wconf 81' lang='lat' dir='ltr'><strong>numerare,</strong></span> <span class='ocrx_word' id='word_1_345' title='bbox 1797 2288 1923 2343; x_wconf 89' lang='lat' dir='ltr'><strong>licet</strong></span> <span class='ocrx_word' id='word_1_346' title='bbox 1945 2289 2033 2344; x_wconf 92' lang='lat' dir='ltr'><strong>ille</strong></span> <span class='ocrx_word' id='word_1_347' title='bbox 2134 2287 2336 2342; x_wconf 89' lang='lat' dir='ltr'><strong>helant.</strong></span> <span class='ocrx_word' id='word_1_348' title='bbox 2355 2288 2488 2343; x_wconf 84' lang='lat' dir='ltr'><strong>Cum</strong></span> <span class='ocrx_word' id='word_1_349' title='bbox 2514 2289 2591 2343; x_wconf 87' lang='lat' dir='ltr'><strong>ira</strong></span> <span class='ocrx_word' id='word_1_350' title='bbox 2613 2290 2865 2353; x_wconf 86' lang='lat' dir='ltr'><strong>suaserit,</strong></span> <span class='ocrx_word' id='word_1_351' title='bbox 2884 2305 3003 2345; x_wconf 81' lang='lat' dir='ltr'><strong>mox</strong></span> <span class='ocrx_word' id='word_1_352' title='bbox 3030 2290 3485 2343; x_wconf 87' lang='lat' dir='ltr'><strong>mansuetudinem</strong></span> <span class='ocrx_word' id='word_1_353' title='bbox 3506 2288 3675 2341; x_wconf 79' lang='lat' dir='ltr'><strong>mentis</strong></span> 
     </span>
    </p>
   </div>
   <div class='ocr_carea' id='block_1_24' title="bbox 457 2368 3673 2449">
    <p class='ocr_par' dir='ltr' id='par_1_24' title="bbox 457 2368 3673 2449">
     <span class='ocr_line' id='line_1_24' title="bbox 457 2368 3673 2449; baseline 0.002 -28"><span class='ocrx_word' id='word_1_354' title='bbox 457 2368 525 2423; x_wconf 89' lang='lat' dir='ltr'><strong>de</strong></span> <span class='ocrx_word' id='word_1_355' title='bbox 563 2371 673 2427; x_wconf 87' lang='lat' dir='ltr'><strong>Deo</strong></span> <span class='ocrx_word' id='word_1_356' title='bbox 714 2374 817 2438; x_wconf 90' lang='lat' dir='ltr'><strong>sit,</strong></span> <span class='ocrx_word' id='word_1_357' title='bbox 846 2373 975 2430; x_wconf 88' lang='lat' dir='ltr'><strong>licet</strong></span> <span class='ocrx_word' id='word_1_358' title='bbox 1015 2391 1246 2445; x_wconf 88' lang='lat' dir='ltr'><strong>magnus</strong></span> <span class='ocrx_word' id='word_1_359' title='bbox 1280 2378 1539 2446; x_wconf 88' lang='lat' dir='ltr'><strong>propheta</strong></span> <span class='ocrx_word' id='word_1_360' title='bbox 1564 2418 1578 2443; x_wconf 93' lang='lat'><strong>,</strong></span> <span class='ocrx_word' id='word_1_361' title='bbox 1625 2388 1813 2433; x_wconf 88' lang='lat' dir='ltr'><strong>contra</strong></span> <span class='ocrx_word' id='word_1_362' title='bbox 1859 2379 2031 2449; x_wconf 88' lang='lat' dir='ltr'><strong>legem</strong></span> <span class='ocrx_word' id='word_1_363' title='bbox 2133 2375 2348 2432; x_wconf 76' lang='lat' dir='ltr'><strong>ﬂamma</strong></span> <span class='ocrx_word' id='word_1_364' title='bbox 2376 2379 2599 2433; x_wconf 73' lang='lat' dir='ltr'><strong>insania:</strong></span> <span class='ocrx_word' id='word_1_365' title='bbox 2626 2388 2851 2433; x_wconf 86' lang='lat' dir='ltr'><strong>cremat.</strong></span> <span class='ocrx_word' id='word_1_366' title='bbox 2874 2379 2939 2433; x_wconf 89' lang='lat' dir='ltr'><strong>Ut</strong></span> <span class='ocrx_word' id='word_1_367' title='bbox 2960 2394 3090 2449; x_wconf 87' lang='lat' dir='ltr'><strong>ergo</strong></span> <span class='ocrx_word' id='word_1_368' title='bbox 3110 2379 3369 2442; x_wconf 80' lang='lat' dir='ltr'><strong>diximus,</strong></span> <span class='ocrx_word' id='word_1_369' title='bbox 3396 2386 3443 2432; x_wconf 88' lang='lat' dir='ltr'><strong>et</strong></span> <span class='ocrx_word' id='word_1_370' title='bbox 3469 2377 3608 2431; x_wconf 84' lang='lat' dir='ltr'><strong>ﬂetus</strong></span> <span class='ocrx_word' id='word_1_371' title='bbox 3629 2377 3673 2428; x_wconf 87' lang='lat' dir='ltr'><strong>in</strong></span> 
     </span>
    </p>
   </div>
   <div class='ocr_carea' id='block_1_25' title="bbox 460 2463 3672 2539">
    <p class='ocr_par' dir='ltr' id='par_1_25' title="bbox 460 2463 3672 2539">
     <span class='ocr_line' id='line_1_25' title="bbox 460 2463 3672 2539; baseline 0 -24"><span class='ocrx_word' id='word_1_372' title='bbox 460 2463 595 2533; x_wconf 91' lang='lat' dir='ltr'><strong>agit,</strong></span> <span class='ocrx_word' id='word_1_373' title='bbox 620 2473 674 2519; x_wconf 91' lang='lat' dir='ltr'><strong>et</strong></span> <span class='ocrx_word' id='word_1_374' title='bbox 696 2467 942 2534; x_wconf 84' lang='lat' dir='ltr'><strong>arguitur</strong></span> <span class='ocrx_word' id='word_1_375' title='bbox 969 2482 1067 2537; x_wconf 71' lang='lat' dir='ltr'><strong>per</strong></span> <span class='ocrx_word' id='word_1_376' title='bbox 1088 2469 1409 2537; x_wconf 86' lang='lat' dir='ltr'><strong>prophetam</strong></span> <span class='ocrx_word' id='word_1_377' title='bbox 1432 2509 1447 2533; x_wconf 94' lang='lat'><strong>,</strong></span> <span class='ocrx_word' id='word_1_378' title='bbox 1483 2479 1540 2523; x_wconf 89' lang='lat' dir='ltr'><strong>et</strong></span> <span class='ocrx_word' id='word_1_379' title='bbox 1565 2471 1767 2539; x_wconf 90' lang='lat' dir='ltr'><strong>patitur</strong></span> <span class='ocrx_word' id='word_1_380' title='bbox 1796 2470 1885 2523; x_wconf 89' lang='lat' dir='ltr'><strong>illa</strong></span> <span class='ocrx_word' id='word_1_381' title='bbox 1914 2486 2034 2539; x_wconf 79' lang='lat' dir='ltr'><strong>qua:</strong></span> <span class='ocrx_word' id='word_1_382' title='bbox 2132 2482 2297 2536; x_wconf 86' lang='lat' dir='ltr'><strong>prece</strong></span> <span class='ocrx_word' id='word_1_383' title='bbox 2334 2468 2670 2537; x_wconf 88' lang='lat' dir='ltr'><strong>percipiunt,</strong></span> <span class='ocrx_word' id='word_1_384' title='bbox 2714 2477 2769 2523; x_wconf 89' lang='lat' dir='ltr'><strong>et</strong></span> <span class='ocrx_word' id='word_1_385' title='bbox 2810 2478 2987 2524; x_wconf 90' lang='lat' dir='ltr'><strong>tamen</strong></span> <span class='ocrx_word' id='word_1_386' title='bbox 3022 2469 3254 2538; x_wconf 83' lang='lat' dir='ltr'><strong>expletis</strong></span> <span class='ocrx_word' id='word_1_387' title='bbox 3294 2469 3531 2539; x_wconf 87' lang='lat' dir='ltr'><strong>precibus</strong></span> <span class='ocrx_word' id='word_1_388' title='bbox 3569 2480 3672 2521; x_wconf 84' lang='lat' dir='ltr'><strong>cum</strong></span> 
     </span>
    </p>
   </div>
   <div class='ocr_carea' id='block_1_26' title="bbox 460 2552 3676 2630">
    <p class='ocr_par' dir='ltr' id='par_1_26' title="bbox 460 2552 3676 2630">
     <span class='ocr_line' id='line_1_26' title="bbox 460 2552 3676 2630; baseline 0.002 -24"><span class='ocrx_word' id='word_1_389' title='bbox 460 2552 515 2606; x_wconf 91' lang='lat' dir='ltr'><strong>in</strong></span> <span class='ocrx_word' id='word_1_390' title='bbox 551 2570 589 2607; x_wconf 92' lang='grc' dir='ltr'><strong>ιι</strong></span> <span class='ocrx_word' id='word_1_391' title='bbox 622 2553 758 2611; x_wconf 88' lang='lat' dir='ltr'><strong>libro</strong></span> <span class='ocrx_word' id='word_1_392' title='bbox 808 2556 940 2628; x_wconf 82' lang='lat' dir='ltr'><strong>Reg.</strong></span> <span class='ocrx_word' id='word_1_393' title='bbox 990 2558 1219 2627; x_wconf 83' lang='lat' dir='ltr'><strong>legimus</strong></span> <span class='ocrx_word' id='word_1_394' title='bbox 1254 2559 1495 2628; x_wconf 87' lang='lat' dir='ltr'><strong>scripta:</strong></span> <span class='ocrx_word' id='word_1_395' title='bbox 1528 2558 1686 2614; x_wconf 86' lang='lat' dir='ltr'><strong>Solus</strong></span> <span class='ocrx_word' id='word_1_396' title='bbox 1730 2577 1853 2629; x_wconf 84' lang='lat' dir='ltr'><strong>ergo</strong></span> <span class='ocrx_word' id='word_1_397' title='bbox 1887 2562 2031 2630; x_wconf 86' lang='lat' dir='ltr'><strong>ipse,</strong></span> <span class='ocrx_word' id='word_1_398' title='bbox 2132 2558 2390 2613; x_wconf 78' lang='lat' dir='ltr'><strong>vitiorum</strong></span> <span class='ocrx_word' id='word_1_399' title='bbox 2450 2562 2794 2629; x_wconf 85' lang='lat' dir='ltr'><strong>suggestione</strong></span> <span class='ocrx_word' id='word_1_400' title='bbox 2849 2560 3161 2628; x_wconf 86' lang='lat' dir='ltr'><strong>pulsantur,</strong></span> <span class='ocrx_word' id='word_1_401' title='bbox 3216 2574 3544 2629; x_wconf 87' lang='lat' dir='ltr'><strong>nequaquam</strong></span> <span class='ocrx_word' id='word_1_402' title='bbox 3591 2572 3676 2628; x_wconf 82' lang='lat' dir='ltr'><strong>pro</strong></span> 
     </span>
    </p>
   </div>
   <div class='ocr_carea' id='block_1_27' title="bbox 458 2646 3675 2721">
    <p class='ocr_par' dir='ltr' id='par_1_27' title="bbox 458 2646 3675 2721">
     <span class='ocr_line' id='line_1_27' title="bbox 458 2646 3675 2721; baseline 0.002 -25"><span class='ocrx_word' id='word_1_403' title='bbox 458 2646 549 2714; x_wconf 88' lang='lat' dir='ltr'><strong>qui</strong></span> <span class='ocrx_word' id='word_1_404' title='bbox 590 2657 826 2701; x_wconf 85' lang='lat' dir='ltr'><strong>numerat</strong></span> <span class='ocrx_word' id='word_1_405' title='bbox 871 2647 1256 2702; x_wconf 82' lang='lat' dir='ltr'><strong>multitudinem</strong></span> <span class='ocrx_word' id='word_1_406' title='bbox 1286 2649 1553 2703; x_wconf 84' lang='lat' dir='ltr'><strong>stellarum</strong></span> <span class='ocrx_word' id='word_1_407' title='bbox 1571 2690 1585 2713; x_wconf 96' lang='lat'><strong>,</strong></span> <span class='ocrx_word' id='word_1_408' title='bbox 1610 2660 1658 2703; x_wconf 82' lang='lat' dir='ltr'><strong>et</strong></span> <span class='ocrx_word' id='word_1_409' title='bbox 1695 2652 1785 2721; x_wconf 85' lang='lat' dir='ltr'><strong>qui</strong></span> <span class='ocrx_word' id='word_1_410' title='bbox 1808 2652 1864 2705; x_wconf 90' lang='lat' dir='ltr'><strong>in</strong></span> <span class='ocrx_word' id='word_1_411' title='bbox 1893 2668 2037 2706; x_wconf 88' lang='lat' dir='ltr'><strong>men-</strong></span> <span class='ocrx_word' id='word_1_412' title='bbox 2133 2649 2323 2703; x_wconf 72' lang='lat' dir='ltr'><strong>teterni</strong></span> <span class='ocrx_word' id='word_1_413' title='bbox 2349 2650 2499 2720; x_wconf 87' lang='lat' dir='ltr'><strong>regni</strong></span> <span class='ocrx_word' id='word_1_414' title='bbox 2525 2650 2796 2705; x_wconf 85' lang='lat' dir='ltr'><strong>desiderio</strong></span> <span class='ocrx_word' id='word_1_415' title='bbox 2825 2666 2884 2706; x_wconf 89' lang='lat' dir='ltr'><strong>se</strong></span> <span class='ocrx_word' id='word_1_416' title='bbox 2908 2650 3121 2706; x_wconf 81' lang='lat' dir='ltr'><strong>ﬂevisse</strong></span> <span class='ocrx_word' id='word_1_417' title='bbox 3146 2653 3521 2706; x_wconf 89' lang='lat' dir='ltr'><strong>meminerunt.</strong></span> <span class='ocrx_word' id='word_1_418' title='bbox 3545 2649 3675 2717; x_wconf 81' lang='lat' dir='ltr'><strong>Quod</strong></span> 
     </span>
    </p>
   </div>
   <div class='ocr_carea' id='block_1_28' title="bbox 459 2737 3676 2813">
    <p class='ocr_par' dir='ltr' id='par_1_28' title="bbox 459 2737 3676 2813">
     <span class='ocr_line' id='line_1_28' title="bbox 459 2737 3676 2813; baseline 0.002 -24"><span class='ocrx_word' id='word_1_419' title='bbox 459 2751 587 2789; x_wconf 83' lang='lat' dir='ltr'><strong>sura</strong></span> <span class='ocrx_word' id='word_1_420' title='bbox 612 2737 819 2801; x_wconf 85' lang='lat' dir='ltr'><strong>omnia,</strong></span> <span class='ocrx_word' id='word_1_421' title='bbox 846 2747 894 2792; x_wconf 86' lang='lat' dir='ltr'><strong>et</strong></span> <span class='ocrx_word' id='word_1_422' title='bbox 920 2754 1134 2792; x_wconf 88' lang='lat' dir='ltr'><strong>numero</strong></span> <span class='ocrx_word' id='word_1_423' title='bbox 1161 2749 1209 2793; x_wconf 87' lang='lat' dir='ltr'><strong>et</strong></span> <span class='ocrx_word' id='word_1_424' title='bbox 1234 2740 1464 2809; x_wconf 79' lang='lat' dir='ltr'><strong>pondere</strong></span> <span class='ocrx_word' id='word_1_425' title='bbox 1494 2740 1742 2809; x_wconf 76' lang='lat' dir='ltr'><strong>produxit</strong></span> <span class='ocrx_word' id='word_1_426' title='bbox 1772 2738 1920 2812; x_wconf 88' lang='lat' dir='ltr'><strong>(Sap.</strong></span> <span class='ocrx_word' id='word_1_427' title='bbox 1947 2739 2033 2811; x_wconf 87' lang='lat' dir='ltr'><strong>ll),</strong></span> <span class='ocrx_word' id='word_1_428' title='bbox 2135 2748 2320 2807; x_wconf 85' lang='lat' dir='ltr'><strong>aperte</strong></span> <span class='ocrx_word' id='word_1_429' title='bbox 2365 2738 2583 2795; x_wconf 87' lang='lat' dir='ltr'><strong>Balaam</strong></span> <span class='ocrx_word' id='word_1_430' title='bbox 2621 2742 2687 2796; x_wconf 91' lang='lat' dir='ltr'><strong>de</strong></span> <span class='ocrx_word' id='word_1_431' title='bbox 2727 2757 2786 2797; x_wconf 90' lang='lat' dir='ltr'><strong>se</strong></span> <span class='ocrx_word' id='word_1_432' title='bbox 2823 2742 3073 2807; x_wconf 84' lang='lat' dir='ltr'><strong>innotuit,</strong></span> <span class='ocrx_word' id='word_1_433' title='bbox 3102 2743 3192 2812; x_wconf 86' lang='lat' dir='ltr'><strong>qui</strong></span> <span class='ocrx_word' id='word_1_434' title='bbox 3222 2743 3488 2813; x_wconf 88' lang='lat' dir='ltr'><strong>justorum</strong></span> <span class='ocrx_word' id='word_1_435' title='bbox 3528 2744 3676 2795; x_wconf 82' lang='lat' dir='ltr'><strong>taber-</strong></span> 
     </span>
    </p>
   </div>
   <div class='ocr_carea' id='block_1_29' title="bbox 462 2827 3676 2901">
    <p class='ocr_par' dir='ltr' id='par_1_29' title="bbox 462 2827 3676 2901">
     <span class='ocr_line' id='line_1_29' title="bbox 462 2827 3676 2901; baseline 0.001 -20"><span class='ocrx_word' id='word_1_436' title='bbox 462 2827 754 2898; x_wconf 86' lang='lat' dir='ltr'><strong>investigat</strong></span> <span class='ocrx_word' id='word_1_437' title='bbox 773 2845 958 2885; x_wconf 90' lang='lat' dir='ltr'><strong>semen</strong></span> <span class='ocrx_word' id='word_1_438' title='bbox 984 2828 1152 2886; x_wconf 77' lang='lat' dir='ltr'><strong>Iacob</strong></span> <span class='ocrx_word' id='word_1_439' title='bbox 1171 2871 1185 2891; x_wconf 93' lang='lat'><strong>.</strong></span> <span class='ocrx_word' id='word_1_440' title='bbox 1213 2839 1268 2886; x_wconf 90' lang='lat' dir='ltr'><strong>et</strong></span> <span class='ocrx_word' id='word_1_441' title='bbox 1295 2832 1601 2886; x_wconf 87' lang='lat' dir='ltr'><strong>dinumerat</strong></span> <span class='ocrx_word' id='word_1_442' title='bbox 1636 2832 1818 2901; x_wconf 87' lang='lat' dir='ltr'><strong>plebes</strong></span> <span class='ocrx_word' id='word_1_443' title='bbox 1849 2833 2033 2887; x_wconf 89' lang='lat' dir='ltr'><strong>Israel.</strong></span> <span class='ocrx_word' id='word_1_444' title='bbox 2135 2829 2327 2884; x_wconf 91' lang='lat' dir='ltr'><strong>nacula</strong></span> <span class='ocrx_word' id='word_1_445' title='bbox 2361 2832 2716 2901; x_wconf 88' lang='lat' dir='ltr'><strong>conspiciens,</strong></span> <span class='ocrx_word' id='word_1_446' title='bbox 2748 2834 2825 2887; x_wconf 88' lang='lat' dir='ltr'><strong>ait</strong></span> <span class='ocrx_word' id='word_1_447' title='bbox 2855 2852 2868 2888; x_wconf 90' lang='lat'><strong>:</strong></span> <span class='ocrx_word' id='word_1_448' title='bbox 2905 2832 3169 2888; x_wconf 74' lang='lat' dir='ltr'><strong>Moriatur</strong></span> <span class='ocrx_word' id='word_1_449' title='bbox 3193 2836 3375 2887; x_wconf 86' lang='lat' dir='ltr'><strong>anima</strong></span> <span class='ocrx_word' id='word_1_450' title='bbox 3407 2850 3515 2887; x_wconf 83' lang='lat' dir='ltr'><strong>mea</strong></span> <span class='ocrx_word' id='word_1_451' title='bbox 3538 2842 3676 2886; x_wconf 84' lang='lat' dir='ltr'><strong>marte</strong></span> 
     </span>
    </p>
   </div>
   <div class='ocr_carea' id='block_1_30' title="bbox 466 2915 3675 2993">
    <p class='ocr_par' dir='ltr' id='par_1_30' title="bbox 466 2915 3675 2993">
     <span class='ocr_line' id='line_1_30' title="bbox 466 2915 3675 2993; baseline 0.002 -23"><span class='ocrx_word' id='word_1_452' title='bbox 466 2915 708 2973; x_wconf 71' lang='lat' dir='ltr'><strong>Postbaac</strong></span> <span class='ocrx_word' id='word_1_453' title='bbox 731 2920 887 2989; x_wconf 90' lang='lat' dir='ltr'><strong>quasi</strong></span> <span class='ocrx_word' id='word_1_454' title='bbox 919 2920 985 2976; x_wconf 92' lang='lat' dir='ltr'><strong>de</strong></span> <span class='ocrx_word' id='word_1_455' title='bbox 1012 2920 1303 2991; x_wconf 74' lang='lat' dir='ltr'><strong>semetipso</strong></span> <span class='ocrx_word' id='word_1_456' title='bbox 1335 2922 1581 2990; x_wconf 63' lang='lat' dir='ltr'><strong>quaedam</strong></span> <span class='ocrx_word' id='word_1_457' title='bbox 1609 2924 1931 2993; x_wconf 82' lang='lat' dir='ltr'><strong>prophetare</strong></span> <span class='ocrx_word' id='word_1_458' title='bbox 1959 2924 2036 2976; x_wconf 85' lang='lat' dir='ltr'><strong>vi-</strong></span> <span class='ocrx_word' id='word_1_459' title='bbox 2128 2917 2418 2989; x_wconf 68' lang='lat' dir='ltr'><strong>iustorum,</strong></span> <span class='ocrx_word' id='word_1_460' title='bbox 2447 2932 2494 2975; x_wconf 88' lang='lat' dir='ltr'><strong>et</strong></span> <span class='ocrx_word' id='word_1_461' title='bbox 2518 2922 2650 2990; x_wconf 81' lang='lat' dir='ltr'><strong>[iant</strong></span> <span class='ocrx_word' id='word_1_462' title='bbox 2680 2924 2961 2977; x_wconf 81' lang='lat' dir='ltr'><strong>novissima</strong></span> <span class='ocrx_word' id='word_1_463' title='bbox 2984 2941 3100 2978; x_wconf 89' lang='lat' dir='ltr'><strong>mea</strong></span> <span class='ocrx_word' id='word_1_464' title='bbox 3134 2925 3326 2979; x_wconf 83' lang='lat' dir='ltr'><strong>horum</strong></span> <span class='ocrx_word' id='word_1_465' title='bbox 3358 2924 3558 2978; x_wconf 85' lang='lat' dir='ltr'><strong>similia.</strong></span> <span class='ocrx_word' id='word_1_466' title='bbox 3588 2922 3675 2976; x_wconf 84' lang='lat' dir='ltr'><strong>Sed</strong></span> 
     </span>
    </p>
   </div>
   <div class='ocr_carea' id='block_1_31' title="bbox 464 3008 3673 3083">
    <p class='ocr_par' dir='ltr' id='par_1_31' title="bbox 464 3008 3673 3083">
     <span class='ocr_line' id='line_1_31' title="bbox 464 3008 3673 3083; baseline 0 -20"><span class='ocrx_word' id='word_1_467' title='bbox 464 3009 621 3063; x_wconf 88' lang='lat' dir='ltr'><strong>detur</strong></span> <span class='ocrx_word' id='word_1_468' title='bbox 643 3024 764 3064; x_wconf 90' lang='lat' dir='ltr'><strong>cum</strong></span> <span class='ocrx_word' id='word_1_469' title='bbox 789 3008 961 3065; x_wconf 90' lang='lat' dir='ltr'><strong>dicit:</strong></span> <span class='ocrx_word' id='word_1_470' title='bbox 995 3011 1253 3066; x_wconf 81' lang='lat' dir='ltr'><strong>Moriatur</strong></span> <span class='ocrx_word' id='word_1_471' title='bbox 1295 3013 1475 3066; x_wconf 89' lang='lat' dir='ltr'><strong>anima</strong></span> <span class='ocrx_word' id='word_1_472' title='bbox 1508 3029 1623 3066; x_wconf 85' lang='lat' dir='ltr'><strong>mea</strong></span> <span class='ocrx_word' id='word_1_473' title='bbox 1662 3023 1827 3067; x_wconf 88' lang='lat' dir='ltr'><strong>morte</strong></span> <span class='ocrx_word' id='word_1_474' title='bbox 1854 3014 2034 3083; x_wconf 87' lang='lat' dir='ltr'><strong>justo-</strong></span> <span class='ocrx_word' id='word_1_475' title='bbox 2069 3069 2106 3083; x_wconf 56' lang='grc' dir='ltr'>η</span> <span class='ocrx_word' id='word_1_476' title='bbox 2139 3023 2261 3064; x_wconf 89' lang='lat' dir='ltr'><strong>cum</strong></span> <span class='ocrx_word' id='word_1_477' title='bbox 2283 3011 2715 3079; x_wconf 89' lang='lat' dir='ltr'><strong>compunctionis</strong></span> <span class='ocrx_word' id='word_1_478' title='bbox 2743 3020 2953 3081; x_wconf 87' lang='lat' dir='ltr'><strong>tempus</strong></span> <span class='ocrx_word' id='word_1_479' title='bbox 2978 3014 3269 3079; x_wconf 86' lang='lat' dir='ltr'><strong>abscessit,</strong></span> <span class='ocrx_word' id='word_1_480' title='bbox 3296 3021 3477 3068; x_wconf 88' lang='lat' dir='ltr'><strong>contra</strong></span> <span class='ocrx_word' id='word_1_481' title='bbox 3514 3026 3673 3067; x_wconf 83' lang='lat' dir='ltr'><strong>eortun</strong></span> 
     </span>
    </p>
   </div>
   <div class='ocr_carea' id='block_1_32' title="bbox 463 3069 3677 3170">
    <p class='ocr_par' dir='ltr' id='par_1_32' title="bbox 463 3069 3677 3170">
     <span class='ocr_line' id='line_1_32' title="bbox 463 3069 3677 3170; baseline -0.001 -16"><span class='ocrx_word' id='word_1_482' title='bbox 463 3115 614 3165; x_wconf 84' lang='lat' dir='ltr'><strong>runt;</strong></span> <span class='ocrx_word' id='word_1_483' title='bbox 645 3110 693 3154; x_wconf 91' lang='lat' dir='ltr'><strong>et</strong></span> <span class='ocrx_word' id='word_1_484' title='bbox 720 3101 851 3170; x_wconf 85' lang='lat' dir='ltr'><strong>fiant</strong></span> <span class='ocrx_word' id='word_1_485' title='bbox 875 3103 1154 3156; x_wconf 81' lang='lat' dir='ltr'><strong>nouissima</strong></span> <span class='ocrx_word' id='word_1_486' title='bbox 1185 3119 1299 3156; x_wconf 89' lang='lat' dir='ltr'><strong>mea</strong></span> <span class='ocrx_word' id='word_1_487' title='bbox 1334 3103 1522 3156; x_wconf 79' lang='lat' dir='ltr'><strong>harum</strong></span> <span class='ocrx_word' id='word_1_488' title='bbox 1550 3104 1767 3157; x_wconf 82' lang='lat' dir='ltr'><strong>similia.</strong></span> <span class='ocrx_word' id='word_1_489' title='bbox 1800 3103 1906 3159; x_wconf 88' lang='lat' dir='ltr'><strong>Sed</strong></span> <span class='ocrx_word' id='word_1_490' title='bbox 1931 3105 2034 3158; x_wconf 91' lang='lat' dir='ltr'><strong>hoc</strong></span> <span class='ocrx_word' id='word_1_491' title='bbox 2063 3069 2109 3130; x_wconf 63' lang='grc' dir='ltr'>Ο</span> <span class='ocrx_word' id='word_1_492' title='bbox 2139 3100 2304 3154; x_wconf 83' lang='lat' dir='ltr'><strong>vitam</strong></span> <span class='ocrx_word' id='word_1_493' title='bbox 2334 3101 2530 3169; x_wconf 79' lang='lat' dir='ltr'><strong>quibus</strong></span> <span class='ocrx_word' id='word_1_494' title='bbox 2566 3116 2626 3156; x_wconf 89' lang='lat' dir='ltr'><strong>se</strong></span> <span class='ocrx_word' id='word_1_495' title='bbox 2660 3102 2889 3157; x_wconf 63' lang='lat' dir='ltr'><strong>similest</strong></span> <span class='ocrx_word' id='word_1_496' title='bbox 2921 3102 3037 3157; x_wconf 82' lang='lat' dir='ltr'><strong>ﬁeri</strong></span> <span class='ocrx_word' id='word_1_497' title='bbox 3060 3102 3228 3157; x_wconf 86' lang='lat' dir='ltr'><strong>etiam</strong></span> <span class='ocrx_word' id='word_1_498' title='bbox 3260 3102 3524 3157; x_wconf 86' lang='lat' dir='ltr'><strong>moriendo</strong></span> <span class='ocrx_word' id='word_1_499' title='bbox 3541 3115 3677 3170; x_wconf 55' lang='lat' dir='ltr'><strong>popa.</strong></span> 
     </span>
    </p>
   </div>
   <div class='ocr_carea' id='block_1_33' title="bbox 463 3190 3681 3263">
    <p class='ocr_par' dir='ltr' id='par_1_33' title="bbox 463 3190 3681 3263">
     <span class='ocr_line' id='line_1_33' title="bbox 463 3190 3681 3263; baseline -0.001 -19"><span class='ocrx_word' id='word_1_500' title='bbox 463 3199 721 3259; x_wconf 88' lang='lat' dir='ltr'><strong>quantttm</strong></span> <span class='ocrx_word' id='word_1_501' title='bbox 743 3191 808 3245; x_wconf 89' lang='lat' dir='ltr'><strong>ad</strong></span> <span class='ocrx_word' id='word_1_502' title='bbox 833 3208 1117 3260; x_wconf 86' lang='lat' dir='ltr'><strong>personam</strong></span> <span class='ocrx_word' id='word_1_503' title='bbox 1144 3202 1353 3263; x_wconf 88' lang='lat' dir='ltr'><strong>spectat</strong></span> <span class='ocrx_word' id='word_1_504' title='bbox 1374 3193 1615 3257; x_wconf 89' lang='lat' dir='ltr'><strong>Balaam,</strong></span> <span class='ocrx_word' id='word_1_505' title='bbox 1639 3194 1781 3248; x_wconf 89' lang='lat' dir='ltr'><strong>illius</strong></span> <span class='ocrx_word' id='word_1_506' title='bbox 1809 3203 1864 3247; x_wconf 91' lang='lat' dir='ltr'><strong>et</strong></span> <span class='ocrx_word' id='word_1_507' title='bbox 1894 3194 2038 3249; x_wconf 90' lang='lat' dir='ltr'><strong>illius</strong></span> <span class='ocrx_word' id='word_1_508' title='bbox 2138 3199 2356 3257; x_wconf 83' lang='lat' dir='ltr'><strong>scerat,</strong></span> <span class='ocrx_word' id='word_1_509' title='bbox 2383 3192 2669 3247; x_wconf 86' lang='lat' dir='ltr'><strong>consilium</strong></span> <span class='ocrx_word' id='word_1_510' title='bbox 2706 3193 2959 3263; x_wconf 65' lang='lat' dir='ltr'><strong>praebuit.</strong></span> <span class='ocrx_word' id='word_1_511' title='bbox 2991 3194 3058 3247; x_wconf 84' lang='lat' dir='ltr'><strong>Et</strong></span> <span class='ocrx_word' id='word_1_512' title='bbox 3101 3208 3226 3248; x_wconf 85' lang='lat' dir='ltr'><strong>cum</strong></span> <span class='ocrx_word' id='word_1_513' title='bbox 3275 3193 3594 3248; x_wconf 88' lang='lat' dir='ltr'><strong>occasionem</strong></span> <span class='ocrx_word' id='word_1_514' title='bbox 3627 3190 3681 3243; x_wconf 74' lang='lat' dir='ltr'><strong>tle</strong></span> 
     </span>
    </p>
   </div>
   <div class='ocr_carea' id='block_1_34' title="bbox 465 3280 3681 3354">
    <p class='ocr_par' dir='ltr' id='par_1_34' title="bbox 465 3280 3681 3354">
     <span class='ocr_line' id='line_1_34' title="bbox 465 3280 3681 3354; baseline 0 -19"><span class='ocrx_word' id='word_1_515' title='bbox 465 3281 655 3344; x_wconf 86' lang='lat' dir='ltr'><strong>Israel,</strong></span> <span class='ocrx_word' id='word_1_516' title='bbox 686 3297 787 3336; x_wconf 90' lang='lat' dir='ltr'><strong>nec</strong></span> <span class='ocrx_word' id='word_1_517' title='bbox 826 3280 1029 3335; x_wconf 81' lang='lat' dir='ltr'><strong>factum</strong></span> <span class='ocrx_word' id='word_1_518' title='bbox 1067 3292 1180 3346; x_wconf 87' lang='lat' dir='ltr'><strong>est,</strong></span> <span class='ocrx_word' id='word_1_519' title='bbox 1217 3299 1317 3337; x_wconf 88' lang='lat' dir='ltr'><strong>nec</strong></span> <span class='ocrx_word' id='word_1_520' title='bbox 1349 3282 1463 3337; x_wconf 81' lang='lat' dir='ltr'><strong>ﬁeri</strong></span> <span class='ocrx_word' id='word_1_521' title='bbox 1510 3284 1702 3353; x_wconf 91' lang='lat' dir='ltr'><strong>potuit.</strong></span> <span class='ocrx_word' id='word_1_522' title='bbox 1745 3283 1863 3338; x_wconf 84' lang='lat' dir='ltr'><strong>Non</strong></span> <span class='ocrx_word' id='word_1_523' title='bbox 1891 3285 2036 3338; x_wconf 88' lang='lat' dir='ltr'><strong>enim</strong></span> <span class='ocrx_word' id='word_1_524' title='bbox 2138 3284 2369 3338; x_wconf 86' lang='lat' dir='ltr'><strong>avaritia</strong></span> <span class='ocrx_word' id='word_1_525' title='bbox 2396 3285 2615 3354; x_wconf 87' lang='lat' dir='ltr'><strong>reperit,</strong></span> <span class='ocrx_word' id='word_1_526' title='bbox 2642 3285 2786 3340; x_wconf 89' lang='lat' dir='ltr'><strong>illico</strong></span> <span class='ocrx_word' id='word_1_527' title='bbox 2808 3285 3009 3340; x_wconf 87' lang='lat' dir='ltr'><strong>oblitus</strong></span> <span class='ocrx_word' id='word_1_528' title='bbox 3035 3286 3164 3354; x_wconf 79' lang='lat' dir='ltr'><strong>quid</strong></span> <span class='ocrx_word' id='word_1_529' title='bbox 3192 3286 3299 3340; x_wconf 87' lang='lat' dir='ltr'><strong>sibi</strong></span> <span class='ocrx_word' id='word_1_530' title='bbox 3322 3287 3389 3339; x_wconf 88' lang='lat' dir='ltr'><strong>de</strong></span> <span class='ocrx_word' id='word_1_531' title='bbox 3414 3281 3681 3338; x_wconf 74' lang='lat' dir='ltr'><strong>innocentia</strong></span> 
     </span>
    </p>
   </div>
   <div class='ocr_carea' id='block_1_35' title="bbox 464 3371 3681 3445">
    <p class='ocr_par' dir='ltr' id='par_1_35' title="bbox 464 3371 3681 3445">
     <span class='ocr_line' id='line_1_35' title="bbox 464 3371 3681 3445; baseline -0.001 -19"><span class='ocrx_word' id='word_1_532' title='bbox 464 3373 605 3426; x_wconf 91' lang='lat' dir='ltr'><strong>inter</strong></span> <span class='ocrx_word' id='word_1_533' title='bbox 635 3371 797 3441; x_wconf 90' lang='lat' dir='ltr'><strong>ipsos,</strong></span> <span class='ocrx_word' id='word_1_534' title='bbox 830 3372 924 3426; x_wconf 44' lang='lat' dir='ltr'><strong>sezl</strong></span> <span class='ocrx_word' id='word_1_535' title='bbox 956 3372 1024 3426; x_wconf 79' lang='lat' dir='ltr'><strong>ab</strong></span> <span class='ocrx_word' id='word_1_536' title='bbox 1052 3372 1183 3442; x_wconf 86' lang='lat' dir='ltr'><strong>ipsis</strong></span> <span class='ocrx_word' id='word_1_537' title='bbox 1210 3381 1456 3429; x_wconf 90' lang='lat' dir='ltr'><strong>mortuus</strong></span> <span class='ocrx_word' id='word_1_538' title='bbox 1476 3382 1578 3429; x_wconf 91' lang='lat' dir='ltr'><strong>est.</strong></span> <span class='ocrx_word' id='word_1_539' title='bbox 1605 3373 1773 3445; x_wconf 80' lang='lat' dir='ltr'><strong>Magis</strong></span> <span class='ocrx_word' id='word_1_540' title='bbox 1793 3389 1952 3445; x_wconf 84' lang='lat' dir='ltr'><strong>ergo,</strong></span> <span class='ocrx_word' id='word_1_541' title='bbox 1979 3385 2039 3431; x_wconf 90' lang='lat' dir='ltr'><strong>ut</strong></span> <span class='ocrx_word' id='word_1_542' title='bbox 2138 3374 2364 3443; x_wconf 88' lang='lat' dir='ltr'><strong>optavit.</strong></span> <span class='ocrx_word' id='word_1_543' title='bbox 2389 3374 2543 3429; x_wconf 90' lang='lat' dir='ltr'><strong>Unde</strong></span> <span class='ocrx_word' id='word_1_544' title='bbox 2567 3374 2796 3430; x_wconf 88' lang='lat' dir='ltr'><strong>sollicite</strong></span> <span class='ocrx_word' id='word_1_545' title='bbox 2830 3376 3292 3430; x_wconf 76' lang='lat' dir='ltr'><strong>considerandum</strong></span> <span class='ocrx_word' id='word_1_546' title='bbox 3315 3383 3395 3429; x_wconf 87' lang='lat' dir='ltr'><strong>est</strong></span> <span class='ocrx_word' id='word_1_547' title='bbox 3412 3414 3426 3438; x_wconf 92' lang='lat'><strong>,</strong></span> <span class='ocrx_word' id='word_1_548' title='bbox 3458 3374 3572 3442; x_wconf 84' lang='lat' dir='ltr'><strong>quia</strong></span> <span class='ocrx_word' id='word_1_549' title='bbox 3592 3372 3681 3424; x_wconf 86' lang='lat' dir='ltr'><strong>uti-</strong></span> 
     </span>
    </p>
   </div>
   <div class='ocr_carea' id='block_1_36' title="bbox 465 3460 3683 3536">
    <p class='ocr_par' dir='ltr' id='par_1_36' title="bbox 465 3460 3683 3536">
     <span class='ocr_line' id='line_1_36' title="bbox 465 3460 3683 3536; baseline -0.001 -21"><span class='ocrx_word' id='word_1_550' title='bbox 465 3460 720 3525; x_wconf 73' lang='lat' dir='ltr'><strong>diximus,</strong></span> <span class='ocrx_word' id='word_1_551' title='bbox 753 3460 992 3530; x_wconf 85' lang='lat' dir='ltr'><strong>ipsorum</strong></span> <span class='ocrx_word' id='word_1_552' title='bbox 1021 3476 1265 3531; x_wconf 81' lang='lat' dir='ltr'><strong>persmue</strong></span> <span class='ocrx_word' id='word_1_553' title='bbox 1308 3465 1622 3528; x_wconf 87' lang='lat' dir='ltr'><strong>conveniet,</strong></span> <span class='ocrx_word' id='word_1_554' title='bbox 1665 3463 1757 3533; x_wconf 87' lang='lat' dir='ltr'><strong>qui</strong></span> <span class='ocrx_word' id='word_1_555' title='bbox 1804 3464 1933 3519; x_wconf 91' lang='lat' dir='ltr'><strong>licet</strong></span> <span class='ocrx_word' id='word_1_556' title='bbox 1984 3466 2038 3520; x_wconf 92' lang='lat' dir='ltr'><strong>in</strong></span> <span class='ocrx_word' id='word_1_557' title='bbox 2139 3480 2244 3535; x_wconf 85' lang='lat' dir='ltr'><strong>que</strong></span> <span class='ocrx_word' id='word_1_558' title='bbox 2268 3466 2585 3535; x_wconf 89' lang='lat' dir='ltr'><strong>plerumque</strong></span> <span class='ocrx_word' id='word_1_559' title='bbox 2616 3466 2743 3521; x_wconf 90' lang='lat' dir='ltr'><strong>mali</strong></span> <span class='ocrx_word' id='word_1_560' title='bbox 2781 3467 3047 3522; x_wconf 88' lang='lat' dir='ltr'><strong>inutiliter</strong></span> <span class='ocrx_word' id='word_1_561' title='bbox 3072 3475 3504 3536; x_wconf 73' lang='lat' dir='ltr'><strong>compungunzur</strong></span> <span class='ocrx_word' id='word_1_562' title='bbox 3525 3464 3583 3518; x_wconf 90' lang='lat' dir='ltr'><strong>ad</strong></span> <span class='ocrx_word' id='word_1_563' title='bbox 3612 3460 3683 3529; x_wconf 84' lang='lat' dir='ltr'><strong>ju-</strong></span> 
     </span>
    </p>
   </div>
   <div class='ocr_carea' id='block_1_37' title="bbox 463 3550 3680 3627">
    <p class='ocr_par' dir='ltr' id='par_1_37' title="bbox 463 3550 3680 3627">
     <span class='ocr_line' id='line_1_37' title="bbox 463 3550 3680 3627; baseline -0.001 -20"><span class='ocrx_word' id='word_1_564' title='bbox 463 3551 717 3620; x_wconf 65' lang='lat' dir='ltr'><strong>praesenti</strong></span> <span class='ocrx_word' id='word_1_565' title='bbox 750 3551 869 3606; x_wconf 91' lang='lat' dir='ltr'><strong>loco</strong></span> <span class='ocrx_word' id='word_1_566' title='bbox 898 3552 981 3606; x_wconf 88' lang='lat' dir='ltr'><strong>vel</strong></span> <span class='ocrx_word' id='word_1_567' title='bbox 1017 3552 1213 3607; x_wconf 71' lang='lat' dir='ltr'><strong>smeulo</strong></span> <span class='ocrx_word' id='word_1_568' title='bbox 1252 3569 1425 3609; x_wconf 87' lang='lat' dir='ltr'><strong>vanus</strong></span> <span class='ocrx_word' id='word_1_569' title='bbox 1453 3555 1681 3625; x_wconf 84' lang='lat' dir='ltr'><strong>populus</strong></span> <span class='ocrx_word' id='word_1_570' title='bbox 1718 3555 2038 3621; x_wconf 88' lang='lat' dir='ltr'><strong>habebatur,</strong></span> <span class='ocrx_word' id='word_1_571' title='bbox 2140 3557 2374 3623; x_wconf 87' lang='lat' dir='ltr'><strong>stitiam,</strong></span> <span class='ocrx_word' id='word_1_572' title='bbox 2401 3557 2538 3612; x_wconf 89' lang='lat' dir='ltr'><strong>sicut</strong></span> <span class='ocrx_word' id='word_1_573' title='bbox 2561 3557 2878 3627; x_wconf 90' lang='lat' dir='ltr'><strong>plerumque</strong></span> <span class='ocrx_word' id='word_1_574' title='bbox 2912 3558 3040 3614; x_wconf 90' lang='lat' dir='ltr'><strong>boni</strong></span> <span class='ocrx_word' id='word_1_575' title='bbox 3078 3557 3303 3611; x_wconf 77' lang='lat' dir='ltr'><strong>innoxie</strong></span> <span class='ocrx_word' id='word_1_576' title='bbox 3343 3562 3597 3610; x_wconf 82' lang='lat' dir='ltr'><strong>tentantur</strong></span> <span class='ocrx_word' id='word_1_577' title='bbox 3625 3550 3680 3605; x_wconf 78' lang='lat' dir='ltr'><strong>ad</strong></span> 
     </span>
    </p>
   </div>
   <div class='ocr_carea' id='block_1_38' title="bbox 464 3641 3683 3719">
    <p class='ocr_par' dir='ltr' id='par_1_38' title="bbox 464 3641 3683 3719">
     <span class='ocr_line' id='line_1_38' title="bbox 464 3641 3683 3719; baseline 0 -26"><span class='ocrx_word' id='word_1_578' title='bbox 464 3642 555 3712; x_wconf 90' lang='lat' dir='ltr'><strong>qui</strong></span> <span class='ocrx_word' id='word_1_579' title='bbox 581 3642 698 3697; x_wconf 91' lang='lat' dir='ltr'><strong>sine</strong></span> <span class='ocrx_word' id='word_1_580' title='bbox 738 3641 912 3711; x_wconf 86' lang='lat' dir='ltr'><strong>gratia</strong></span> <span class='ocrx_word' id='word_1_581' title='bbox 943 3642 1178 3713; x_wconf 89' lang='lat' dir='ltr'><strong>Spiritus</strong></span> <span class='ocrx_word' id='word_1_582' title='bbox 1217 3644 1389 3698; x_wconf 90' lang='lat' dir='ltr'><strong>sancti</strong></span> <span class='ocrx_word' id='word_1_583' title='bbox 1420 3644 1473 3698; x_wconf 91' lang='lat' dir='ltr'><strong>in</strong></span> <span class='ocrx_word' id='word_1_584' title='bbox 1515 3644 1620 3700; x_wconf 84' lang='lat' dir='ltr'><strong>line</strong></span> <span class='ocrx_word' id='word_1_585' title='bbox 1647 3652 1827 3701; x_wconf 89' lang='lat' dir='ltr'><strong>tamen</strong></span> <span class='ocrx_word' id='word_1_586' title='bbox 1857 3648 2040 3702; x_wconf 77' lang='lat' dir='ltr'><strong>smculi</strong></span> <span class='ocrx_word' id='word_1_587' title='bbox 2141 3646 2375 3717; x_wconf 87' lang='lat' dir='ltr'><strong>culpam.</strong></span> <span class='ocrx_word' id='word_1_588' title='bbox 2402 3646 2489 3701; x_wconf 84' lang='lat' dir='ltr'><strong>Fit</strong></span> <span class='ocrx_word' id='word_1_589' title='bbox 2511 3648 2708 3717; x_wconf 88' lang='lat' dir='ltr'><strong>quippe</strong></span> <span class='ocrx_word' id='word_1_590' title='bbox 2731 3647 2889 3713; x_wconf 90' lang='lat' dir='ltr'><strong>mira,</strong></span> <span class='ocrx_word' id='word_1_591' title='bbox 2918 3647 3265 3719; x_wconf 80' lang='lat' dir='ltr'><strong>exigentibus</strong></span> <span class='ocrx_word' id='word_1_592' title='bbox 3290 3646 3507 3707; x_wconf 86' lang='lat' dir='ltr'><strong>meritis,</strong></span> <span class='ocrx_word' id='word_1_593' title='bbox 3533 3645 3683 3711; x_wconf 81' lang='lat' dir='ltr'><strong>dispo-</strong></span> 
     </span>
    </p>
   </div>
   <div class='ocr_carea' id='block_1_39' title="bbox 465 3729 3682 3805">
    <p class='ocr_par' dir='ltr' id='par_1_39' title="bbox 465 3729 3682 3805">
     <span class='ocr_line' id='line_1_39' title="bbox 465 3729 3682 3805; baseline -0.001 -19"><span class='ocrx_word' id='word_1_594' title='bbox 465 3748 581 3786; x_wconf 86' lang='lat' dir='ltr'><strong>cum</strong></span> <span class='ocrx_word' id='word_1_595' title='bbox 606 3729 875 3798; x_wconf 82' lang='lat' dir='ltr'><strong>plenitudo</strong></span> <span class='ocrx_word' id='word_1_596' title='bbox 903 3733 1135 3801; x_wconf 85' lang='lat' dir='ltr'><strong>gentium</strong></span> <span class='ocrx_word' id='word_1_597' title='bbox 1169 3733 1463 3799; x_wconf 88' lang='lat' dir='ltr'><strong>introierit,</strong></span> <span class='ocrx_word' id='word_1_598' title='bbox 1488 3742 1544 3789; x_wconf 89' lang='lat' dir='ltr'><strong>et</strong></span> <span class='ocrx_word' id='word_1_599' title='bbox 1569 3736 1746 3789; x_wconf 89' lang='lat' dir='ltr'><strong>omnis</strong></span> <span class='ocrx_word' id='word_1_600' title='bbox 1776 3736 1879 3790; x_wconf 88' lang='lat' dir='ltr'><strong>ista</strong></span> <span class='ocrx_word' id='word_1_601' title='bbox 1912 3751 2041 3805; x_wconf 65' lang='lat' dir='ltr'><strong>pro«</strong></span> <span class='ocrx_word' id='word_1_602' title='bbox 2142 3739 2356 3794; x_wconf 86' lang='lat' dir='ltr'><strong>sitionis</strong></span> <span class='ocrx_word' id='word_1_603' title='bbox 2391 3739 2618 3794; x_wconf 68' lang='lat' dir='ltr'><strong>internae</strong></span> <span class='ocrx_word' id='word_1_604' title='bbox 2640 3754 2918 3803; x_wconf 85' lang='lat' dir='ltr'><strong>mensura,</strong></span> <span class='ocrx_word' id='word_1_605' title='bbox 2951 3748 3013 3792; x_wconf 89' lang='grc' dir='ltr'><strong>ιιι</strong></span> <span class='ocrx_word' id='word_1_606' title='bbox 3039 3745 3096 3793; x_wconf 90' lang='lat' dir='ltr'><strong>et</strong></span> <span class='ocrx_word' id='word_1_607' title='bbox 3123 3737 3199 3792; x_wconf 91' lang='lat' dir='ltr'><strong>illi</strong></span> <span class='ocrx_word' id='word_1_608' title='bbox 3230 3738 3360 3791; x_wconf 90' lang='lat' dir='ltr'><strong>dum</strong></span> <span class='ocrx_word' id='word_1_609' title='bbox 3392 3738 3576 3790; x_wconf 87' lang='lat' dir='ltr'><strong>bonum</strong></span> <span class='ocrx_word' id='word_1_610' title='bbox 3603 3732 3682 3784; x_wconf 81' lang='lat' dir='ltr'><strong>ali-</strong></span> 
     </span>
    </p>
   </div>
   <div class='ocr_carea' id='block_1_40' title="bbox 464 3820 3685 3903">
    <p class='ocr_par' dir='ltr' id='par_1_40' title="bbox 464 3820 3685 3903">
     <span class='ocr_line' id='line_1_40' title="bbox 464 3820 3685 3903; baseline -0.001 -28"><span class='ocrx_word' id='word_1_611' title='bbox 464 3821 644 3893; x_wconf 82' lang='lat' dir='ltr'><strong>phetia</strong></span> <span class='ocrx_word' id='word_1_612' title='bbox 670 3835 790 3889; x_wconf 67' lang='lat' dir='ltr'><strong>quae</strong></span> <span class='ocrx_word' id='word_1_613' title='bbox 817 3821 883 3875; x_wconf 90' lang='lat' dir='ltr'><strong>de</strong></span> <span class='ocrx_word' id='word_1_614' title='bbox 909 3820 1074 3876; x_wconf 89' lang='lat' dir='ltr'><strong>Israel</strong></span> <span class='ocrx_word' id='word_1_615' title='bbox 1100 3822 1320 3888; x_wconf 87' lang='lat' dir='ltr'><strong>dicitur,</strong></span> <span class='ocrx_word' id='word_1_616' title='bbox 1345 3823 1399 3877; x_wconf 91' lang='lat' dir='ltr'><strong>in</strong></span> <span class='ocrx_word' id='word_1_617' title='bbox 1425 3824 1657 3893; x_wconf 89' lang='lat' dir='ltr'><strong>spiritali</strong></span> <span class='ocrx_word' id='word_1_618' title='bbox 1678 3825 1847 3879; x_wconf 88' lang='lat' dir='ltr'><strong>Israel</strong></span> <span class='ocrx_word' id='word_1_619' title='bbox 1878 3825 2045 3881; x_wconf 85' lang='lat' dir='ltr'><strong>fuerit</strong></span> <span class='ocrx_word' id='word_1_620' title='bbox 2142 3834 2271 3902; x_wconf 86' lang='lat' dir='ltr'><strong>quid</strong></span> <span class='ocrx_word' id='word_1_621' title='bbox 2317 3842 2515 3903; x_wconf 85' lang='lat' dir='ltr'><strong>agunt,</strong></span> <span class='ocrx_word' id='word_1_622' title='bbox 2563 3833 2706 3903; x_wconf 89' lang='lat' dir='ltr'><strong>quod</strong></span> <span class='ocrx_word' id='word_1_623' title='bbox 2753 3839 2933 3886; x_wconf 89' lang='lat' dir='ltr'><strong>tamen</strong></span> <span class='ocrx_word' id='word_1_624' title='bbox 2980 3845 3086 3885; x_wconf 90' lang='lat' dir='ltr'><strong>non</strong></span> <span class='ocrx_word' id='word_1_625' title='bbox 3124 3828 3443 3898; x_wconf 82' lang='lat' dir='ltr'><strong>perﬁciunt,</strong></span> <span class='ocrx_word' id='word_1_626' title='bbox 3487 3821 3685 3894; x_wconf 76' lang='lat' dir='ltr'><strong>superbe</strong></span> 
     </span>
    </p>
   </div>
   <div class='ocr_carea' id='block_1_41' title="bbox 466 3909 3683 3993">
    <p class='ocr_par' dir='ltr' id='par_1_41' title="bbox 466 3909 3683 3993">
     <span class='ocr_line' id='line_1_41' title="bbox 466 3909 3683 3993; baseline -0.002 -27"><span class='ocrx_word' id='word_1_627' title='bbox 466 3912 757 3980; x_wconf 82' lang='lat' dir='ltr'><strong>completa,</strong></span> <span class='ocrx_word' id='word_1_628' title='bbox 792 3920 920 3966; x_wconf 90' lang='lat' dir='ltr'><strong>tunc</strong></span> <span class='ocrx_word' id='word_1_629' title='bbox 948 3912 1129 3967; x_wconf 86' lang='lat' dir='ltr'><strong>anima</strong></span> <span class='ocrx_word' id='word_1_630' title='bbox 1159 3914 1276 3983; x_wconf 85' lang='lat' dir='ltr'><strong>ejus</strong></span> <span class='ocrx_word' id='word_1_631' title='bbox 1304 3915 1569 3969; x_wconf 88' lang='lat' dir='ltr'><strong>moriatur</strong></span> <span class='ocrx_word' id='word_1_632' title='bbox 1603 3932 1728 3971; x_wconf 90' lang='lat' dir='ltr'><strong>cum</strong></span> <span class='ocrx_word' id='word_1_633' title='bbox 1758 3916 2045 3973; x_wconf 86' lang='lat' dir='ltr'><strong>animabus</strong></span> <span class='ocrx_word' id='word_1_634' title='bbox 2143 3925 2287 3979; x_wconf 87' lang='lat' dir='ltr'><strong>inter</strong></span> <span class='ocrx_word' id='word_1_635' title='bbox 2331 3924 2443 3992; x_wconf 88' lang='lat' dir='ltr'><strong>ipsa</strong></span> <span class='ocrx_word' id='word_1_636' title='bbox 2492 3933 2632 3993; x_wconf 66' lang='lat' dir='ltr'><strong>quae</strong></span> <span class='ocrx_word' id='word_1_637' title='bbox 2656 3923 2820 3977; x_wconf 89' lang='lat' dir='ltr'><strong>etiam</strong></span> <span class='ocrx_word' id='word_1_638' title='bbox 2864 3920 3177 3990; x_wconf 89' lang='lat' dir='ltr'><strong>plenissime</strong></span> <span class='ocrx_word' id='word_1_639' title='bbox 3222 3923 3527 3988; x_wconf 75' lang='lat' dir='ltr'><strong>perpetrant</strong></span> <span class='ocrx_word' id='word_1_640' title='bbox 3572 3909 3683 3965; x_wconf 75' lang='lat' dir='ltr'><strong>mala</strong></span> 
     </span>
    </p>
   </div>
   <div class='ocr_carea' id='block_1_42' title="bbox 462 4000 3685 4079">
    <p class='ocr_par' dir='ltr' id='par_1_42' title="bbox 462 4000 3685 4079">
     <span class='ocr_line' id='line_1_42' title="bbox 462 4000 3685 4079; baseline -0.002 -23"><span class='ocrx_word' id='word_1_641' title='bbox 462 4001 751 4072; x_wconf 74' lang='lat' dir='ltr'><strong>iustorum.</strong></span> <span class='ocrx_word' id='word_1_642' title='bbox 783 4000 1055 4071; x_wconf 84' lang='lat' dir='ltr'><strong>Suscipiet</strong></span> <span class='ocrx_word' id='word_1_643' title='bbox 1080 4004 1224 4058; x_wconf 84' lang='lat' dir='ltr'><strong>enim</strong></span> <span class='ocrx_word' id='word_1_644' title='bbox 1260 4004 1313 4057; x_wconf 91' lang='lat' dir='ltr'><strong>in</strong></span> <span class='ocrx_word' id='word_1_645' title='bbox 1343 4020 1402 4059; x_wconf 89' lang='lat' dir='ltr'><strong>se</strong></span> <span class='ocrx_word' id='word_1_646' title='bbox 1429 4005 1589 4060; x_wconf 79' lang='lat' dir='ltr'><strong>ﬁdem</strong></span> <span class='ocrx_word' id='word_1_647' title='bbox 1617 4007 1852 4073; x_wconf 90' lang='lat' dir='ltr'><strong>Christi,</strong></span> <span class='ocrx_word' id='word_1_648' title='bbox 1883 4008 1957 4061; x_wconf 90' lang='lat' dir='ltr'><strong>ita</strong></span> <span class='ocrx_word' id='word_1_649' title='bbox 1986 4016 2047 4063; x_wconf 90' lang='lat' dir='ltr'><strong>ut</strong></span> <span class='ocrx_word' id='word_1_650' title='bbox 2143 4014 2446 4079; x_wconf 82' lang='lat' dir='ltr'><strong>conﬁdant;</strong></span> <span class='ocrx_word' id='word_1_651' title='bbox 2474 4022 2530 4068; x_wconf 89' lang='lat' dir='ltr'><strong>et</strong></span> <span class='ocrx_word' id='word_1_652' title='bbox 2560 4013 2649 4067; x_wconf 90' lang='lat' dir='ltr'><strong>isti</strong></span> <span class='ocrx_word' id='word_1_653' title='bbox 2680 4013 2805 4067; x_wconf 90' lang='lat' dir='ltr'><strong>dum</strong></span> <span class='ocrx_word' id='word_1_654' title='bbox 2830 4012 2896 4066; x_wconf 86' lang='lat' dir='ltr'><strong>de</strong></span> <span class='ocrx_word' id='word_1_655' title='bbox 2924 4010 3068 4065; x_wconf 90' lang='lat' dir='ltr'><strong>malo</strong></span> <span class='ocrx_word' id='word_1_656' title='bbox 3091 4016 3393 4071; x_wconf 86' lang='lat' dir='ltr'><strong>tentantur,</strong></span> <span class='ocrx_word' id='word_1_657' title='bbox 3415 4005 3495 4059; x_wconf 86' lang='lat' dir='ltr'><strong>cui</strong></span> <span class='ocrx_word' id='word_1_658' title='bbox 3516 4014 3685 4069; x_wconf 83' lang='lat' dir='ltr'><strong>nequa-</strong></span> 
     </span>
    </p>
   </div>
   <div class='ocr_carea' id='block_1_43' title="bbox 466 4093 2019 4176">
    <p class='ocr_par' dir='ltr' id='par_1_43' title="bbox 466 4093 2010 4166">
     <span class='ocr_line' id='line_1_43' title="bbox 466 4093 2010 4166; baseline 0.003 -17"><span class='ocrx_word' id='word_1_659' title='bbox 466 4094 568 4163; x_wconf 87' lang='lat' dir='ltr'><strong>ipsi</strong></span> <span class='ocrx_word' id='word_1_660' title='bbox 600 4094 817 4148; x_wconf 88' lang='lat' dir='ltr'><strong>dicant:</strong></span> <span class='ocrx_word' id='word_1_661' title='bbox 851 4093 1159 4163; x_wconf 84' lang='lat' dir='ltr'><strong>Quicunque</strong></span> <span class='ocrx_word' id='word_1_662' title='bbox 1202 4094 1254 4147; x_wconf 89' lang='lat' dir='ltr'><strong>in</strong></span> <span class='ocrx_word' id='word_1_663' title='bbox 1296 4095 1501 4149; x_wconf 75' lang='lat' dir='ltr'><strong>Christo</strong></span> <span class='ocrx_word' id='word_1_664' title='bbox 1546 4096 1794 4166; x_wconf 67' lang='lat' dir='ltr'><strong>baptismi</strong></span> <span class='ocrx_word' id='word_1_665' title='bbox 1831 4114 2010 4153; x_wconf 86' lang='lat' dir='ltr'><strong>sumus</strong></span> 
     </span>
    </p>
   </div>
   <div class='ocr_carea' id='block_1_44' title="bbox 2128 4093 3681 4176">
    <p class='ocr_par' dir='ltr' id='par_1_44' title="bbox 2145 4095 3681 4176">
     <span class='ocr_line' id='line_1_44' title="bbox 2145 4095 3681 4176; baseline -0.007 -15"><span class='ocrx_word' id='word_1_666' title='bbox 2145 4122 2306 4176; x_wconf 85' lang='lat' dir='ltr'><strong>quam</strong></span> <span class='ocrx_word' id='word_1_667' title='bbox 2327 4105 2692 4168; x_wconf 90' lang='lat' dir='ltr'><strong>consentiunt,</strong></span> <span class='ocrx_word' id='word_1_668' title='bbox 2710 4103 2852 4173; x_wconf 88' lang='lat' dir='ltr'><strong>quod</strong></span> <span class='ocrx_word' id='word_1_669' title='bbox 2879 4117 2976 4171; x_wconf 90' lang='lat' dir='ltr'><strong>per</strong></span> <span class='ocrx_word' id='word_1_670' title='bbox 2999 4100 3371 4157; x_wconf 72' lang='lat' dir='ltr'><strong>inlinunt-atem</strong></span> <span class='ocrx_word' id='word_1_671' title='bbox 3398 4095 3681 4150; x_wconf 69' lang='lat' dir='ltr'><strong>titubabanl.</strong></span> 
     </span>
    </p>
   </div>
   <div class='ocr_carea' id='block_1_45' title="bbox 465 4184 3684 4265">
    <p class='ocr_par' dir='ltr' id='par_1_45' title="bbox 465 4184 3684 4265">
     <span class='ocr_line' id='line_1_45' title="bbox 465 4184 3684 4265; baseline -0.003 -26"><span class='ocrx_word' id='word_1_672' title='bbox 465 4184 751 4256; x_wconf 77' lang='lat' dir='ltr'><strong>cousepulti</strong></span> <span class='ocrx_word' id='word_1_673' title='bbox 799 4185 936 4238; x_wconf 85' lang='lat' dir='ltr'><strong>enim</strong></span> <span class='ocrx_word' id='word_1_674' title='bbox 983 4200 1163 4238; x_wconf 87' lang='lat' dir='ltr'><strong>sumus</strong></span> <span class='ocrx_word' id='word_1_675' title='bbox 1208 4201 1324 4239; x_wconf 86' lang='lat' dir='ltr'><strong>cum</strong></span> <span class='ocrx_word' id='word_1_676' title='bbox 1365 4184 1457 4240; x_wconf 93' lang='lat' dir='ltr'><strong>illo</strong></span> <span class='ocrx_word' id='word_1_677' title='bbox 1500 4203 1592 4256; x_wconf 82' lang='lat' dir='ltr'><strong>per</strong></span> <span class='ocrx_word' id='word_1_678' title='bbox 1636 4186 1946 4257; x_wconf 83' lang='lat' dir='ltr'><strong>baptismum</strong></span> <span class='ocrx_word' id='word_1_679' title='bbox 1988 4190 2045 4244; x_wconf 86' lang='lat' dir='ltr'><strong>in</strong></span> <span class='ocrx_word' id='word_1_680' title='bbox 2144 4211 2209 4251; x_wconf 85' lang='lat' dir='ltr'><strong>eo</strong></span> <span class='ocrx_word' id='word_1_681' title='bbox 2236 4208 2453 4265; x_wconf 71' lang='lat' dir='ltr'><strong>gressus</strong></span> <span class='ocrx_word' id='word_1_682' title='bbox 2481 4192 2662 4247; x_wconf 84' lang='lat' dir='ltr'><strong>cordis</strong></span> <span class='ocrx_word' id='word_1_683' title='bbox 2702 4192 2769 4245; x_wconf 90' lang='lat' dir='ltr'><strong>ad</strong></span> <span class='ocrx_word' id='word_1_684' title='bbox 2800 4190 3069 4261; x_wconf 86' lang='lat' dir='ltr'><strong>justitiam</strong></span> <span class='ocrx_word' id='word_1_685' title='bbox 3109 4202 3204 4256; x_wconf 89' lang='lat' dir='ltr'><strong>per</strong></span> <span class='ocrx_word' id='word_1_686' title='bbox 3245 4185 3588 4240; x_wconf 85' lang='lat' dir='ltr'><strong>humilitatem</strong></span> <span class='ocrx_word' id='word_1_687' title='bbox 3613 4192 3684 4231; x_wconf 77' lang='lat' dir='ltr'><strong>ve-</strong></span> 
     </span>
    </p>
   </div>
   <div class='ocr_carea' id='block_1_46' title="bbox 468 4267 3682 4351">
    <p class='ocr_par' dir='ltr' id='par_1_46' title="bbox 468 4267 3682 4351">
     <span class='ocr_line' id='line_1_46' title="bbox 468 4267 3682 4351; baseline -0.002 -22"><span class='ocrx_word' id='word_1_688' title='bbox 468 4286 631 4331; x_wconf 88' lang='lat' dir='ltr'><strong>morte</strong></span> <span class='ocrx_word' id='word_1_689' title='bbox 668 4275 840 4349; x_wconf 87' lang='lat' dir='ltr'><strong>(Rom.</strong></span> <span class='ocrx_word' id='word_1_690' title='bbox 872 4278 971 4346; x_wconf 79' lang='lat' dir='ltr'><strong>vi).</strong></span> <span class='ocrx_word' id='word_1_691' title='bbox 1000 4276 1067 4329; x_wconf 83' lang='lat' dir='ltr'><strong>Et</strong></span> <span class='ocrx_word' id='word_1_692' title='bbox 1096 4276 1332 4331; x_wconf 89' lang='lat' dir='ltr'><strong>iterum:</strong></span> <span class='ocrx_word' id='word_1_693' title='bbox 1363 4275 1511 4332; x_wconf 84' lang='lat' dir='ltr'><strong>Sicut</strong></span> <span class='ocrx_word' id='word_1_694' title='bbox 1545 4281 1934 4347; x_wconf 84' lang='lat' dir='ltr'><strong>contmorimur,</strong></span> <span class='ocrx_word' id='word_1_695' title='bbox 1971 4283 2046 4335; x_wconf 88' lang='lat' dir='ltr'><strong>ita</strong></span> <span class='ocrx_word' id='word_1_696' title='bbox 2145 4286 2259 4340; x_wconf 87' lang='lat' dir='ltr'><strong>rius</strong></span> <span class='ocrx_word' id='word_1_697' title='bbox 2305 4284 2492 4351; x_wconf 79' lang='lat' dir='ltr'><strong>ﬁgunt.</strong></span> <span class='ocrx_word' id='word_1_698' title='bbox 2537 4282 2755 4335; x_wconf 84' lang='lat' dir='ltr'><strong>Balaam</strong></span> <span class='ocrx_word' id='word_1_699' title='bbox 2806 4280 3006 4350; x_wconf 87' lang='lat' dir='ltr'><strong>quippe</strong></span> <span class='ocrx_word' id='word_1_700' title='bbox 3046 4277 3323 4347; x_wconf 76' lang='lat' dir='ltr'><strong>iustorum</strong></span> <span class='ocrx_word' id='word_1_701' title='bbox 3375 4267 3682 4329; x_wconf 74' lang='lat' dir='ltr'><strong>tabernacula</strong></span> 
     </span>
    </p>
   </div>
   <div class='ocr_carea' id='block_1_47' title="bbox 466 4364 3686 4442">
    <p class='ocr_par' dir='ltr' id='par_1_47' title="bbox 466 4364 3686 4442">
     <span class='ocr_line' id='line_1_47' title="bbox 466 4364 3686 4442; baseline -0.002 -21"><span class='ocrx_word' id='word_1_702' title='bbox 466 4376 514 4421; x_wconf 89' lang='lat' dir='ltr'><strong>et</strong></span> <span class='ocrx_word' id='word_1_703' title='bbox 542 4366 974 4440; x_wconf 78' lang='lat' dir='ltr'><strong>conregnabimus</strong></span> <span class='ocrx_word' id='word_1_704' title='bbox 1005 4366 1089 4439; x_wconf 83' lang='lat' dir='ltr'><strong>(Il</strong></span> <span class='ocrx_word' id='word_1_705' title='bbox 1117 4366 1250 4421; x_wconf 84' lang='lat' dir='ltr'><strong>Tim.</strong></span> <span class='ocrx_word' id='word_1_706' title='bbox 1281 4366 1362 4440; x_wconf 88' lang='grc' dir='ltr'>ιι).</span> <span class='ocrx_word' id='word_1_707' title='bbox 1391 4369 1460 4423; x_wconf 88' lang='grc' dir='ltr'>Ει</span> <span class='ocrx_word' id='word_1_708' title='bbox 1485 4369 1566 4424; x_wconf 89' lang='lat' dir='ltr'><strong>sic</strong></span> <span class='ocrx_word' id='word_1_709' title='bbox 1589 4370 1944 4440; x_wconf 85' lang='lat' dir='ltr'><strong>complcbitur</strong></span> <span class='ocrx_word' id='word_1_710' title='bbox 1965 4372 2046 4426; x_wconf 85' lang='lat' dir='ltr'><strong>in-</strong></span> <span class='ocrx_word' id='word_1_711' title='bbox 2070 4421 2122 4442; x_wconf 51' lang='grc' dir='ltr'>ἢ</span> <span class='ocrx_word' id='word_1_712' title='bbox 2150 4374 2465 4442; x_wconf 84' lang='lat' dir='ltr'><strong>respiciens,</strong></span> <span class='ocrx_word' id='word_1_713' title='bbox 2492 4371 2600 4425; x_wconf 88' lang='lat' dir='ltr'><strong>ait:</strong></span> <span class='ocrx_word' id='word_1_714' title='bbox 2625 4369 2892 4423; x_wconf 78' lang='lat' dir='ltr'><strong>Moriatur</strong></span> <span class='ocrx_word' id='word_1_715' title='bbox 2914 4369 3093 4422; x_wconf 89' lang='lat' dir='ltr'><strong>anima</strong></span> <span class='ocrx_word' id='word_1_716' title='bbox 3116 4382 3229 4419; x_wconf 84' lang='lat' dir='ltr'><strong>mea</strong></span> <span class='ocrx_word' id='word_1_717' title='bbox 3252 4374 3418 4419; x_wconf 88' lang='lat' dir='ltr'><strong>morte</strong></span> <span class='ocrx_word' id='word_1_718' title='bbox 3433 4364 3686 4433; x_wconf 82' lang='lat' dir='ltr'><strong>justorttm.</strong></span> 
     </span>
    </p>
   </div>
   <div class='ocr_carea' id='block_1_48' title="bbox 471 4421 3687 4528">
    <p class='ocr_par' dir='ltr' id='par_1_48' title="bbox 471 4421 3687 4528">
     <span class='ocr_line' id='line_1_48' title="bbox 471 4421 3687 4528; baseline -0.003 -16"><span class='ocrx_word' id='word_1_719' title='bbox 471 4421 729 4528; x_wconf 70' lang='lat' dir='ltr'><strong>telligibili</strong></span> <span class='ocrx_word' id='word_1_720' title='bbox 754 4421 1085 4523; x_wconf 52' lang='lat' dir='ltr'><strong>Balaam,\ut</strong></span> <span class='ocrx_word' id='word_1_721' title='bbox 1113 4421 1378 4512; x_wconf 74' lang='lat' dir='ltr'><strong>moriatur</strong></span> <span class='ocrx_word' id='word_1_722' title='bbox 1404 4459 1583 4513; x_wconf 90' lang='lat' dir='ltr'><strong>anima</strong></span> <span class='ocrx_word' id='word_1_723' title='bbox 1611 4421 1737 4528; x_wconf 64' lang='lat' dir='ltr'><strong>ejus</strong></span> <span class='ocrx_word' id='word_1_724' title='bbox 1759 4462 1901 4516; x_wconf 90' lang='lat' dir='ltr'><strong>inter</strong></span> <span class='ocrx_word' id='word_1_725' title='bbox 1929 4462 2047 4516; x_wconf 89' lang='lat' dir='ltr'><strong>ani-</strong></span> <span class='ocrx_word' id='word_1_726' title='bbox 2070 4421 2123 4481; x_wconf 67' lang='grc' dir='ltr'>Β</span> <span class='ocrx_word' id='word_1_727' title='bbox 2149 4421 2347 4519; x_wconf 67' lang='lat' dir='ltr'><strong>Patilus</strong></span> <span class='ocrx_word' id='word_1_728' title='bbox 2367 4421 2499 4518; x_wconf 63' lang='lat' dir='ltr'><strong>vero</strong></span> <span class='ocrx_word' id='word_1_729' title='bbox 2522 4461 2599 4515; x_wconf 87' lang='lat' dir='ltr'><strong>ait</strong></span> <span class='ocrx_word' id='word_1_730' title='bbox 2628 4479 2641 4514; x_wconf 89' lang='lat'><strong>:</strong></span> <span class='ocrx_word' id='word_1_731' title='bbox 2672 4458 2839 4513; x_wconf 47' lang='lat' dir='ltr'><strong>.Video</strong></span> <span class='ocrx_word' id='word_1_732' title='bbox 2861 4457 3022 4511; x_wconf 89' lang='lat' dir='ltr'><strong>aliam</strong></span> <span class='ocrx_word' id='word_1_733' title='bbox 3053 4457 3109 4510; x_wconf 88' lang='lat' dir='ltr'><strong>in</strong></span> <span class='ocrx_word' id='word_1_734' title='bbox 3131 4456 3374 4509; x_wconf 80' lang='lat' dir='ltr'><strong>membris</strong></span> <span class='ocrx_word' id='word_1_735' title='bbox 3400 4453 3540 4514; x_wconf 86' lang='lat' dir='ltr'><strong>meis,</strong></span> <span class='ocrx_word' id='word_1_736' title='bbox 3566 4461 3687 4515; x_wconf 74' lang='lat' dir='ltr'><strong>repu-</strong></span> 
     </span>
    </p>
   </div>
   <div class='ocr_carea' id='block_1_49' title="bbox 469 4542 3684 4626">
    <p class='ocr_par' dir='ltr' id='par_1_49' title="bbox 469 4542 3684 4626">
     <span class='ocr_line' id='line_1_49' title="bbox 469 4542 3684 4626; baseline -0.005 -25"><span class='ocrx_word' id='word_1_737' title='bbox 469 4548 891 4615; x_wconf 88' lang='lat' dir='ltr'><strong>masjustorum.</strong></span> <span class='ocrx_word' id='word_1_738' title='bbox 921 4549 1074 4615; x_wconf 83' lang='lat' dir='ltr'><strong>Quod</strong></span> <span class='ocrx_word' id='word_1_739' title='bbox 1106 4557 1285 4603; x_wconf 81' lang='lat' dir='ltr'><strong>autem</strong></span> <span class='ocrx_word' id='word_1_740' title='bbox 1313 4550 1479 4604; x_wconf 90' lang='lat' dir='ltr'><strong>dicit:</strong></span> <span class='ocrx_word' id='word_1_741' title='bbox 1508 4550 1577 4602; x_wconf 85' lang='lat' dir='ltr'><strong>Et</strong></span> <span class='ocrx_word' id='word_1_742' title='bbox 1610 4550 1742 4618; x_wconf 78' lang='lat' dir='ltr'><strong>ﬁant</strong></span> <span class='ocrx_word' id='word_1_743' title='bbox 1768 4552 2046 4605; x_wconf 83' lang='lat' dir='ltr'><strong>novissima</strong></span> <span class='ocrx_word' id='word_1_744' title='bbox 2149 4564 2394 4626; x_wconf 86' lang='lat' dir='ltr'><strong>gnautem</strong></span> <span class='ocrx_word' id='word_1_745' title='bbox 2418 4552 2517 4623; x_wconf 86' lang='lat' dir='ltr'><strong>legi</strong></span> <span class='ocrx_word' id='word_1_746' title='bbox 2558 4551 2744 4605; x_wconf 88' lang='lat' dir='ltr'><strong>mentis</strong></span> <span class='ocrx_word' id='word_1_747' title='bbox 2776 4565 2925 4613; x_wconf 66' lang='lat' dir='ltr'><strong>metr,</strong></span> <span class='ocrx_word' id='word_1_748' title='bbox 2956 4558 3003 4601; x_wconf 90' lang='lat' dir='ltr'><strong>et</strong></span> <span class='ocrx_word' id='word_1_749' title='bbox 3031 4547 3293 4617; x_wconf 76' lang='lat' dir='ltr'><strong>captivum</strong></span> <span class='ocrx_word' id='word_1_750' title='bbox 3332 4561 3413 4598; x_wconf 89' lang='lat' dir='ltr'><strong>me</strong></span> <span class='ocrx_word' id='word_1_751' title='bbox 3450 4542 3684 4596; x_wconf 78' lang='lat' dir='ltr'><strong>ducentem</strong></span> 
     </span>
    </p>
   </div>
   <div class='ocr_carea' id='block_1_50' title="bbox 470 4630 3681 4717">
    <p class='ocr_par' dir='ltr' id='par_1_50' title="bbox 470 4630 3681 4717">
     <span class='ocr_line' id='line_1_50' title="bbox 470 4630 3681 4717; baseline -0.003 -28"><span class='ocrx_word' id='word_1_752' title='bbox 470 4652 585 4690; x_wconf 85' lang='lat' dir='ltr'><strong>mea</strong></span> <span class='ocrx_word' id='word_1_753' title='bbox 617 4651 803 4692; x_wconf 87' lang='lat' dir='ltr'><strong>uorum</strong></span> <span class='ocrx_word' id='word_1_754' title='bbox 832 4639 1059 4705; x_wconf 68' lang='lat' dir='ltr'><strong>similia,</strong></span> <span class='ocrx_word' id='word_1_755' title='bbox 1089 4639 1203 4694; x_wconf 86' lang='lat' dir='ltr'><strong>sive</strong></span> <span class='ocrx_word' id='word_1_756' title='bbox 1234 4647 1291 4691; x_wconf 90' lang='lat' dir='ltr'><strong>ut</strong></span> <span class='ocrx_word' id='word_1_757' title='bbox 1317 4638 1419 4692; x_wconf 84' lang='lat' dir='ltr'><strong>alia</strong></span> <span class='ocrx_word' id='word_1_758' title='bbox 1448 4640 1613 4693; x_wconf 87' lang='lat' dir='ltr'><strong>editio</strong></span> <span class='ocrx_word' id='word_1_759' title='bbox 1642 4639 1836 4702; x_wconf 82' lang='lat' dir='ltr'><strong>habet,</strong></span> <span class='ocrx_word' id='word_1_760' title='bbox 1867 4650 1922 4692; x_wconf 91' lang='lat' dir='ltr'><strong>ut</strong></span> <span class='ocrx_word' id='word_1_761' title='bbox 1953 4641 2047 4709; x_wconf 81' lang='lat' dir='ltr'><strong>ﬁat</strong></span> <span class='ocrx_word' id='word_1_762' title='bbox 2148 4649 2206 4702; x_wconf 79' lang='lat' dir='ltr'><strong>in</strong></span> <span class='ocrx_word' id='word_1_763' title='bbox 2231 4647 2341 4716; x_wconf 80' lang='lat' dir='ltr'><strong>lege</strong></span> <span class='ocrx_word' id='word_1_764' title='bbox 2368 4645 2583 4717; x_wconf 79' lang='lat' dir='ltr'><strong>peccati,</strong></span> <span class='ocrx_word' id='word_1_765' title='bbox 2608 4659 2726 4714; x_wconf 67' lang='lat' dir='ltr'><strong>quae</strong></span> <span class='ocrx_word' id='word_1_766' title='bbox 2754 4651 2828 4695; x_wconf 81' lang='lat' dir='ltr'><strong>est</strong></span> <span class='ocrx_word' id='word_1_767' title='bbox 2869 4642 2923 4695; x_wconf 78' lang='lat' dir='ltr'><strong>in</strong></span> <span class='ocrx_word' id='word_1_768' title='bbox 2967 4640 3209 4693; x_wconf 77' lang='lat' dir='ltr'><strong>membris</strong></span> <span class='ocrx_word' id='word_1_769' title='bbox 3240 4642 3367 4692; x_wconf 82' lang='lat' dir='ltr'><strong>meis</strong></span> <span class='ocrx_word' id='word_1_770' title='bbox 3396 4635 3561 4709; x_wconf 87' lang='lat' dir='ltr'><strong>(Rom.</strong></span> <span class='ocrx_word' id='word_1_771' title='bbox 3586 4630 3681 4691; x_wconf 84' lang='lat' dir='ltr'><strong>vn).</strong></span> 
     </span>
    </p>
   </div>
   <div class='ocr_carea' id='block_1_51' title="bbox 471 4720 3680 4806">
    <p class='ocr_par' dir='ltr' id='par_1_51' title="bbox 471 4720 3680 4806">
     <span class='ocr_line' id='line_1_51' title="bbox 471 4720 3680 4806; baseline -0.004 -26"><span class='ocrx_word' id='word_1_772' title='bbox 471 4743 644 4780; x_wconf 85' lang='lat' dir='ltr'><strong>semen</strong></span> <span class='ocrx_word' id='word_1_773' title='bbox 678 4744 847 4782; x_wconf 89' lang='lat' dir='ltr'><strong>mcum</strong></span> <span class='ocrx_word' id='word_1_774' title='bbox 871 4730 1003 4782; x_wconf 78' lang='lat' dir='ltr'><strong>sicut</strong></span> <span class='ocrx_word' id='word_1_775' title='bbox 1032 4745 1203 4783; x_wconf 80' lang='lat' dir='ltr'><strong>semen</strong></span> <span class='ocrx_word' id='word_1_776' title='bbox 1224 4730 1514 4798; x_wconf 87' lang='lat' dir='ltr'><strong>justorum,</strong></span> <span class='ocrx_word' id='word_1_777' title='bbox 1545 4737 1728 4797; x_wconf 89' lang='lat' dir='ltr'><strong>posset</strong></span> <span class='ocrx_word' id='word_1_778' title='bbox 1750 4729 1967 4797; x_wconf 88' lang='lat' dir='ltr'><strong>quidem</strong></span> <span class='ocrx_word' id='word_1_779' title='bbox 1996 4739 2051 4785; x_wconf 89' lang='lat' dir='ltr'><strong>et</strong></span> <span class='ocrx_word' id='word_1_780' title='bbox 2153 4737 2254 4804; x_wconf 86' lang='lat' dir='ltr'><strong>Qui</strong></span> <span class='ocrx_word' id='word_1_781' title='bbox 2280 4735 2522 4806; x_wconf 86' lang='lat' dir='ltr'><strong>profecto</strong></span> <span class='ocrx_word' id='word_1_782' title='bbox 2547 4734 2750 4788; x_wconf 89' lang='lat' dir='ltr'><strong>idcirco</strong></span> <span class='ocrx_word' id='word_1_783' title='bbox 2780 4737 3039 4793; x_wconf 85' lang='lat' dir='ltr'><strong>tentatur,</strong></span> <span class='ocrx_word' id='word_1_784' title='bbox 3071 4738 3130 4783; x_wconf 91' lang='lat' dir='ltr'><strong>ut</strong></span> <span class='ocrx_word' id='word_1_785' title='bbox 3158 4728 3213 4782; x_wconf 91' lang='lat' dir='ltr'><strong>in</strong></span> <span class='ocrx_word' id='word_1_786' title='bbox 3244 4727 3387 4782; x_wconf 88' lang='lat' dir='ltr'><strong>bono</strong></span> <span class='ocrx_word' id='word_1_787' title='bbox 3417 4720 3680 4778; x_wconf 76' lang='lat' dir='ltr'><strong>robustius,</strong></span> 
     </span>
    </p>
   </div>
   <div class='ocr_carea' id='block_1_52' title="bbox 474 4806 3685 4895">
    <p class='ocr_par' dir='ltr' id='par_1_52' title="bbox 474 4806 3685 4895">
     <span class='ocr_line' id='line_1_52' title="bbox 474 4806 3685 4895; baseline -0.005 -23"><span class='ocrx_word' id='word_1_788' title='bbox 474 4818 539 4872; x_wconf 87' lang='lat' dir='ltr'><strong>de</strong></span> <span class='ocrx_word' id='word_1_789' title='bbox 560 4816 650 4871; x_wconf 91' lang='lat' dir='ltr'><strong>illo</strong></span> <span class='ocrx_word' id='word_1_790' title='bbox 676 4818 897 4873; x_wconf 86' lang='lat' dir='ltr'><strong>Balaam</strong></span> <span class='ocrx_word' id='word_1_791' title='bbox 932 4819 1154 4889; x_wconf 89' lang='lat' dir='ltr'><strong>intelligi</strong></span> <span class='ocrx_word' id='word_1_792' title='bbox 1181 4859 1195 4883; x_wconf 95' lang='lat'><strong>,</strong></span> <span class='ocrx_word' id='word_1_793' title='bbox 1225 4821 1316 4873; x_wconf 86' lang='lat' dir='ltr'><strong>sed</strong></span> <span class='ocrx_word' id='word_1_794' title='bbox 1344 4820 1448 4873; x_wconf 89' lang='lat' dir='ltr'><strong>hoc</strong></span> <span class='ocrx_word' id='word_1_795' title='bbox 1478 4819 1621 4887; x_wconf 87' lang='lat' dir='ltr'><strong>quod</strong></span> <span class='ocrx_word' id='word_1_796' title='bbox 1647 4819 1788 4889; x_wconf 90' lang='lat' dir='ltr'><strong>magi</strong></span> <span class='ocrx_word' id='word_1_797' title='bbox 1821 4818 1931 4884; x_wconf 89' lang='lat' dir='ltr'><strong>illi,</strong></span> <span class='ocrx_word' id='word_1_798' title='bbox 1957 4820 2049 4888; x_wconf 89' lang='lat' dir='ltr'><strong>qui</strong></span> <span class='ocrx_word' id='word_1_799' title='bbox 2153 4841 2220 4880; x_wconf 71' lang='lat' dir='ltr'><strong>ex</strong></span> <span class='ocrx_word' id='word_1_800' title='bbox 2245 4828 2356 4895; x_wconf 80' lang='lat' dir='ltr'><strong>ipsa</strong></span> <span class='ocrx_word' id='word_1_801' title='bbox 2386 4823 2719 4879; x_wconf 79' lang='lat' dir='ltr'><strong>inﬁrmitatis</strong></span> <span class='ocrx_word' id='word_1_802' title='bbox 2756 4836 2867 4877; x_wconf 64' lang='lat' dir='ltr'><strong>suae</strong></span> <span class='ocrx_word' id='word_1_803' title='bbox 2903 4819 3233 4891; x_wconf 88' lang='lat' dir='ltr'><strong>cogitatione</strong></span> <span class='ocrx_word' id='word_1_804' title='bbox 3276 4816 3545 4873; x_wconf 87' lang='lat' dir='ltr'><strong>solidetur.</strong></span> <span class='ocrx_word' id='word_1_805' title='bbox 3572 4806 3685 4874; x_wconf 78' lang='lat' dir='ltr'><strong>Qlllll</strong></span> 
     </span>
    </p>
   </div>
   <div class='ocr_carea' id='block_1_53' title="bbox 475 4902 3686 4988">
    <p class='ocr_par' dir='ltr' id='par_1_53' title="bbox 475 4902 3686 4988">
     <span class='ocr_line' id='line_1_53' title="bbox 475 4902 3686 4988; baseline -0.003 -25"><span class='ocrx_word' id='word_1_806' title='bbox 475 4908 541 4963; x_wconf 90' lang='lat' dir='ltr'><strong>de</strong></span> <span class='ocrx_word' id='word_1_807' title='bbox 567 4908 787 4963; x_wconf 87' lang='lat' dir='ltr'><strong>Oriente</strong></span> <span class='ocrx_word' id='word_1_808' title='bbox 821 4910 1119 4974; x_wconf 86' lang='lat' dir='ltr'><strong>venientes,</strong></span> <span class='ocrx_word' id='word_1_809' title='bbox 1158 4910 1317 4979; x_wconf 88' lang='lat' dir='ltr'><strong>primi</strong></span> <span class='ocrx_word' id='word_1_810' title='bbox 1352 4911 1716 4964; x_wconf 88' lang='lat' dir='ltr'><strong>adoraverunt</strong></span> <span class='ocrx_word' id='word_1_811' title='bbox 1741 4909 1955 4977; x_wconf 82' lang='lat' dir='ltr'><strong>Jcsum,</strong></span> <span class='ocrx_word' id='word_1_812' title='bbox 1985 4913 2052 4967; x_wconf 84' lang='lat' dir='ltr'><strong>de</strong></span> <span class='ocrx_word' id='word_1_813' title='bbox 2150 4934 2280 4988; x_wconf 82' lang='lat' dir='ltr'><strong>ergo</strong></span> <span class='ocrx_word' id='word_1_814' title='bbox 2319 4926 2404 4973; x_wconf 88' lang='lat' dir='ltr'><strong>est</strong></span> <span class='ocrx_word' id='word_1_815' title='bbox 2443 4916 2587 4985; x_wconf 89' lang='lat' dir='ltr'><strong>quod</strong></span> <span class='ocrx_word' id='word_1_816' title='bbox 2631 4915 2719 4969; x_wconf 90' lang='lat' dir='ltr'><strong>ille</strong></span> <span class='ocrx_word' id='word_1_817' title='bbox 2759 4914 3162 4984; x_wconf 85' lang='lat' dir='ltr'><strong>compungitur,</strong></span> <span class='ocrx_word' id='word_1_818' title='bbox 3206 4920 3264 4967; x_wconf 89' lang='lat' dir='ltr'><strong>et</strong></span> <span class='ocrx_word' id='word_1_819' title='bbox 3296 4920 3472 4965; x_wconf 86' lang='lat' dir='ltr'><strong>tamen</strong></span> <span class='ocrx_word' id='word_1_820' title='bbox 3497 4902 3686 4975; x_wconf 74' lang='lat' dir='ltr'><strong>justitize</strong></span> 
     </span>
    </p>
   </div>
   <div class='ocr_carea' id='block_1_54' title="bbox 475 4993 3685 5079">
    <p class='ocr_par' dir='ltr' id='par_1_54' title="bbox 475 4993 3685 5079">
     <span class='ocr_line' id='line_1_54' title="bbox 475 4993 3685 5079; baseline 0.001 -27"><span class='ocrx_word' id='word_1_821' title='bbox 475 4998 680 5052; x_wconf 83' lang='lat' dir='ltr'><strong>semine</strong></span> <span class='ocrx_word' id='word_1_822' title='bbox 714 4995 831 5065; x_wconf 87' lang='lat' dir='ltr'><strong>ejus</strong></span> <span class='ocrx_word' id='word_1_823' title='bbox 857 5012 978 5052; x_wconf 90' lang='lat' dir='ltr'><strong>esse</strong></span> <span class='ocrx_word' id='word_1_824' title='bbox 1018 4998 1319 5064; x_wconf 88' lang='lat' dir='ltr'><strong>videantur,</strong></span> <span class='ocrx_word' id='word_1_825' title='bbox 1360 5000 1474 5054; x_wconf 78' lang='lat' dir='ltr'><strong>sive</strong></span> <span class='ocrx_word' id='word_1_826' title='bbox 1512 5015 1611 5069; x_wconf 88' lang='lat' dir='ltr'><strong>per</strong></span> <span class='ocrx_word' id='word_1_827' title='bbox 1652 5001 2052 5057; x_wconf 90' lang='lat' dir='ltr'><strong>successionem</strong></span> <span class='ocrx_word' id='word_1_828' title='bbox 2152 5027 2258 5065; x_wconf 80' lang='lat' dir='ltr'><strong>non</strong></span> <span class='ocrx_word' id='word_1_829' title='bbox 2289 5010 2715 5079; x_wconf 72' lang='lat' dir='ltr'><strong>appropinquat;</strong></span> <span class='ocrx_word' id='word_1_830' title='bbox 2744 5017 2844 5062; x_wconf 72' lang='lat' dir='ltr'><strong>iste</strong></span> <span class='ocrx_word' id='word_1_831' title='bbox 2868 5014 3121 5069; x_wconf 79' lang='lat' dir='ltr'><strong>tentatur,</strong></span> <span class='ocrx_word' id='word_1_832' title='bbox 3145 5013 3200 5059; x_wconf 90' lang='lat' dir='ltr'><strong>et</strong></span> <span class='ocrx_word' id='word_1_833' title='bbox 3228 5014 3404 5059; x_wconf 86' lang='lat' dir='ltr'><strong>tamen</strong></span> <span class='ocrx_word' id='word_1_834' title='bbox 3425 5010 3537 5055; x_wconf 87' lang='lat' dir='ltr'><strong>eum</strong></span> <span class='ocrx_word' id='word_1_835' title='bbox 3557 4993 3685 5060; x_wconf 58' lang='lat' dir='ltr'><strong>culpa</strong></span> 
     </span>
    </p>
   </div>
   <div class='ocr_carea' id='block_1_55' title="bbox 475 5086 3685 5173">
    <p class='ocr_par' dir='ltr' id='par_1_55' title="bbox 475 5086 3685 5173">
     <span class='ocr_line' id='line_1_55' title="bbox 475 5086 3685 5173; baseline 0.001 -31"><span class='ocrx_word' id='word_1_836' title='bbox 475 5087 706 5159; x_wconf 84' lang='lat' dir='ltr'><strong>generis,</strong></span> <span class='ocrx_word' id='word_1_837' title='bbox 739 5088 851 5143; x_wconf 83' lang='lat' dir='ltr'><strong>sive</strong></span> <span class='ocrx_word' id='word_1_838' title='bbox 890 5104 987 5157; x_wconf 87' lang='lat' dir='ltr'><strong>per</strong></span> <span class='ocrx_word' id='word_1_839' title='bbox 1023 5089 1321 5158; x_wconf 75' lang='lat' dir='ltr'><strong>disciplinae</strong></span> <span class='ocrx_word' id='word_1_840' title='bbox 1366 5091 1728 5147; x_wconf 84' lang='lat' dir='ltr'><strong>traditionem.</strong></span> <span class='ocrx_word' id='word_1_841' title='bbox 1760 5093 2052 5149; x_wconf 88' lang='lat' dir='ltr'><strong>Evidenter</strong></span> <span class='ocrx_word' id='word_1_842' title='bbox 2153 5119 2259 5160; x_wconf 82' lang='lat' dir='ltr'><strong>non</strong></span> <span class='ocrx_word' id='word_1_843' title='bbox 2290 5103 2553 5173; x_wconf 75' lang='lat' dir='ltr'><strong>inquinat,</strong></span> <span class='ocrx_word' id='word_1_844' title='bbox 2583 5104 2686 5157; x_wconf 87' lang='lat' dir='ltr'><strong>nisi</strong></span> <span class='ocrx_word' id='word_1_845' title='bbox 2725 5103 2828 5157; x_wconf 89' lang='lat' dir='ltr'><strong>hoc</strong></span> <span class='ocrx_word' id='word_1_846' title='bbox 2854 5102 2998 5171; x_wconf 81' lang='lat' dir='ltr'><strong>quod</strong></span> <span class='ocrx_word' id='word_1_847' title='bbox 3026 5110 3213 5169; x_wconf 88' lang='lat' dir='ltr'><strong>aperte</strong></span> <span class='ocrx_word' id='word_1_848' title='bbox 3240 5096 3550 5153; x_wconf 81' lang='lat' dir='ltr'><strong>OSIenditur,</strong></span> <span class='ocrx_word' id='word_1_849' title='bbox 3583 5086 3685 5157; x_wconf 76' lang='lat' dir='ltr'><strong>quia</strong></span> 
     </span>
    </p>
   </div>
   <div class='ocr_carea' id='block_1_56' title="bbox 475 5176 3684 5261">
    <p class='ocr_par' dir='ltr' id='par_1_56' title="bbox 475 5176 3684 5261">
     <span class='ocr_line' id='line_1_56' title="bbox 475 5176 3684 5261; baseline -0.002 -26"><span class='ocrx_word' id='word_1_850' title='bbox 475 5182 619 5236; x_wconf 90' lang='lat' dir='ltr'><strong>enim</strong></span> <span class='ocrx_word' id='word_1_851' title='bbox 641 5188 855 5235; x_wconf 88' lang='lat' dir='ltr'><strong>constat</strong></span> <span class='ocrx_word' id='word_1_852' title='bbox 869 5179 987 5235; x_wconf 89' lang='lat' dir='ltr'><strong>illos</strong></span> <span class='ocrx_word' id='word_1_853' title='bbox 1002 5181 1284 5250; x_wconf 88' lang='lat' dir='ltr'><strong>agnovisse</strong></span> <span class='ocrx_word' id='word_1_854' title='bbox 1298 5181 1534 5246; x_wconf 90' lang='lat' dir='ltr'><strong>stellam,</strong></span> <span class='ocrx_word' id='word_1_855' title='bbox 1548 5198 1709 5252; x_wconf 90' lang='lat' dir='ltr'><strong>quam</strong></span> <span class='ocrx_word' id='word_1_856' title='bbox 1725 5186 2055 5255; x_wconf 72' lang='lat' dir='ltr'><strong>praedixerat</strong></span> <span class='ocrx_word' id='word_1_857' title='bbox 2154 5209 2253 5248; x_wconf 90' lang='lat' dir='ltr'><strong>nec</strong></span> <span class='ocrx_word' id='word_1_858' title='bbox 2268 5193 2437 5248; x_wconf 88' lang='lat' dir='ltr'><strong>malos</strong></span> <span class='ocrx_word' id='word_1_859' title='bbox 2458 5194 2598 5248; x_wconf 88' lang='lat' dir='ltr'><strong>bona</strong></span> <span class='ocrx_word' id='word_1_860' title='bbox 2618 5192 2936 5261; x_wconf 78' lang='lat' dir='ltr'><strong>imperfecta</strong></span> <span class='ocrx_word' id='word_1_861' title='bbox 2963 5189 3238 5258; x_wconf 86' lang='lat' dir='ltr'><strong>adjuvant,</strong></span> <span class='ocrx_word' id='word_1_862' title='bbox 3268 5202 3367 5241; x_wconf 87' lang='lat' dir='ltr'><strong>nec</strong></span> <span class='ocrx_word' id='word_1_863' title='bbox 3393 5188 3552 5239; x_wconf 85' lang='lat' dir='ltr'><strong>honos</strong></span> <span class='ocrx_word' id='word_1_864' title='bbox 3570 5176 3684 5233; x_wconf 80' lang='lat' dir='ltr'><strong>mula</strong></span> 
     </span>
    </p>
   </div>
   <div class='ocr_carea' id='block_1_57' title="bbox 477 5265 3687 5342">
    <p class='ocr_par' dir='ltr' id='par_1_57' title="bbox 477 5265 3687 5342">
     <span class='ocr_line' id='line_1_57' title="bbox 477 5265 3687 5342; baseline -0.001 -13"><span class='ocrx_word' id='word_1_865' title='bbox 477 5273 696 5329; x_wconf 83' lang='lat' dir='ltr'><strong>Balaam</strong></span> <span class='ocrx_word' id='word_1_866' title='bbox 722 5274 988 5328; x_wconf 88' lang='lat' dir='ltr'><strong>orituram</strong></span> <span class='ocrx_word' id='word_1_867' title='bbox 1018 5272 1073 5326; x_wconf 92' lang='lat' dir='ltr'><strong>in</strong></span> <span class='ocrx_word' id='word_1_868' title='bbox 1103 5272 1288 5338; x_wconf 86' lang='lat' dir='ltr'><strong>Israel,</strong></span> <span class='ocrx_word' id='word_1_869' title='bbox 1310 5282 1366 5328; x_wconf 89' lang='lat' dir='ltr'><strong>et</strong></span> <span class='ocrx_word' id='word_1_870' title='bbox 1386 5274 1465 5328; x_wconf 92' lang='lat' dir='ltr'><strong>sic</strong></span> <span class='ocrx_word' id='word_1_871' title='bbox 1484 5275 1701 5331; x_wconf 86' lang='lat' dir='ltr'><strong>venisse</strong></span> <span class='ocrx_word' id='word_1_872' title='bbox 1720 5284 1777 5331; x_wconf 88' lang='lat' dir='ltr'><strong>et</strong></span> <span class='ocrx_word' id='word_1_873' title='bbox 1792 5277 2049 5333; x_wconf 86' lang='lat' dir='ltr'><strong>adorasse</strong></span> <span class='ocrx_word' id='word_1_874' title='bbox 2154 5283 2582 5337; x_wconf 86' lang='lat' dir='ltr'><strong>inconsummata</strong></span> <span class='ocrx_word' id='word_1_875' title='bbox 2597 5279 2990 5335; x_wconf 85' lang='lat' dir='ltr'><strong>condemnant?</strong></span> <span class='ocrx_word' id='word_1_876' title='bbox 3015 5277 3243 5331; x_wconf 81' lang='lat' dir='ltr'><strong>Virtutis</strong></span> <span class='ocrx_word' id='word_1_877' title='bbox 3267 5287 3492 5342; x_wconf 88' lang='lat' dir='ltr'><strong>namque</strong></span> <span class='ocrx_word' id='word_1_878' title='bbox 3511 5265 3687 5339; x_wconf 70' lang='lat' dir='ltr'><strong>pondus</strong></span> 
     </span>
    </p>
   </div>
   <div class='ocr_carea' id='block_1_58' title="bbox 477 5353 3685 5441">
    <p class='ocr_par' dir='ltr' id='par_1_58' title="bbox 477 5353 3685 5441">
     <span class='ocr_line' id='line_1_58' title="bbox 477 5353 3685 5441; baseline -0.004 -18"><span class='ocrx_word' id='word_1_879' title='bbox 477 5384 656 5439; x_wconf 82' lang='lat' dir='ltr'><strong>regem</strong></span> <span class='ocrx_word' id='word_1_880' title='bbox 677 5410 691 5434; x_wconf 96' lang='lat'><strong>,</strong></span> <span class='ocrx_word' id='word_1_881' title='bbox 734 5368 826 5438; x_wconf 88' lang='lat' dir='ltr'><strong>qui</strong></span> <span class='ocrx_word' id='word_1_882' title='bbox 861 5375 1018 5422; x_wconf 89' lang='lat' dir='ltr'><strong>natus</strong></span> <span class='ocrx_word' id='word_1_883' title='bbox 1048 5376 1135 5422; x_wconf 90' lang='lat' dir='ltr'><strong>est</strong></span> <span class='ocrx_word' id='word_1_884' title='bbox 1162 5367 1214 5421; x_wconf 91' lang='lat' dir='ltr'><strong>in</strong></span> <span class='ocrx_word' id='word_1_885' title='bbox 1244 5367 1432 5422; x_wconf 89' lang='lat' dir='ltr'><strong>Israel.</strong></span> <span class='ocrx_word' id='word_1_886' title='bbox 1463 5366 1759 5424; x_wconf 86' lang='lat' dir='ltr'><strong>Conveniet</strong></span> <span class='ocrx_word' id='word_1_887' title='bbox 1789 5379 1967 5425; x_wconf 76' lang='lat' dir='ltr'><strong>tamen</strong></span> <span class='ocrx_word' id='word_1_888' title='bbox 1995 5380 2052 5425; x_wconf 90' lang='lat' dir='ltr'><strong>et</strong></span> <span class='ocrx_word' id='word_1_889' title='bbox 2151 5374 2327 5427; x_wconf 88' lang='lat' dir='ltr'><strong>oratio</strong></span> <span class='ocrx_word' id='word_1_890' title='bbox 2359 5388 2464 5427; x_wconf 91' lang='lat' dir='ltr'><strong>non</strong></span> <span class='ocrx_word' id='word_1_891' title='bbox 2498 5372 2692 5436; x_wconf 87' lang='lat' dir='ltr'><strong>habet,</strong></span> <span class='ocrx_word' id='word_1_892' title='bbox 2740 5386 2900 5441; x_wconf 88' lang='lat' dir='ltr'><strong>quam</strong></span> <span class='ocrx_word' id='word_1_893' title='bbox 2950 5383 3288 5438; x_wconf 88' lang='lat' dir='ltr'><strong>nequaquam</strong></span> <span class='ocrx_word' id='word_1_894' title='bbox 3325 5353 3685 5434; x_wconf 76' lang='lat' dir='ltr'><strong>perseverantia</strong></span> 
     </span>
    </p>
   </div>
   <div class='ocr_carea' id='block_1_59' title="bbox 478 5449 3685 5533">
    <p class='ocr_par' dir='ltr' id='par_1_59' title="bbox 478 5449 3685 5533">
     <span class='ocr_line' id='line_1_59' title="bbox 478 5449 3685 5533; baseline -0.002 -19"><span class='ocrx_word' id='word_1_895' title='bbox 478 5464 654 5532; x_wconf 82' lang='lat' dir='ltr'><strong>populi</strong></span> <span class='ocrx_word' id='word_1_896' title='bbox 686 5477 962 5533; x_wconf 65' lang='lat' dir='ltr'><strong>personae,</strong></span> <span class='ocrx_word' id='word_1_897' title='bbox 999 5461 1291 5517; x_wconf 89' lang='lat' dir='ltr'><strong>secundum</strong></span> <span class='ocrx_word' id='word_1_898' title='bbox 1320 5477 1383 5516; x_wconf 90' lang='lat' dir='ltr'><strong>ea</strong></span> <span class='ocrx_word' id='word_1_899' title='bbox 1421 5475 1542 5530; x_wconf 70' lang='lat' dir='ltr'><strong>qua:</strong></span> <span class='ocrx_word' id='word_1_900' title='bbox 1578 5462 1959 5532; x_wconf 76' lang='lat' dir='ltr'><strong>pnediximus,</strong></span> <span class='ocrx_word' id='word_1_901' title='bbox 1991 5472 2051 5517; x_wconf 91' lang='lat' dir='ltr'><strong>ut</strong></span> <span class='ocrx_word' id='word_1_902' title='bbox 2152 5463 2391 5517; x_wconf 85' lang='lat' dir='ltr'><strong>continui</strong></span> <span class='ocrx_word' id='word_1_903' title='bbox 2436 5463 2637 5518; x_wconf 90' lang='lat' dir='ltr'><strong>amoris</strong></span> <span class='ocrx_word' id='word_1_904' title='bbox 2669 5470 2832 5517; x_wconf 88' lang='lat' dir='ltr'><strong>tenet.</strong></span> <span class='ocrx_word' id='word_1_905' title='bbox 2881 5461 2998 5528; x_wconf 87' lang='lat' dir='ltr'><strong>Quo</strong></span> <span class='ocrx_word' id='word_1_906' title='bbox 3041 5469 3230 5515; x_wconf 89' lang='lat' dir='ltr'><strong>contra</strong></span> <span class='ocrx_word' id='word_1_907' title='bbox 3279 5458 3414 5512; x_wconf 88' lang='lat' dir='ltr'><strong>bene</strong></span> <span class='ocrx_word' id='word_1_908' title='bbox 3457 5453 3520 5507; x_wconf 86' lang='lat' dir='ltr'><strong>de</strong></span> <span class='ocrx_word' id='word_1_909' title='bbox 3558 5449 3685 5501; x_wconf 65' lang='lat' dir='ltr'><strong>A11113</strong></span> 
     </span>
    </p>
   </div>
   <div class='ocr_carea' id='block_1_60' title="bbox 480 5536 3685 5631">
    <p class='ocr_par' dir='ltr' id='par_1_60' title="bbox 480 5536 3685 5631">
     <span class='ocr_line' id='line_1_60' title="bbox 480 5536 3685 5631; baseline -0.004 -25"><span class='ocrx_word' id='word_1_910' title='bbox 480 5569 583 5607; x_wconf 86' lang='lat' dir='ltr'><strong>non</strong></span> <span class='ocrx_word' id='word_1_911' title='bbox 609 5563 717 5609; x_wconf 88' lang='lat' dir='ltr'><strong>tam</strong></span> <span class='ocrx_word' id='word_1_912' title='bbox 745 5556 844 5626; x_wconf 88' lang='lat' dir='ltr'><strong>ipsi</strong></span> <span class='ocrx_word' id='word_1_913' title='bbox 870 5569 1030 5624; x_wconf 87' lang='lat' dir='ltr'><strong>quam</strong></span> <span class='ocrx_word' id='word_1_914' title='bbox 1059 5568 1245 5609; x_wconf 90' lang='lat' dir='ltr'><strong>semen</strong></span> <span class='ocrx_word' id='word_1_915' title='bbox 1269 5567 1458 5607; x_wconf 90' lang='lat' dir='ltr'><strong>eorum</strong></span> <span class='ocrx_word' id='word_1_916' title='bbox 1490 5553 1756 5609; x_wconf 83' lang='lat' dir='ltr'><strong>elliciatur</strong></span> <span class='ocrx_word' id='word_1_917' title='bbox 1788 5556 1928 5609; x_wconf 87' lang='lat' dir='ltr'><strong>sicut</strong></span> <span class='ocrx_word' id='word_1_918' title='bbox 1960 5571 2049 5609; x_wconf 82' lang='lat' dir='ltr'><strong>se-</strong></span> <span class='ocrx_word' id='word_1_919' title='bbox 2153 5552 2315 5609; x_wconf 83' lang='lat' dir='ltr'><strong>ﬂente</strong></span> <span class='ocrx_word' id='word_1_920' title='bbox 2350 5554 2703 5624; x_wconf 79' lang='lat' dir='ltr'><strong>perhibetur:</strong></span> <span class='ocrx_word' id='word_1_921' title='bbox 2747 5550 3031 5622; x_wconf 78' lang='lat' dir='ltr'><strong>Vultusque</strong></span> <span class='ocrx_word' id='word_1_922' title='bbox 3061 5551 3176 5621; x_wconf 86' lang='lat' dir='ltr'><strong>ejus</strong></span> <span class='ocrx_word' id='word_1_923' title='bbox 3216 5566 3315 5604; x_wconf 87' lang='lat' dir='ltr'><strong>non</strong></span> <span class='ocrx_word' id='word_1_924' title='bbox 3344 5554 3459 5601; x_wconf 84' lang='lat' dir='ltr'><strong>sunt</strong></span> <span class='ocrx_word' id='word_1_925' title='bbox 3493 5536 3685 5631; x_wconf 51' lang='lat' dir='ltr'><strong>ampli!“</strong></span> 
     </span>
    </p>
   </div>
   <div class='ocr_carea' id='block_1_61' title="bbox 483 5638 3689 5717">
    <p class='ocr_par' dir='ltr' id='par_1_61' title="bbox 483 5638 3689 5717">
     <span class='ocr_line' id='line_1_61' title="bbox 483 5638 3689 5717; baseline -0.002 -20"><span class='ocrx_word' id='word_1_926' title='bbox 483 5658 603 5698; x_wconf 85' lang='lat' dir='ltr'><strong>mon</strong></span> <span class='ocrx_word' id='word_1_927' title='bbox 622 5645 908 5713; x_wconf 70' lang='lat' dir='ltr'><strong>iustorum,</strong></span> <span class='ocrx_word' id='word_1_928' title='bbox 944 5662 1130 5703; x_wconf 83' lang='lat' dir='ltr'><strong>corum</strong></span> <span class='ocrx_word' id='word_1_929' title='bbox 1168 5646 1376 5704; x_wconf 65' lang='lat' dir='ltr'><strong>scilicet</strong></span> <span class='ocrx_word' id='word_1_930' title='bbox 1409 5646 1501 5717; x_wconf 88' lang='lat' dir='ltr'><strong>qui</strong></span> <span class='ocrx_word' id='word_1_931' title='bbox 1526 5648 1807 5703; x_wconf 83' lang='lat' dir='ltr'><strong>credentes</strong></span> <span class='ocrx_word' id='word_1_932' title='bbox 1831 5663 1896 5702; x_wconf 80' lang='lat' dir='ltr'><strong>cx</strong></span> <span class='ocrx_word' id='word_1_933' title='bbox 1925 5662 2055 5717; x_wconf 86' lang='lat' dir='ltr'><strong>gen-</strong></span> <span class='ocrx_word' id='word_1_934' title='bbox 2158 5646 2208 5698; x_wconf 86' lang='lat' dir='ltr'><strong>in</strong></span> <span class='ocrx_word' id='word_1_935' title='bbox 2238 5645 2439 5698; x_wconf 72' lang='lat' dir='ltr'><strong>diversa</strong></span> <span class='ocrx_word' id='word_1_936' title='bbox 2469 5643 2656 5697; x_wconf 81' lang='lat' dir='ltr'><strong>mutati</strong></span> <span class='ocrx_word' id='word_1_937' title='bbox 2680 5642 2729 5713; x_wconf 91' lang='lat' dir='ltr'><strong>(I</strong></span> <span class='ocrx_word' id='word_1_938' title='bbox 2758 5641 2879 5712; x_wconf 82' lang='lat' dir='ltr'><strong>Reg.</strong></span> <span class='ocrx_word' id='word_1_939' title='bbox 2908 5643 2968 5711; x_wconf 84' lang='grc' dir='ltr'><strong>ι).</strong></span> <span class='ocrx_word' id='word_1_940' title='bbox 2996 5641 3131 5709; x_wconf 88' lang='lat' dir='ltr'><strong>Quia</strong></span> <span class='ocrx_word' id='word_1_941' title='bbox 3159 5638 3404 5694; x_wconf 87' lang='lat' dir='ltr'><strong>videlicet</strong></span> <span class='ocrx_word' id='word_1_942' title='bbox 3427 5643 3568 5687; x_wconf 75' lang='lat' dir='ltr'><strong>mens</strong></span> <span class='ocrx_word' id='word_1_943' title='bbox 3591 5638 3689 5691; x_wconf 60' lang='lat' dir='ltr'><strong>eli“</strong></span> 
     </span>
    </p>
   </div>
  </div>
