3924 6176
279 281 378 340 757

976 281 1505 338 ENARRATIONES
1538 283 1605 337 IN
1645 281 1903 340 LIBRUM
1944 280 2403 341 NUMERORUM.
2446 319 2513 327 -
2550 288 2678 345 LIB.
2719 286 2801 346 Ill.

2936 182 2955 221 Ι

3430 294 3534 349 7728

275 411 616 467 nequaquam
659 402 781 466 post
815 410 1052 466 prteceps
1087 397 1266 466 inepta
1306 396 1491 451 lietitia
1526 396 1855 451 lascivicndo
1881 406 1931 462 Α
1957 396 2073 449 bere
2110 412 2214 450 non
2249 394 2413 450 valeo.
2450 395 2571 450 Non
2600 408 2671 450 es:
2693 398 2889 453 idolum
2918 400 2971 453 in
2996 399 3180 464 Iacob,
3213 417 3303 455 nec
3331 403 3533 457 videtur

277 490 531 560 perdidit,
559 489 703 557 quod
741 488 1004 543 orationis
1038 503 1151 543 sua:
1184 496 1425 558 tempore
1459 502 1557 557 per
1595 487 1854 557 gemitum

277 581 457 651 rigore
477 580 787 648 exquisivit.

346 669 593 738 Dixitque
615 666 778 721 Balac
798 668 868 721 ad
887 666 1109 721 Balaam
1132 681 1150 720 :
1176 667 1316 733 Quid
1337 670 1525 723 esthoc
1542 670 1683 740 quod
1704 671 1816 741 agis
1831 672 1857 724 .’

274 757 347 812 Ut
369 758 703 812 malediceres
732 758 960 812 inimicis
989 760 1115 813 meis
1135 760 1310 814 vocavi
1337 769 1405 824 te,
1438 769 1484 813 et
1508 770 1565 813 tu
1591 777 1618 814 e
1646 770 1857 815 contra-

274 851 356 905 rio
385 850 642 904 benedicis
670 851 744 903 eis
765 850 789 903 ?
812 846 912 903 Cui
942 848 1028 903 ille
1053 850 1316 920 respondit
1339 864 1357 901 .'
1393 850 1446 903 Ν
1451 868 1539 904 um
1568 850 1717 904 aliud
1742 868 1858 919 pos-

271 961 392 998 sum
420 942 561 1012 loqui
599 941 701 995 nisi
727 942 869 1012 quod
890 942 1109 1011 jusserit
1136 941 1431 995 Dominus?
1454 942 1702 1013 Dixitque
1740 942 1853 996 Ba-

274 1034 358 1087 lac
400 1046 419 1084 .‘
455 1032 583 1087 Veni
618 1049 817 1087 mecum
866 1036 923 1086 in
968 1032 1192 1086 alterum
1225 1032 1420 1098 locum,
1468 1034 1605 1087 unde
1652 1044 1853 1105 partem

280 1124 499 1179 Israelis
533 1124 728 1190 rideas,
753 1135 800 1178 et
827 1133 992 1177 totum
1025 1124 1196 1179 videre
1227 1141 1329 1178 non
1357 1126 1521 1194 possis
1547 1140 1565 1177 :
1594 1126 1715 1180 inde
1742 1144 1857 1181 ma-

276 1215 489 1268 Iedicito
516 1216 586 1268 ei.
617 1213 850 1285 Cumque
882 1214 1116 1269 duxisset
1152 1232 1268 1269 eum
1298 1216 1351 1270 in
1382 1218 1554 1271 locum
1581 1218 1853 1273 sublimem

273 1321 432 1375 super
461 1306 699 1358 uerticem
726 1306 914 1359 montis
946 1304 1180 1375 Phasga,
1211 1306 1487 1374 aediﬁcavit
1508 1306 1731 1362 Balaam
1774 1326 1856 1363 se-

270 1405 411 1465 ptem
461 1411 619 1459 aras;
663 1404 711 1448 et
752 1396 1007 1465 impositis
1049 1412 1211 1466 supra
1242 1406 1434 1466 septem
1476 1397 1650 1452 vitulis
1700 1409 1855 1469 atque

271 1485 546 1549 arietibus,
573 1485 706 1562 dixit
734 1486 804 1539 ad
832 1485 998 1540 Balac
1023 1500 1042 1538 :
1060 1486 1155 1541 Sta
1196 1486 1279 1541 hic
1294 1486 1456 1557 juxta
1492 1488 1853 1545 holocaustum

270 1584 451 1639 tuum,
492 1584 599 1629 etc.
632 1574 799 1645 Igitur
826 1575 987 1631 Balac
1026 1591 1122 1631 rex
1162 1576 1325 1630 veluti
1355 1578 1614 1633 attonitus
1652 1589 1708 1634 et
1732 1595 1856 1649 per-

270 1677 471 1717 cussus
501 1678 569 1717 ex
598 1663 684 1717 his
719 1678 839 1732 qua:
865 1673 1053 1719 contra
1084 1680 1235 1734 spem
1278 1666 1383 1721 dici
1411 1668 1630 1723 videbat
1651 1668 1719 1724 ad
1747 1669 1855 1723 Ba-

1956 484 2297 539 simulacrum
2318 485 2371 538 in
2407 485 2598 542 Israel.
2629 486 2884 542 Dominus
2929 488 3067 543 Deus
3094 500 3168 543 est
3202 508 3319 544 cum
3366 510 3448 557 eo,
3479 505 3528 548 et

1959 575 2172 644 clangor
2211 577 2440 630 victoria:
2472 579 2604 647 regis
2652 579 2705 632 in
2747 579 2858 631 illo.
2908 580 3045 634 Deus
3087 583 3265 635 eduxit
3310 601 3427 637 eum
3465 586 3530 640 de

1961 660 2229 730 {quptm'
2260 662 2412 729 cujus
2464 663 2718 731 fortitudo
2766 665 2952 718 similis
2996 677 3071 719 est
3126 669 3526 723 rhinoceroutis.

1961 748 2083 804 Non
2119 761 2193 805 est
2233 754 2513 822 augurium
2542 754 2597 807 in
2624 755 2808 819 Jacob,
2844 772 2934 809 nec
2975 758 3225 812 divinatio
3248 762 3303 813 in
3334 764 3526 821 Israel.

1959 836 2293 907 Temporibus
2322 841 2431 894 suis
2460 842 2663 894 dicetur
2686 843 2850 896 Jacob
2892 854 2939 897 et
2970 845 3162 913 Israel,
3190 850 3316 918 quid
3346 868 3530 921 opera-

1956 946 2041 990 tus
2077 939 2145 991 sit
2190 938 2349 992 Deus.
2382 939 2518 993 Ecce
2551 941 2773 1011 populus
2822 954 2876 997 ut
2928 944 3093 999 lea'na
3147 960 3439 1019 consurget,
3480 960 3532 1006 et

1956 1026 2105 1094 quasi
2134 1025 2213 1079 leo
2248 1026 2462 1080 orietur.
2511 1028 2634 1082 Non
2662 1031 2930 1084 accnbabit
2962 1032 3125 1087 donec
3166 1034 3371 1089 devoret
3395 1054 3535 1107 prte-

1956 1115 2100 1180 dam,
2131 1127 2178 1170 et
2215 1118 2505 1172 occisorum
2548 1122 2853 1189 sanguinem
2893 1123 3055 1177 bibat.
3085 1124 3203 1178 Alia
3247 1128 3412 1181 editio
3452 1130 3532 1185 sic
3616 1155 3620 1158 ~

1956 1204 2118 1259 habet
2152 1225 2164 1261 :
2202 1206 2268 1261 Et
2309 1226 2602 1274 assumens,
2632 1211 2824 1280 inquit,
2854 1215 3161 1283 parabolam
3191 1235 3343 1272 suam
3370 1221 3529 1276 dixit.

1959 1295 2063 1350 Per
2104 1298 2412 1367 parabolam
2435 1316 2557 1370 ergo
2585 1302 2710 1355 dicit
2750 1303 2970 1357 Balaam
2995 1320 3014 1357 :
3042 1306 3231 1376 Surge,
3266 1309 3451 1373 Balac,
3481 1322 3533 1365 et

1957 1386 2083 1439 audi
2106 1388 2364 1442 :auribus
2402 1392 2627 1460 percipe,
2666 1393 2745 1461 [ili
2784 1396 2928 1447 testis
2968 1394 3187 1465 Sep/tor.
3231 1399 3354 1453 Non
3395 1403 3533 1456 sicut

1955 1475 2109 1530 homo
2140 1477 2280 1532 Deus
2305 1478 2616 1548 frustratur,
2641 1500 2803 1553 neque
2823 1486 2955 1538 sicut
2983 1485 3125 1553 ﬁlius
3154 1487 3379 1543 hominis
3421 1501 3531 1545 ter-

1958 1579 2121 1623 retur.
2167 1569 2289 1640 Ipse
2340 1589 2459 1626 cum
2499 1574 2710 1640 dixerit,
2758 1592 2927 1630 nonne
2956 1577 3155 1645 faciet?
3183 1578 3448 1650 Loquetur
3480 1591 3533 1635 et

1957 1676 2061 1714 non
2103 1663 2464 1730 permanebit?
2497 1663 2634 1718 Ecce
2678 1666 2747 1718 ad
2788 1666 3193 1721 benedicendum
3233 1679 3532 1740 assumptus

217 1766 231 1773 ·
270 1752 418 1806 laam
458 1753 880 1824 (benedictiones
929 1754 1073 1810 enim
1111 1770 1209 1826 pro
1253 1756 1724 1813 maledictionibus
1765 1775 1848 1814 au-

1956 1763 2072 1800 sunt
2098 1764 2115 1801 :
2143 1748 2442 1804 benedicam
2463 1762 2510 1805 et
2539 1769 2641 1806 non
2682 1764 2912 1808 avertam
2935 1772 3073 1809 eum.
3104 1757 3226 1811 Non
3263 1759 3359 1813 erit
3382 1759 3534 1812 labor

269 1842 500 1916 diebat),
526 1844 662 1898 ultra
692 1861 797 1900 non
823 1844 1307 1917 ferensinterrupit
1330 1848 1495 1902 verba
1520 1849 1639 1919 ejus
1661 1858 1716 1904 et
1744 1850 1849 1905 ait:

271 1932 421 1998 Quid
445 1933 614 2004 fecisti
662 1936 789 1989 mihi
814 1937 839 1990 ?
865 1936 947 1989 Ad
979 1936 1394 1991 maledicendum
1434 1938 1674 1993 inimicos
1711 1956 1853 1994 meos

269 2026 456 2078 vocavi
483 2036 556 2090 te,
581 2035 629 2079 et
656 2042 770 2080 ecce
795 2025 1103 2080 benedixisti
1131 2026 1555 2082 benedictionem.
1584 2028 1701 2085 Non
1730 2031 1854 2085 tulit

270 2132 372 2172 rex
416 2132 636 2171 amarus
668 2116 1099 2173 benedictionem
1133 2116 1454 2183 dulcedinis,
1490 2118 1584 2173 sed
1628 2120 1853 2175 maledi-

268 2215 361 2261 cta
399 2207 612 2276 qumrit,
663 2205 948 2262 maledicta
990 2207 1252 2277 deposcit.
1285 2207 1499 2262 Etenim
1533 2224 1601 2264 ex
1648 2211 1855 2280 cogita-

266 2297 424 2351 tione
451 2296 593 2351 illius
622 2297 688 2351 ad
715 2312 876 2366 quem
894 2297 1030 2352 dixit
1054 2297 1341 2357 Dominus:
1363 2298 1676 2353 Maledictus
1704 2310 1760 2353 tu
1785 2302 1850 2355 ab

265 2386 511 2442 omnibus
539 2386 714 2441 bestiis
743 2397 895 2441 terrte
933 2378 1084 2458 (Cen.
1116 2387 1221 2454 tu).
1253 2387 1360 2443 Sed
1386 2390 1454 2443 ad
1487 2390 1601 2443 btet:
1632 2404 1853 2459 respon-

263 2478 352 2534 dit
375 2479 426 2532 ei
454 2478 565 2544 ille,
594 2479 680 2533 cui
713 2480 939 2534 verbum
969 2479 1112 2534 Deus
1135 2480 1188 2533 in
1229 2494 1325 2535 ore
1359 2490 1632 2550 posuerat.
1662 2482 1853 2537 Nonne

263 2585 615 2639 quaecunque,
647 2568 841 2638 inquit,
890 2569 1126 2639 injecerit
1155 2569 1296 2623 Deus
1328 2570 1383 2624 in
1411 2587 1469 2624 os
1512 2587 1706 2635 meum,
1744 2573 1851 2626 'ucc

266 2659 549 2713 observabo
578 2658 762 2729 loqui?
788 2660 870 2714 Ad
898 2660 1015 2715 haec
1044 2660 1203 2716 Baiae
1242 2669 1438 2732 putans
1481 2663 1606 2731 quia
1642 2674 1853 2732 perter-

268 2749 412 2804 ritus
448 2759 593 2805 esset
628 2750 807 2821 populi
845 2751 1123 2806 lsraelitici
1154 2752 1373 2806 Balaam
1401 2755 1765 2821 multitudine,
1795 2762 1851 2810 et

264 2837 474 2894 idcirco
503 2855 608 2894 non
633 2840 828 2896 fuisset
852 2856 1016 2896 ausus
1040 2841 1286 2911 proferre
1312 2842 1622 2908 maledicta,
1654 2844 1851 2899 immu-

265 2930 530 2984 tationem
570 2930 673 2986 sibi
719 2930 824 2986 loci
868 2932 1100 2987 reddidit
1144 2931 1507 3001 profuturam,
1555 2942 1610 2988 et
1654 2935 1732 2989 ait
1779 2936 1850 2991 ad

263 3034 391 3073 eum
420 3039 433 3074 :
471 3018 597 3074 Veni
620 3021 792 3075 adhuc
811 3037 1011 3076 mecum
1039 3022 1092 3075 in
1116 3021 1287 3076 locum
1314 3022 1497 3087 altum,
1531 3024 1594 3077 de
1615 3041 1718 3095 quo
1744 3042 1849 3080 non

263 3111 447 3166 videas
482 3129 601 3166 eum
647 3123 811 3167 totum
840 3127 859 3166 .°
880 3114 971 3170 sed
996 3124 1198 3185 partem
1244 3115 1474 3187 aliquam
1505 3119 1619 3187 ejus
1649 3120 1845 3186 rideas,

263 3218 445 3256 omnes
488 3212 660 3257 autem
690 3221 793 3258 non
838 3204 1031 3269 videas,
1062 3214 1111 3260 et
1145 3205 1371 3261 maledic
1398 3207 1525 3261 mihi
1553 3225 1672 3263 eum
1701 3210 1844 3265 inde.

265 3290 540 3357 Demens,
589 3293 681 3361 qui
731 3293 1080 3349 lsraeliticam
1123 3297 1357 3365 gratiam
1393 3297 1496 3352 loci
1542 3299 1846 3370 objectione

261 3379 515 3435 crederet
551 3396 710 3450 posse
747 3381 932 3446 celari,
972 3389 1028 3436 et
1064 3384 1156 3453 qui
1189 3385 1423 3440 nesciret
1452 3386 1578 3455 quia
1614 3404 1719 3442 non
1758 3406 1850 3443 oo-

260 3484 364 3528 test
388 3474 636 3529 abscondi
665 3475 847 3529 civitas
882 3491 1039 3544 super
1065 3485 1289 3530 montem
1311 3478 1481 3547 posita
1522 3477 1736 3551 (Matth.
1767 3479 1843 3553 v).

337 3566 411 3619 Et
446 3566 724 3637 assumpsit
777 3581 928 3631 eum,
972 3566 1165 3635 inquit,
1212 3568 1268 3621 in
1290 3567 1554 3637 speculam
1605 3572 1751 3640 agri,
1792 3573 1848 3625 in

254 3663 453 3719 vertice
479 3663 671 3716 montis
698 3662 860 3727 cwsi;
889 3670 937 3716 et
976 3663 1266 3715 construxit
1301 3661 1372 3714 ibi
1395 3672 1583 3731 septem
1626 3680 1769 3729 aras,
1798 3675 1846 3718 et

256 3754 515 3824 imposuit
542 3752 759 3811 vitulum
786 3762 836 3808 et
873 3757 1088 3810 arietem
1114 3770 1270 3822 super
1297 3770 1466 3808 aram.
1498 3753 1567 3807 Et
1589 3755 1722 3809 dixit
1746 3756 1850 3810 Ba-

257 3843 407 3898 laam
436 3843 507 3897 ad
534 3842 701 3897 Balac
722 3856 741 3894 :
763 3841 901 3898 Siste
936 3846 1007 3899 ad
1042 3843 1364 3913 sacriﬁcium
1387 3856 1407 3895 :
1429 3860 1521 3915 ego
1566 3861 1686 3899 vero
1723 3863 1846 3917 per-

255 3949 382 4004 gant
409 3933 710 4002 percontari
733 3933 919 3987 Deum.
952 3933 1023 3988 Et
1049 3934 1275 3989 occurrit
1297 3932 1440 3989 Deus
1468 3934 1567 4004 ipsi
1594 3934 1844 4005 Balaam,

255 4037 303 4081 et
336 4027 519 4096 injecit
545 4026 600 4080 in
622 4042 679 4079 os
706 4026 821 4096 ejus
846 4026 1054 4080 verbum
1074 4035 1122 4080 et
1148 4026 1303 4091 dixit,
1335 4025 1452 4080 sine
1476 4026 1639 4082 dubio
1666 4027 1842 4096 Deus;

255 4112 574 4171 Convertere
606 4114 675 4168 ad
702 4114 867 4169 Balac
891 4123 940 4169 et
962 4115 1073 4169 lucc
1102 4114 1345 4185 loqueris.
1372 4114 1576 4182 Atille,
1611 4117 1715 4173 hoc
1736 4131 1841 4184 est,

253 4207 442 4271 Baiae,
493 4207 667 4260 stabat
704 4206 864 4276 juxta
912 4206 1361 4261 holocaustomata
1404 4224 1522 4274 sua,
1574 4218 1621 4263 et
1666 4199 1845 4265 omnes

251 4298 521 4368 principes
565 4295 722 4350 Moab
770 4314 888 4351 cum
926 4298 1038 4368 ipso
1060 4313 1079 4352 :
1102 4296 1171 4356 Et
1213 4297 1347 4352 dixit
1394 4299 1442 4352 ei
1470 4298 1637 4354 Balac
1660 4316 1679 4354 :
1703 4300 1845 4367 Quid

252 4389 465 4444 locutus
511 4398 587 4443 est
618 4389 915 4443 Dominus?
943 4389 1051 4443 Res
1086 4388 1302 4459 quidem
1336 4390 1548 4459 profani
1587 4391 1843 4447 sacriﬁcii

255 4482 574 4554 gerebatur,
604 4488 660 4535 et
686 4481 943 4536 divinatio
963 4490 1080 4537 arte
1106 4482 1315 4553 magica
1342 4482 1706 4551 quaerebatur.
1737 4485 1845 4539 Vo-

252 4578 374 4633 lens
424 4581 607 4628 tamen
647 4573 791 4629 Deus
819 4574 893 4629 ibi
940 4574 1215 4629 abundare
1234 4574 1486 4644 gratiam,
1516 4573 1608 4628 ubi
1654 4589 1843 4643 super-

257 4666 557 4723 abundavit
588 4675 888 4734 peccatum,
918 4666 1109 4720 adesse
1137 4666 1389 4733 dignatur
1414 4680 1517 4720 nec
1546 4664 1744 4736 refugit
1771 4667 1842 4722 ab

255 4759 342 4812 his
365 4772 490 4826 qum
508 4772 613 4811 non
636 4756 929 4812 secundum
944 4756 1221 4826 gentilium
1236 4757 1562 4826 gerebantur
1574 4771 1837 4813 errorem.

250 4848 428 4904 Adest
478 4860 660 4902 autem
710 4861 814 4902 non
848 4846 1155 4913 sacriﬁciis,
1200 4846 1294 4902 sed
1337 4847 1392 4901 in
1437 4862 1722 4903 occursum
1751 4864 1842 4904 ve-

251 4938 428 4992 nienti
458 4978 475 5002 ,
506 4946 560 4992 et
602 4938 676 4992 ibi
705 4937 798 4992 dat
822 4937 1047 4992 verbum
1078 4953 1258 5003 suum,
1283 4946 1447 5007 atque
1480 4938 1558 4994 ibi
1582 4939 1843 5010 mysteria

252 5027 440 5084 futura
471 5028 876 5098 praenuntiavit,
908 5028 998 5083 ubi
1036 5028 1272 5082 maxime
1306 5029 1442 5085 fides
1474 5037 1528 5084 et
1556 5028 1843 5085 admiratio

252 5124 542 5193 gentilium
569 5122 788 5192 pendet,
818 5130 878 5176 ut
905 5122 996 5191 qui
1020 5122 1224 5176 nostris
1250 5121 1439 5176 nolunt
1463 5122 1686 5179 credere
1718 5138 1846 5192 pro—

250 5214 459 5285 phetis,
496 5214 724 5268 credant
745 5213 943 5268 divinis
967 5221 1023 5267 et
1053 5211 1267 5266 vatibus
1291 5212 1427 5266 suis.

327 5306 394 5357 At
431 5302 523 5357 ille
566 5313 833 5372 assumpta
864 5301 1116 5371 parabola
1145 5318 1242 5356 sua
1286 5303 1361 5355 ait
1387 5315 1403 5353 :
1433 5298 1546 5363 Sta,
1577 5300 1765 5367 Balac,
1795 5311 1844 5356 et

251 5393 539 5458 atisculta;
566 5393 714 5457 audi,
736 5392 814 5461 ﬁli
846 5392 1068 5461 Sephor.
1095 5388 1218 5444 Non
1247 5400 1323 5444 est
1352 5390 1494 5445 Deus
1516 5391 1671 5461 quasi
1690 5392 1846 5444 homo

249 5493 318 5541 ut
337 5487 647 5550 mentiatur,
685 5502 777 5539 nec
805 5495 859 5538 ut
890 5485 1036 5553 ﬁlius
1077 5484 1304 5538 hominis
1336 5492 1390 5537 ut
1423 5492 1667 5536 mutetur.
1701 5484 1845 5538 Dixit

250 5591 381 5645 ergo
414 5586 463 5630 et
512 5594 616 5630 non
646 5578 824 5645 faciet,
870 5575 1075 5628 locutus
1127 5583 1201 5628 est
1230 5583 1276 5627 et
1319 5590 1421 5625 non
1465 5572 1844 5641 implebithld

254 5667 671 5723 benedictionem
717 5669 976 5722 adductus
1023 5684 1168 5735 sunt,
1207 5663 1615 5721 benedictionem
1667 5668 1847 5734 prohi-

1877 3051 1921 3156 c

1952 1840 2007 1892 in
2032 1839 2216 1905 Iacob,
2246 1858 2338 1894 nec
2374 1843 2579 1896 videtur
2605 1843 2756 1897 dolor
2780 1845 2832 1898 in
2865 1845 3053 1900 Israel.
3089 1847 3347 1902 Dominus
3389 1849 3530 1904 Deus

1951 1946 2081 1983 suus
2122 1947 2241 1984 cum
2277 1931 2410 2001 ipso,
2461 1933 2717 2001 praeclara
2760 1935 3053 2005 principum
3089 1955 3207 1992 cum
3248 1940 3359 2009 ipso
3387 1952 3529 1995 sunt.

1952 2018 2115 2083 Deus,
2142 2022 2233 2073 aui
2252 2021 2431 2075 eduxit
2457 2039 2573 2076 eum
2602 2024 2667 2076 de
2687 2025 2941 2096 ngypto,
2968 2030 3100 2082 sicut
3133 2030 3302 2100 gloria
3325 2033 3535 2085 unicor-

1952 2111 2033 2163 nis
2061 2111 2128 2163 ei.
2158 2110 2286 2163 Non
2305 2112 2443 2165 enint
2471 2114 2570 2166 erit
2611 2116 2890 2184 auguratio
2917 2117 2971 2171 in
2993 2118 3183 2185 Iacob,
3215 2137 3378 2191 neque
3407 2122 3539 2176 divi-

1953 2201 2095 2254 natio
2120 2201 2177 2253 in
2222 2201 2413 2265 Israel.
2466 2202 2534 2257 In
2564 2213 2792 2274 tempore
2822 2207 3026 2261 dicetur
3045 2209 3212 2263 Jacob
3251 2221 3299 2264 et
3338 2210 3531 2278 Israel,

1950 2291 2076 2360 quid
2100 2290 2330 2361 perﬁciet
2354 2292 2519 2347 Deus.
2547 2294 2682 2349 Ecce
2715 2297 2940 2366 papulas
2965 2299 3100 2352 sicut
3134 2300 3339 2355 catulus
3367 2301 3535 2357 leonis

1950 2391 2215 2452 exsurget,
2251 2393 2298 2437 et
2325 2385 2479 2453 quasi
2512 2384 2591 2438 leo
2625 2386 2931 2440 exsultabit.
2969 2388 3095 2443 Non
3119 2392 3344 2445 dormiet
3369 2394 3535 2449 donec

1951 2476 2188 2528 comedat
2214 2477 2472 2545 pratdam,
2517 2487 2568 2530 et
2608 2480 2917 2548 sanguinem
2953 2480 3345 2537 vulneratorum
3378 2485 3532 2540 bibet.

1952 2564 2077 2620 Haec
2116 2574 2202 2621 est
2242 2568 2573 2622 continentia
2612 2571 2860 2625 secunda:
2905 2574 3202 2642 prophetiae
3254 2575 3305 2628 in
3353 2577 3535 2632 verbis

1951 2655 2190 2711 Balaam.
2221 2658 2513 2713 Videamus
2545 2674 2675 2730 ergo
2701 2661 2880 2730 primo
2909 2652 3014 2717 hoc
3049 2664 3223 2733 ipsum
3251 2668 3393 2734 quod
3431 2670 3532 2733 ait,

1950 2744 2217 2817 Exsurge,
2237 2745 2427 2814 Balac,
2444 2759 2494 2802 et
2519 2752 2668 2803 audi.
2692 2750 2757 2811 _Si
2779 2753 2921 2806 enim
2944 2755 2997 2807 in
3030 2757 3401 2825 superioribus
3425 2775 3531 2813 non

1951 2833 2197 2899 dixisset,
2232 2839 2359 2904 quia
2391 2847 2563 2893 staret
2591 2840 2745 2908 juxta
2789 2843 3164 2899 holocaustum
3197 2863 3377 2914 suum,
3425 2867 3531 2906 non

1951 2925 2228 2991 videretur
2254 2943 2582 2998 magnopere
2613 2934 3014 3002 requirendum,
3042 2952 3154 3009 _cur
3175 2938 3392 3005 dixerit,
3418 2939 3533 2994 Ex-

1950 3033 2125 3087 surge,
2162 3019 2348 3074 Balac.
2388 3020 2541 3078 Nunc
2577 3033 2759 3079 autem
2806 3042 2926 3081 cum
2969 3028 3219 3084 hortetur
3243 3046 3534 3103 exsurgere

1953 3125 2075 3164 eum
2102 3126 2264 3181 quem
2300 3129 2472 3183 nuper
2501 3116 2711 3170 dixerat
2740 3127 2908 3183 stare,
2946 3136 3052 3175 non
3076 3131 3160 3176 est
3194 3124 3366 3179 otiose
3391 3142 3532 3196 pra:-

1954 3204 2247 3257 tereundus
2270 3219 2447 3259 sermo
2470 3208 2835 3276 propheticus.
2863 3209 3014 3276 Quod
3044 3227 3174 3283 ergo
3209 3213 3261 3267 in
3292 3217 3535 3285 superio-

1954 3292 2124 3359 ribus,
2166 3295 2291 3364 quia
2338 3305 2511 3350 staret
2544 3297 2613 3351 ad
2664 3298 3038 3353 holocaustum
3068 3317 3246 3366 suum,
3290 3304 3537 3375 designat.

1950 3397 2073 3437 eum
2103 3399 2209 3438 non
2242 3393 2390 3440 recte
2417 3394 2584 3442 stare.
2632 3385 2827 3441 Stabat
2853 3390 2998 3449 enim
3027 3391 3081 3444 in
3113 3391 3414 3447 idololatria
3440 3410 3537 3463 po-

1951 3473 2106 3537 situs,
2139 3483 2195 3527 et
2234 3475 2413 3529 stabat
2438 3477 2595 3545 quasi
2627 3477 2879 3532 inimicus
2910 3478 3004 3534 Dei
3032 3496 3046 3532 :
3082 3482 3223 3549 quod
3253 3484 3427 3553 magis
3450 3491 3536 3539 est

1951 3579 2058 3617 non
2100 3571 2267 3626 stare,
2311 3565 2406 3618 sed
2441 3565 2654 3619 cadere.
2685 3566 2848 3632 Quasi
2885 3582 3016 3637 ergo
3035 3570 3127 3638 qui
3167 3572 3233 3625 de
3264 3572 3354 3627 illo
3392 3582 3536 3627 statu

1949 3654 2146 3708 cadere
2177 3653 2457 3717 docuerat,
2488 3655 2597 3709 imo
2623 3663 2679 3710 et
2720 3656 2811 3724 qui
2842 3658 3120 3725 ceciderit,
3163 3660 3237 3714 ita
3281 3677 3424 3716 nunc
3456 3664 3536 3719 iu-

1950 3742 2165 3796 tellectu
2194 3743 2511 3812 prophetico
2537 3756 2830 3814 exsurgere
2857 3745 3012 3813 jubet
3036 3762 3183 3811 eum,
3214 3749 3413 3819 quippe
3441 3751 3535 3819 qui

1949 3850 2046 3905 per
2067 3849 2190 3889 eum
2207 3835 2351 3903 quod
2375 3843 2520 3890 stare
2542 3836 2594 3889 in
2614 3835 2920 3891 idololatria
2934 3839 3085 3893 visus
3103 3838 3284 3906 fuerit,
3307 3843 3536 3898 cecidis—

1949 3937 2050 3983 set.
2072 3929 2360 3997 Exsurgat,
2379 3929 2471 3998 qui
2488 3928 2610 3983 talis
2634 3935 2718 3984 est
2737 3950 2750 3982 :
2769 3938 3026 4001 exsurgat
3047 3933 3250 3998 animo,
3275 3942 3534 4005 exsurgat

1949 4018 2077 4084 fide,
2108 4028 2165 4074 et
2194 4019 2461 4074 efﬁciatur
2487 4022 2644 4076 testis
2669 4020 2815 4076 fidei.
2857 4022 2913 4076 Si
2943 4037 3074 4077 vero
3102 4036 3386 4094 permanet
3414 4026 3526 4079 inti-

1948 4110 2104 4175 delis,
2136 4119 2195 4166 ut
2215 4114 2286 4166 sit
2313 4113 2465 4168 testis
2502 4114 2968 4169 condemnationis
2999 4130 3129 4170 sum.
3161 4117 3267 4171 Sed
3297 4118 3425 4185 quid
3453 4111 3536 4170 e'st

1947 4205 2090 4273 quod
2135 4204 2183 4259 ei
2216 4207 2503 4260 annuntiat
2543 4206 2845 4261 audiamus.
2889 4207 3011 4261 Non
3060 4209 3195 4261 sicut
3225 4208 3401 4270 homo,
3453 4209 3535 4261 in-

1947 4293 2086 4361 quit,
2115 4292 2252 4347 Deus
2278 4294 2589 4361 frustratur,
2630 4311 2794 4365 neque
2831 4297 2964 4350 sicut
2992 4295 3137 4364 ﬁlius
3174 4295 3400 4349 hominis
3428 4306 3523 4348 ter-

1949 4393 2094 4437 retur
2119 4385 2246 4454 ipse.
2288 4384 2404 4439 Non
2450 4384 2672 4448 habeas,
2722 4386 2919 4455 inquit,
2959 4386 3100 4439 hanc
3123 4385 3432 4454 opinionem
3462 4386 3529 4440 de

1952 4473 2086 4538 Deo,
2120 4485 2180 4527 ut
2208 4483 2366 4543 putes
2395 4489 2518 4527 eum
2553 4489 2674 4529 esse
2718 4476 2856 4531 sicut
2888 4475 3185 4539 hominem,
3222 4475 3315 4544 qui
3344 4475 3399 4528 in
3444 4476 3532 4531 his

1951 4578 2070 4632 qua:
2100 4563 2339 4632 loquitur
2380 4562 2627 4618 frustrari
2657 4566 2848 4633 possit.
2883 4563 3140 4620 Homines
3171 4565 3315 4620 enim
3349 4567 3532 4621 mullis

1949 4653 2329 4709 occasionibus
2374 4662 2431 4709 et
2488 4654 2636 4708 vitiis
2682 4653 3051 4724 impediuntur
3100 4668 3169 4708 ne
3218 4669 3405 4708 verum
3462 4656 3536 4709 sit

1951 4746 2094 4815 quod
2142 4744 2456 4815 loquuntur.
2498 4743 2606 4798 Aut
2635 4745 2777 4798 enim
2823 4744 2950 4798 irati
2995 4743 3310 4813 loquuntur,
3355 4753 3409 4799 et
3453 4746 3532 4799 ira

1953 4845 2204 4892 cessante
2223 4835 2425 4890 frustra
2455 4834 2618 4889 locuti
2647 4840 2791 4899 sunt,
2827 4842 2921 4889 aut
2965 4843 3112 4888 metu
3144 4842 3236 4887 aut
3262 4833 3533 4904 cupidita-

1952 4927 2022 4980 tis
2059 4934 2155 4980 aut
2183 4924 2460 4994 iactantia:
2497 4925 2693 4995 gratia,
2738 4924 2967 4994 aliisque
3006 4925 3198 4980 horum
3245 4924 3530 4980 similibus.

1952 5016 2019 5070 Et
2049 5017 2237 5086 utique
2263 5015 2463 5071 frustra
2491 5015 2596 5069 erit
2629 5024 2684 5070 et
2706 5030 2904 5070 vanum
2930 5030 3090 5070 omne
3119 5015 3378 5085 quidquid
3404 5015 3534 5067 vitio

1951 5107 2266 5162 dominante
2289 5105 2455 5161 locuti
2482 5113 2625 5160 sunt.
2653 5107 2793 5161 Deus
2824 5114 3005 5160 autem
3050 5106 3103 5159 in
3139 5120 3248 5174 quo
3273 5103 3418 5158 nulla
3451 5109 3534 5155 est

1952 5198 2153 5271 passio,
2182 5197 2326 5252 nulla
2367 5196 2651 5267 fragilitas.
2680 5211 2838 5250 omne
2867 5196 3009 5264 quod
3050 5194 3248 5250 dixerit
3276 5207 3376 5262 pro
3404 5205 3533 5245 cau-

1950 5305 2136 5345 sarum
2165 5288 2374 5343 meritis
2402 5287 2571 5341 dicit:
2605 5297 2659 5342 et
2689 5288 2809 5341 ideo
2838 5300 3112 5355 nunquam
3157 5280 3405 5335 frustrari
3439 5293 3529 5347 ρος

1952 5388 2075 5445 test,
2114 5380 2240 5449 quia
2289 5377 2552 5447 quidquid
2604 5378 2814 5431 ratione
2851 5374 3140 5445 profertur,
3186 5383 3371 5423 carere
3418 5382 3527 5421 non

1949 5482 2124 5546 potest
2170 5474 2397 5528 ratione.
2430 5470 2545 5527 Non
2584 5483 2668 5530 est
2704 5484 2835 5534 ergo
2863 5468 3006 5521 Deus
3054 5466 3194 5519 sicut
3220 5463 3405 5524 homo,
3434 5459 3527 5528 qui

1948 5568 2148 5623 frustra
2180 5562 2458 5635 loquatur,
2504 5577 2679 5632 neque
2727 5563 2865 5614 sicut
2916 5558 3054 5610 filius
3081 5553 3316 5607 hominis
3358 5561 3528 5605 terre-

1950 5671 2056 5728 tur,
2101 5659 2206 5726 vel,
2246 5665 2306 5712 ιιι
2352 5661 2407 5713 in
2463 5654 2582 5709 aliis
2615 5647 3015 5719 exemplaribus
3058 5643 3233 5698 adhuc
3275 5642 3523 5717 legimus,
