3924 6176
462 297 564 351 759

1110 295 1168 349 ll.
1210 294 1461 350 BABANI
1505 293 1718 351 MAURI
1758 290 2041 349 ARCHIEP

2140 290 2424 349 dOGUN'I‘.
2466 289 2749 347 orcnuu
2787 270 2968 344 rans
3002 288 3040 345 ι.

3561 296 3650 352 710

460 418 620 472 neque
645 400 777 454 sicut
803 400 946 468 [ilius
977 401 1201 454 hominis
1228 410 1403 455 terret.
1435 402 1493 455 In
1526 402 1837 456 hominibus
1868 401 2036 454 inter—
2064 413 2108 471 Α
2138 398 2274 453 hanc
2323 400 2751 455 benedictionem
2796 415 2903 453 non
2946 399 3160 463 avertit,
3200 413 3295 455 nec
3337 403 3467 457 enim
3501 416 3653 475 potest

461 495 584 548 dum
630 492 951 545 sententiam
997 500 1171 544 mutat
1216 500 1272 545 et
1314 500 1501 551 terret.
1549 493 1691 546 Deus
1719 499 1897 544 autem
1940 491 2031 559 qui

459 597 621 651 supra
648 582 829 635 omnia
858 590 959 644 est,
989 597 1017 634 a
1048 598 1155 650 quo
1185 584 1374 637 terreri
1401 591 1599 651 potest,
1627 591 1685 635 ut
1711 583 2034 636 sententiam

456 671 664 724 mutet?
692 669 749 724 Si
777 686 904 724 vero
933 671 1226 725 secundum
1258 673 1359 726 hoc
1410 672 1758 742 accipiamus,
1795 670 1937 740 quod
1979 670 2033 723 in

458 761 579 814 aliis
602 760 1000 829 exemplaribus
1026 760 1264 815 diximus
1297 761 1515 826 lectum,
1543 762 1645 816 hoc
1670 770 1753 815 est
1778 775 1951 829 neque
1975 758 2037 812 fi-

463 852 565 907 lius
593 851 825 904 hominis
862 859 1050 913 terret,
1089 850 1215 903 illud
1246 850 1517 905 videbitur
1543 850 1669 915 dici,
1702 850 1843 918 quod
1869 848 2038 901 homi-

459 956 554 996 nes
580 941 796 1010 quidem
828 956 926 1009 pro
946 940 1208 1010 jactantia
1257 941 1524 995 interdum
1556 948 1793 993 terrores
1834 937 2039 992 faciunt

458 1039 512 1083 et
542 1030 716 1083 minas
743 1030 906 1083 etiam
943 1030 1049 1095 his,
1079 1032 1274 1099 quibus
1302 1046 1685 1098 nonnunquam
1710 1043 1906 1084 nocere
1928 1042 2035 1081 non

460 1120 684 1188 possint.
735 1120 876 1173 Deus
910 1129 1090 1174 autem
1125 1136 1229 1174 non
1277 1121 1349 1174 ita
1383 1133 1417 1174 ιι
1438 1129 1548 1175 rrel
1578 1120 1841 1183 homines,
1881 1117 2035 1187 quasi

460 1211 551 1277 qui
590 1209 780 1277 punire
813 1226 916 1264 non
954 1212 1146 1279 possit,
1179 1213 1272 1266 sed
1308 1220 1363 1266 et
1389 1212 1434 1266 si
1465 1196 1655 1275 terret,
1688 1211 1894 1265 ratione
1929 1218 2039 1263 ter-

460 1308 559 1353 ret.
589 1299 781 1353 Terret
807 1301 950 1353 enim
984 1307 1040 1354 ut
1068 1301 1327 1370 corripiat
1355 1301 1627 1354 hominem
1660 1300 1712 1353 in
1745 1297 2039 1352 auditionis

463 1387 840 1452 tribulatione,
890 1396 944 1441 ct
989 1390 1154 1441 verbo
1217 1388 1652 1443 comminationis
1713 1384 2035 1449 deterritus,

458 1478 709 1532 emendet
730 1494 806 1541 se,
847 1478 938 1546 qui
962 1479 1102 1533 male
1123 1480 1252 1549 agit,
1286 1496 1352 1533 ne
1378 1479 1658 1549 perveniat
1681 1478 1747 1531 ad
1769 1493 1891 1531 eum
1917 1477 2036 1545 ipsa

459 1570 695 1624 vindicta
725 1569 864 1623 male
891 1577 1163 1639 gestorum
1196 1586 1438 1625 suorum.
1472 1570 1587 1623 Non
1613 1582 1741 1639 ergo
1780 1568 1855 1621 ita
1898 1568 2041 1621 Deus

460 1667 632 1712 terret
662 1666 720 1711 ut
746 1658 907 1711 homo
932 1675 945 1709 :
973 1659 1134 1712 homo
1157 1659 1322 1721 enim,
1350 1669 1408 1712 ut
1433 1659 1689 1721 diximus,
1716 1673 1816 1727 pro
1833 1656 2042 1725 jactan-

464 1750 554 1809 tia,
586 1749 726 1802 Deus
755 1764 880 1802 vero
911 1764 1009 1818 pro
1037 1750 1413 1802 emendatione
1442 1756 1732 1803 conterret.
1762 1747 1892 1801 Post
1923 1746 2040 1799 haec

458 1840 536 1892 ait
565 1856 578 1891 :
605 1838 725 1908 Ipse
764 1855 882 1891 cum
923 1840 1115 1892 dixerit
1161 1855 1265 1892 non
1300 1839 1506 1907 faciet?
1534 1837 1798 1908 Loquetur
1838 1848 1888 1890 et
1934 1851 2042 1890 non

458 1932 825 2002 permanebit?
863 1930 952 1986 Sic
997 1931 1254 2002 legendus
1281 1940 1366 1985 est
1404 1935 1574 1995 locus,
1605 1931 1758 2000 quasi
1801 1930 2037 1983 interro-

462 2022 642 2091 gantis
671 2019 866 2075 affectu
889 2021 1052 2074 dicat.
1094 2018 1233 2090 Ipse,
1260 2022 1362 2074 hoc
1394 2029 1495 2084 est,
1526 2021 1687 2075 Deus.
1721 2019 1873 2086 Quod
1901 2017 2039 2074 dicit

460 2124 640 2164 nonne
676 2118 731 2165 et
774 2109 970 2164 faciet?
1005 2110 1072 2164 Et
1097 2126 1218 2179 qua:
1256 2110 1468 2164 locutus
1495 2108 1657 2163 fuerit
1685 2125 1790 2164 non
1827 2123 2039 2179 perma-

465 2201 614 2255 nebit
634 2216 702 2255 ex
729 2201 845 2255 eis?
870 2200 1004 2256 Cum
1034 2202 1223 2270 utique
1261 2201 1509 2255 homines
1548 2216 1656 2254 non
1685 2200 1884 2255 faciant
1921 2213 2040 2268 qua:

466 2290 653 2343 dicunt
688 2289 819 2344 vitio
867 2290 1118 2345 humanae
1154 2286 1492 2361 fragilitatis,
1539 2297 1593 2344 et
1630 2288 1718 2343 his
1762 2302 1868 2344 non
1911 2301 2038 2356 per-

465 2386 722 2432 maneant
747 2393 867 2446 qute
909 2378 1219 2447 loquuntur.
1257 2377 1524 2431 Mutabilis
1551 2376 1695 2431 enim
1741 2384 1827 2430 est
1856 2376 2035 2439 homo,

467 2465 818 2519 immutabilis
852 2481 982 2519 vero
1008 2468 1167 2520 Deus.
1200 2464 1305 2519 Sed
1329 2474 1506 2533 potest
1532 2465 1728 2534 aliquis
1751 2476 2040 2518 occurrere

463 2561 517 2606 ct
544 2554 726 2607 dicere
749 2566 764 2605 :
789 2552 1070 2619 Quomodo
1092 2570 1222 2624 ergo
1247 2569 1353 2607 non
1384 2553 1682 2623 permansit
1707 2553 1847 2607 Deus
1874 2552 1928 2605 in
1955 2551 2038 2606 his

461 2660 583 2713 quae
611 2644 821 2700 locutus
846 2654 927 2699 est
951 2647 1021 2699 de
1048 2645 1260 2709 Ninive,
1286 2655 1341 2698 ut
1363 2655 1475 2716 post
1503 2645 1737 2698 triduum
1782 2643 2041 2698 subverte-

463 2744 606 2785 rstur
641 2734 789 2805 (Ion.
836 2732 943 2805 ιιι),
973 2749 1149 2803 neque
1194 2734 1246 2788 in
1292 2734 1397 2798 his,
1442 2749 1563 2803 qua:
1608 2733 1820 2789 locutus
1861 2742 1945 2788 est
1974 2733 2042 2787 de

463 2824 677 2890 Daniel,
705 2826 793 2879 ubi
830 2825 1003 2879 tribus
1048 2826 1237 2881 diebus
1264 2826 1528 2895 promissa
1571 2825 1747 2880 fuerat
1784 2840 1950 2890 mors,
1983 2831 2044 2879 ut

458 2923 701 2970 vastaret
725 2915 1002 2986 populum,
1032 2925 1087 2969 et
1115 2917 1254 2969 intra
1280 2932 1441 2970 unam
1468 2915 1612 2970 diem
1643 2929 1813 2986 usque
1840 2915 1908 2969 ad
1947 2915 2043 2969 ho-

461 3020 602 3083 ram.
628 3006 837 3076 prandii
878 3005 1145 3061 cessavit?
1191 3006 1260 3060 Et
1294 3005 1561 3061 videbitur
1603 3004 1871 3070 fortassis,
1913 3002 2041 3073 quia

463 3096 581 3153 haec
601 3112 721 3165 qua:
748 3112 848 3167 per
882 3096 1358 3167 interrogationem
1384 3097 1659 3162 dicuntur,
1690 3111 1797 3150 non
1825 3095 2042 3166 penitus

457 3200 558 3258 pro
584 3185 806 3240 delinito
835 3186 1146 3255 accipienda
1171 3186 1298 3249 sint,
1337 3187 1429 3240 sed
1454 3186 1575 3239 talis
1595 3185 1843 3253 quaedam
1871 3183 2043 3255 ﬁgura

460 3274 611 3330 verbi
649 3274 741 3339 sit,
793 3289 913 3343 quae
944 3274 1178 3328 medium
1221 3275 1422 3343 aliquid
1457 3274 1702 3328 videatur
1732 3273 2043 3338 ostendere,

461 3381 570 3419 non
606 3373 715 3418 tam
747 3364 969 3419 definite
1009 3374 1066 3419 et
1101 3365 1468 3421 irrevocabilis
1498 3366 1781 3420 sententiae
1809 3364 2050 3420 declaret

465 3456 716 3513 eﬂectum
745 3472 759 3509 :
784 3469 890 3524 quo
916 3456 1307 3525 temperantius
1330 3456 1535 3525 aliquid
1560 3455 1761 3510 dictum
1799 3455 2048 3508 videatur

463 3548 517 3603 in
539 3563 605 3604 eo
630 3548 774 3618 quod
799 3548 1062 3619 scriptum
1091 3557 1211 3603 est:
1240 3548 1361 3619 Ipse
1387 3565 1503 3602 cum
1530 3548 1721 3601 dixerit
1758 3563 1927 3601 nonne
1956 3546 2046 3617 fa-

461 3640 563 3694 ciet
588 3640 613 3692 7
636 3640 792 3708 quasi
826 3640 1087 3710 scriptum
1110 3647 1256 3696 esset
1280 3658 1292 3693 :
1322 3640 1441 3710 Ipse
1469 3655 1591 3695 cum
1633 3640 1850 3705 dixerit,
1873 3639 2048 3694 omni-

465 3731 642 3787 modis
685 3730 866 3786 faciet.
899 3731 1007 3785 Sed
1034 3732 1089 3785 in
1140 3731 1273 3803 ipsis
1311 3732 1491 3787 verbis
1532 3730 1888 3802 propheticis,
1933 3746 2046 3787 nou

467 3830 580 3876 tam
605 3837 885 3876 sermones
919 3822 1035 3887 Dei,
1072 3838 1235 3890 quam
1265 3822 1504 3891 ipsorum
1534 3823 1919 3893 prophetarum
1955 3836 2046 3875 ac-

463 3911 709 3981 cipienda
754 3918 897 3973 sunt,
943 3927 1063 3981 qum
1084 3911 1239 3981 juxta
1273 3912 1467 3966 merita
1495 3910 1826 3981 singulorum
1854 3901 2043 3979 protu-

463 4000 668 4064 Ierunt,
707 4001 802 4054 sed
839 4000 935 4055 Dei
977 4001 1342 4063 miseratione,
1386 4016 1453 4056 ne
1494 4013 1656 4071 super
1683 4016 1777 4055 eos
1799 4001 2048 4055 venirent

464 4105 741 4160 suspensae
766 4098 910 4144 sunt.
956 4089 1087 4143 Item
1133 4103 1230 4160 per
1263 4089 1554 4145 Ieremiam
1586 4088 1846 4144 Dominus
1873 4089 2042 4144 dicit:

463 4182 532 4239 In
550 4183 710 4253 ﬁnem
757 4181 965 4253 loquar,
1012 4183 1116 4238 hoc
1140 4191 1246 4248 est,
1278 4198 1344 4237 ex
1382 4182 1606 4238 delinito
1635 4182 1848 4252 loquar,
1892 4198 2049 4253 super

462 4288 664 4347 gentem
698 4288 744 4332 et
786 4294 944 4348 super
963 4294 1177 4348 regnum
1203 4295 1221 4332 :
1244 4279 1485 4348 auferam
1528 4294 1615 4332 eos
1638 4287 1688 4332 ‘et
1723 4277 2045 4349 disperdam.

463 4365 533 4419 Et
563 4366 609 4420 si
639 4378 970 4421 convertatur
988 4385 1112 4439 gens
1141 4368 1235 4422 illa
1259 4385 1291 4422 a
1329 4368 1482 4423 malis
1505 4370 1636 4432 suis,
1661 4368 1956 4439 pernitendo
1981 4368 2047 4422 de

2134 491 2298 543 etiam
2332 494 2377 544 si
2406 491 2586 554 vellet,
2618 492 2841 544 verbum
2875 490 2968 543 Dei
3016 489 3246 544 humana
3272 491 3440 563 lingua
3460 510 3656 553 oonvcr-
3727 476 3731 480 S

2134 584 2263 631 tere.
2299 577 2426 631 Post
2452 578 2566 631 haec
2593 578 2668 631 ait
2696 597 2709 631 :
2738 578 2859 632 Non
2880 588 2954 632 est
2978 578 3178 631 idolum
3205 580 3259 632 in
3280 578 3456 646 Iacob,
3479 600 3559 637 nec
3593 588 3657 640 ri-

2133 667 2285 720 detur
2313 666 2653 719 simulacrum
2683 667 2738 720 in
2766 666 2953 721 Israel.
2993 667 3118 723 Haec
3145 682 3271 736 ergo
3301 673 3569 727 secundum
3590 676 3659 729 hi-

2134 755 2358 809 storiam
2403 758 2674 825 quomodo
2703 766 2848 812 stare
2892 767 3139 828 possunt,
3172 775 3293 814 cum
3329 762 3423 831 ipsi
3449 767 3661 822 carnales

2133 843 2411 909 Israelituc,
2439 854 2497 898 et
2521 845 2615 899 ﬁlii
2641 847 2809 902 Iacob
2833 848 3174 916 patriarchae,
3201 850 3388 917 smpius
3406 866 3525 921 argu
3542 864 3662 909 lllllII'

2135 948 2232 1003 per
2259 935 2554 1003 prophetas
2591 950 2691 1003 pro
2723 935 3026 990 idololatria
3065 953 3226 1005 quam
3254 944 3552 1007 gesserant?
3575 944 3663 998 Sed

2135 1030 2329 1083 melius
2373 1032 2440 1085 de
2473 1028 2654 1084 futuro
2684 1031 2902 1100 populo,
2935 1032 3038 1086 hoc
3063 1041 3168 1097 est,
3200 1033 3343 1088 veris
3369 1044 3422 1089 et
3446 1036 3667 1104 spiritali-

2137 1116 2239 1172 bus
2285 1116 2543 1173 Israelitis
2591 1118 2994 1188 intelligendum
3026 1129 3131 1185 est,
3182 1122 3320 1191 quod
3368 1124 3437 1178 ibi
3480 1141 3573 1179 non
3609 1143 3668 1181 sn

2137 1203 2349 1258 cultura
2378 1205 2666 1269 idolorum,
2714 1206 2809 1260 sed
2843 1207 3003 1262 unius
3031 1209 3125 1263 Dei
3163 1211 3549 1280 omnipotentis,
3586 1216 3667 1268 Pa-

2138 1293 2259 1357 tris,
2295 1302 2351 1348 et
2379 1293 2525 1358 Filii,
2572 1303 2628 1348 et
2669 1294 2903 1366 Spiritus
2939 1298 3115 1352 sancti
3142 1301 3392 1364 servitus,
3434 1304 3601 1372 religio
3624 1315 3668 1360 et

2137 1383 2315 1438 cultus
2366 1391 2682 1453 perpetuus.
2742 1384 2895 1452 Quod
2933 1395 3111 1442 autem
3159 1389 3263 1444 alia
3309 1392 3468 1446 editio
3500 1394 3667 1449 habet:

2141 1470 2263 1525 Non
2303 1474 2422 1538 erit,
2454 1473 2648 1542 inquit,
2675 1473 2825 1528 labor
2854 1476 2911 1530 in
2936 1475 3120 1539 Iacob,
3152 1495 3314 1549 neque
3341 1482 3528 1535 videtur
3546 1483 3673 1538 dolor

2138 1561 2335 1629 Israel,
2376 1572 2561 1635 aperte
2591 1565 2646 1619 in
2694 1566 2812 1621 istis
2860 1568 3203 1623 sermonibus
3246 1568 3434 1626 futura:
3457 1573 3566 1627 vita
3596 1573 3673 1628 de-

2141 1654 2357 1708 nuntiat
2388 1664 2610 1709 statum.
2634 1655 2768 1722 Quis
2801 1658 2946 1713 enim
2972 1668 3078 1722 est,
3108 1662 3201 1730 qui
3230 1663 3367 1717 hanc
3398 1664 3552 1718 vitam
3576 1668 3672 1721 sine

2070 1775 2113 1834 Β
2144 1743 2331 1799 labore
2356 1753 2412 1798 et
2453 1744 2644 1801 dolore
2671 1750 3039 1803 transcurrat?
3067 1750 3179 1806 Nec
3204 1753 3251 1806 si
3293 1753 3478 1809 Petrus
3500 1756 3563 1810 sit
3595 1758 3676 1810 ali-

2141 1833 2287 1902 quis,
2328 1843 2422 1888 aut
2448 1835 2495 1889 si
2537 1835 2736 1891 Paulus
2772 1836 2869 1903 sit,
2912 1843 3184 1908 quomodo
3218 1857 3328 1897 non
3359 1844 3408 1897 in
3438 1844 3603 1901 labore
3630 1856 3675 1901 et

2140 1925 2325 1980 dolore
2362 1933 2462 1988 est,
2496 1943 2617 1981 cum
2654 1928 2812 1999 virgis
2844 1930 3084 1997 cwditur,
3132 1934 3293 1987 semel
3318 1934 3587 2005 lapidatur,
3615 1948 3681 1991 ter

2140 2019 2478 2090 naufragium
2522 2019 2667 2089 fecit,
2708 2022 2764 2075 in
2809 2024 3072 2095 profundo
3122 2043 3287 2082 maris
3339 2028 3422 2082 die
3461 2045 3520 2083 ac
3556 2039 3679 2085 nocte

2142 2110 2195 2183 (Ι
2222 2109 2346 2165 Cor.
2373 2112 2494 2180 xu),
2542 2113 2756 2183 aliaque
2802 2115 3081 2171 innumera
3130 2120 3449 2189 perpetitur,
3485 2136 3593 2191 quae
3625 2122 3680 2177 de

2143 2203 2420 2259 laboribus
2464 2220 2528 2259 ac
2566 2204 2842 2261 doloribus
2891 2207 3006 2263 suis
3058 2209 3280 2276 scribit;
3314 2212 3407 2266 sed
3452 2212 3523 2267 ibi
3560 2211 3682 2266 istud

2141 2294 2521 2363 complebitur,
2541 2296 2633 2350 ubi
2664 2296 2867 2351 dictum
2893 2306 2995 2363 est,
3024 2300 3275 2370 Aufugiet
3294 2299 3459 2365 dolor,
3483 2311 3527 2355 et
3545 2301 3684 2355 tristi-

2141 2384 2239 2448 tia,
2270 2392 2317 2436 et
2348 2384 2587 2453 gemitus.
2622 2384 2775 2450 Quod
2809 2393 2986 2441 tamen
3019 2402 3126 2442 non
3172 2389 3246 2443 ad
3285 2405 3487 2455 omnes,
3520 2390 3604 2445 sed
3626 2390 3683 2445 ad

2140 2488 2238 2529 eos
2272 2481 2479 2527 tantum
2512 2476 2604 2544 qui
2631 2476 2840 2531 meritis
2866 2476 3029 2534 Iacob
3049 2487 3106 2533 et
3129 2479 3299 2536 Israel
3326 2480 3517 2537 fuerint
3539 2481 3685 2536 refero

2143 2573 2268 2618 tur:
2300 2573 2359 2619 ut
2388 2562 2492 2619 fuit
2530 2575 2587 2620 et
2615 2565 2703 2621 ille
2730 2566 2992 2633 Lazarus,
3025 2570 3119 2641 qui
3154 2581 3474 2640 praesentem
3499 2572 3685 2640 quidem

2140 2652 2310 2707 vitam
2335 2654 2390 2708 in
2421 2653 2609 2710 labore
2629 2664 2686 2711 et
2708 2656 2892 2712 dolore
2917 2661 3194 2731 transegit.
3222 2660 3302 2716 Ibi
3320 2669 3493 2716 autem
3516 2661 3688 2717 dicitur

2143 2746 2212 2800 ad
2240 2746 2496 2802 divitem:
2526 2747 2808 2814 Memento,
2831 2750 2933 2819 ﬁli,
2969 2752 3095 2822 quia
3133 2762 3189 2807 tu
3233 2754 3468 2823 recepisti
3490 2755 3608 2808 bona
3642 2752 3687 2806 in

2144 2834 2249 2888 vita
2280 2844 2393 2899 tua,
2427 2845 2476 2890 et
2507 2834 2746 2892 Lazarus
2779 2838 3022 2894 similiter
3048 2840 3212 2895 mala.
3252 2842 3409 2896 Nunc
3430 2852 3588 2896 autem
3618 2841 3688 2896 hic

2146 2929 2416 2999 requiescit
2442 2939 2532 2983 :tu
2562 2947 2678 2986 vero
2719 2934 2974 2988 cruciaris
2996 2933 3148 3007 (Luc.
3190 2935 3331 3009 xvi).
3369 2937 3457 2992 Ille
3479 2952 3595 3010 ergo
3620 2946 3689 2993 est

2147 3018 2312 3074 Israel
2347 3028 2403 3075 et
2435 3018 2625 3088 Iacob,
2670 3022 2727 3076 in
2753 3037 2913 3092 quem
2953 3038 3061 3078 non
3088 3025 3244 3080 venit
3289 3025 3440 3082 labor
3467 3037 3519 3083 et
3543 3025 3688 3083 dolor.

2071 3117 2115 3179 C
2148 3110 2312 3167 Dives
2335 3113 2482 3167 enim
2506 3113 2597 3168 ille
2634 3121 2753 3168 erat
2779 3115 3017 3185 quidem,
3047 3124 3103 3172 et
3129 3117 3254 3186 ipse
3287 3120 3568 3174 secundum
3592 3132 3692 3173 car-

2149 3216 2273 3256 nem
2302 3202 2488 3258 Israel.
2527 3203 2735 3259 Dicitur
2768 3205 2912 3260 enim
2941 3222 3015 3273 et,
3050 3223 3175 3278 quso
3200 3208 3399 3278 fratres
3424 3210 3500 3264 tui
3532 3207 3691 3262 habent

2150 3290 2313 3361 legem
2334 3302 2381 3347 et
2416 3294 2691 3364 prophetas
2716 3296 2937 3351 audiant
2957 3296 3075 3351 illos
3098 3297 3316 3371 (Ibid.).
3341 3298 3446 3354 Sed
3472 3298 3585 3371 quia
3605 3311 3693 3352 non

2146 3392 2267 3441 erat
2307 3386 2603 3441 secundum
2639 3388 2888 3457 spiritum
2912 3387 3104 3457 Israel,
3128 3390 3263 3447 ideo
3301 3392 3448 3449 venit
3481 3406 3626 3463 super
3644 3389 3696 3444 il-

2147 3481 2259 3536 Ium
2297 3482 2451 3537 labor
2485 3491 2543 3539 et
2581 3485 2752 3541 dolor.
2803 3485 3062 3557 Sequitur
3085 3505 3101 3544 ε
3125 3489 3395 3547 Dominus
3437 3490 3567 3546 Deus
3598 3486 3697 3556 dus

2146 3588 2267 3627 cum
2301 3590 2361 3628 eo
2398 3584 2493 3640 est,
2523 3586 2571 3629 et
2606 3577 2823 3648 clangor
2849 3579 3083 3634 victoria
3119 3580 3260 3651 regis
3287 3582 3344 3636 in
3379 3579 3488 3636 illo.
3518 3578 3621 3635 IIoc
3640 3575 3696 3632 de

2147 3663 2532 3731 praedicatione
2576 3663 2849 3737 Evangelii
2894 3667 2949 3721 in
2995 3669 3198 3738 populo
3238 3668 3541 3725 Christiano
3565 3665 3695 3728 dicit.

2148 3752 2238 3806 ubi
2263 3764 2450 3822 aperta
2492 3770 2624 3809 voce
2653 3758 3008 3812 annuntiatur
3034 3761 3315 3828 quomodo
3353 3775 3448 3816 rex
3478 3758 3697 3816 Christus

2143 3855 2244 3907 per
2294 3843 2474 3899 crucis
2516 3853 2777 3914 tropaeum
2804 3846 2872 3900 de
2896 3846 3109 3902 diabolo
3143 3848 3517 3920 triumphavit,
3542 3861 3602 3902 ac
3633 3859 3699 3900 re

2147 3949 2312 4003 gnum
2357 3935 2485 3990 sibi.
2509 3936 2801 4005 acquisivit
2839 3945 3181 4008 perpetuum.
3233 3939 3391 3997 Unde
3424 3940 3533 4012 ipse
3570 3942 3697 4009 post-

2148 4038 2312 4093 quam
2341 4028 2639 4080 resurrexit
2665 4042 2696 4080 a
2734 4027 2983 4094 mortuis,
3012 4026 3301 4099 discipulis
3327 4030 3442 4086 suis
3484 4024 3701 4098 apparuit

2147 4119 2203 4165 et
2240 4115 2317 4168 ait
2350 4114 2534 4168 :Data
2573 4126 2647 4171 est
2689 4116 2819 4170 mihi
2864 4119 3033 4172 omnis
3067 4129 3303 4190 potestas
3342 4120 3398 4174 in
3429 4118 3550 4173 caelo
3574 4124 3618 4171 et
3654 4113 3700 4169 in

2147 4213 2311 4269 terra,
2337 4214 2443 4259 etc.
2495 4204 2712 4276 (Matth.
2751 4206 2896 4278 ult.).
2925 4206 3064 4264 Hinc
3097 4218 3155 4264 et
3194 4208 3401 4265 Paulus
3429 4229 3442 4263 :
3470 4208 3699 4265 Christus.

2152 4295 2350 4366 inquit,
2383 4295 2556 4365 factus
2580 4306 2659 4351 est
2702 4298 2947 4353 obediens
2966 4314 3062 4370 pro
3095 4298 3246 4354 nobis
3276 4299 3432 4355 Patri
3476 4293 3701 4368 usquead

2150 4397 2391 4453 mortem,
2419 4397 2637 4444 mortem
2657 4399 2843 4445 autem
2860 4391 3053 4445 crucis.
3078 4390 3310 4461 Propter
3334 4393 3476 4465 quod
3502 4392 3630 4448 Deus
3649 4385 3705 4441 il-

461 4460 703 4513 omuibus
738 4459 913 4525 malis,
957 4476 1074 4531 qua:
1102 4459 1323 4531 cogitavi
1355 4460 1528 4529 facere
1555 4461 1650 4514 eis.
1701 4459 1768 4512 Et
1804 4459 1860 4513 in
1884 4460 2041 4527 ﬁnem

2145 4474 2255 4529 lum
2286 4476 2559 4545 exultauit,
2600 4485 2652 4534 et
2676 4479 2889 4535 donavit
2915 4479 2997 4534 illi
3036 4459 3247 4548 nomen,
3281 4459 3422 4556 quod
3461 4490 3535 4537 est
3570 4492 3703 4547 super

463 4546 651 4616 loquar
676 4565 833 4618 super
856 4563 1055 4618 gentem
1097 4560 1144 4603 et
1188 4566 1422 4619 regnum,
1454 4560 1508 4603 ut
1545 4550 1850 4619 readiﬁcem
1878 4566 1965 4604 eos
1993 4559 2042 4603 et

464 4636 747 4704 replantem
770 4657 788 4703 ;
811 4640 917 4693 etsi
946 4640 1125 4709 fecerit
1152 4639 1291 4693 mala
1321 4640 1375 4692 in
1399 4651 1673 4709 conspectu
1696 4655 1833 4704 meo,
1858 4648 1914 4692 ut
1938 4655 2042 4693 non

462 4725 681 4777 audiant
699 4742 868 4781 vocem
894 4745 1082 4795 meam,
1113 4729 1373 4800 paenitebit
1397 4745 1478 4782 me
1506 4730 1570 4782 de
1603 4729 1839 4783 omnibus
1870 4728 2037 4794 bonis,

462 4827 580 4880 qua:
625 4812 831 4868 locutus
868 4816 1070 4885 fueram
1120 4827 1177 4871 ut
1225 4817 1451 4887 facerem
1488 4818 1561 4871 eis
1605 4816 1823 4888 (Ierem.
1858 4815 2035 4888 xvm).

464 4903 745 4969 Quomodo
774 4922 900 4978 ergo
928 4924 1215 4977 p0ssumus
1240 4911 1324 4965 his
1345 4926 1465 4979 qua:
1489 4910 1733 4965 absolute
1767 4924 1862 4981 per
1890 4909 2042 4967 Iere-

466 4991 629 5044 miam
664 4990 807 5047 dicta
860 5006 984 5050 sunt
1025 4999 1280 5066 praeferre
1322 5000 1410 5053 illa
1441 5015 1561 5069 qua:
1599 5001 1912 5069 suspensive
1944 5017 2043 5071 per

466 5078 680 5135 Balaam
707 5083 979 5149 dicuntur,
1012 5088 1112 5141 nisi
1143 5089 1269 5156 quia
1295 5089 1690 5160 negligentibus
1713 5099 1769 5144 et
1791 5100 2040 5147 contem-

463 5171 711 5239 ptoribns
743 5173 829 5226 illa
863 5175 1234 5255 confirmanda
1263 5197 1275 5231 :
1302 5179 1415 5233 hac
1457 5195 1588 5233 vero
1626 5179 2040 5250 perfectioribus

465 5264 727 5319 secretius
769 5266 1098 5322 advertenda
1128 5279 1273 5324 sunt.
1317 5270 1424 5326 Sed
1469 5281 1591 5341 post
1636 5274 1752 5328 tunc
1784 5274 2037 5328 Balaam:

466 5351 623 5419 Ecce,
653 5355 844 5426 inquit,
875 5356 944 5410 ad
966 5358 1372 5415 benedicendum
1396 5372 1695 5433 assumptus
1716 5379 1833 5417 sum
1855 5378 1873 5414 :
1896 5362 2044 5417 bene-

464 5443 640 5500 dicam
678 5457 725 5501 et
771 5466 876 5504 non
920 5460 1149 5505 avertam
1186 5470 1323 5507 eum.
1368 5454 1448 5507 Ad
1486 5455 1909 5511 benedicendum
1946 5455 2046 5508 Ba-

470 5538 606 5595 laam
658 5557 968 5617 assumptus
1006 5557 1091 5603 est
1123 5548 1300 5612 Bal.;c,
1337 5550 1430 5603 sed
1471 5566 1500 5604 a
1547 5551 1678 5614 Deo,
1717 5551 1810 5620 qui
1860 5549 2046 5619 injecit

472 5633 687 5688 verbum
740 5638 791 5691 in
828 5654 889 5694 os
939 5640 1057 5708 ejus
1117 5656 1225 5710 quo
1273 5640 1526 5711 populum
1570 5640 1935 5698 benediceret.
1976 5640 2044 5694 Et

2149 4587 2301 4626 omne
2328 4588 2535 4637 nomen,
2573 4581 2630 4627 ut
2659 4573 2717 4629 in
2742 4576 2948 4630 nomine
2976 4574 3106 4631 Iesu
3125 4592 3281 4631 omne
3309 4593 3446 4647 genu
3467 4577 3701 4645 ﬂectatur,

2148 4662 2457 4727 caelestium,
2486 4664 2829 4730 terrestrium,
2861 4675 2912 4719 et
2943 4664 3275 4735 infernarum
3299 4678 3318 4716 :
3341 4675 3392 4719 et
3426 4663 3584 4718 omnis
3620 4659 3705 4710 liu-

2146 4772 2252 4826 gua
2282 4757 2613 4826 conﬁteatur,
2640 4758 2766 4828 quia
2792 4758 3045 4812 Dominus
3063 4757 3219 4812 Iesus
3245 4757 3513 4821 Christus,
3535 4756 3584 4808 in
3610 4750 3705 4821 glo-

2148 4847 2228 4901 ria
2273 4858 2348 4902 est
2393 4848 2491 4902 Dei
2542 4845 2724 4903 Patris
2770 4848 2991 4920 (Philip.
3038 4854 3121 4920 ιι).
3167 4848 3323 4915 Quod
3363 4858 3540 4901 autem
3569 4843 3702 4912 juxta

2148 4937 2310 4991 aliam
2354 4938 2646 4993 editionem
2685 4937 2881 5008 legitur
2912 4954 2925 4992 :
2952 4937 3208 4992 Dominus
3255 4937 3399 4991 Deus
3434 4950 3549 4989 cum
3589 4933 3701 5002 ipso.

2145 5026 2403 5093 prtzclara
2451 5028 2744 5097 principum
2773 5044 2892 5081 cum
2935 5029 3049 5098 ipso
3082 5037 3202 5082 sunt
3222 5067 3236 5091 ,
3287 5040 3555 5097 nunquam
3585 5020 3703 5076 enim

2146 5116 2316 5171 Israel
2337 5134 2493 5171 suum
2522 5118 2712 5172 deserit
2740 5119 2904 5174 Deus.
2941 5120 3180 5185 Quorum
3212 5129 3399 5174 autem
3426 5116 3705 5188 principatu

2147 5207 2406 5275 praeclara
2444 5223 2567 5263 cum
2613 5210 2731 5279 ipso
2766 5210 2930 5265 Israel
2964 5211 3093 5274 sint,
3124 5210 3428 5265 videamus.
3463 5203 3704 5262 Przeclara

2146 5297 2474 5368 principum,
2512 5308 2756 5368 potestas
2779 5309 2865 5356 est
2889 5301 3222 5372 principatus
3254 5307 3314 5354 et
3354 5310 3595 5371 regnum.
3618 5290 3705 5346 \‘e-

2148 5404 2269 5443 rum
2303 5388 2561 5457 quoniam
2581 5397 2707 5443 sunt
2737 5398 2793 5443 et
2817 5388 2983 5457 aliqui
3010 5388 3284 5458 principes
3305 5386 3402 5455 qui
3434 5386 3501 5440 de
3527 5376 3706 5453 princi-

2145 5486 2276 5547 patu
2313 5477 2525 5533 suo’vel
2548 5477 2803 5547 pellendi,
2839 5478 2925 5533 vel
2945 5478 3059 5548 jam
3091 5477 3230 5531 forte
3258 5474 3473 5545 depulsi
3498 5477 3636 5531 sunt,
3658 5471 3705 5517 et

2146 5567 2200 5622 in
2226 5567 2403 5623 locum
2432 5583 2497 5623 ac
2532 5569 2893 5640 principatum
2926 5583 3114 5624 eorum
3139 5565 3519 5623 introducendi
3556 5561 3607 5616 bi
3627 5555 3703 5624 qui

2143 5674 2272 5714 vere
2298 5658 2557 5716 Israelita:
2581 5668 2722 5726 sunt,
2750 5660 3008 5731 praeclara
3039 5658 3129 5714 illa
3163 5655 3350 5714 omnia
3380 5670 3500 5726 quze
3524 5651 3699 5706 habue-
