3924 6176
262 333 356 389 7η

971 327 1504 386 ENARRATIONES
1540 330 1608 385 IN
1647 329 1905 388 LIBRUM
1943 330 2402 391 NUMERORUM.
2441 365 2513 376 —
2546 334 2674 390 LIB.
2717 336 2801 392 lli.

3415 347 3517 403 ’ἶσῖιέ

261 454 388 503 runt
439 445 493 497 in
546 441 715 507 caelis,
760 441 835 495 illi
884 442 1158 511 principes
1194 460 1285 513 qut
1329 460 1434 497 non
1486 452 1837 499 servaverunt
1864 452 1912 508 Α
1940 446 2102 498 etiam
2134 459 2197 497 ex
2225 445 2681 516 contemplatione
2717 447 2995 513 librarum,
3025 465 3142 518 qum
3171 456 3513 525 extispfeium

257 554 417 595 suum
442 536 829 608 principatum,
860 535 953 589 sed
982 535 1421 605 derelinqueruut
1441 544 1642 590 (eterna
1664 537 1833 590 domi-

257 632 408 695 cilia,
438 628 602 684 Israel
644 629 747 682 iste
791 635 845 682 et
874 625 1060 689 Jacob,
1089 627 1180 695 qui
1228 626 1546 682 colluctatus
1573 635 1655 682 est
1682 635 1739 683 et
1763 628 1834 682 vi-

255 722 355 785 cit,
388 720 637 789 accipiet,
682 725 737 771 et
765 717 843 771 sic
871 732 994 771 cum
1023 715 1140 784 ipso
1168 724 1327 769 erunt
1355 716 1610 785 praeclara
1633 716 1835 784 princi-

253 829 409 884 pum.
449 811 590 865 Deus
627 810 783 863 eduxi
849 824 965 861 eum
993 807 1058 860 de
1095 807 1538 877 {ﬁgi/ptowujus
1580 806 1833 876 fortitudo

253 913 334 958 est
362 901 546 958 similis
587 900 983 954 rhinocerontis.
1022 896 1117 951 Vel
1141 895 1295 965 juxta
1328 896 1487 950 aliam
1519 896 1831 961 editionem,

252 997 390 1049 sicut
420 993 588 1065 gloria
629 991 896 1045 unicornis
935 990 1067 1059 ejus.
1100 989 1334 1044 Eductns
1366 998 1449 1043 est
1493 988 1581 1043 ille
1618 990 1831 1057 quidem

253 1084 421 1140 lsrael
453 1084 517 1138 de
541 1081 776 1152 [Egypto
804 1080 907 1136 ista
938 1087 1153 1141 terrena
1180 1079 1309 1141 :hic
1351 1087 1532 1133 autem
1573 1080 1834 1148 spiritalis

254 1175 423 1232 Israel
467 1174 533 1229 de
569 1172 808 1243 Egypto
849 1170 1051 1235 saeculi,
1100 1181 1154 1225 et
1189 1169 1255 1224 de
1282 1179 1549 1240 potestate
1590 1171 1834 1224 tenebra-

258 1283 404 1330 rum,
435 1273 600 1320 etest
635 1262 894 1318 fortitudo
936 1260 1019 1314 vel
1051 1260 1219 1330 gloria
1249 1257 1363 1327 ejus
1408 1268 1665 1328 tanquam
1713 1259 1833 1313 uni-

252 1357 457 1413 cornis.
488 1355 777 1411 Unicornis
803 1353 1019 1422 quidem
1059 1350 1230 1405 fertur
1271 1365 1391 1405 esse
1414 1351 1612 1405 animal
1639 1367 1704 1405 eo
1731 1353 1829 1406 ha-

253 1449 372 1502 bitu
414 1447 725 1509 formatum,
753 1460 858 1514 quo
892 1443 1125 1497 nominis
1152 1443 1319 1511 ipsius
1355 1443 1667 1514 designatur
1696 1443 1832 1497 indi-

250 1540 399 1593 cium
432 1556 445 1591 :
473 1538 615 1606 quod
654 1535 853 1589 animal
885 1535 1199 1604 frequenter
1228 1533 1280 1586 in
1309 1532 1609 1602 Scripturis
1635 1534 1831 1589 divinis

248 1629 489 1698 positum
520 1626 768 1697 legimus,
806 1626 898 1679 sed
943 1624 1214 1694 prtecipue
1251 1623 1392 1693 apud
1433 1621 1534 1677 Job
1566 1624 1661 1677 Dei
1686 1624 1833 1679 voci-

248 1720 359 1773 bus
381 1718 622 1786 potentia
670 1717 787 1786 ejus
827 1722 882 1769 et
910 1715 1083 1769 virtus
1108 1714 1396 1782 exponitur
1423 1733 1438 1769 :
1466 1714 1519 1767 in
1547 1715 1742 1782 quibus
1770 1722 1829 1769 ut

1937 545 2149 600 vocant,
2192 534 2418 605 aliisque
2475 538 2665 590 horum
2721 538 2985 594 similibus
3024 548 3307 612 prrestigiis
3357 566 3509 603 emn-

1935 624 2215 691 prehendi,
2245 625 2456 678 videtur
2485 625 2729 695 intelligi.
2763 626 2893 693 Quae
2935 639 3080 683 artes
3108 631 3159 684 in
3201 642 3404 689 tantum
3443 644 3516 693 ad

1936 715 2308 784 decipiendum
2339 731 2508 781 genus
2538 718 2833 772 humanum
2866 720 3226 787 profecerunt,
3266 729 3511 784 utetiam

1929 803 2228 873 justissime
2260 808 2505 864 Ezechiae
2536 810 2674 864 lilius
2708 810 2978 866 Manasses
3013 814 3115 868 hoc
3146 832 3331 872 errore
3359 822 3516 875 dece-

1935 908 2079 969 ptus,
2145 900 2494 954 aediﬁcaverit
2542 911 2599 954 ut
2632 901 2909 971 Scriptura
2965 906 3113 969 dicit,
3158 907 3326 963 altare
3375 912 3517 965 omni

1934 989 2185 1042 exercitui
2235 989 2364 1051 rtefi,
2414 991 2467 1043 in
2509 1001 2727 1060 utraque
2776 993 2930 1047 domo
2980 995 3190 1050 Domini
3230 998 3333 1066 (IV
3378 1000 3507 1071 Reg.

1937 1080 2071 1148 XXI).
2099 1079 2251 1133 llunc
2273 1092 2451 1134 autem
2469 1082 2703 1135 arbitror
2725 1086 3020 1138 eercitmn
3037 1087 3182 1151 coeli,
3206 1104 3362 1157 quem
3382 1091 3515 1145 Pau-

1934 1169 2039 1234 lus,
2073 1170 2333 1240 spiritales
2376 1172 2631 1241 nequitias
2682 1174 2734 1226 in
2774 1173 3062 1230 cwlestibus
3085 1180 3281 1247 positas
3326 1182 3518 1237 scribit

1935 1262 2148 1333 (Ep/tes.
2168 1263 2262 1334 vi).
2281 1263 2391 1318 Nisi
2410 1281 2536 1335 ergo
2557 1267 2780 1320 multum
2799 1269 2849 1321 in
2867 1269 3167 1326 hisartihus
3182 1275 3516 1343 deceptionis

1932 1363 2077 1409 esset
2107 1365 2159 1409 et
2200 1356 2422 1422 erroris,
2467 1373 2573 1410 non
2604 1367 2734 1426 puto
2763 1361 2896 1413 tanti
2928 1361 3026 1415 viri
3066 1363 3256 1429 lilium,
3304 1367 3356 1420 in
3394 1366 3513 1439 lege

1933 1445 2142 1500 Domini
2181 1448 2490 1512 educatum,
2534 1449 2587 1502 in
2636 1450 2753 1504 illas
2788 1451 3092 1519 impietatcs
3119 1457 3360 1523 potuisse
3390 1474 3513 1514 cor-

1933 1553 2111 1602 ruere,
2157 1553 2275 1606 qua:
2307 1539 2359 1592 in
2407 1549 2601 1607 quarto
2638 1555 2928 1608 regnorum
2970 1542 3108 1599 libro
3148 1546 3214 1601 de
3260 1563 3325 1602 eo
3372 1551 3509 1604 scri-

1931 1636 2037 1695 ptze
2065 1626 2385 1681 referantur.
2426 1627 2552 1683 Haec
2583 1630 2727 1685 enim
2754 1631 2956 1697 omnia,
2989 1635 3176 1705 religio
3215 1646 3395 1692 nostra
3430 1641 3511 1694 di-

1932 1717 2053 1769 vina
2086 1726 2142 1771 et
2170 1717 2427 1784 cmlestis,
2456 1718 2688 1787 ahjurat.
2728 1720 2785 1775 In
2817 1722 3057 1779 Levitico
3083 1727 3298 1794 quidem
3322 1741 3505 1798 aperta

252 1810 311 1864 in
346 1808 759 1878 quamplurimis
800 1805 1047 1861 Christus
1087 1805 1405 1875 intelligitur
1433 1805 1722 1876 designari.
1763 1806 1830 1859 Et
1861 1819 1904 1876 Β
1940 1806 2059 1876 lege
2083 1807 2327 1877 designat
2353 1809 2537 1863 dicens
2571 1828 2584 1863 :
2617 1809 2740 1864 Non
2770 1813 3069 1869 divinabitis
3095 1834 3256 1888 neque
3282 1837 3519 1890 augura-

253 1903 314 1955 in
347 1900 545 1955 divinis
575 1898 873 1967 Scripturis
902 1911 1067 1951 cornu
1106 1911 1206 1966 pro
1236 1910 1401 1966 regno
1420 1895 1655 1964 positum
1688 1910 1830 1964 saepe

248 1991 596 2062 reperimus:
625 1989 765 2043 sicut
802 1996 855 2042 et
883 1987 1144 2057 propheta
1180 1985 1309 2039 dicit
1337 2002 1350 2038 :
1384 1984 1625 2050 Quatuor
1658 1994 1832 2037 autem

245 2098 476 2145 cornua,
510 2088 736 2151 quatuor
781 2094 937 2147 regna
964 2087 1081 2130 sunt
1108 2074 1416 2148 (Damam).
1459 2075 1573 2129 Sub
1614 2076 1831 2129 nomine

248 2175 442 2242 utique
488 2160 789 2235 unicornis,
839 2170 893 2223 in
945 2168 1161 2224 Christo
1204 2170 1308 2223 hoc
1344 2169 1557 2223 videtur
1595 2168 1828 2234 ostendi,

252 2264 387 2333 quia
415 2277 574 2317 omne
599 2262 742 2330 quod
772 2268 857 2314 est
886 2276 1070 2325 unum,
1094 2258 1208 2326 ejus
1235 2275 1401 2314 cornu
1443 2268 1565 2325 est;
1598 2259 1699 2314 hoc
1724 2267 1826 2322 est,

250 2371 425 2409 unum
455 2369 676 2424 regnum
704 2351 838 2421 ejus.
868 2350 1058 2406 Omnia
1084 2352 1225 2405 enim
1253 2350 1416 2405 Pater
1435 2349 1661 2419 subjecit
1682 2350 1831 2420 pedi-

247 2448 354 2501 bus
399 2444 535 2513 ejus,
586 2459 757 2513 usque
812 2457 920 2512 quo
962 2450 1017 2495 et
1069 2441 1393 2496 novissimus
1439 2441 1688 2495 inimicus
1739 2441 1831 2495 de-

247 2543 494 2589 struatur
520 2547 686 2597 mors,
715 2538 770 2586 et
799 2540 1053 2601 tanquam
1080 2531 1374 2597 unicornis,
1399 2547 1561 2585 unum
1589 2531 1828 2586 omnium

251 2641 482 2695 regnum
522 2633 705 2680 teneat
750 2623 1039 2679 Christus:
1065 2623 1189 2693 quia
1239 2623 1378 2677 sicut
1420 2622 1680 2691 scriptum
1723 2629 1828 2688 est,

248 2717 399 2787 regni
419 2715 531 2785 ejus
554 2730 657 2767 non
684 2713 779 2767 erit
800 2713 920 2782 ﬁnis
950 2711 1086 2784 (Isa.
1112 2711 1207 2785 ix).
1241 2712 1356 2766 Erit
1381 2726 1510 2780 ergo
1534 2711 1602 2774 ei,
1635 2710 1824 2779 inquit,

248 2807 359 2862 hoc
396 2815 501 2869 est,
544 2802 727 2859 Israeli
779 2803 854 2856 illi
894 2803 1122 2872 spiritali
1158 2803 1347 2873 gloria,
1378 2803 1519 2857 sicut
1541 2810 1624 2857 est
1662 2802 1829 2872 gloria

256 2896 555 2951 unicornis.
603 2894 695 2949 Sic
728 2895 870 2949 enim
914 2902 969 2948 et
998 2894 1112 2963 ipse
1150 2892 1220 2947 in.
1242 2891 1535 2962 Evangelio
1568 2892 1830 2947 Dominus

250 2986 425 3042 dicit:
456 2984 639 3049 Pater,
666 2984 735 3037 da
772 2985 869 3049 eis,
913 2993 969 3037 ut
1005 2984 1135 3037 sicut
1163 2991 1211 3035 et
1237 2998 1329 3052 ego
1356 2990 1404 3035 et
1448 2991 1504 3034 tu
1539 2997 1703 3035 unum
1740 2998 1830 3035 su-

246 3095 391 3144 mus,
421 3078 494 3131 ita
528 3086 573 3131 et
608 3076 694 3130 isti
730 3077 786 3129 in
831 3074 974 3128 nobis
1014 3090 1173 3127 unum
1198 3072 1298 3126 sint
1326 3070 1507 3144 (Joan.
1544 3072 1722 3144 xvnt).
1758 3070 1827 3126 Et

1936 1895 2136 1949 bimini.
2175 1898 2239 1951 Et
2261 1906 2383 1967 post
2410 1914 2583 1966 pauca
2612 1917 2624 1952 :
2661 1901 2784 1954 Non
2814 1906 3122 1973 sequamini,
3156 1907 3349 1976 inquit,
3395 1927 3511 1963 ven-

1934 1987 2189 2057 triloquos
2212 2003 2230 2040 :
2259 2004 2351 2041 nec
2388 1988 2755 2059 adjungamini
2781 1993 2849 2045 ad
2875 1996 3250 2063 incantatores,
3308 2010 3363 2052 ut
3388 2017 3510 2053 con-

1934 2080 2259 2132 taminemini
2288 2080 2353 2132 ab
2380 2082 2475 2133 eis.
2527 2080 2639 2150 Ego
2666 2082 2921 2137 Dominus
2965 2085 3108 2139 Deus
3158 2099 3322 2141 vester
3365 2089 3509 2160 (Leu.

1935 2168 2073 2241 xxx).
2122 2169 2237 2224 Non
2268 2170 2382 2224 vult
2410 2170 2552 2225 Deus
2600 2173 2874 2228 auditores
2903 2192 3001 2230 nos
3034 2176 3150 2230 licri
3181 2187 3234 2232 et
3276 2180 3513 2248 discipu-

1933 2260 2014 2315 los
2040 2262 2360 2315 dmmonum.
2394 2262 2581 2332 Neque
2612 2264 2739 2327 vult,
2774 2275 2832 2319 ut
2877 2267 2921 2320 si
2950 2268 3077 2336 quid
3120 2270 3369 2326 volumus
3397 2273 3511 2327 dis-

1933 2367 2078 2418 cere,
2112 2352 2386 2406 discamus
2415 2367 2447 2405 a
2474 2352 2828 2407 (immunibus.
2862 2354 3052 2410 Melius
3082 2367 3164 2410 est
3192 2359 3333 2411 enim
3358 2360 3511 2429 igno-

1933 2456 2057 2496 rare
2101 2458 2261 2510 quam
2305 2458 2334 2496 a
2390 2444 2723 2498 daemonibus
2775 2446 3006 2500 discere.
3038 2447 3103 2501 Et
3135 2449 3326 2503 melius
3370 2461 3511 2505 csta

1931 2531 2206 2600 prophetis
2263 2531 2494 2597 discere,
2522 2548 2682 2602 quam
2722 2548 2751 2587 a
2792 2535 2988 2590 divinis
3018 2537 3309 2606 inquirere.
3360 2540 3515 2595 Divi-

1932 2621 2079 2675 natio
2108 2622 2274 2688 enim,
2306 2630 2363 2676 ut
2385 2624 2603 2697 quidam
2633 2633 2842 2693 putant,
2884 2628 3143 2683 divinitus
3183 2630 3362 2696 datur,
3411 2633 3509 2686 sed

1931 2713 2103 2784 magis
2154 2722 2213 2767 ut
2256 2716 2386 2769 mihi
2435 2716 2647 2770 videtur
2671 2732 2769 2786 per
2798 2720 3176 2788 antiphrasim,
3211 2724 3264 2777 id
3294 2733 3396 2790 est,
3442 2740 3512 2780 es

1931 2805 2227 2871 contrario,
2276 2822 2469 2861 nomen
2497 2810 2725 2878 accepit,
2764 2813 2916 2880 quasi
2971 2829 3090 2882 qua:
3128 2829 3225 2883 per
3260 2815 3509 2874 homines

1931 2894 2176 2949 dmmone
2217 2897 2450 2966 repletos
2485 2898 2597 2952 liat.
2651 2898 2755 2953 Sed
2790 2902 3066 2970 gentilium
3112 2905 3246 2960 ritus
3270 2907 3512 2961 divinum

1930 2987 2103 3040 credit
2150 3002 2309 3041 omne
2361 2990 2503 3058 quod
2552 2990 2912 3060 qualicunque
2967 2994 3157 3063 spiritu
3208 2996 3507 3066 profertur.

1930 3075 2040 3132 Nos
2061 3086 2237 3131 tanien
2268 3077 2399 3132 nihil
2429 3079 2496 3133 ab
2525 3079 2610 3134 his
2637 3081 2844 3137 discere
2867 3082 3198 3154 Deusjubet,
3224 3102 3290 3140 ne
3311 3086 3511 3143 elIicia-

249 3172 376 3224 ideo
420 3166 612 3223 similis
651 3164 819 3236 gloria
868 3163 1081 3218 dabitur
1115 3162 1319 3227 lsraeli,
1359 3162 1501 3216 sicut
1535 3169 1618 3215 est
1654 3160 1824 3233 gloria
1853 3173 1897 3235 ρ
1930 3183 2054 3222 mur
2109 3176 2389 3222 consertes
2442 3170 2705 3238 ipsorum,
2748 3180 2803 3226 et
2834 3173 3176 3229 ineurramus
3206 3177 3257 3230 in
3287 3192 3349 3231 ea
3387 3194 3512 3248 quae

248 3259 552 3316 unieornis.
580 3256 812 3311 Maxime
842 3271 965 3311 cum
1002 3253 1403 3309 transformabil
1431 3269 1628 3323 corpus
1653 3252 1830 3308 humi-

247 3351 428 3406 litatis
449 3358 667 3414 nostrte,
689 3345 966 3403 eonforme
989 3346 1199 3415 corpori
1227 3344 1408 3415 gloriae
1431 3360 1564 3410 sum,
1589 3360 1695 3398 non
1721 3343 1828 3398 erit

249 3440 542 3513 auguratio
588 3440 643 3493 in
683 3437 873 3502 Jacob,
919 3451 1095 3506 neque
1138 3434 1400 3489 divinatio
1445 3433 1499 3487 in
1543 3430 1729 3487 Israel.
1768 3429 1827 3485 In

248 3543 500 3602 tempore
540 3529 753 3585 dicetur
797 3528 864 3583 ad
910 3525 1075 3581 Jacob
1114 3533 1171 3579 et
1211 3521 1375 3578 Israel
1417 3522 1545 3591 quid
1580 3521 1827 3592 perﬁciat

250 3623 423 3679 Deus.
454 3621 620 3693 igitur
642 3620 894 3692 quoniam
929 3618 1101 3673 visum
1131 3624 1215 3672 est
1242 3616 1404 3669 etiam
1431 3613 1738 3683 diligentius
1760 3612 1829 3665 de

247 3711 483 3785 singulis
506 3711 805 3782 quibusque
829 3709 1116 3771 discutere,
1143 3721 1247 3760 non
1275 3705 1567 3758 absurdum
1589 3702 1635 3755 si
1664 3702 1827 3755 etiam

247 3806 385 3876 quid
426 3805 498 3859 sit
533 3802 811 3874 auguratio
837 3800 922 3856 vel
971 3799 1251 3864 divinatio,
1278 3810 1439 3866 quam
1474 3794 1688 3864 quidem
1719 3792 1832 3863 pla-

248 3896 367 3951 cuit
391 3892 685 3962 Scripturze
712 3901 1162 3953 commemorare,
1197 3885 1263 3940 de
1309 3884 1395 3939 his
1436 3897 1503 3937 ne
1539 3882 1661 3952 quis
1691 3882 1830 3936 forte

249 3987 574 4056 ignoranter
626 3981 680 4035 in
732 3981 847 4035 htec
901 3977 1142 4042 incidat,
1191 3974 1551 4043 requiramus.
1605 3970 1831 4025 Videtur

248 4090 385 4148 ergo
412 4073 546 4128 mihi
573 4070 876 4126 futurorum
903 4065 1243 4140 pnescientia
1265 4075 1524 4135 quantum
1551 4063 1620 4117 ad
1656 4063 1829 4132 ipsam

250 4180 371 4222 rem
411 4169 644 4235 spectat,
692 4159 929 4214 medium
956 4157 1213 4230 quiddam
1250 4168 1390 4220 esse,
1418 4153 1470 4208 id
1503 4161 1609 4218 est,
1653 4166 1829 4222 neque

250 4255 475 4326 proprie
512 4251 739 4316 bonum,
776 4261 950 4319 neque
972 4247 1189 4317 proprie
1231 4244 1468 4299 malum:
1495 4242 1832 4313 quandoqui-

251 4347 375 4401 dem
406 4350 590 4416 potest
615 4341 884 4395 interdum
911 4338 1075 4393 etiam
1104 4351 1134 4389 a
1160 4343 1315 4405 parte
1341 4333 1540 4389 diaboli
1564 4332 1631 4386 ad
1657 4331 1829 4386 homi-

251 4451 383 4491 num
424 4432 696 4496 notitiam,
735 4428 1041 4483 futurorum
1068 4425 1251 4479 venire
1287 4422 1648 4495 praescientia.
1698 4418 1829 4474 Sine

251 4527 420 4583 dubio
448 4532 632 4578 autem
672 4536 796 4575 eum
823 4528 1033 4588 tempus
1053 4526 1109 4571 et
1126 4514 1503 4585 opportunitas
1536 4510 1730 4580 poscit,
1773 4516 1828 4563 et
1853 4507 1906 4566 D

251 4618 509 4674 voluntas
537 4614 634 4668 Dei
656 4611 839 4676 fuerit,
869 4610 1027 4664 datur
1051 4607 1218 4662 etiam
1245 4621 1275 4659 a
1305 4604 1416 4658 Deo
1444 4611 1499 4656 et
1525 4601 1826 4672 prophetia,

250 4706 569 4764 hominibus
609 4701 968 4773 prrescientia.
1018 4699 1085 4753 Et
1134 4697 1255 4752 ideo
1292 4695 1547 4758 diximus,
1576 4692 1702 4761 quia
1736 4705 1833 4746 ne-

250 4813 362 4870 que
407 4795 630 4868 preprie
678 4794 878 4848 bonum
916 4790 1022 4845 dici
1050 4796 1226 4858 potest
1279 4784 1421 4855 quod
1468 4782 1751 4851 aliquando
1800 4796 1831 4835 a

254 4891 401 4946 malo
429 4888 598 4953 venit,
627 4899 803 4955 neque
834 4883 1046 4954 proprie
1083 4880 1284 4935 malum
1309 4878 1455 4947 quod
1481 4874 1766 4944 aliquando
1800 4888 1831 4927 a

255 4981 370 5037 Deo
390 4979 695 5036 descendit.
724 4975 856 5031 Nam
882 4981 936 5029 et
968 4974 1023 5027 in
1050 4972 1189 5027 libro
1217 4969 1421 5039 Regum
1448 4965 1754 5021 sacerdotes
1777 4970 1834 5017 et

256 5073 429 5128 divini
466 5070 856 5139 allophylorum
878 5067 945 5120 de
966 5062 1288 5119 remittenda
1319 5074 1443 5113 arca
1468 5055 1585 5121 Dei,
1627 5056 1697 5110 ob
1722 5053 1835 5124 pla-

257 5182 383 5238 gam
428 5180 552 5234 qua:
580 5163 658 5217 eis
700 5169 982 5231 prepterea
1013 5161 1287 5217 evenerat,
1322 5150 1613 5206 divinando
1651 5148 1834 5202 consi-

259 5257 395 5309 lium
421 5253 709 5316 dederunt,
735 5261 797 5305 ut
831 5248 1083 5304 adhibitis
1101 5244 1284 5298 vaccis
1307 5242 1544 5311 plaustro
1583 5254 1745 5303 novo,
1780 5240 1841 5291 in

261 5358 470 5402 terrain
501 5342 637 5398 Juda
667 5343 1048 5412 dirigerentur.
1092 5337 1189 5391 Est
1224 5350 1354 5405 ergo
1388 5332 1477 5387 tali
1505 5333 1747 5401 quadam
1780 5330 1834 5383 in

262 5435 569 5492 ministerio
591 5432 930 5505 pmscientia
967 5429 1209 5499 operatio
1237 5427 1556 5486 damonum,
1594 5437 1715 5491 qum
1744 5438 1836 5476 ar-

262 5530 412 5583 tibus
446 5526 765 5596 quibusdam
793 5524 861 5578 ab
886 5523 971 5578 bis
991 5523 1082 5593 qui
1112 5537 1171 5577 se
1205 5518 1536 5576 daemonibus
1562 5517 1835 5586 mancipa-

264 5628 465 5674 verunt
503 5617 791 5687 colligitur,
837 5630 977 5669 nunc
1012 5629 1109 5683 per
1149 5629 1240 5669 eas
1269 5627 1404 5683 quas
1452 5619 1625 5665 sortes
1666 5610 1839 5663 nomi-

267 5721 426 5769 naut,
480 5725 619 5763 nuuc
672 5723 764 5777 per
804 5723 865 5759 ea
906 5721 1024 5774 qua:
1088 5704 1309 5775 auguria
1358 5702 1649 5774 appellant,
1698 5715 1839 5761 nunc

1928 3258 2098 3314 Isaias
2124 3259 2255 3313 dicit
2288 3272 2302 3312 :
2336 3257 2403 3312 Et
2432 3259 2787 3314 humiliantur
2810 3263 2861 3315 in
2886 3274 3079 3331 terram
3107 3267 3258 3319 verba
3289 3276 3378 3320 tua
3408 3284 3428 3323 :
3457 3280 3511 3323 et

1929 3365 2194 3404 sermones
2225 3350 2304 3402 tui
2326 3350 2422 3403 sub
2456 3360 2648 3404 terram
2673 3352 3037 3422 demerguntur
3060 3372 3077 3419 ;
3102 3365 3147 3409 et
3174 3360 3271 3410 erit
3295 3375 3390 3412 rox
3416 3368 3511 3414 tua

1928 3443 2065 3496 sicut
2118 3442 2374 3515 loquentis
2398 3443 2462 3496 de
2485 3452 2645 3508 terra,
2694 3454 2742 3497 et
2791 3444 2859 3497 ad
2898 3444 3068 3499 solum
3098 3463 3195 3501 rex
3232 3459 3324 3502 tua
3360 3450 3511 3514 in/ir-

1928 3538 2159 3592 mabitur
2184 3533 2317 3605 (Isa.
2343 3531 2517 3602 xxxx).
2547 3531 2774 3600 Propter
2796 3534 2897 3588 hoc
2931 3543 2986 3588 et
3030 3536 3172 3589 Deus
3203 3546 3386 3592 noster
3421 3539 3512 3594 .le-

1928 3642 2022 3681 sus
2075 3639 2180 3679 non
2233 3622 2485 3692 dignatur
2522 3637 2552 3674 a
2592 3622 2925 3676 dmmonibus
2968 3625 3213 3692 accipere
3268 3630 3512 3683 testimo-

1931 3718 2104 3780 nium,
2139 3714 2234 3769 sed
2280 3714 2401 3767 ait:
2438 3710 2746 3766 Obmutesce
2789 3721 2837 3764 et
2882 3713 2965 3765 cxi
3006 3713 3068 3765 ub
3099 3730 3158 3766 eo
3207 3714 3357 3785 (Luc.
3409 3717 3506 3788 iv).

1931 3806 2101 3874 Quem
2128 3803 2403 3877 apostolus
2423 3819 2555 3859 suus
2569 3803 2768 3858 Paulus
2791 3803 3052 3857 imitatur.
3077 3804 3287 3866 Dolens.
3314 3807 3514 3876 inquit,

1930 3896 2200 3951 convertit
2248 3909 2330 3959 se,
2361 3902 2415 3949 et
2440 3894 2514 3948 ait
2563 3893 2773 3964 spiritui
2807 3894 3097 3965 pythonis:
3134 3892 3393 3967 Pra’t‘ipio
3419 3899 3515 3952 tibi

1929 3988 1984 4042 in
2006 3987 2212 4041 nomine
2229 3984 2359 4041 Iesu
2381 3985 2597 4051 Christi,
2619 3985 2823 4040 discede
2845 3985 2908 4039 ab
2936 4003 2996 4039 ea
3019 3987 3155 4057 (Act.
3179 3988 3257 4051 x).
3284 3988 3511 4060 Propter

1930 4083 2028 4136 hoc
2071 4090 2193 4153 erg‘o
2222 4098 2324 4135 non
2348 4082 2465 4146 erit,
2512 4080 2704 4149 inquit,
2752 4080 3033 4148 auguratio
3060 4080 3113 4132 in
3135 4079 3320 4143 Jacob,
3348 4100 3512 4153 neque

1930 4173 2181 4232 divinatio
2208 4172 2262 4227 in
2284 4170 2472 4225 Israel.
2502 4170 2608 4224 Sed
2638 4169 2768 4239 quid
2795 4170 2880 4224 his
2899 4169 3146 4222 additur?
3167 4169 3233 4222 In
3260 4179 3506 4240 tempore,

1932 4264 2131 4333 inquit,
2182 4264 2387 4316 dicetur
2419 4260 2585 4314 Iacob
2608 4270 2654 4313 et
2686 4259 2900 4324 Israeli,
2941 4260 3065 4330 quid
3090 4259 3320 4329 perﬁciet
3344 4259 3506 4315 Deus.

1931 4354 2068 4422 Quid
2110 4362 2215 4417 est,
2256 4354 2310 4406 in
2339 4364 2566 4422 tempore
2608 4351 2811 4403 dicetur
2834 4351 2860 4403 ?
2896 4350 3029 4405 Cum
3066 4358 3281 4419 oportet
3307 4359 3360 4403 et
3385 4367 3508 4405 cum

1932 4446 2171 4516 expedit,
2195 4444 2297 4498 hoc
2324 4452 2423 4503 est,
2476 4443 2528 4496 in
2555 4451 2818 4511 tempore.
2860 4440 2915 4495 Si
2960 4456 3088 4509 ergo
3126 4441 3342 4509 expedit
3368 4458 3509 4511 pne-

1932 4550 2155 4591 noscere
2179 4549 2279 4590 nos
2309 4532 2511 4597 futura,
2542 4533 2751 4587 dicetur
2786 4550 2818 4587 a
2844 4532 2952 4586 Deo
2976 4547 3072 4601 per
3101 4533 3388 4601 prophetas
3414 4532 3508 4589 Dei

1930 4644 2030 4699 per
2060 4627 2321 4698 Spiritum
2345 4636 2612 4681 sanctum.
2641 4625 2698 4681 Si
2728 4641 2856 4679 vero
2879 4641 2983 4680 non
3025 4627 3302 4691 dicuntur,
3334 4643 3512 4696 neque

1932 4717 2351 4783 denuntiantur,
2412 4718 2548 4771 scito
2603 4716 2857 4785 quoniam
2920 4731 3024 4770 non
3080 4717 3239 4771 nobis
3292 4718 3510 4787 expedit

1937 4817 2169 4862 ventura
2219 4822 2575 4878 praenoscere.
2618 4806 2769 4872 Quod
2808 4806 2851 4861 si
2898 4807 3098 4861 ideirco
3126 4822 3231 4861 non
3260 4807 3514 4862 dicuntur

1934 4898 2113 4963 nobis,
2140 4898 2265 4967 quia
2294 4897 2434 4952 scire
2463 4897 2618 4951 nobis
2646 4911 2711 4950 ea
2745 4913 2851 4951 non
2893 4898 3109 4966 expedit
3146 4899 3238 4966 qui
3281 4900 3510 4954 diversis

1936 4989 2145 5043 artibus
2187 4997 2240 5043 et
2293 4987 2598 5042 daemonum
2652 4987 3030 5043 invocantibus
3066 4991 3303 5059 gestiunt
3330 4990 3508 5043 futura

1933 5093 2287 5149 praenoscere,
2339 5077 2472 5132 nihil
2501 5078 2644 5133 aliud
2668 5077 2892 5144 faciunt,
2940 5080 3043 5134 nisi
3074 5097 3136 5136 ea
3159 5082 3379 5152 cupiunt
3402 5081 3510 5135 dis-

1934 5187 2080 5236 cere,
2112 5188 2231 5242 qua:
2261 5171 2361 5226 sibi
2387 5171 2528 5226 scire
2560 5187 2665 5226 non
2695 5170 2928 5240 expedit.
2959 5169 3125 5225 Jacob
3146 5181 3325 5226 autem
3352 5169 3509 5223 in'his

1936 5267 2043 5322 dici
2074 5264 2456 5334 intelligendus
2484 5273 2566 5318 est
2592 5265 2769 5320 omnis
2792 5265 2882 5318 cui
2907 5263 3176 5318 luctamen
3205 5269 3289 5315 est
3309 5259 3505 5313 adver-

1939 5373 2031 5412 sus
2072 5357 2405 5427 principatus
2434 5364 2490 5409 et
2532 5363 2847 5424 potestates,
2897 5363 2951 5408 et
2976 5353 3261 5405 adversum
3322 5343 3509 5401 mundi

1933 5450 2097 5521 hujus
2128 5458 2404 5514 rectores;
2438 5454 2493 5501 et
2514 5445 2765 5502 lsraelem
2795 5444 3019 5513 intelligi
3049 5453 3263 5496 onmem
3291 5435 3381 5506 qui
3412 5448 3514 5503 per

1936 5542 2058 5597 lidei
2103 5539 2393 5611 puritatem
2433 5545 2488 5590 et
2525 5534 2842 5590 munditiam
2875 5531 3089 5592 mentis,
3137 5526 3282 5581 videt
3320 5524 3510 5579 Deum.

1935 5631 2040 5686 Sed
2064 5637 2242 5700 potest
2274 5626 2469 5696 aliquis
2509 5626 2691 5680 dicere
2735 5642 2747 5677 :
2779 5622 2836 5677 Si
2883 5638 2914 5676 a
2950 5620 3065 5674 solo
3110 5618 3220 5672 Deo
3259 5617 3517 5673 debemus

1933 5720 2145 5777 discere
2176 5724 2242 5777 de
2275 5720 2491 5784 l‘uturis,
2528 5728 2581 5772 et
2613 5731 2784 5784 neque
2826 5714 3091 5778 divinum,
3136 5725 3309 5780 neque
3348 5724 3513 5779 augu-
