3932 6188
388 284 490 338 745

1035 274 1096 329 B.
1137 271 1390 329 uanam
1430 242 1647 328 metit
1681 265 2000 325 ARClllEP.
2045 263 2354 324 uocum.
2397 262 2680 346 orarium
2722 263 2901 321 PARS
2935 265 2974 320 ι.

3536 266 3644 322 7η

384 411 525 459 rem,
578 405 754 460 neque
791 388 936 444 aliud
964 389 1319 457 quodcunque
1347 386 1539 439 borum
1572 383 1831 454 recipere,
1854 397 1956 436 nec
1983 385 2030 443 Α
2058 380 2279 444 bantur,
2322 377 2675 434 scandalizati
2734 385 2859 431 sunt
2896 387 2952 431 et
2989 376 3245 430 dixerunt
3276 393 3289 426 :
3323 372 3452 439 Quis
3478 390 3648 445 potest

384 487 487 540 iste
531 485 645 554 ipse
684 481 899 551 quidem
946 478 1164 532 Balaam
1213 475 1552 545 recipiendus
1595 488 1626 527 a
1664 473 1818 528 nobis
1852 482 1953 527 est.

385 577 537 631 Unus
584 581 668 628 est
710 572 854 626 enim
903 570 1078 623 exbis
1114 582 1248 637 quos
1280 566 1445 636 recipi
1496 564 1744 635 prohibet
1777 564 1959 618 divina

386 665 672 721 sententia.
700 662 808 716 Sed
836 663 1055 714 adverte
1078 657 1406 726 diligentius,
1432 663 1487 709 ct
1507 662 1780 709 memento
1813 652 1959 723 quod

386 758 439 810 in
471 751 840 822 superioribus
863 748 1108 816 legimus,
1139 745 1226 797 ubi
1251 744 1447 797 dicitur
1471 743 1538 797 de
1561 757 1626 797 eo
1661 742 1787 810 quia
1828 740 1960 809 inje-

384 849 452 901 cit
491 846 745 898 Dominus
786 840 992 895 verbum
1015 853 1168 890 suum
1201 837 1254 888 in
1291 851 1346 887 os
1381 834 1514 903 ejus.
1541 832 1655 887 Non
1684 847 1813 903 ergo
1844 832 1957 885 hch

388 956 528 993 nunc
562 938 628 991 ad
651 935 891 994 Balaam,
923 930 1015 985 sed
1044 944 1074 981 a
1111 928 1274 981 verbo
1304 927 1421 991 Dei,
1474 925 1618 1007 quod
1644 925 1698 978 in
1723 939 1819 978 ore
1840 923 1959 994 ejus

387 1030 618 1099 positum
648 1033 750 1090 est,
806 1023 1053 1078 dicimus.
1103 1018 1215 1073 Nisi
1246 1017 1389 1071 enim
1431 1015 1599 1071 verba
1640 1014 1851 1068 Domini
1875 1028 1960 1068 es—

388 1129 527 1183 sent,
580 1132 687 1170 non
737 1128 800 1168 ea
845 1113 1030 1180 utique
1065 1107 1359 1163 revelasset
1404 1104 1601 1159 famulo
1642 1119 1739 1159 suo
1768 1102 1954 1173 Moysi,

387 1210 476 1279 qui
497 1206 685 1277 procul
710 1204 936 1276 positus,
968 1216 1091 1257 cum
1121 1200 1188 1254 ab
1213 1215 1277 1253 eo
1307 1198 1419 1268 regi
1439 1196 1602 1251 Balac
1624 1197 1956 1258 dicerentur,

386 1309 592 1356 certum
637 1306 721 1352 est
764 1294 907 1365 quod
954 1293 1057 1347 nisi
1088 1307 1117 1345 a
1148 1290 1257 1344 Deo
1307 1289 1408 1343 sibi
1465 1286 1700 1342 revelata
1750 1285 1961 1355 Moyses

388 1392 527 1446 scire
556 1405 662 1443 non
688 1387 892 1458 potuit.
939 1385 1069 1439 Post
1118 1383 1256 1447 haec,
1299 1380 1454 1446 Ecce,
1509 1379 1703 1449 inquit,
1738 1378 1960 1450 populus

388 1482 520 1534 sicut
564 1479 732 1533 lea'na
778 1475 854 1530 vel
884 1473 1088 1529 catulus
1136 1472 1299 1527 leonis
1337 1481 1600 1541 exsurget,
1629 1480 1676 1523 et
1706 1471 1839 1523 sicut
1880 1468 1960 1522 leo

388 1569 688 1625 exsultabit.
739 1568 796 1621 ln
824 1568 908 1621 his
939 1566 1071 1620 mihi
1122 1566 1334 1620 videtur
1361 1562 1743 1619 conﬁdentiam
1780 1560 1958 1632 pepuli

389 1659 694 1714 describere
718 1656 988 1712 credentis
1012 1656 1064 1709 in
1093 1653 1329 1719 Christo,
1364 1664 1419 1709 et
1462 1653 1767 1708 libertatem
1797 1667 1959 1721 quam

2064 471 2385 523 manducare
2404 484 2605 533 carnes,
2623 477 2671 521 et
2686 466 2992 536 sanguinem
3008 466 3176 519 bibere
3198 463 3382 535 (Joau.
3404 470 3514 537 vi)?
3540 470 3648 523 ch

2061 559 2292 629 populus
2322 557 2687 623 Christianus,
2742 556 2974 626 populus
3004 555 3174 609 ﬁdelis
3218 556 3370 609 audit
3399 557 3535 621 hate,
3593 568 3650 614 et

2047 649 2406 718 amplectitur
2433 657 2488 703 et
2513 648 2758 716 sequitur
2782 662 2903 701 eum
2934 646 3027 715 qui
3067 646 3197 700 dicit
3225 660 3239 699 :
3269 645 3389 700 Nisi
3424 648 3649 702 manda-

2062 743 2304 797 caveritis
2327 758 2537 795 carnem
2554 759 2744 806 meam,
2790 751 2838 795 et
2863 741 3093 796 biberitis
3118 745 3427 813 sanguinem
3452 761 3644 808 meum,

2061 849 2166 886 non
2202 831 2454 887 habebitis
2502 833 2662 885 vitam
2719 833 2776 884 in
2822 831 2963 884 vobis
2994 833 3140 902 ipsis.
3175 833 3314 898 Quia
3360 850 3483 889 caro
3535 853 3648 889 mea

2061 938 2176 977 vere
2231 932 2305 975 est
2365 921 2550 987 cibus,
2607 932 2655 974 et
2715 924 2931 992 sanguis
2994 939 3140 976 meus
3194 941 3310 977 vere
3363 935 3439 979 est
3494 935 3650 995 potus

2063 1012 2272 1083 (Ibid).
2300 1013 2366 1067 Et
2392 1013 2576 1083 utique
2602 1014 2694 1083 qui
2721 1013 2835 1068 haec
2848 1013 3081 1078 dicebat,
3105 1015 3419 1070 vulneratus
3441 1027 3526 1071 est
3545 1033 3643 1087 pro

2062 1103 2403 1167 hominibus;
2428 1102 2550 1173 Ipse
2579 1105 2717 1157 enim
2742 1103 3040 1157 vulneratus
3065 1117 3138 1158 es:
3161 1121 3257 1175 pro
3288 1108 3519 1175 peccatis
3544 1124 3641 1160 no—

2058 1193 2180 1245 stris
2196 1191 2247 1264 (I
2250 1210 2329 1246 sa.
2346 1194 2461 1262 Llll)
2472 1233 2486 1258 ,
2501 1193 2643 1246 sicut
2663 1193 2831 1247 Isaias
2846 1194 2993 1248 dicit.
3014 1195 3202 1249 Bibere
3217 1206 3400 1250 autem
3415 1198 3650 1252 dicimur

2064 1282 2389 1352 sanguinem
2413 1280 2638 1347 Christi,
2673 1298 2780 1337 non
2811 1283 2982 1337 solum
3014 1293 3480 1340 sacramentorum
3510 1287 3639 1349 ritu,

2067 1371 2163 1427 sed
2192 1388 2317 1428 cum
2364 1388 2643 1429 sermones
2672 1375 2790 1445 ejus
2819 1376 3132 1446 recipimus,
3188 1378 3243 1430 in
3293 1380 3491 1446 quibus
3539 1380 3648 1432 vita

2065 1465 2331 1529 consistit,
2365 1465 2504 1519 sicut
2526 1475 2581 1520 ct
2611 1467 2726 1536 ipse
2748 1467 2881 1521 dicit
2914 1485 2926 1520 :
2962 1467 3151 1533 Verba,
3180 1485 3297 1539 qua:
3322 1487 3415 1540 ego
3443 1471 3649 1524 locutus

2062 1572 2198 1621 sum,
2214 1555 2426 1625 spiritus
2438 1565 2485 1609 et
2504 1556 2607 1609 vita
2626 1566 2744 1609 sunt
2763 1556 2943 1627 (Joan.
2962 1558 3058 1627 γι).
3082 1557 3319 1628 Estergo
3340 1560 3457 1628 ipse
3470 1560 3650 1613 vulne-

2064 1655 2237 1711 ratus,
2265 1645 2419 1714 cujus
2448 1661 2545 1701 nos
2568 1646 2881 1716 sanguinem
2916 1646 3170 1711 bibimus,
3204 1647 3258 1701 id
3308 1656 3414 1711 est,
3443 1647 3650 1702 doctri-

392 1750 551 1804 babet
581 1749 635 1802 in
676 1748 797 1810 ﬁde,
850 1754 905 1800 et
940 1745 1353 1799 exsultationem
1388 1758 1547 1814 quam
1578 1743 1717 1814 gerit
1743 1743 1797 1797 in
1842 1757 1956 1810 spe.
1990 1750 2036 1808 Β
2063 1751 2145 1790 nas
2172 1735 2290 1804 ejus
2322 1737 2485 1791 verba
2529 1736 2873 1805 suscipimus.
2932 1735 3038 1790 Sed
3068 1745 3123 1791 et
3165 1737 3242 1790 illi
3289 1739 3649 1793 nihilominus

390 1839 747 1908 Comparatur
798 1837 977 1892 catulo
1018 1836 1188 1890 leonis
1210 1835 1336 1889 dum
1368 1835 1625 1889 tendital
1670 1832 1962 1903 pellectio-

393 1948 514 1986 nem
542 1932 696 1985 hctus
722 1942 777 1984 et
806 1929 981 1983 velox.
1015 1928 1183 1982 Leoni
1225 1942 1354 1981 vero
1383 1925 1675 1989 confertur,
1704 1940 1827 1979 cum
1850 1925 1961 1994 jam

391 2023 598 2076 obtinet
641 2036 760 2091 quae
804 2018 1041 2089 perlecta
1068 2026 1211 2072 sunt.
1258 2016 1410 2100 Siput
1435 2016 1576 2069 enim
1606 2015 1690 2070 leo
1718 2024 1768 2069 et
1797 2015 1963 2070 leiena

394 2112 475 2166 vel
514 2111 724 2166 catulus
773 2110 942 2163 leonis
980 2108 1185 2162 nullum
1233 2107 1454 2171 animal,
1492 2107 1691 2160 nullam
1737 2106 1963 2161 bestiam

395 2203 608 2264 timent,
645 2200 738 2253 sed
762 2208 887 2253 sunt
916 2198 996 2252 eis
1030 2206 1222 2253 cuncta
1255 2197 1515 2265 subjecta,
1546 2196 1621 2250 ita
1647 2205 1701 2251 et
1724 2194 1964 2267 perfecto

393 2292 717 2355 Christiano,
749 2292 838 2360 qui
865 2290 999 2343 tollit
1027 2304 1242 2344 crucem
1270 2304 1442 2352 suam,
1469 2296 1522 2342 et
1543 2286 1787 2357 sequitur
1810 2285 1966 2341 Chri-

394 2390 535 2434 stum
574 2394 588 2432 :
620 2380 708 2447 qui
751 2386 927 2447 potest
981 2377 1160 2432 dicere
1198 2395 1209 2430 :
1246 2376 1377 2429 Mihi
1424 2375 1648 2429 mundus
1682 2364 1965 2442 cruciﬁaui

396 2480 469 2523 est
511 2478 555 2521 et
586 2485 678 2536 ego
715 2467 904 2519 minuto
942 2465 1095 2537 ’(Gal.
1149 2465 1244 2538 vi),
1297 2474 1491 2520 cuncta
1544 2463 1783 2533 subjecta
1818 2473 1963 2527 sunt,

396 2569 589 2613 cuncta
615 2558 908 2611 calcantur.
952 2557 1187 2626 Despicit
1215 2556 1358 2610 enim
1381 2564 1435 2609 et
1458 2554 1758 2610 contemnit
1785 2554 1965 2608 omnia

395 2664 515 2716 ipse
545 2647 598 2700 in
628 2648 729 2701 hoc
761 2647 957 2700 numdo
986 2655 1131 2710 sunt,
1174 2653 1229 2700 et
1267 2645 1508 2700 imitatur
1534 2661 1657 2700 eum
1685 2645 1775 2714 qui
1803 2643 1882 2698 leo
1904 2645 1968 2698 de

396 2737 531 2789 tribu
563 2736 706 2789 Juda
750 2746 797 2789 et
824 2736 1027 2789 catulus
1074 2735 1237 2789 leonis
1258 2736 1469 2789 dicitur.
1526 2734 1663 2802 Quia
1688 2734 1828 2790 sicut
1855 2736 1969 2806 ipse

399 2825 487 2878 lux
522 2834 604 2880 est
627 2827 828 2888 mundi,
882 2834 936 2880 et
962 2826 1238 2896 discipulis
1268 2827 1380 2882 suis
1412 2827 1556 2882 dedit
1582 2838 1640 2883 ut
1669 2838 1723 2883 et
1752 2829 1852 2901 ipsi
1881 2845 1968 2884 es—

399 2926 518 2970 sent
553 2917 642 2970 lux
690 2918 894 2983 mundi,
947 2923 1019 2971 ita
1044 2927 1097 2972 et
1126 2934 1247 2972 cum
1300 2918 1415 2988 ipse
1454 2919 1525 2974 sit
1566 2919 1649 2976 leo
1677 2929 1732 2976 et
1757 2920 1967 2977 catulus

401 3006 593 3070 leonis,
626 3008 790 3061 etiam
828 3006 1171 3061 credentibus
1192 3008 1243 3061 in
1271 3024 1347 3073 se,
1377 3024 1571 3063 nomen
1602 3010 1773 3068 leonis
1798 3020 1854 3065 et
1878 3026 1968 3065 ca-

2066 1825 2331 1881 vulnerati
2368 1835 2512 1892 sunt,
2558 1827 2650 1897 qui
2681 1827 2836 1881 nobis
2864 1827 3086 1881 verbum
3112 1826 3226 1896 ejus
3249 1830 3645 1897 przedicarunt.

2067 1914 2136 1969 Et
2161 1915 2398 1984 ipsorum
2423 1915 2588 1980 enim,
2619 1914 2981 1984 apostolorum
3009 1916 3123 1985 ejus
3144 1919 3304 1971 verba
3356 1935 3482 1973 cum
3522 1920 3654 1990 legi-

2067 2019 2209 2071 mus,
2246 2013 2302 2060 et
2349 2005 2515 2060 vitam
2552 2020 2619 2059 ex
2662 2006 2743 2060 eis
2793 2007 3197 2077 consequimur,
3244 2009 3653 2067 vulneratorum

2067 2096 2383 2167 sanguinem
2413 2097 2663 2152 bibimus.
2716 2096 2840 2152 Non
2870 2115 3015 2170 ergo,
3046 2099 3239 2168 inquit,
3272 2100 3525 2167 dormiet,
3559 2104 3655 2156 do-

2068 2204 2160 2241 nec
2196 2187 2433 2242 comedat
2462 2187 2717 2257 prtedum.
2751 2187 2857 2243 lste
2884 2188 3030 2243 enim
3059 2189 3308 2260 populus,
3351 2193 3443 2260 qui
3471 2195 3655 2247 catulo

2068 2277 2236 2332 leonis
2287 2276 2373 2332 vel
2399 2276 2537 2331 leoni
2562 2288 2928 2347 comparatur,
2965 2294 3071 2332 non
3106 2280 3350 2350 quiescet
3389 2299 3488 2338 nec
3529 2286 3658 2338 dor—

2069 2368 2220 2432 miet,
2262 2369 2433 2423 donec
2466 2368 2639 2437 rapiat
2677 2370 2936 2439 praedam,
2971 2370 3023 2423 id
3071 2380 3176 2434 est,
3217 2372 3388 2427 «loncc
3432 2374 3657 2444 diripiat

2070 2475 2294 2530 regnum
2333 2459 2592 2514 cmlorum
2628 2477 2640 2511 :
2675 2462 2803 2530 quia
2854 2478 2887 2514 a
2939 2460 3120 2515 diebus
3155 2461 3383 2517 Joannis
3435 2482 3654 2535 regnum

2070 2547 2313 2602 caelorum
2336 2549 2437 2602 vim
2462 2548 2677 2619 patitur,
2714 2560 2760 2605 et
2792 2551 2890 2604 vim
2920 2550 3167 2619 facientes
3217 2555 3473 2624 diripiunt
3516 2555 3653 2608 illud

2072 2636 2285 2707 (Matth.
2319 2636 2417 2709 xx).
2460 2637 2526 2693 Ut
2558 2646 2740 2693 autem
2764 2639 3067 2695 evidentius
3090 2657 3412 2712 cognoscas,
3443 2646 3558 2699 haec
3587 2647 3656 2700 de

2070 2739 2257 2783 nostro
2270 2728 2466 2807 populo
2484 2729 2576 2798 qui
2594 2730 2648 2783 in
2665 2731 3024 2786 sacramentis
3039 2730 3238 2786 Christi
3255 2733 3658 2791 confmderatus

2068 2828 2156 2873 est
2184 2818 2369 2884 scribi,
2404 2820 2528 2873 audi
2580 2820 2851 2889 quomodo
2880 2830 2936 2875 et
2971 2820 3024 2874 in
3054 2822 3176 2877 aliis
3201 2823 3415 2894 Moyses
3454 2824 3654 2879 similia

2068 2910 2384 2978 pronuntiat
2410 2911 2594 2965 dicens
2624 2929 2636 2941 ·
2660 2911 2918 2982 Butyrum
2945 2912 3096 2966 boum
3129 2932 3191 2967 ac
3213 2914 3296 2969 lac
3317 2918 3511 2983 ovium,
3534 2935 3654 2971 cum

2071 2999 2225 3071 adipe
2253 3017 2508 3070 agnorum
2547 3011 2593 3055 et
2624 3003 2845 3056 arietum
2864 3043 2878 3069 ,
2904 3003 3138 3072 filiorum
3163 3015 3438 3064 taurorum
3467 3019 3513 3064 et
3540 3009 3654 3063 Itir-

400 3097 494 3151 tuli
543 3099 714 3153 leonis
778 3100 1017 3153 ascribit.
1091 3100 1223 3153 Vide
1271 3109 1451 3153 autem
1514 3100 1641 3169 quia
1693 3102 2045 3167 evidenterC
2076 3106 2278 3156 εοναηι,
2310 3107 2427 3144 cum
2464 3092 2618 3163 αάὶρε
2647 3094 3658 3170 renwnlrumﬂm.“sanguinemuvas

398 3201 503 3240 non
535 3188 600 3241 de
629 3187 717 3241 illo
738 3186 827 3256 qui
851 3195 979 3240 tunc
1000 3196 1230 3257 praeerat
1258 3187 1471 3256 populo,
1508 3188 1602 3242 sed
1636 3187 1702 3242 de
1731 3189 1835 3243 hoc
1874 3191 1969 3257 qui

401 3276 613 3331 futurus
643 3286 763 3330 erat
790 3279 893 3331 ista
934 3277 1204 3330 dicuntur.
1237 3276 1328 3329 Ait
1365 3277 1509 3330 enim
1544 3294 1557 3329 :
1591 3276 1728 3331 Ecce
1749 3277 1971 3348 populus

397 3371 531 3424 sicut
576 3368 779 3421 catulus
805 3368 965 3422 leonis
999 3378 1257 3438 exsurget,
1288 3379 1336 3422 et
1370 3370 1503 3422 sicut
1548 3369 1629 3424 leo
1665 3370 1967 3425 exsultabit.

398 3461 849 3514 Exsurrecturum
900 3458 1028 3513 dicit
1072 3458 1346 3528 populum,
1397 3459 1586 3530 utique
1615 3461 1708 3531 qui
1759 3460 1971 3517 futurus

398 3559 538 3607 erat.
576 3549 709 3605 Nam
739 3553 783 3604 si
812 3552 877 3606 de
904 3566 969 3621 eo
1002 3551 1208 3607 diceret
1258 3568 1417 3623 quem
1471 3554 1705 3622 videbat,
1743 3557 1970 3613 dixisset

398 3642 512 3696 sine
562 3641 723 3696 dubio
752 3660 764 3695 :
798 3642 937 3697 Ecce
985 3642 1210 3712 populus
1243 3645 1384 3699 sicut
1406 3646 1620 3701 catulus
1668 3646 1839 3703 leonis
1874 3664 1969 3703 ex-

396 3736 651 3791 surrexit.
685 3734 789 3789 Sed
822 3742 1032 3789 certum
1057 3742 1159 3802 est,
1218 3736 1341 3804 quia
1368 3736 1432 3790 de
1456 3736 1546 3791 illo
1568 3738 1765 3808 populo
1795 3740 1957 3803 dicat,

397 3818 463 3873 de
491 3825 666 3887 quoet
688 3819 742 3872 in
770 3818 888 3871 aliis
913 3817 1172 3887 scriptum
1200 3827 1280 3873 est
1308 3833 1322 3872 :
1356 3819 1425 3872 Et
1457 3821 1841 3875 annuntiabuut
1869 3839 1973 3876 cte-

396 3906 435 3959 li
456 3906 722 3976 justitiam
745 3906 859 3975 ejus
879 3905 1070 3976 populo
1089 3906 1178 3975 qui
1200 3916 1464 3972 nascetur,
1490 3925 1640 3979 quem
1657 3908 1779 3978 fecit
1797 3909 1975 3963 Domi-

397 4012 496 4051 nus
509 3995 681 4069 (Psal.
700 3998 833 4069 χχι).
852 3998 949 4052 Est
962 4013 1090 4069 ergo
1105 3998 1333 4068 populus
1346 3999 1433 4054 hic
1447 4000 1655 4055 catulus
1670 4001 1839 4056 leonis
1851 4018 1973 4057 cmn

400 4087 594 4150 adhuc,
655 4096 905 4158 tanquam
966 4104 1130 4157 nuper
1171 4089 1329 4157 geniti
1370 4082 1622 4159 infantes,
1666 4091 1975 4147 rationabile

398 4186 449 4232 et
489 4180 601 4233 sine
645 4177 766 4231 dolo
820 4177 901 4231 lac
947 4179 1278 4249 concupiunt.
1311 4178 1421 4234 Leo
1453 4187 1631 4235 autem
1676 4181 1973 4248 exsultans,

399 4282 520 4322 cum
549 4267 631 4320 vir
652 4265 895 4331 eﬂ‘cctus,
952 4281 1071 4336 qua:
1095 4267 1302 4337 parvuli
1340 4278 1493 4324 erant
1537 4270 1805 4340 deposuit.
1848 4269 1966 4326 Non

398 4357 630 4411 dormiet
653 4358 821 4412 donec
851 4374 969 4413 com
1005 4359 1095 4413 dat
1117 4360 1375 4429 praedam,
1412 4372 1467 4416 et
1508 4364 1826 4433 sanguinem
1857 4363 1975 4418 vul-

2076 3181 2247 3237 bibent
2281 3183 2453 3237 vinum
2500 3183 2679 3255 (Deut.
2707 3186 2902 3257 xxx").
2930 3186 2997 3240 Et
3027 3188 3115 3242 bic
3141 3204 3270 3261 ergo
3297 3192 3521 3262 sanguis
3564 3192 3660 3263 qui

2073 3276 2384 3331 nominatur
2411 3292 2527 3332 uvte
2574 3277 2737 3343 illius,
2765 3294 2867 3332 uva
2906 3288 3012 3347 est,
3040 3295 3160 3349 qua:
3187 3282 3438 3337 nascitur
3473 3300 3539 3339 ex
3565 3283 3658 3339 illa

2074 3367 2181 3420 vite
2205 3367 2274 3422 de
2309 3383 2415 3438 qua
2452 3367 2702 3425 Salvator
2732 3371 2866 3426 dicit
2894 3389 2907 3424 :
2940 3370 3053 3442 Ego
3084 3390 3200 3427 sunt
3225 3374 3342 3429 ritis
3383 3391 3524 3442 vera,
3548 3376 3660 3430 dis-

2072 3458 2231 3529 cipuli
2267 3475 2384 3513 vero
2425 3459 2686 3531 palmites.
2706 3458 2870 3516 Pater
2898 3474 3071 3516 autem
3102 3465 3339 3535 agricola
3369 3476 3444 3520 est
3471 3468 3654 3540 (Joan.

2074 3549 2186 3621 xv),
2212 3550 2304 3619 qui
2334 3559 2529 3621 purgat
2557 3565 2673 3617 eos,
2720 3560 2779 3606 ut
2825 3552 3059 3607 fructum
3088 3554 3383 3622 plurimum
3399 3555 3653 3611 afferant.

2074 3641 2154 3696 Tu
2183 3657 2311 3715 ergo
2338 3659 2397 3698 es
2417 3658 2577 3699 verus
2602 3643 2832 3715 populus
2859 3644 3044 3711 Israel,
3074 3647 3167 3716 qui
3197 3648 3305 3702 scis
3335 3650 3660 3720 sanguinem

2071 3733 2279 3800 bibere,
2326 3742 2382 3788 et
2434 3735 2579 3790 nosti
2634 3750 2856 3790 carnem
2899 3737 3048 3790 verbi
3091 3736 3188 3792 Dei
3243 3742 3555 3804 comedere,
3604 3751 3663 3797 et

2073 3829 2388 3897 sanguinem
2421 3829 2571 3884 verbi
2599 3829 2825 3895 bibere;
2873 3838 2928 3885 et
2964 3846 3082 3885 uvzn
3131 3833 3450 3903 sanguinem
3490 3835 3655 3901 illius,

2073 3933 2194 3986 quae
2238 3926 2323 3973 est
2366 3934 2434 3973 ex
2482 3935 2610 3975 vera
2661 3921 2791 3985 vite,
2834 3932 2890 3977 et
2930 3938 2997 3977 ex
3024 3922 3131 3978 illis
3159 3925 3497 3994 palmitibus,
3523 3943 3658 3998 quos

2072 4009 2234 4064 Pater
2255 4021 2471 4081 purgat,
2528 4013 2766 4070 haurire.
2818 4014 3059 4081 Quorum
3087 4016 3375 4085 palmitum
3425 4019 3654 4086 fructus,

2074 4100 2477 4156 vulneratorum
2504 4105 2726 4175 sanguis
2752 4106 2946 4159 merito
2975 4107 3184 4161 dicetur
3214 4123 3231 4161 :
3258 4124 3419 4177 quem
3442 4125 3509 4164 es
3540 4127 3660 4167 ver-

2073 4189 2160 4244 bis
2183 4205 2368 4245 eorum
2409 4200 2464 4246 et
2503 4191 2753 4249 doctrina
2780 4194 3033 4261 bibimus,
3080 4196 3125 4250 si
3155 4205 3339 4253 tamen
3372 4202 3547 4256 simus
3600 4212 3659 4256 ut

2076 4280 2238 4335 catuli
2276 4292 2647 4350 exsurgentes.

2145 4371 2296 4426 Dixit
2328 4372 2504 4444 itaque
2524 4373 2689 4429 Balac
2717 4375 2786 4428 ad
2818 4375 3041 4430 Balaam
3062 4395 3081 4432 :
3108 4378 3219 4433 Nec
3248 4379 3559 4439 maledicas.
3590 4384 3660 4439 Et

397 4458 706 4501 neratorum
745 4448 911 4502 bibat.
943 4447 1000 4500 ln
1041 4449 1126 4503 his
1154 4450 1348 4514 verbis,
1392 4453 1515 4520 quis
1562 4453 1636 4507 ita
1671 4454 1777 4508 erit
1805 4454 1974 4509 histo—
1998 4448 2052 4509 D
2075 4460 2163 4515 ille
2193 4477 2211 4515 :
2240 4461 2451 4528 Nonne,
2482 4463 2579 4528 ait,
2603 4463 2715 4518 dixi
2737 4465 2850 4531 tibi,
2892 4467 3029 4537 quod
3065 4468 3320 4539 quidquid
3344 4474 3476 4528 mihi
3518 4475 3658 4530 Deus

400 4535 527 4588 rica:
561 4537 889 4591 narrationis
927 4540 1298 4595 contentiosus
1333 4552 1593 4610 assertor,
1622 4545 1730 4600 imo
1758 4547 1879 4616 quis
1904 4548 1977 4602 ita

399 4624 591 4678 brutus
620 4627 943 4694 invenietur,
999 4630 1089 4697 qui
1121 4646 1228 4684 non
1256 4632 1578 4688 horrescens
1606 4649 1796 4690 sonum
1833 4635 1975 4690 litte-

400 4726 499 4779 1'83,
531 4716 599 4768 ad
625 4717 892 4788 allegoriae
923 4719 1256 4775 dulcedinem
1289 4722 1402 4791 ipsa
1432 4725 1757 4779 necessitate
1784 4726 1973 4780 conlu-

397 4800 551 4872 εἰειιῖ
602 4802 883 4869 Quomodo
941 4810 1085 4864 enim
1115 4811 1217 4865 iste
1244 4812 1471 4883 populus
1504 4822 1612 4867 tam
1661 4814 1967 4883 laudabilis,

401 4900 510 4946 tam
542 4893 877 4964 magniﬁcus,
903 4899 967 4953 de
993 4916 1099 4969 quo
1127 4909 1275 4956 tanta
1303 4905 1569 4972 praeconia
1601 4920 1781 4961 sermo
1813 4907 1971 4962 dinu-

399 4994 591 5051 merat,
627 4986 681 5039 in
727 4986 829 5041 hoc
856 4991 1055 5056 veniet,
1092 5002 1154 5046 ut
1198 4995 1512 5064 sanguinem
1561 4997 1970 5054 vulneratorum

400 5076 566 5143 bibat,
620 5092 741 5132 cum
770 5084 879 5131 tam
921 5081 1111 5137 validis
1135 5087 1440 5153 praeceptis,
1491 5087 1644 5141 cibus
1691 5092 1971 5160 sanguinis

400 5167 773 5233 interdicatur,
801 5169 934 5224 adeo
965 5182 1022 5225 ut
1051 5174 1214 5227 etiam
1246 5189 1345 5229 nos
1379 5176 1468 5244 qui
1500 5192 1566 5230 ex
1595 5180 1842 5248 gentibus
1876 5197 1972 5236 vo-

398 5260 502 5313 cati
533 5276 738 5324 sumus,
772 5263 1081 5317 necessario
1101 5265 1383 5319 videamur
1411 5267 1702 5336 abstinere,
1739 5272 1879 5326 sicut
1902 5273 1971 5325 ab

400 5352 482 5404 his
520 5368 640 5422 quze
668 5353 824 5407 idolis
848 5353 1215 5421 immolantur,
1270 5357 1343 5411 ita
1369 5366 1425 5413 et
1470 5375 1499 5413 a
1529 5362 1833 5431 sanguine?
1883 5365 1972 5418 Di-

400 5450 553 5495 scant
581 5458 708 5514 ergo
740 5460 770 5497 a
800 5444 972 5508 nobis,
1003 5446 1125 5514 quis
1154 5455 1237 5501 est
1263 5447 1361 5502 istc
1392 5449 1635 5518 populus,
1668 5452 1761 5520 qui
1794 5452 1848 5506 in
1872 5467 1970 5506 usu

402 5530 599 5589 habent
631 5537 946 5607 sanguinein
977 5538 1180 5593 bibere.
1236 5539 1360 5595 [Lee
1383 5553 1539 5596 erant
1566 5558 1686 5612 qua:
1710 5545 1763 5598 in
1791 5544 1970 5598 Evan-

397 5622 537 5690 gelia
591 5629 870 5685 audientes
899 5630 949 5684 hi
982 5631 1071 5701 qui
1098 5643 1161 5685 ex
1188 5631 1389 5688 JlltltBlS
1431 5634 1714 5691 Dominum
1765 5651 1955 5708 seque~

2076 4555 2374 4623 imperaret,
2421 4555 2517 4608 hoc
2542 4556 2766 4623 facerem
2789 4558 2814 4609 ?
2845 4557 2913 4610 Et
2934 4559 3006 4611 uit
3039 4558 3204 4614 Balac
3234 4563 3303 4615 ad
3329 4580 3448 4618 eum
3473 4582 3492 4621 :
3530 4566 3659 4621 Veni

2076 4653 2127 4697 et
2163 4645 2354 4699 ducam
2385 4656 2434 4699 te
2474 4646 2545 4698 ad
2583 4645 2749 4700 alium
2794 4647 2988 4715 locum,
3019 4651 3065 4704 si
3108 4652 3244 4720 forte
3270 4655 3476 4723 placeat
3524 4658 3654 4725 Deo,

2075 4743 2131 4786 ut
2166 4734 2287 4789 inde
2319 4733 2602 4789 maledicas
2628 4737 2719 4790 eis.
2755 4737 2888 4792 Cum
2917 4740 3178 4795 eduxisset
3209 4760 3327 4796 eum
3352 4763 3515 4817 super
3542 4765 3656 4802 rer-

2072 4826 2224 4879 ticem
2254 4828 2442 4881 montis
2476 4826 2704 4899 Pltogor,
2744 4831 2835 4900 qui
2867 4833 3070 4901 respicit
3117 4835 3473 4905 solitudinem,
3524 4841 3656 4895 dixit

2074 4916 2123 4970 ei
2137 4915 2395 4972 Balaam:
2418 4918 2652 4988 didi/ica
2674 4922 2799 4975 mihi
2828 4933 3021 4993 septem
3043 4943 3186 4992 aras,
3214 4939 3261 4981 et
3281 4945 3413 4998 para
3437 4934 3652 4987 totidem

2076 5005 2284 5070 vitulos,
2322 5007 2655 5079 ejusdemque
2699 5013 2903 5065 numeri
2947 5014 3156 5067 arietes.
3199 5014 3350 5069 Fecit
3406 5017 3573 5073 Βαίας
3601 5033 3655 5074 ut

2074 5093 2300 5148 Balaam
2333 5096 2558 5164 dixerat,
2610 5100 2957 5173 imposuitque
3014 5105 3200 5159 vitulos
3250 5116 3301 5161 et
3338 5109 3532 5165 arietes
3566 5128 3657 5181 per

2074 5182 2310 5253 singulas
2355 5203 2500 5240 aras.
2529 5187 2718 5244 Infelix
2765 5190 2870 5246 iste
2914 5191 3097 5255 Balac,
3138 5205 3336 5266 putans
3372 5202 3521 5267 quod
3558 5201 3654 5255 Ba-

2077 5272 2221 5330 laam
2248 5275 2449 5343 divino,
2466 5280 2535 5334 ad
2563 5280 2989 5339 maledicendum
3013 5284 3117 5340 loci
3144 5291 3527 5357 opportunitas
3544 5309 3654 5347 ma-

2077 5366 2159 5436 gis
2194 5366 2425 5423 defuerit
2477 5385 2639 5439 quam
2682 5375 2954 5441 voluntas,
3011 5378 3200 5434 utilius
3240 5395 3361 5436 esse
3406 5392 3562 5439 ratus
3607 5385 3648 5439 si

2076 5465 2310 5512 mutaret
2334 5458 2531 5513 locum.
2572 5460 2720 5528 Veni,
2769 5464 2960 5535 inquit,
2988 5477 3036 5521 et
3074 5469 3294 5523 educam
3333 5481 3382 5524 te
3405 5474 3458 5527 in
3490 5474 3646 5527 alium

2076 5548 2267 5615 locum,
2312 5552 2359 5604 si
2383 5551 2549 5623 placet
2591 5554 2720 5619 Deo,
2756 5566 2804 5609 et
2840 5557 3114 5613 maledicas
3135 5577 3256 5614 eum
3302 5562 3443 5617 inde.
3477 5565 3545 5618 Et
3569 5580 3653 5618 as—

2076 5642 2302 5712 sumpsit
2324 5642 2538 5700 Balaam
2566 5647 2621 5701 in
2650 5650 2904 5705 verticem
2925 5651 3124 5706 montis
3148 5651 3382 5726 Phogor,
3413 5656 3507 5726 qui
3538 5665 3649 5711 ten-
