3932 6188
152 256 326 336 es

931 257 1464 320 ENABRATIONES
1502 255 1568 312 IN
1610 253 1864 310 LIBRUM
1907 249 2368 310 NUMEROBUM.
2409 278 2478 290 --
2514 249 2640 304 LIB.
2681 248 2764 304 III.

3377 243 3408 299 ’ἲ
3423 242 3480 298 i6

217 401 303 456 δη
342 397 399 450 in
431 392 728 448 desertum.
762 383 870 439 Eos
895 383 1117 453 quidem
1150 396 1286 451 quos
1314 380 1457 434 Deus
1494 383 1674 437 vocat,
1705 372 1806 424 im—
1833 372 1882 430 Α
1977 369 2132 441 (Car.
2172 368 2345 440 χειν.)
2374 366 2606 436 Cumque
2626 364 2834 456 vidisset
2862 359 3079 416 Balaam
3099 361 3237 432 quod
3261 358 3484 432 placeret

219 489 377 562 ponit
423 499 518 540 eos
547 483 602 536 in
649 478 908 532 verticem
940 474 1142 529 montis
1168 473 1320 527 Sina.
1351 471 1450 525 Hic
1488 475 1670 523 autem
1703 463 1806 515 Ba-

220 557 329 644 lac,
388 577 482 648 qui
533 574 642 627 Deo
692 568 1002 624 contrarius
1054 574 1158 631 εει,
1212 563 1440 634 imponit
1485 560 1708 614 Balaam
1752 557 1806 610 in

218 671 486 728 verticem
513 662 710 719 montis
739 661 974 730 Pbogor.
1004 657 1220 727 Phogor
1261 664 1441 709 autem
1487 652 1810 718 interpreta-

219 775 315 820 tur
359 759 654 816 delectatio.
705 754 764 808 In
805 752 1067 807 verticem
1113 757 1294 803 autem
1343 740 1720 799 delectationis
1757 746 1812 792 et

219 851 469 908 libidinis
506 844 736 916 imponit
772 840 1021 896 homines
1064 839 1164 892 iste
1194 835 1376 890 Balac.
1430 833 1656 887 Amator
1682 841 1812 897 ergo

217 955 314 1001 est
359 927 651 1008 voluptatis
687 933 861 1003 magis
903 945 1067 1001 quam
1093 928 1210 983 Dei.
1241 927 1307 980 Et
1350 924 1555 979 idcirco
1585 918 1812 1008 imponit

218 1049 324 1089 eos
345 1031 400 1084 in
429 1007 797 1083 summitatem
827 1029 886 1074 et
907 1018 1166 1072 verticem
1204 1013 1516 1083 voluptatis,
1545 1020 1605 1064 ut
1635 1007 1816 1063 exclu-

223 1125 322 1178 dat
348 1135 446 1175 eos
474 1119 637 1172 Deus.
677 1111 980 1168 Excludens
1004 1108 1151 1162 enim
1176 1114 1230 1160 et
1258 1103 1524 1158 devoratio
1549 1101 1817 1167 interpre-

227 1224 380 1267 tatur
408 1207 592 1261 Balac.
634 1202 758 1258 Ideo
786 1199 1017 1267 denique
1067 1195 1134 1249 ad
1182 1206 1426 1247 eremum
1477 1188 1652 1242 tendit
1677 1187 1818 1241 Pho-

227 1320 332 1376 εθι-
355 1344 371 1367 ,
403 1301 455 1355 id
482 1305 566 1355 est
587 1337 602 1363 ,
636 1295 705 1350 ad
743 1307 808 1348 ea
855 1305 976 1360 qua:
1001 1299 1182 1343 erema
1205 1291 1352 1348 sunt,
1383 1289 1440 1336 et
1464 1280 1679 1334 deserta
1710 1277 1818 1332 Deo

233 1393 476 1464 negoﬁa.

310 1459 377 1534 lit
409 1478 544 1532 dixit
594 1471 822 1527 Balaam
862 1468 930 1522 ad
955 1464 1121 1520 Balac
1148 1477 1166 1516 :
1195 1463 1450 1518 Construe
1487 1459 1821 1528 mihiseptem

229 1587 381 1632 aras,
423 1577 472 1620 et
504 1565 588 1634 {ac
618 1561 749 1615 mihi
772 1567 962 1628 septem
992 1553 1201 1618 vitulos,
1223 1561 1270 1606 et
1295 1560 1488 1619 septem
1514 1549 1722 1602 arietes.
1753 1545 1821 1599 Et

233 1661 363 1732 fecit
392 1655 558 1712 Balac
595 1653 730 1706 sicut
757 1648 890 1702 dixit
918 1644 1163 1699 Balaam.
1217 1641 1282 1694 Et
1312 1639 1498 1694 obtulit
1529 1636 1753 1732 uitulum
1775 1644 1823 1688 et

1910 459 2136 514 Domino
2165 468 2220 512 ut
2280 456 2597 512 benediceret
2642 451 2855 515 Israeli,
2907 467 3236 521 nequaquam
3270 451 3397 505 abiit
3431 463 3485 506 ut

1910 561 2032 605 ante
2057 559 2379 621 perrexerat,
2422 557 2478 600 ut
2507 545 2790 616 augurium
2833 553 3106 614 qua’reret,
3138 543 3227 596 sed
3252 542 3485 613 dirigens

1857 686 1869 695 .
1912 653 2091 695 con‘ra
2123 641 2383 695 desertum
2415 637 2613 692 vultum
2656 651 2832 698 suum,
2855 643 2902 686 et
2933 632 3106 686 levans
3145 632 3321 686 oculos
3343 651 3488 699 suos,

1913 733 2038 787 vidit
2064 730 2234 785 Israel
2256 730 2312 784 in
2341 727 2575 782 tentoriis
2599 733 3001 780 commorantem
3025 739 3117 792 per
3155 721 3321 776 tribus
3343 740 3490 778 suas.

1913 820 1982 874 Et
2027 822 2254 875 irruente
2279 820 2333 872 in
2367 835 2422 872 se
2469 816 2666 888 spiritu-
2755 814 2874 878 Dei,
2913 824 3182 884 assumpta
3231 814 3488 884 parabola

1913 930 2031 978 sua,
2061 913 2156 966 ait.
2183 911 2514 980 Requiratur
2536 908 2768 963 fortasse
2796 906 2940 960 unde
2969 907 3105 960 vidit
3130 905 3348 959 Balaam
3370 907 3495 974 quia

1915 1002 2113 1056 bonum
2159 1009 2243 1054 cst
2272 1001 2324 1054 in
2355 1007 2650 1068 conspectu
2691 994 2902 1051 Domini
2942 994 3263 1050 benedicere
3307 993 3494 1057 Israel,

1916 1101 1971 1147 et
1998 1092 2278 1162 putabitur
2305 1107 2374 1145 ex
2403 1088 2687 1145 sacriﬁciis
2730 1087 3062 1143 intellexisse
3091 1101 3210 1155 quae
3253 1085 3498 1140 immola—

1917 1192 2090 1238 verat.
2145 1182 2246 1238 Ubi
2299 1182 2442 1237 enim
2482 1183 2618 1236 vidit
2669 1180 2876 1234 nullum
2919 1180 3115 1234 adesse
3151 1179 3500 1244 daemonium,

1918 1275 2116 1330 nullam
2147 1275 2474 1330 contrariam
2499 1280 2825 1343 potestatem
2851 1270 3085 1324 victimis
3107 1270 3220 1324 suis
3247 1269 3506 1324 assistere

1919 1366 2228 1432 audentem,
2260 1365 2511 1420 exclusos
2550 1379 2671 1419 esse
2717 1377 2906 1417 omnes
2947 1360 3168 1414 malitiae
3199 1361 3500 1424 ministros,

1920 1459 2118 1522 quibus
2141 1459 2220 1512 uti
2257 1458 2324 1512 ad
2366 1455 2793 1512 maledicendum
2841 1452 3068 1519 solebat,
3104 1454 3279 1523 potuit
3320 1469 3389 1508 ex
3425 1454 3508 1508 his

1922 1549 2250 1606 intellexisse
2285 1549 2411 1619 quia
2441 1551 2641 1604 bonum
2683 1554 2830 1602 esset
2877 1546 2931 1600 in
2959 1556 3249 1615 conspectu
3291 1545 3385 1598 Dei
3417 1545 3508 1599 be-

1926 1640 2180 1696 nedicere
2229 1639 2414 1694 Israel.
2465 1639 2578 1710 Ego
2620 1646 2802 1691 tamen
2858 1626 3033 1706 magis
3080 1634 3210 1688 illud
3246 1634 3507 1704 intelligo,

231 1713 458 1803 arietem
485 1759 640 1813 super
664 1755 834 1794 aram.
864 1737 1067 1806 Aperta
1094 1732 1311 1802 quidem
1338 1727 1581 1798 Apostoli
1606 1735 1825 1781 senten-
1853 1713 1900 1771 Β
1928 1731 2072 1800 quod
2113 1730 2342 1801 populus
2384 1729 2473 1785 ille
2513 1729 2604 1798 qui
2654 1735 2814 1782 natus
2859 1734 2962 1791 est,
3014 1733 3070 1780 et
3114 1724 3190 1778 illi
3232 1725 3510 1813 doctores,

175 1829 198 1842 “
237 1840 321 1894 tia
353 1844 441 1892 est
468 1832 736 1888 dicentis:
773 1827 905 1894 Qua:
929 1824 1066 1879 enim
1088 1820 1420 1888 sanctiﬁcant
1467 1825 1660 1888 gentes,
1713 1815 1826 1868 da:-

235 1928 437 1984 moniis
455 1935 505 1978 et
534 1939 638 1976 non
657 1920 770 1974 Deo
813 1914 1120 1984 sacriﬁcant
1145 1910 1195 1983 (1
1222 1908 1343 1964 Cor.
1373 1907 1452 1979 χ).
1482 1906 1590 1962 Sed
1621 1913 1675 1959 et
1697 1903 1831 1959 Pro-

237 2019 411 2091 pheta
438 2012 689 2070 similiter
737 2009 914 2064 dicit:
952 2003 1395 2072 Sacriﬁcaverunt
1439 1997 1733 2062 dwmoniis,
1780 2005 1829 2052 et

245 2087 354 2154 non
390 2097 498 2151 Deo
528 2096 682 2166 (Bar.
702 2093 800 2164 tv).
821 2092 1022 2146 Tamen
1051 2091 1306 2161 quoniam
1347 2096 1401 2143 et
1424 2087 1508 2144 lex
1529 2087 1618 2142 Dei
1641 2089 1706 2143 de
1732 2102 1827 2143 sa-

247 2190 476 2246 criﬁciis
507 2186 750 2256 prazcipit
777 2193 832 2240 et
860 2185 1024 2239 ritum
1041 2181 1385 2238 sacriﬁcandi
1407 2177 1711 2235 traditﬁliis
1740 2177 1824 2233 Is-

248 2281 389 2345 rael.
411 2280 718 2350 requiratur
732 2276 979 2331 fortassis
997 2290 1094 2329 cur
1111 2275 1229 2328 [nec
1241 2287 1362 2328 cum
1379 2271 1660 2326 daemoniis
1676 2269 1830 2323 dica-

252 2385 308 2430 ta
330 2373 638 2436 videantur,
664 2369 824 2424 etiam
851 2366 958 2421 Deo
975 2366 1266 2436 iubeantur
1282 2362 1484 2418 offerri.
1504 2362 1564 2415 Et
1581 2360 1692 2416 erit
1706 2358 1829 2428 qui-

257 2465 380 2518 dem
409 2461 636 2531 simplex
663 2474 718 2513 et
740 2459 850 2513 cita
873 2456 1189 2526 responsio:
1217 2463 1274 2507 ut
1295 2452 1752 2522 quemadmodum
1773 2450 1828 2504 in

253 2557 382 2610 aliis
399 2552 757 2615 ostendimus,
781 2548 926 2619 quod
953 2546 1192 2602 libellum
1227 2543 1433 2613 repudii
1454 2543 1570 2597 dari
1592 2557 1702 2596 non
1735 2539 1826 2594 Dei

257 2647 561 2701 voluntatis
582 2643 700 2706 fuit,
721 2639 974 2712 quiquod
995 2637 1355 2707 conjunxerat
1371 2634 1542 2688 noluit
1562 2631 1824 2701 separari,

253 2746 354 2793 sed
380 2737 591 2807 Moyses
607 2719 720 2789 haec
737 2732 951 2804 proprie
974 2729 1040 2784 ad
1056 2727 1310 2782 duritiam
1328 2724 1508 2779 cordis
1522 2721 1832 2777 Judazorum

257 2831 485 2900 ss-ripsit
515 2829 695 2900 (Deut.
730 2823 903 2894 xuv),
947 2823 1019 2877 ita
1044 2821 1210 2875 etiam
1235 2820 1300 2872 de
1327 2817 1428 2871 hoc
1453 2815 1622 2868 videri
1653 2826 1834 2882 posse,

256 2927 391 2994 quia
414 2923 555 2978 Deus
581 2921 720 2976 sicut
743 2934 838 2989 per
858 2915 1022 2970 alium
1047 2911 1364 2982 prophetam
1388 2908 1540 2973 dicit,
1565 2923 1666 2960 nou
1686 2921 1836 2958 man-

256 3023 423 3072 ducat
448 3031 629 3071 carnes
654 3022 949 3074 taurorum,
972 3022 1064 3060 nec
1081 3005 1342 3058 hircorum
1366 3001 1674 3070 sanguinem
1692 3005 1838 3065 potat

259 3109 438 3180 (Psal.
476 3105 623 3173 stu)
647 3120 661 3170 ;
690 3111 745 3158 et
768 3101 908 3156 idem
935 3105 995 3152 ut
1013 3095 1138 3151 alibi
1171 3094 1432 3162 scriptum
1453 3099 1557 3154 cst,
1584 3088 1708 3157 quia
1735 3101 1838 3140 non

260 3201 520 3255 mandari
560 3199 654 3251 tibi
700 3195 764 3248 de
791 3191 1073 3261 sacriﬁciis
1123 3195 1174 3242 et
1228 3185 1468 3247 victimis,
1504 3183 1560 3236 in
1609 3182 1694 3234 die
1730 3195 1834 3248 qua

259 3295 427 3347 eduxi
459 3301 508 3343 te
533 3291 597 3342 de
616 3297 755 3341 terra
787 3283 1005 3353 Egypti
1028 3278 1085 3352 (Ι
1092 3296 1167 3334 er.
1205 3277 1337 3348 vlt);
1367 3274 1458 3330 sed
1478 3275 1690 3344 Moyses
1724 3273 1838 3325 Itmc

255 3373 330 3427 ad
354 3371 613 3426 duritiam
645 3367 824 3422 cordis
847 3381 1032 3422 eorum
1058 3381 1159 3435 pro
1187 3362 1577 3419 consuetudine
1608 3363 1844 3433 pessima

256 3479 370 3534 qua
414 3461 604 3517 imbuti
646 3459 861 3513 fuerant
885 3459 939 3512 in
983 3455 1239 3528 Egypto,
1271 3454 1607 3510 mandaverit
1647 3455 1746 3520 eis,
1787 3461 1847 3510 ut

259 3553 360 3624 qui
393 3551 666 3605 abstinere
718 3561 909 3602 senon
941 3552 1166 3615 possunt
1217 3545 1285 3598 ab
1332 3543 1684 3609 immolando,
1735 3543 1847 3597 Deo

263 3645 461 3700 saltem
494 3650 548 3696 et
570 3657 677 3695 non
708 3639 988 3694 daemoniis
1016 3637 1382 3691 immolarent.
1427 3636 1732 3692 Videndum
1761 3643 1846 3688 ta-

263 3750 392 3791 men
417 3741 524 3798 est,
554 3747 624 3786 ne
671 3730 812 3784 forte
854 3729 926 3782 sit
955 3728 1132 3796 aliqua
1164 3725 1504 3780 sacriﬁcandi
1531 3725 1640 3778 Deo
1667 3725 1847 3778 occul-

265 3828 379 3881 tior
405 3840 470 3878 ac
514 3821 776 3878 secretior
807 3820 964 3886 ratio,
997 3834 1066 3872 ne
1112 3816 1270 3880 forte,
1303 3817 1544 3885 inquam,
1581 3816 1848 3870 sacriﬁcia

267 3932 394 3988 quae
422 3915 534 3968 Deo
560 3912 814 3976 offerunt,
843 3911 911 3964 ad
951 3907 1352 3964 distinctionem
1380 3907 1510 3960 ﬁant
1537 3922 1727 3961 eorum
1765 3923 1850 3962 sa-

267 4006 604 4061 criﬁciorum
659 4017 778 4070 quae
824 3999 1155 4054 dasmonibus
1209 3995 1572 4060 immolantur,
1621 4005 1680 4049 ut
1723 3997 1849 4065 quia

269 4111 370 4165 per
399 4094 487 4148 illa
509 4091 859 4145 vulnerantur
889 4088 1106 4151 animae,
1136 4101 1233 4155 per
1273 4087 1375 4141 ista
1403 4095 1680 4150 sanentur,
1712 4087 1851 4141 sicut

273 4186 330 4239 bi
357 4183 683 4238 conﬁrmant
717 4179 811 4249 qui
845 4177 1127 4232 medicina:
1171 4176 1421 4245 peritiam
1466 4185 1680 4245 gerunt.
1726 4175 1852 4231 Ser-

274 4283 496 4344 pentum
542 4283 774 4337 namque
825 4280 1035 4320 vcnena
1064 4263 1255 4333 depelli
1302 4263 1651 4320 nihilominus
1690 4266 1853 4320 sectis

1931 1821 2023 1888 qui
2057 1819 2274 1873 Christo
2302 1833 2409 1872 non
2455 1817 2741 1873 credentes
2769 1815 2822 1869 in
2849 1814 3089 1868 vanitate
3122 1811 3380 1883 populum
3420 1813 3516 1865 de—

1932 1907 2128 1973 tinent,
2159 1906 2449 1977 aliquando
2490 1905 2657 1961 visuri
2705 1914 2850 1970 sunt,
2881 1904 2937 1957 id
2966 1911 3068 1970 est,
3119 1902 3174 1957 in
3206 1902 3517 1957 novissimis

1932 1999 2140 2062 diebus,
2191 2012 2314 2052 cum
2357 1995 2633 2067 plenitudo
2667 1995 2907 2066 gentium
2935 1994 3231 2058 introierit,
3257 2003 3315 2048 et
3335 1994 3516 2048 omnis

1931 2088 2100 2143 Israel
2129 2088 2314 2144 venire
2341 2086 2570 2158 coeperit
2595 2086 2665 2141 ad
2691 2085 2852 2142 ﬁdem
2880 2083 3103 2150 Christi,
3134 2084 3232 2150 illi,
3265 2085 3513 2154 inquam,

1939 2180 2026 2250 qui
2058 2195 2201 2235 nunc
2225 2179 2411 2234 oculos
2434 2179 2696 2233 habentes
2721 2193 2830 2233 non
2851 2177 3056 2243 vident,
3084 2184 3212 2232 tunc
3234 2175 3514 2232 videbunt.

1935 2273 2237 2329 Elevabunt
2277 2273 2424 2328 enim
2482 2271 2673 2327 oculos
2717 2286 2846 2326 suos
2895 2270 2964 2326 de
2992 2269 3174 2325 altiori
3190 2277 3250 2324 et
3287 2270 3517 2340 spiritali

1937 2378 2119 2430 sensu,
2150 2370 2206 2418 et
2232 2363 2492 2418 videbunt
2518 2369 2574 2417 et
2597 2360 2917 2432 intelligent,
2966 2361 3094 2430 quia
3129 2361 3331 2416 bonum
3356 2368 3440 2416 est
3461 2361 3518 2414 in

1937 2467 2226 2529 conspectu
2251 2456 2484 2524 Domini,
2514 2457 2834 2513 benedicere
2874 2456 3171 2528 spiritalem
3200 2456 3384 2512 Israel.
3435 2457 3522 2512 Vi-

1938 2548 2089 2604 debit
2114 2550 2259 2605 enim
2285 2565 2408 2605 eum
2429 2549 2746 2619 dispositum
2765 2563 2868 2618 per
2889 2548 3083 2613 tribus,
3109 2555 3166 2603 et
3190 2563 3289 2617 per
3307 2549 3516 2612 domos,

1938 2647 1995 2694 et
2019 2655 2116 2710 per
2141 2639 2395 2706 familias,
2419 2649 2473 2696 et
2497 2655 2936 2711 unumquemque
2965 2640 3149 2705 in,suo
3184 2642 3398 2706 ordine,
3425 2658 3508 2697 re-

1940 2735 2295 2791 surrectionis
2323 2736 2522 2806 glorias
2551 2737 2892 2806 adepturum.
2926 2737 2994 2791 Et
3025 2746 3303 2806 assumpta
3352 2752 3518 2807 para-

1940 2823 2060 2880 bola
2091 2842 2189 2882 sua
2227 2827 2488 2899 intelliget
2515 2842 2636 2898 quae
2687 2829 2742 2882 in
2781 2828 3053 2898 parabolis
3093 2829 3298 2898 scripta
3347 2839 3518 2883 sunt:

1934 2931 2062 2988 qua:
2086 2933 2232 2974 nunc
2277 2929 2503 2989 propter
2531 2920 2776 2976 velamen
2809 2921 2953 2988 quod
2984 2922 3216 2991 positum
3243 2929 3330 2975 est
3360 2935 3524 2991 super

1941 3027 2040 3068 cor
2065 3026 2254 3066 eorum
2281 3027 2458 3082 neque
2485 3012 2689 3078 vident,
2722 3028 2899 3083 neque
2924 3013 3250 3084 intelligunt.
3278 3015 3522 3084 Denique
3555 3065 3558 3069 .

1945 3119 2054 3158 non
2102 3104 2254 3168 abiit,
2299 3104 2496 3174 inquit,
2553 3120 2619 3159 cx
2653 3121 2805 3161 more
2834 3105 2887 3159 in
2931 3121 3216 3161 occursum
3248 3108 3523 3178 auspiciis.

1944 3192 2061 3248 Non
2089 3195 2234 3248 enim
2259 3209 2409 3248 more
2436 3195 2540 3250 sibi
2567 3196 2746 3262 solito,
2787 3197 2966 3251 stultis
2994 3191 3054 3252 et
3077 3198 3328 3253 inanibus
3353 3200 3525 3254 sensi-

1943 3287 2045 3341 bus
2072 3286 2328 3356 rapietur,
2363 3286 2418 3340 in
2449 3286 2772 3341 animalibus
2803 3288 2968 3343 mutis
3007 3296 3062 3342 et
3105 3289 3402 3358 pecudibus
3430 3289 3523 3343 Dei

1945 3377 2316 3442 considerans,
2369 3377 2512 3432 sicut
2561 3377 2614 3432 lii
2658 3378 2750 3447 qui
2785 3378 2999 3433 existis
3041 3377 3239 3433 talibus
3287 3380 3524 3449 auspicia

1945 3466 2223 3536 colligunt,
2266 3467 2360 3521 sed
2387 3476 2646 3534 agnoscet
2686 3468 2853 3522 etiam
2894 3469 3029 3538 ipse,
3071 3470 3197 3537 quia
3233 3485 3407 3538 neque
3459 3471 3525 3524 de

1945 3557 2122 3612 bobus
2155 3571 2288 3610 cura
2319 3565 2403 3611 est
2431 3557 2563 3622 Deo,
2598 3557 2850 3612 similiter
2882 3540 3062 3626 nerine
3099 3559 3166 3613 de
3187 3559 3397 3624 ovibus,
3426 3577 3522 3614 nc-

1947 3664 2055 3718 que
2085 3648 2152 3704 de
2177 3650 2386 3713 avibus,
2418 3650 2646 3719 aliisque
2671 3651 3018 3715 animalibus,
3059 3652 3153 3706 sed
3183 3665 3303 3721 quae
3339 3654 3403 3706 de
3442 3653 3526 3705 his

1949 3737 2149 3806 scripta
2187 3746 2330 3801 sunt,
2363 3747 2583 3807 propter
2610 3739 2856 3794 homines
2899 3739 3161 3810 intelliget
3187 3741 3409 3810 scripta.
3467 3741 3523 3794 Si

1950 3842 2109 3896 quem
2141 3835 2320 3881 autem
2349 3837 2531 3882 movet
2589 3829 2712 3894 hoc,
2767 3830 2910 3898 quod
2945 3831 3240 3885 secundum
3298 3830 3528 3900 Septua-

1953 3918 2102 3987 ginta
2121 3918 2476 3988 interpretum
2498 3919 2788 3975 editionem
2817 3920 3011 3991 legitur
3038 3938 3050 3974 :
3071 3919 3269 3975 Factus
3285 3933 3357 3976 est
3372 3938 3529 3992 super

1951 4007 2102 4060 illum
2141 4009 2355 4078 spiritus
2392 4008 2510 4075 Dei,
2549 4009 2604 4063 id
2630 4018 2732 4074 est,
2785 4025 2945 4080 super
2965 4011 3205 4076 Balaam,
3249 4012 3526 4066 sciendum

1953 4100 2098 4168 quod
2121 4100 2224 4154 hoc
2253 4115 2360 4154 non
2389 4101 2464 4155 ita
2491 4102 2862 4172 accipiendum
2885 4111 2990 4168 εει,
3035 4113 3291 4172 tanquam
3324 4103 3528 4157 factura

1955 4190 2025 4244 sit
2065 4191 2285 4260 spiritus
2313 4191 2414 4245 Dei.
2434 4207 2556 4246 cum
2590 4192 2802 4263 legitur,
2827 4195 3000 4262 factus
3022 4203 3095 4248 est
3137 4196 3353 4264 spiritus
3389 4194 3486 4247 Dei
3511 4211 3528 4257 ;

1956 4283 2050 4336 sed
2096 4282 2267 4351 factus
2287 4291 2364 4337 est
2392 4300 2549 4353 super
2571 4299 2710 4348 eum,
2736 4285 2787 4339 id
2817 4293 2922 4348 est,
2959 4284 3159 4339 factttm
3188 4293 3269 4339 est
3294 4293 3353 4342 ut
3372 4301 3532 4354 super

273 4381 342 4420 ex
381 4362 723 4431 serpentibus
745 4359 1051 4429 perhibent.
1096 4356 1174 4410 Ita
1201 4371 1329 4426 ergo
1361 4363 1416 4409 et
1459 4356 1837 4410 sacriﬁcioruni

1959 4372 2110 4425 illum
2151 4380 2293 4427 esset
2321 4389 2336 4426 :
2366 4373 2636 4441 quomodo
2664 4392 2677 4427 :
2715 4373 2819 4437 Qui
2861 4383 2977 4444 post
2999 4391 3082 4427 me
3116 4376 3273 4439 venit,
3309 4384 3429 4428 ante
3455 4392 3534 4428 me

274 4453 697 4510 dxemonicorum
723 4450 872 4502 virus
902 4462 999 4516 per
1030 4445 1294 4500 sacriﬁcia
1323 4445 1431 4499 Deo
1455 4445 1635 4500 oblata
1675 4446 1854 4515 depel-

273 4548 424 4610 litur,
462 4545 603 4598 sicut
628 4550 683 4596 et
703 4556 850 4595 mors
871 4539 998 4594 Jesu
1026 4545 1255 4593 mortem
1277 4538 1486 4608 peccati
1511 4539 1856 4594 credentibus

274 4652 383 4691 non
420 4635 553 4689 sinit
582 4631 867 4687 dominari.
903 4630 969 4682 Et
998 4628 1216 4696 quidem
1240 4627 1412 4681 donec
1445 4636 1658 4696 tempus
1687 4629 1857 4696 patie-

275 4728 459 4787 batur,
510 4720 775 4776 sacriﬁcia
799 4716 1084 4772 sacriﬁciis
1114 4714 1542 4786 apponebantur.
1598 4714 1699 4768 Ubi
1728 4731 1857 4770 vero

274 4814 426 4867 venit
448 4810 686 4881 perfecta
703 4807 879 4862 hostia
905 4815 959 4859 et
980 4821 1150 4874 agnus
1178 4802 1552 4858 immaculatus
1575 4805 1664 4872 qui
1695 4805 1858 4860 totius

274 4904 466 4958 mundi
504 4900 714 4955 tolleret
741 4905 1043 4967 peccatum,
1079 4893 1342 4949 sacriﬁcia
1371 4892 1478 4957 illa,
1509 4908 1629 4962 qua:
1659 4893 1859 4962 sigilla-

279 4998 377 5050 tim
410 4990 780 5047 offerebantur
805 4989 936 5052 Deo,
963 4985 1076 5054 jam
1112 4983 1383 5054 superflua
1404 4984 1517 5038 visa
1557 4990 1702 5046 sunt,
1736 4999 1857 5037 cum

281 5100 387 5140 una
439 5081 620 5137 hostia
668 5079 842 5134 omnis
889 5079 1193 5131 dmmonum
1249 5076 1461 5130 cultura
1508 5074 1729 5146 depulsa
1765 5074 1856 5128 sit.

279 5179 484 5235 Verum
510 5173 726 5228 Balaam
750 5173 850 5226 istc
871 5171 986 5225 sive
1009 5167 1302 5222 secundum
1326 5166 1471 5219 illam
1498 5165 1725 5236 ﬁguram
1753 5181 1858 5235 qua

277 5267 518 5322 diximus
546 5280 668 5318 eum
713 5276 998 5331 personam
1039 5267 1223 5312 tenere
1253 5257 1535 5312 doctorum
1579 5273 1643 5312 ac
1672 5257 1862 5311 Phari—

279 5370 517 5410 saeorum
547 5353 719 5424 plebis
751 5350 1059 5413 incredulae,
1093 5349 1360 5402 instaurat
1380 5348 1554 5402 adhuc
1583 5349 1789 5403 hostias
1809 5357 1863 5403 ct

280 5445 579 5517 prmparari
621 5439 884 5498 sacriﬁcia
910 5438 1082 5506 jubet.
1109 5439 1164 5492 In
1204 5437 1287 5490 his
1321 5437 1464 5491 enim
1489 5452 1637 5505 spcm
1672 5447 1865 5508 gerunt

284 5535 339 5587 hi
373 5547 604 5602 quorum
636 5545 730 5585 cor
757 5543 864 5582 non
898 5527 1103 5596 respuit
1131 5526 1288 5582 ﬁdem
1319 5525 1541 5580 Christi.
1594 5524 1699 5581 Sed
1735 5527 1862 5596 quid

287 5623 532 5694 sequitur
548 5623 572 5676 Ἰ

573 5738 848 5798 Parnm»
893 5732 1106 5796 CVIII.

1959 4462 2128 4532 factus
2167 4473 2241 4516 est
2279 4461 2459 4535 (Joan.
2513 4463 2574 4534 ι),
2610 4465 2662 4517 id
2700 4472 2804 4528 est,
2837 4464 3038 4518 factum
3075 4473 3156 4519 est
3190 4474 3248 4519 ut
3294 4474 3422 4519 ante
3451 4480 3535 4519 me

1958 4563 2118 4615 esset,
2167 4561 2229 4608 ut
2277 4564 2682 4624 prmponeretur
2716 4556 2874 4621 mihi,
2911 4557 3036 4625 quia
3072 4558 3220 4625 prior
3251 4573 3336 4612 me
3397 4568 3528 4619 crat,

1960 4647 2152 4716 inqttit.
2183 4645 2357 4712 Sicut,
2380 4646 2637 4701 Dominus
2664 4648 2837 4717 factus
2857 4633 2932 4701 est
2953 4649 3171 4718 adjutor
3191 4665 3334 4704 meus
3360 4649 3531 4721 (Psal.

1959 4738 2149 4807 cxvu).
2194 4737 2311 4792 Non
2345 4738 2488 4792 enim
2519 4740 2780 4794 Dominus
2821 4739 3027 4794 factura
3059 4747 3161 4803 est,
3219 4742 3313 4795 sed
3335 4741 3536 4796 factum

1962 4836 2128 4883 estut
2160 4844 2245 4882 nte
2270 4828 2568 4897 adiuvaret.
2603 4830 2671 4884 Et
2700 4848 2714 4881 :
2746 4828 2945 4883 Factus
2987 4840 3063 4884 est
3103 4831 3359 4885 Dominus
3396 4833 3536 4901 refu-

1963 4919 2105 4984 gium
2144 4934 2426 4988 pauperum
2453 4917 2624 4990 (Psal.
2663 4919 2762 4990 lx),
2820 4920 2872 4974 id
2903 4929 3004 4983 est,
3039 4919 3239 4975 factum
3281 4930 3364 4976 est
3388 4931 3444 4976 ut
3467 4923 3532 4975 ad

1965 5021 2086 5060 cum
2141 5005 2448 5078 refugerent
2501 5023 2790 5078 pauperes.
2829 5009 2914 5071 Et,
2949 5007 3117 5063 Facta
3161 5021 3232 5064 est
3270 5028 3424 5080 super
3460 5029 3540 5064 me

1967 5111 2154 5148 manus
2168 5095 2382 5150 Domini
2412 5095 2628 5168 (Ezech.
2653 5098 2761 5170 tu),
2794 5099 2845 5152 id
2867 5108 2972 5162 est,
3015 5099 3216 5155 factum
3259 5110 3340 5154 est
3369 5109 3426 5153 ut
3451 5117 3539 5153 su-

1967 5199 2065 5254 per
2091 5200 2175 5238 me
2204 5194 2366 5250 esset,
2389 5195 2444 5241 et
2482 5187 2651 5244 multa
2697 5189 2820 5242 talia
2852 5189 2904 5242 in
2945 5189 3241 5259 Scripturis
3264 5191 3541 5258 reperiun-

1968 5284 2073 5328 tur.
2113 5273 2218 5329 Sed
2258 5277 2534 5332 videamus
2563 5279 2675 5348 jam
2717 5295 2837 5348 qttte
2867 5280 2973 5334 sint
3012 5296 3132 5350 qua:
3159 5281 3211 5334 in
3244 5280 3398 5332 tertia
3415 5295 3538 5347 pro-

1965 5366 2141 5434 phetia
2176 5365 2390 5422 Balaam
2428 5367 2697 5436 loquatur.

2035 5455 2338 5524 Assumpta,
2370 5456 2566 5525 inquit,
2597 5457 2849 5526 parabola
2888 5459 3002 5511 ait:
3029 5457 3269 5524 Dixitque
3311 5453 3538 5508 Balaam

1966 5545 2106 5615 ﬁlius
2131 5545 2270 5600 Deor
2296 5563 2314 5600 :
2338 5546 2485 5602 Dixit
2518 5549 2673 5602 homo
2718 5549 2869 5618 cujus
2914 5548 3183 5601 obturatas
3208 5554 3281 5598 est
3322 5543 3540 5610 oculus,

1967 5638 2097 5694 dixit
2129 5637 2339 5693 auditor
2386 5657 2684 5694 sermonum
2729 5640 2840 5705 Dei,
2875 5639 2965 5710 qui
3001 5638 3247 5692 visionem
3305 5637 3542 5708 omnipo-

3023 5729 3101 5789 21s
