3932 6188
521 255 620 306 747

1191 251 1250 306 Β.
1293 251 1545 308 ῘιᾹΒΑΝι
1587 255 1804 310 ΜΛΕΒΙ
1841 255 2085 311 ARClliE

2203 253 2509 309 MOGlJNT.
2539 251 2836 308 'OPERUM
2877 246 3058 305 PARS
3093 251 3131 305 1.
3631 256 3710 320 τω

513 365 665 420 tentis
707 363 923 417 intuitus
958 371 1055 425 est,
1103 364 1191 432 qui
1231 364 1372 416 cadit
1413 373 1460 416 et
1503 365 1578 416 sic
1611 365 1918 435 aperiuntur
1947 365 2086 418 oculi
2118 371 2163 426 Α
2191 365 2280 433 qui
2305 363 2618 418 divinationi
2647 371 2701 415 et
2731 361 2974 432 auguriis
2994 376 3211 429 operam
3233 361 3449 427 dederit,
3476 369 3708 433 quietiam

510 455 648 523 ejus.
679 452 818 518 Quid
851 460 937 505 est
985 453 1126 520 quod
1147 452 1212 504 de
1241 451 1455 505 Balaam
1500 454 1760 521 scriptum
1791 464 1891 519 est,
1945 454 2090 522 quod

513 543 674 597 homo
702 541 900 595 dixerit
921 540 1075 608 cujus
1106 541 1388 596 obturatus
1411 550 1496 596 est
1519 542 1728 605 oculus,
1778 543 1912 596 dixit
1938 543 2088 597 audi-

513 640 601 685 tor
621 646 932 686 sermonum
963 630 1078 694 Dei,
1122 630 1384 685 visionem
1417 632 1807 700 omnipotentis
1835 632 2089 685 intuens?

510 719 791 785 Quomodo
821 720 1074 773 obturato
1102 719 1259 773 oculo
1292 719 1556 773 visionem
1590 717 1761 772 vidit?
1791 735 1899 773 non
1945 719 2089 788 quod

511 809 863 864 historialiter
907 810 960 862 in
1003 811 1228 874 somnis,
1263 811 1478 878 quando
1513 811 1652 864 oculi
1683 812 1932 880 corporei
1973 809 2088 879 jam

511 901 680 955 clausi
713 899 927 962 fuerint,
964 914 1060 969 per
1085 901 1342 956 visionem
1383 917 1504 970 qtue
1549 903 1772 957 dicenda
1808 912 2086 957 erantan-

509 995 681 1064 gelico
720 993 1025 1048 ministerio
1081 995 1346 1062 cognovit.
1405 993 1710 1048 Secundum
1775 994 2087 1066 allegoriam

512 1101 639 1139 vero
661 1087 1065 1139 demonstratur
1095 1084 1273 1154 aliquo
1306 1084 1466 1138 modo
1492 1085 1692 1138 habere
1721 1084 1909 1138 oculos
1944 1099 2089 1138 men-

513 1179 579 1229 tis
601 1183 835 1244 apertos,
863 1174 1045 1243 aliquo
1078 1175 1237 1228 modo
1264 1175 1500 1230 clausos.
1527 1175 1758 1244 Apertos
1782 1175 1995 1244 quidem
2021 1175 2089 1229 ad

511 1269 766 1340 mysteria
820 1269 1158 1338 agnoscenda
1212 1268 1264 1320 in
1324 1267 1526 1331 futuro,
1583 1267 1796 1321 clausos
1847 1282 1975 1322 vero
2021 1267 2088 1321 ad

509 1362 886 1432 corrigendum
910 1376 1154 1416 errorem
1179 1377 1354 1415 suum.
1386 1360 1582 1414 Habuit
1608 1360 1808 1430 quippe
1830 1360 2085 1414 intuitum

506 1454 686 1508 cordis
719 1453 1032 1517 revelatum,
1091 1453 1159 1505 ad
1200 1451 1636 1520 perspiciendum
1681 1451 1978 1521 prophetiae
2006 1465 2088 1504 sa-

506 1549 865 1604 cramentum,
921 1541 1015 1596 sed
1065 1541 1132 1595 ad
1178 1541 1462 1595 colendum
1522 1550 1684 1610 atque
1721 1541 2087 1595 venerandum

507 1631 680 1699 ipsum
729 1631 1026 1700 pr0phetiae
1070 1639 1347 1685 auctorem
1379 1646 1486 1684 non
1516 1631 1726 1684 habuit.
1757 1629 1924 1700 Cujus
1975 1647 2085 1684 om-

2193 454 2382 522 magim
2396 451 2815 506 studueritsicut
2827 466 2989 519 supra
3004 451 3359 516 ostendimus,
3394 455 3535 510 valde
3547 460 3709 517 mirum

2190 553 2291 605 est,
2309 544 2411 598 nisi
2429 542 2565 596 forte
2577 558 2674 612 pro
2694 557 2760 596 eo
2772 543 2914 612 quod
2933 558 3095 612 supra
3109 543 3311 598 dictum
3326 555 3424 608 est,
3453 549 3563 616 quia
3579 553 3710 619 spiri-

2191 643 2276 688 tus
2290 633 2383 688 Dei
2399 633 2574 688 lactus
2597 631 2758 686 fuerit
2788 633 2840 686 in
2869 633 3002 702 ipso,
3033 641 3087 689 et
3107 635 3232 704 quia
3257 635 3470 689 verbum
3496 637 3577 692 Dei
3598 643 3711 709 posi-

2189 732 2301 777 tum
2333 723 2404 776 sit
2439 723 2492 776 in
2516 737 2612 776 ore
2641 720 2780 791 ejus,
2815 725 2933 778 haec.
2963 725 3029 779 de
3057 739 3122 779 eo
3154 734 3410 794 putentur
3436 736 3535 782 tam
3556 746 3711 803 magna

2188 813 2493 881 conscripta
2539 827 2659 866 esse
2709 815 3000 882 praeconia.
3053 815 3162 870 Nec
3205 815 3411 886 Moyses
3450 819 3596 882 enim,
3637 837 3713 875 nec

2187 903 2325 957 alius
2351 903 2474 972 quis
2501 903 2884 973 prophetarum
2914 901 3073 959 facile
3112 905 3411 960 invenietur
3443 911 3592 964 tantis
3619 912 3711 964 lau-

2187 992 2344 1047 dibus
2383 993 2575 1048 elatus.
2627 993 2780 1048 Unde
2821 995 2994 1063 magis
3037 995 3168 1049 mihi
3216 997 3482 1051 videretur
3523 1000 3621 1053 hare
3656 1001 3711 1054 illi

2186 1083 2381 1153 populo
2408 1085 2694 1138 convenire
2718 1099 2783 1139 eo
2814 1093 3057 1154 tempore
3083 1101 3208 1155 quo,
3239 1087 3349 1157 jam
3383 1103 3642 1143 conversus
3662 1092 3712 1143 ad

2188 1175 2494 1239 Dominum,
2547 1175 2793 1243 deposuit
2836 1176 3079 1230 velamen
3125 1180 3268 1247 quod
3307 1189 3423 1233 erat
3463 1195 3606 1250 super
3642 1198 3714 1234 σοι·

2187 1279 2365 1319 suum.
2412 1265 2671 1320 Dominus
2704 1273 2885 1319 autem
2915 1267 3137 1334 spiritus
3167 1276 3270 1322 est.
3302 1269 3498 1324 Idcirco
3525 1272 3714 1340 denique

2187 1356 2336 1420 dicit,
2364 1355 2570 1409 revelati
2595 1355 2734 1408 oculi
2770 1357 2886 1425 ejus
2910 1373 2928 1410 :
2952 1359 3104 1426 quasi
3147 1360 3238 1426 qui
3276 1375 3414 1414 nunc
3451 1360 3604 1414 clausi
3627 1362 3714 1416 lue-

2186 1446 2315 1511 rint,
2363 1453 2418 1500 et
2455 1461 2599 1500 nunc
2634 1460 2734 1514 per
2768 1447 3016 1514 spiritum
3057 1448 3173 1512 Dei,
3215 1451 3304 1518 qui
3342 1466 3495 1520 super
3517 1467 3622 1506 eum
3649 1454 3712 1506 la-

2183 1544 2305 1592 ctus
2332 1546 2435 1601 est,
2463 1536 2643 1590 ablato
2670 1536 2938 1591 velamine
2978 1537 3306 1593 revelentur.
3349 1540 3493 1595 Nunc
3518 1557 3628 1611 ergo
3649 1553 3714 1596 est

2184 1629 2400 1697 quando
2427 1643 2554 1680 vere
2582 1627 2726 1682 videt
2751 1637 2806 1681 et
2832 1643 2958 1682 vere
2997 1628 3148 1683 audit
3179 1630 3338 1684 verba
3374 1629 3538 1695 fortis,
3577 1639 3621 1686 et
3653 1634 3714 1686 vi-

505 1740 613 1783 ues,
669 1723 863 1792 inquit,
903 1733 1081 1793 typum
1113 1733 1305 1787 tenent,
1355 1725 1445 1792 qui
1475 1723 1622 1776 aliud
1648 1723 1881 1786 scientia,
1935 1721 2082 1776 aliud
2115 1721 2158 1778 Β
2188 1732 2304 1771 sum
2346 1716 2438 1769 Dei
2475 1715 2621 1770 videt
2665 1717 2718 1769 in
2757 1718 2980 1779 somnis,
3024 1718 3076 1772 id
3102 1727 3206 1781 est,
3244 1733 3306 1772 ea
3335 1735 3449 1789 qua:
3476 1721 3522 1774 in
3549 1724 3714 1776 somnis

504 1811 736 1864 moribus
789 1820 992 1880 agunt;
1033 1809 1181 1864 aliud
1222 1827 1331 1875 ore,
1390 1811 1538 1864 aliud
1574 1811 1730 1880 factis
1783 1811 2078 1864 ostendunt.

506 1903 582 1956 De
609 1902 859 1970 qualibus
884 1901 1177 1970 Apostolus
1197 1902 1275 1955 ait
1308 1920 1320 1954 :
1352 1901 1456 1966 Qui
1479 1918 1599 1953 cum
1631 1900 1796 1954 Deum
1821 1901 2086 1970 cognovis-

454 2042 456 2045 ,
500 2001 634 2052 sent,
685 2006 790 2044 non
835 1991 969 2044 sicut
1013 1990 1183 2042 Deum
1249 1990 1695 2059 gloriﬁcaverunt,
1751 2000 1841 2042 aut
1886 1991 2086 2059 gratias

2186 1806 2390 1860 Danieli
2435 1807 2711 1874 prophetae
2751 1813 2993 1876 tempora
3034 1808 3312 1878 designata
3359 1818 3506 1873 sunt,
3551 1811 3713 1864 videbit

2185 1899 2424 1968 impleta,
2453 1906 2509 1953 et
2539 1897 2776 1952 visiones
2807 1898 2925 1953 illas
2955 1914 3074 1968 quae
3101 1900 3154 1954 in
3182 1902 3383 1954 somnis
3404 1903 3466 1955 ad
3489 1902 3617 1955 illum
3643 1903 3712 1956 de-

2185 1991 2306 2045 lata:
2353 1999 2478 2045 sunt
2517 1989 2694 2054 videt,
2746 1991 2850 2045 hoc
2890 1999 3002 2056 est,
3053 1991 3332 2061 intelliget,
3387 2000 3631 2058 agnoscet,
3673 2001 3714 2045 et

503 2092 755 2150 egerunt;
806 2081 896 2136 sed
922 2091 1241 2134 evanuerunt
1272 2098 1305 2134 a
1333 2080 1732 2150 cogitationibus
1752 2081 1884 2145 suis,
1909 2081 2088 2134 dicen-
2180 2081 2356 2136 oculis
2395 2079 2645 2134 revelatis
2678 2077 2908 2134 eﬂicitur
2947 2079 3160 2144 similis,
3199 2081 3289 2149 qui
3329 2079 3590 2133 dicebant:
3617 2077 3704 2131 No:

503 2181 575 2223 tes
617 2186 670 2224 se
700 2185 810 2224 esse
837 2171 1119 2240 sapientes,
1160 2168 1307 2223 stulti
1340 2169 1468 2239 [acti
1503 2178 1645 2234 sunt,
1687 2176 1792 2223 etc.
1817 2168 1995 2238 (Rom.
2019 2168 2082 2240 ι).

503 2258 572 2311 Et
617 2258 744 2312 alibi
791 2259 1053 2328 scriptum
1104 2269 1182 2314 est
1213 2257 1580 2328 :Coulitentur
1632 2275 1686 2312 se
1719 2274 1869 2312 nosse
1918 2258 2086 2312 Deum

500 2348 730 2416 quidem,
767 2348 922 2417 factis
969 2357 1144 2402 autem
1175 2357 1362 2418 negant
1406 2347 1533 2419 (Tit.
1565 2347 1626 2420 ι).
1677 2347 1826 2402 Unde
1869 2348 2087 2402 Balaam

504 2455 669 2494 canus
692 2439 940 2510 populus,
988 2441 1103 2494 sive
1119 2440 1455 2510 prwcipitans
1482 2457 1570 2494 eos
1603 2440 2012 2509 interpretatur,
2033 2447 2090 2494 et

503 2533 642 2589 Beor
663 2533 931 2604 impellens
958 2548 977 2585 :
1002 2535 1129 2604 quia
1163 2551 1353 2590 omnes
1388 2537 1479 2604 qui
1516 2551 1658 2592 vera:
1695 2536 1942 2607 religioni
1979 2549 2088 2604 qua

505 2629 647 2684 Deus
675 2643 816 2682 unus
841 2628 896 2680 in
929 2627 1053 2692 ﬁde,
1099 2642 1221 2697 quae
1265 2644 1365 2698 per
1385 2627 1655 2696 justitiam
1683 2636 1962 2698 operatur,
1995 2631 2088 2681 ve—

503 2722 699 2777 raciter
747 2721 944 2776 colitur
985 2729 1148 2791 atque
1196 2723 1516 2789 honoratur,
1573 2722 1850 2778 contrarie
1893 2727 2082 2791 agunt,

505 2813 700 2868 merito
729 2827 902 2868 vanus
922 2812 1152 2882 populus
1177 2823 1582 2884 nuncupantur,
1610 2823 1667 2869 et
1687 2813 1781 2868 lilii
1803 2813 1941 2868 Beor
1965 2825 2086 2866 esse

501 2903 778 2969 dicuntur,
827 2902 932 2959 hoc
956 2911 1062 2970 est,
1094 2903 1421 2976 impellentis
1449 2904 1671 2971 diaboli,
1700 2903 1956 2960 videlicet
1991 2905 2083 2975 qui

501 3008 717 3065 semper
744 2993 968 3064 impellit
993 3001 1049 3048 et
1071 3003 1331 3065 provocat
1351 2995 1420 3051 ad
1450 3003 1751 3065 peccatum.
1787 2995 2082 3066 Sequitur:

2185 2181 2359 2225 autem
2391 2185 2565 2223 omnes
2600 2168 2824 2223 revelata
2857 2169 2992 2238 facie
3027 2168 3252 2238 gloriam
3291 2168 3492 2221 Domini
3521 2167 3713 2237 specula-

2185 2258 3368 2330 bimur,inramdemimaginemtransformati,
3410 2277 3441 2312 a
3486 2259 3630 2329 gloria
3671 2259 3712 2310 in

2185 2351 2406 2422 gloriam
2433 2359 2682 2419 tanquam
2708 2349 2922 2404 Domini
2947 2350 3135 2419 spiritu
3169 2348 3256 2421 (II
3279 2347 3497 2417 Camn).
3553 2349 3711 2402 Verum

2186 2441 2230 2494 si
2253 2440 2375 2510 quis
2396 2441 2508 2494 haec
2530 2440 2692 2494 etiam
2716 2439 3009 2494 secundum
3038 2439 3320 2493 historiam
3335 2439 3458 2493 velit
3478 2439 3600 2492 dicta
3621 2453 3714 2490 sus-

2186 2529 2365 2600 cipere
2385 2569 2398 2593 ,
2436 2529 2561 2598 quia
2586 2529 2638 2582 in
2670 2543 2735 2583 eo
2763 2543 2870 2598 quo
2894 2528 3030 2583 vidit
3069 2528 3288 2582 Balaam
3316 2529 3435 2598 quia
3459 2528 3630 2581 bonum
3649 2534 3713 2579 est

2187 2619 2240 2674 in
2271 2631 2562 2690 conspectu
2590 2618 2804 2674 Domini
2831 2619 3153 2673 benedicere
3186 2617 3375 2682 Israel,
3411 2616 3715 2673 ostenduntur

2187 2711 2407 2768 revelati
2427 2710 2570 2767 oculi
2602 2710 2738 2781 ejus,
2775 2719 2832 2764 et
2864 2707 3041 2763 factus
3069 2722 3192 2764 esse
3217 2708 3378 2763 homo
3402 2722 3521 2762 vere
3541 2705 3711 2758 videns.

2186 2803 2318 2871 Quae
2348 2818 2477 2860 vera
2512 2803 2655 2858 enim
2687 2801 2821 2856 vidit
2873 2801 2978 2856 hoc
3013 2807 3117 2863 est,
3154 2814 3280 2870 quae
3314 2797 3484 2853 futura
3509 2803 3639 2852 erant
3663 2795 3713 2848 de

2185 2895 2352 2951 Israel
2385 2894 2469 2952 vel
2497 2893 2680 2952 Jacob.
2726 2892 2956 2948 Audisse
2996 2905 3217 2962 quoque
3254 2906 3375 2946 eum
3413 2888 3560 2944 verba
3592 2885 3713 2940 fortis

2187 2989 2329 3044 dicet
2370 2986 2426 3042 in
2473 3001 2557 3052 eo,
2601 3001 2724 3041 cum
2760 2985 2908 3040 venit
2935 2985 3002 3040 ad
3035 2999 3160 3039 eum
3187 2984 3354 3049 Deus,
3388 2991 3439 3036 et
3463 2981 3584 3035 dixit
3605 2979 3644 3031 ei
3670 2976 3713 3030 in

503 3086 608 3149 Qui
649 3086 788 3138 cadit
827 3093 875 3138 et
929 3086 1007 3139 sic
1061 3087 1370 3155 aperiuntur
1405 3085 1544 3139 oculi
1589 3087 1725 3155 ejus,
1766 3086 1902 3140 Nam
1939 3103 2082 3156 sape
2107 3070 2152 3131 C
2185 3077 2411 3132 somnis:
2445 3075 2678 3130 Verbum
2707 3075 2851 3145 quod
2875 3075 2996 3130 dem
3029 3075 3083 3128 in
3111 3089 3210 3128 ore
3239 3082 3348 3140 tuo,
3387 3074 3492 3128 D330
3528 3072 3712 3124 observa

502 3175 722 3244 quidam
773 3182 976 3228 interna
1012 3173 1218 3242 judicia
1261 3175 1550 3239 mirantur,
1602 3176 2084 3244 praedicamentum

503 3264 741 3318 cmlestis
778 3264 967 3332 patria:
1018 3279 1140 3316 cum
1187 3264 1416 3318 audiunt
1441 3265 1690 3335 diligunt,
1746 3267 1884 3320 mira
1917 3281 2083 3336 opera

502 3355 733 3408 internae
805 3353 1178 3424 dispositionis
1241 3355 1630 3423 obstupescunt
1677 3373 1691 3424 ς
1740 3357 1835 3412 sed
1904 3367 2083 3415 tamen

503 3448 735 3503 amando
771 3457 834 3512 et,
882 3448 1132 3514 videndo,
1167 3447 1235 3503 ad
1263 3448 1379 3504 haec
1403 3450 1590 3504 eadem
1615 3464 1779 3520 opera
1801 3467 2085 3522 assurgere

505 3540 800 3617 negligunt.
837 3538 1090 3595 iacentes
1131 3553 1264 3612 ergo
1290 3540 1387 3595 Dei
1417 3541 1683 3596 miracula
1709 3541 2082 3608 considerant,

503 3632 596 3700 qui
639 3631 755 3700 ejus
797 3631 1096 3702 potentiam
1150 3630 1373 3687 sciendo
1415 3643 1666 3703 pensant,
1715 3635 1809 3690 sed
1854 3637 2086 3692 vivendo

502 3739 608 3778 non
638 3731 842 3778 amant.
876 3722 982 3778 Per
1021 3723 1537 3794 contemplationem
1564 3726 1783 3794 quidem
1813 3727 1868 3781 in
1895 3729 2082 3782 consi-

501 3814 836 3868 iterationem
857 3811 1043 3868 oeulos
1072 3814 1319 3878 tendunt,
1365 3815 1462 3869 sed
1492 3824 1674 3870 tamen
1704 3831 1801 3884 per
1831 3817 2085 3871 intentio-

505 3919 627 3958 nem
652 3918 774 3958 sese
819 3917 850 3957 a
880 3912 1022 3959 terra
1049 3919 1154 3958 non
1185 3905 1419 3974 erigunt.
1458 3904 1642 3960 Potest
1667 3907 1784 3961 haec
1813 3910 2083 3963 sententia

499 3993 653 4060 juxta
705 3991 1055 4062 tr0pologiam
1107 4002 1162 4047 et
1207 3993 1365 4048 aliter
1423 3994 1668 4066 intelligi.
1713 3995 1857 4051 Dixit
1905 3999 2079 4063 homo,

506 4083 700 4153 inquit,
755 4082 909 4152 cujus
963 4081 1240 4136 obturatas
1293 4093 1368 4137 est
1417 4084 1622 4150 oculus,
1678 4087 1812 4140 dixit
1873 4089 2085 4142 auditor

505 4190 801 4228 sermonum
825 4173 940 4239 Dei,
962 4174 1050 4244 qui
1076 4175 1326 4228 uisionem
1350 4173 1726 4246 Omnipotentis
1747 4178 1965 4233 intuitus
1985 4192 2080 4246 est,

504 4267 595 4334 qui
648 4266 788 4320 cadit
838 4275 886 4319 et
929 4267 1004 4321 sic
1049 4269 1359 4336 aperiuntur
1383 4269 1524 4322 oculi
1555 4270 1688 4338 ejus.
1747 4271 1931 4326 Nescit
1988 4275 2084 4327 im-

505 4358 630 4426 pius
655 4357 796 4412 mala
820 4372 939 4426 qua:
984 4357 1135 4420 facit,
1163 4359 1266 4414 nisi
1295 4375 1416 4414 cum
1440 4375 1537 4429 pro
1566 4361 1769 4416 eisdem
1800 4363 1956 4418 malis
1985 4380 2078 4433 pu-

507 4449 610 4502 uiri
654 4449 766 4518 jam
809 4449 1055 4517 coeperit.
1103 4449 1401 4504 Consilium
1454 4452 1596 4506 enim
1640 4453 1856 4508 Balaam
1892 4464 2082 4509 contra

505 4540 777 4595 lsraelitas
822 4540 1089 4609 praebuit;
1133 4543 1228 4596 sed
1280 4549 1418 4609 post,
1476 4542 1528 4596 in
1560 4557 1719 4611 poena
1761 4545 1914 4609 vidit,
1957 4547 2084 4614 quid

506 4629 654 4695 prius
677 4644 740 4683 cx
768 4629 925 4699 culpa
947 4629 1298 4684 commiserit.
1335 4630 1503 4685 Electi
1527 4640 1707 4686 autem
1731 4633 1856 4702 quia
1879 4649 1945 4688 ne
1967 4649 2085 4703 pec-

506 4729 631 4771 care
679 4719 911 4774 debeant
937 4720 1240 4789 provident,
1279 4720 1361 4774 eis
1390 4720 1645 4776 videlicet
1667 4723 1809 4776 oculi
1841 4731 1969 4777 ante
2000 4740 2087 4778 ca-

508 4823 627 4860 sum
674 4817 878 4877 patent.
919 4809 1139 4878 Iniquus
1168 4825 1298 4865 vero
1333 4819 1458 4878 post
1483 4826 1670 4866 casum
1699 4813 1886 4866 oculos
1911 4815 2084 4882 aperit

507 4899 759 4966 quoniam
790 4899 1163 4966 post-culpam
1202 4898 1315 4967 jam
1353 4900 1407 4954 in
1453 4913 1612 4969 poena
1651 4917 1748 4955 sua
1799 4903 2082 4970 conspicit,

507 4988 634 5058 quia
669 4986 868 5040 malum
889 4987 1074 5042 debuit
1098 4988 1264 5042 vitare
1293 4991 1436 5058 quod
1477 4990 1624 5044 fecit.
1661 4989 1962 5046 Notandum
1991 5009 2088 5047 au-

508 5089 638 5141 tem,
689 5075 831 5147 quod
865 5076 953 5129 hic
980 5075 1133 5130 locus
1169 5077 1329 5130 aliter
1349 5077 1504 5145 juxta
1535 5077 1680 5132 LXX
1706 5079 1902 5149 legitur
1938 5097 1952 5133 :
1984 5081 2087 5134 Be-

510 5167 730 5233 ncdixit,
760 5165 954 5234 inquit,
984 5164 1231 5230 Balaam,
1258 5167 1400 5236 ﬁlius
1425 5168 1579 5222 Beor.
1617 5169 1762 5223 Dixit
1791 5171 1946 5224 homo
1971 5189 2085 5226 vere

509 5261 719 5326 ridens;
753 5258 888 5312 dixit
933 5259 1153 5314 audiens
1180 5261 1330 5313 verba
1356 5261 1528 5329 fortis,
1555 5263 1644 5332 qui
1678 5264 1840 5317 visunt
1867 5263 1966 5318 Dei
2007 5265 2086 5318 ui-

508 5357 583 5408 dit
638 5355 692 5409 in
721 5353 940 5419 somnis,
999 5351 1208 5405 revelati
1254 5352 1394 5406 oculi
1419 5354 1556 5422 ejus.
1599 5355 1792 5410 Mirum
1845 5356 2087 5426 profecto

508 5453 612 5508 est,
664 5443 935 5513 quomodo
988 5450 1152 5496 tanta:
1191 5441 1361 5496 laudis
1400 5457 1570 5510 genus
1618 5445 1814 5499 habeat
1841 5445 2081 5512 Balaam,

510 5534 604 5602 qui
645 5542 864 5601 accepta
909 5532 1161 5601 parabola
1193 5548 1288 5586 sua
1333 5533 1399 5587 dc
1447 5535 1737 5604 semetipso
1777 5537 2087 5604 pronuntiet

517 5621 649 5676 haut.
684 5622 961 5688 Quomodo
1007 5624 1150 5678 enim
1175 5623 1335 5680 homo
1367 5638 1495 5680 vere
1539 5625 1726 5681 videns
1755 5625 1971 5682 Balaam
2016 5627 2087 5682 sit

2109 4409 2160 4467 D

2186 3175 2246 3220 ut
2288 3165 2524 3234 loquaris
2555 3183 2569 3217 :
2605 3173 2660 3218 et
2707 3165 2810 3220 hoc
2849 3165 2958 3218 erit
2989 3164 3163 3218 visum
3211 3164 3311 3218 Dei
3349 3163 3483 3232 quod
3519 3159 3632 3213 vidit
3671 3157 3712 3210 in

2186 3258 2408 3313 somnis.
2459 3257 2526 3310 Et
2560 3272 2657 3325 per
2686 3258 2802 3310 haec
2827 3255 3090 3310 revelatos
3115 3270 3240 3310 esse
3265 3254 3443 3309 oculos
3467 3252 3570 3320 ejus
3595 3261 3712 3301 asse-

2185 3350 2278 3412 rit,
2309 3347 2434 3416 quia
2469 3346 2643 3415 potuit
2679 3345 2864 3399 videre
2905 3354 3024 3414 quas
3064 3343 3220 3397 vidit.
3273 3343 3394 3396 Haec
3438 3339 3624 3409 quidem
3661 3335 3713 3386 de

2186 3440 2272 3494 his
2307 3454 2427 3508 qua:
2473 3438 2526 3491 in
2570 3436 2881 3507 prmfatione
2917 3451 3014 3490 sua
3058 3434 3280 3488 Balaam
3323 3434 3374 3486 in
3417 3428 3709 3498 semetipsum

2185 3535 2333 3586 visus
2358 3539 2442 3584 est
2469 3531 2811 3600 prophetare.
2860 3527 2978 3582 Jam
3013 3543 3152 3582 nunc
3178 3526 3455 3582 videamus
3481 3536 3584 3591 qua:
3616 3524 3710 3572 sum

2187 3636 2305 3689 qum
2341 3623 2394 3675 in
2428 3619 2884 3689 consequentibus
2911 3620 3060 3674 dicit.

2259 3713 2430 3778 Quam
2458 3712 2675 3784 pulchra
2707 3712 3043 3766 tabernacula
3075 3720 3190 3777 tua,
3225 3711 3420 3775 Iacob,
3457 3718 3501 3762 et
3531 3716 3708 3760 tentoria

2185 3814 2302 3867 tua,
2334 3801 2542 3857 Israel!
2569 3798 2635 3854 Ut
2665 3800 2822 3854 valles
2855 3817 3166 3865 uemoroste,
3223 3811 3278 3854 ut
3304 3801 3438 3853 horti
3465 3799 3604 3867 juxta
3635 3793 3710 3859 Ill:-

2185 3896 2293 3949 uios
2320 3895 2540 3966 irrigui;
2570 3903 2617 3947 et
2647 3893 3004 3958 tabernacula,
3026 3910 3154 3964 qua!
3171 3896 3292 3962 [irit
3321 3892 3574 3952 Dominus,
3594 3883 3709 3956 quasi

2185 3989 2328 4042 cedri
2389 4004 2545 4060 prope
2621 4003 2802 4052 aquas.
2855 3985 2969 4041 Non
2997 3994 3126 4056 puto
3151 4002 3263 4056 quo
3287 3984 3539 4042 domicilia
3563 3991 3707 4034 eorum

2185 4089 2400 4133 terrena
2439 4078 2774 4133 conclaudet.
2826 4077 3010 4147 Neque
3043 4079 3185 4132 enim
3226 4079 3331 4132 tale
3364 4075 3549 4146 aliquid
3581 4070 3708 4124 fuisse

2185 4170 2325 4240 apud
2362 4185 2457 4224 eos
2495 4176 2716 4238 propter
2759 4175 2986 4222 czeteras
3031 4178 3217 4236 gentes
3264 4173 3590 4222 memoratur.
3629 4159 3707 4211 Sel

2184 4263 2481 4323 videamus,
2507 4275 2590 4331 ne
2624 4259 2762 4314 forte
2789 4260 3040 4328 quoniam
3070 4259 3300 4330 pepulus
3326 4275 3422 4328 per
3451 4257 3599 4311 tribus
3620 4257 3708 4304 erat

2186 4352 2408 4416 divisus,
2441 4359 2495 4403 ct
2532 4365 2866 4419 unaquzeque
2901 4350 3072 4404 tribus
3113 4365 3210 4419 per
3244 4350 3455 4420 plebes,
3480 4355 3529 4401 et
3555 4345 3707 4398 iterum

2188 4442 2370 4510 plebes
2400 4456 2496 4510 per
2531 4441 2876 4511 cognationes
2906 4439 3298 4510 partiebantur,
3333 4450 3386 4495 et
3414 4435 3708 4509 cognationes

2189 4550 2286 4604 per
2319 4533 2506 4588 dumos
2535 4532 2874 4595 familiarum,
2916 4548 3014 4602 per
3051 4550 3333 4589 numerum
3371 4532 3638 4590 nominum,
3669 4530 3709 4576 et

2188 4643 2286 4695 per
2306 4626 2482 4696 capita
2510 4626 2954 4687 numerabantur,
2988 4627 3090 4681 hoc
3117 4637 3219 4692 est,
3251 4627 3441 4690 omnis,
3468 4623 3549 4693 qui
3576 4625 3667 4673 erat
3687 4629 3708 4664 ιι

2188 4714 2375 4783 viginti
2410 4715 2564 4767 annis
2597 4722 2650 4767 et
2678 4728 2861 4783 supra,
2900 4713 3192 4778 masculus,
3225 4716 3314 4784 qui
3345 4712 3608 4782 procedere
3638 4719 3708 4771 μοι

2187 4811 2329 4858 terat
2354 4804 2420 4856 ad
2446 4803 2664 4864 bellum,
2705 4803 2819 4856 hmc
2853 4803 3193 4856 tabernacula
3229 4802 3440 4855 Balaam
3477 4801 3524 4852 in
3557 4793 3706 4864 spirilll

2190 4904 2452 4949 contuens
2488 4893 2793 4966 magniﬁcct
2822 4903 2875 4948 et
2901 4894 3142 4950 extollat.
3205 4893 3311 4949 Sed
3347 4908 3450 4947 non
3477 4891 3525 4943 in
3550 4888 3619 4941 his
3639 4897 3704 4935 so-

2189 4987 2292 5041 lius
2335 4987 2522 5041 littera:
2553 4988 2856 5042 contuenda
2886 4989 3151 5043 sententia
3192 4998 3305 5053 est;
3347 4985 3581 5056 quoniam
3619 4976 3708 5046 quis

2188 5075 2330 5140 dem,
2363 5092 2481 5145 quae
2516 5075 2754 5144 loquitur
2782 5077 3020 5143 Balaam,
3051 5086 3326 5148 assumpta
3369 5071 3600 5145 parabola
3635 5079 3705 5120 sua

2189 5166 2469 5235 loquitur:
2506 5167 2557 5219 in
2595 5167 2862 5236 parabolis
2904 5183 3034 5238 ergo
3083 5177 3138 5222 et
3190 5184 3285 5223 nos
3311 5209 3324 5232 ,
3377 5165 3510 5238 quod
3555 5161 3708 5216 dicitur

2189 5257 2487 5311 audiamus.
2545 5255 2599 5310 Si
2640 5260 2782 5312 enim
2821 5260 3128 5316 consideres
3177 5259 3459 5315 divisiones
3505 5253 3632 5312 illas,
3667 5253 3708 5298 cl

2189 5351 2404 5405 ordines
2441 5351 2791 5421 populorum,
2833 5353 2922 5422 qui
2961 5352 3014 5405 in
3054 5351 3445 5406 resurrectione
3481 5341 3708 5401 habebun-

2190 5455 2277 5500 tur
2327 5447 2379 5500 in
2432 5446 2626 5516 populo
2672 5445 2785 5501 veri
2837 5445 3084 5511 lsraelis,
3134 5445 3345 5516 quando
3393 5437 3707 5508 unusquililine

2189 5544 2433 5605 resurget
2465 5534 2517 5588 in
2557 5549 2654 5588 suo
2683 5535 2891 5600 ordine,
2919 5537 2962 5592 si
2989 5545 3163 5606 potes,
3194 5537 3395 5591 intuere
3425 5531 3577 5585 tribus
3599 5523 3704 5580 illas,

2189 5636 2240 5682 et
2271 5627 2471 5695 plebes,
2512 5635 2566 5682 et
2600 5628 2968 5699 cognationes,
2998 5630 3049 5682 in
3075 5628 3266 5698 quibus
3301 5641 3404 5680 non
3439 5631 3538 5675 tam
3564 5612 3707 5672 carnis
