3924 6176
249 305 358 362 749

970 297 1497 353 ENAIIIIATIONES
1530 296 1599 352 IN
1636 295 1896 353 LIBRUM
1942 296 2401 355 NUMERORUM.
2443 333 2510 340 —
2548 299 2672 356 LIB.
2713 299 2794 356 III.

3404 309 3432 363 7
3442 312 3507 365 Ξ)τὶ

240 428 305 474 οι
348 413 624 485 sanguinis
653 419 735 465 est
772 409 1040 479 cognatio,
1081 426 1241 478 quam
1282 409 1479 466 mentis
1523 420 1576 462 et
1622 411 1823 463 animi:
1861 416 1904 472 Α
1932 412 2084 479 quasi
2133 411 2442 466 incedentes
2476 428 2572 481 per
2609 429 2774 482 Opaca
2809 429 3110 482 uentorum,
3154 419 3509 488 delectamur,

246 515 379 558 tunc
409 501 672 567 intelliges
694 513 852 566 quam
889 497 1107 566 pulchra
1137 506 1262 550 sunt
1296 498 1634 551 tabernacula
1665 497 1830 551 Iacob

244 606 306 652 ct
337 593 565 649 tentoria
602 590 786 644 Israel.
839 589 992 654 Quod
1027 589 1071 641 si
1115 588 1412 642 secundum
1451 589 1610 642 aliam
1639 589 1831 644 editio-

243 701 372 740 nem
394 684 571 754 legere
595 679 828 733 volueris
851 680 921 732 ita
951 697 961 730 :
991 677 1160 742 Quam
1189 679 1468 732 bonmsunt
1493 680 1680 732 domus
1700 689 1828 744 tute,

239 774 436 835 Iacob,
470 769 800 825 tabernacula
824 780 938 833 tua,
967 769 1167 833 Israel;
1195 781 1247 822 ut
1272 787 1481 823 nemora
1510 771 1826 836 umbrantia,

242 876 301 919 ut
327 864 567 935 paradisi
600 878 755 930 super
787 862 1042 930 ﬂumina;
1072 870 1126 915 et
1156 862 1513 916 differentiam
1548 863 1828 916 domorum

242 973 309 1012 ae
363 953 829 1010 tabernaculorum
876 952 991 1021 ejus
1039 953 1306 1021 requiras,
1355 963 1410 1006 et
1454 952 1623 1007 Iacob
1664 962 1828 1021 atque

237 1047 407 1102 Israel
433 1046 802 1100 diversitatem
839 1044 1002 1097 etiam
1033 1044 1098 1098 de
1133 1045 1236 1098 hoc
1281 1044 1405 1099 talis
1447 1045 1690 1112 quaedam
1732 1045 1826 1098 ha-

242 1141 416 1194 benda
445 1137 722 1191 distinctio
746 1143 846 1189 est.
889 1135 1088 1188 Domus
1115 1150 1203 1190 res
1240 1144 1324 1190 est
1364 1134 1584 1189 fundata
1620 1150 1682 1189 ac
1713 1145 1824 1189 sta-

242 1228 384 1290 bilis,
417 1234 470 1278 et
491 1225 655 1278 certis
680 1223 923 1276 terminis
945 1229 1116 1290 septa.
1160 1222 1526 1276 Tabernacula
1547 1237 1678 1276 vero
1699 1231 1825 1277 sunt

243 1314 548 1369 habitacula
589 1313 835 1381 quaedam
875 1327 1085 1375 eorum,
1113 1312 1205 1381 qui
1231 1326 1441 1380 semper
1468 1313 1520 1366 in
1555 1313 1642 1366 via
1673 1322 1820 1376 sunt,

245 1418 295 1462 et
323 1423 536 1476 semper
562 1405 857 1468 ambulant,
892 1421 989 1458 nec
1010 1405 1221 1459 itineris
1247 1405 1331 1458 sui
1363 1406 1649 1471 terminum
1678 1422 1824 1476 repe-

244 1501 413 1552 riunt.
453 1498 619 1568 Igitur
643 1496 806 1550 Iacob
832 1496 1106 1549 habendus
1140 1504 1223 1551 est
1253 1496 1305 1548 in
1336 1511 1521 1550 eorum
1553 1498 1818 1566 personis,

235 1589 331 1656 qui
367 1589 420 1641 in
455 1589 662 1641 actibus
690 1595 743 1641 et
769 1602 932 1656 apere
963 1585 1184 1655 perfecti
1211 1595 1336 1640 sunt
1361 1604 1374 1640 :
1398 1587 1562 1642 Israel
1586 1603 1715 1642 vero
1745 1587 1821 1642 illi

235 1681 578 1751 intelligendi
609 1688 733 1733 sunt
761 1680 853 1748 qui
885 1679 1059 1733 studia
1087 1694 1213 1750 erga
1249 1681 1568 1749 sapientiam
1605 1691 1816 1752 gemat.

231 1771 378 1836 Quia
407 1785 536 1840 ergo
556 1785 777 1840 operum
806 1778 1102 1840 gestorum,
1129 1785 1249 1838 qua
1271 1771 1512 1824 exercitu
1542 1780 1691 1827 certo
1717 1771 1820 1827 ﬁne

232 1861 562 1916 clauduntur
587 1860 781 1929 (neque
807 1862 948 1915 enim
965 1861 1081 1915 sine
1097 1861 1200 1916 ﬁne
1210 1869 1292 1916 est
1303 1877 1523 1932 operum
1539 1863 1819 1934 perfectio)

230 1952 327 2005 ubi
374 1951 745 2020 adimpleverit
779 1951 900 2020 quis
938 1950 1117 2004 omnia
1153 1967 1274 2021 quae
1311 1950 1490 2006 facere
1523 1953 1726 2015 debuit,
1767 1961 1822 2007 et

232 2039 302 2091 ad
329 2038 677 2108 perfectionis
713 2038 872 2092 ﬁnem
897 2053 1118 2106 operum
1148 2040 1378 2103 venerit,
1409 2038 1669 2108 perfectio
1705 2042 1817 2110 ipsa

234 2145 488 2200 operum,
519 2130 658 2184 bona
683 2131 871 2184 domus
900 2130 1014 2200 ejus
1051 2145 1172 2185 esse
1197 2131 1410 2185 dicitur.
1466 2132 1666 2187 Eorum
1691 2149 1818 2187 vero

231 2221 330 2290 qui
356 2221 630 2290 sapientia:
655 2229 706 2276 et
735 2221 972 2275 scientia:
993 2236 1210 2290 operam
1240 2230 1444 2286 amant,
1469 2223 1722 2292 quoniam
1752 2222 1814 2276 ﬁ-

233 2313 323 2366 nis
365 2311 540 2365 nullus
589 2320 673 2366 est
721 2312 876 2381 (quis
917 2311 1062 2365 enim
1105 2312 1370 2367 terminus
1409 2313 1684 2384 sapientia:
1720 2314 1816 2368 Dei

231 2401 380 2454 erit?
402 2401 488 2454 ubi
515 2410 714 2469 quanto
741 2401 970 2471 amplius
1002 2402 1123 2470 quis
1161 2403 1475 2468 accesserit,
1518 2412 1667 2458 tanto
1692 2420 1813 2474 pro-

234 2491 484 2545 fundiora
526 2492 790 2555 inveniet;
833 2501 886 2545 et
927 2499 1128 2560 quanto
1170 2492 1291 2561 quis
1332 2502 1605 2548 scrutatus
1633 2493 1811 2556 fuerit,

235 2589 388 2635 tanto
419 2596 482 2634 ea
519 2579 804 2635 inell'abilia
833 2590 888 2635 et
927 2581 1485 2651 incomprehensibilia
1521 2585 1816 2648 deprehen-

235 2671 339 2725 dit:
379 2672 937 2740 incomprehensibilis
953 2673 1100 2727 enim
1123 2682 1178 2727 et
1207 2674 1596 2728 inaestimabilis
1617 2683 1699 2729 est
1719 2675 1814 2730 Dei

231 2762 521 2831 sapientia)
542 2780 552 2814 :
573 2763 773 2817 idcirco
788 2778 976 2817 eorum
1000 2764 1090 2832 qui
1111 2765 1216 2818 iter
1241 2765 1514 2833 sapientia:
1539 2766 1812 2831 incedunt,

231 2866 342 2905 non
370 2851 556 2906 domos
575 2851 821 2917 laudant;
850 2867 954 2906 non
977 2855 1124 2907 enim
1150 2863 1512 2923 pervenerunt
1533 2855 1600 2909 ad
1627 2854 1810 2920 ﬁdem,

230 2945 328 3000 sed
364 2945 707 3000 tabernacula
748 2946 1034 3012 mirantur,
1065 2947 1118 3001 in
1158 2948 1352 3018 quibus
1392 2964 1606 3019 semper
1629 2951 1812 3005 ambu-

232 3037 367 3100 lant,
408 3047 460 3092 et
501 3052 712 3106 semper
752 3038 1076 3107 proﬁciunt:
1103 3046 1157 3092 et
1196 3047 1399 3107 quanto
1436 3041 1607 3111 magis
1642 3042 1808 3110 proﬁ-

231 3126 405 3190 ciunt,
435 3134 582 3179 tanto
609 3126 688 3180 eis
707 3126 1016 3196 proﬁciendi
1041 3128 1127 3181 via
1156 3137 1400 3196 augetur,
1425 3137 1479 3182 et
1504 3130 1556 3182 iu
1583 3130 1808 3184 immen-

229 3228 352 3266 sum
385 3214 621 3282 ponitur.
665 3213 733 3267 Et
759 3214 880 3268 ideo
905 3214 1036 3269 istos
1063 3215 1338 3284 profectus
1356 3232 1545 3272 eorum
1570 3233 1672 3288 per
1700 3221 1810 3290 spi-

233 3303 395 3355 ritum
433 3311 714 3367 contuens,
767 3303 1112 3358 tabernaeula
1151 3320 1212 3359 ea
1245 3305 1485 3360 nominat
1520 3306 1700 3361 Israel.
1744 3307 1810 3362 Et

227 3406 360 3444 vere
407 3391 454 3444 si
503 3391 624 3460 quis
667 3391 905 3446 scientiae
943 3391 1149 3461 aliquos
1179 3392 1474 3461 profectus,
1515 3403 1572 3449 α
1597 3395 1808 3464 experi-

227 3480 399 3535 menti
430 3480 629 3549 aliquid
665 3481 718 3535 in
747 3481 943 3536 talibus
972 3483 1230 3551 sumpsit,
1259 3484 1363 3538 scit
1391 3484 1630 3553 profecto
1665 3487 1807 3554 quod

225 3571 318 3625 ubi
352 3570 419 3624 ad
449 3570 685 3639 aliquam
722 3581 940 3624 ventum
970 3570 1132 3626 fuerit
1169 3574 1454 3639 theoriam,
1486 3584 1542 3628 et
1579 3576 1807 3645 agnitio-

227 3673 353 3712 nem
389 3659 768 3728 mysteriorum
807 3660 1184 3729 spiritualium.
1231 3663 1302 3716 ibi
1342 3663 1521 3716 anima
1555 3664 1706 3732 quasi
1749 3665 1804 3716 in

222 3747 464 3816 quodam
503 3749 852 3803 tabernaculo
898 3751 1227 3802 demoratur.
1269 3749 1402 3805 Cum
1446 3765 1577 3806 vero
1617 3767 1684 3806 ex
1718 3753 1804 3808 his

223 3849 349 3904 qua;
378 3837 600 3904 reperit,
634 3836 736 3890 alia
764 3853 951 3892 rursus
981 3839 1225 3903 rimatur,
1253 3847 1307 3893 et
1333 3840 1401 3894 ad
1424 3839 1559 3895 alios
1591 3841 1804 3910 proﬁcit

226 3927 551 3994 intellectus,
581 3930 706 3984 inde
735 3933 891 4000 quasi
919 3933 1124 3986 elevato
1159 3935 1505 3991 tabernaculo
1541 3939 1712 3992 tendit
1735 3940 1802 3994 ad

224 4019 538 4086 superiora;
563 4030 616 4073 et
638 4021 708 4076 ibi
732 4022 978 4089 collocat,
1006 4025 1136 4079 etin
1159 4026 1282 4082 imis
1310 4029 1512 4093 sedem,
1548 4045 1801 4085 sensuum

223 4108 520 4163 stabilitate
549 4110 847 4175 conﬁxam;
879 4122 933 4166 et
970 4114 1093 4169 inde
1140 4117 1334 4171 iterum
1380 4133 1448 4172 ex
1492 4120 1620 4190 ipsis
1668 4121 1803 4176 alios

223 4199 431 4254 invenit
468 4202 739 4270 spiritales
777 4219 986 4270 sensus,
1033 4221 1168 4275 quos
1206 4209 1445 4277 priorum
1486 4211 1600 4265 sine
1640 4213 1802 4267 dubio

221 4304 478 4345 sensuum
505 4295 886 4362 consequentia
923 4297 1255 4364 patefecerit.
1295 4299 1363 4352 Et
1391 4299 1464 4354 ita
1494 4315 1704 4371 semper
1733 4303 1801 4356 ad

221 4383 406 4449 priora
458 4384 772 4449 extendens,
816 4386 1175 4442 tabernaculis
1221 4391 1537 4459 quibusdam
1589 4395 1800 4448 videtur

220 4471 493 4526 incedere.
542 4473 825 4542 Nunquam
857 4478 1000 4530 enim
1032 4487 1115 4532 est
1153 4481 1366 4547 quando
1410 4484 1585 4535 anima
1623 4485 1796 4538 scien-

220 4563 312 4615 tize
344 4562 574 4630 igniculo
602 4579 879 4630 succensa,
911 4568 1068 4621 otiari
1100 4571 1268 4638 possit
1293 4581 1346 4624 et
1378 4573 1675 4640 quiescere,
1704 4575 1796 4628 sed

215 4667 440 4719 semper
466 4668 494 4705 a
526 4655 678 4708 bonis
707 4657 773 4709 ad
805 4657 1046 4721 meliora,
1091 4666 1145 4710 et
1184 4658 1376 4712 iterum
1419 4661 1484 4713 ad
1518 4663 1794 4730 superiora

217 4757 248 4792 a
298 4741 609 4796 melioribus
655 4754 994 4811 provocatur.
1047 4745 1157 4799 IIoc
1193 4762 1322 4816 ergo
1375 4749 1646 4816 sapientia:
1701 4750 1795 4806 Dei

218 4834 328 4884 iter
364 4843 515 4901 grate
559 4834 690 4888 satis
714 4875 727 4899 ,
773 4844 827 4888 et
864 4851 985 4889 cum
1025 4836 1191 4891 multo
1236 4837 1430 4891 decore
1468 4841 1798 4909 prmscripsit

217 4922 436 4980 dicens;

294 5008 363 5063 Ut
395 5027 602 5065 nemora
627 5014 944 5080 umbrantia,
976 5026 1023 5069 et
1045 5027 1099 5070 ut
1121 5018 1352 5086 paradisi
1375 5035 1528 5089 super
1553 5021 1795 5088 flutaina,

213 5112 266 5156 et
298 5103 436 5154 sicut
465 5103 831 5170 tabernacula,
861 5123 978 5176 qum
1003 5108 1120 5176 ﬁxit
1150 5107 1438 5173 Dominus;
1468 5112 1602 5164 sicut
1658 5112 1798 5166 cedri

208 5192 375 5260 juxta
400 5208 582 5261 aquas.
621 5193 721 5259 Qui
759 5196 902 5248 enim
934 5195 1186 5250 incedunt
1211 5197 1348 5251 hanc
1377 5199 1538 5263 viam,
1575 5214 1673 5268 per
1705 5215 1798 5255 ne-

217 5296 373 5336 mora
420 5285 719 5338 umbrantia
770 5286 1042 5341 incedunt.
1103 5287 1332 5342 Nemora
1371 5291 1513 5343 enim
1565 5301 1688 5346 sunt
1717 5293 1796 5346 eis

215 5373 546 5440 umbrantia,
583 5385 639 5430 et
664 5386 722 5431 ut
746 5379 982 5446 paradisi
1011 5380 1187 5434 omnis
1218 5380 1484 5448 justorum
1517 5390 1710 5444 ctzetus,
1741 5392 1795 5436 et

213 5473 534 5518 salictorum
599 5469 1089 5538 proplietarumque
1152 5471 1367 5524 chorus.
1435 5471 1547 5525 Sub
1605 5473 1794 5526 umbra

210 5553 362 5606 enim
402 5569 652 5610 sensuum
691 5574 826 5628 quos
869 5561 1009 5629 apud
1054 5560 1174 5614 illos
1222 5561 1452 5630 scriptos
1495 5562 1792 5626 inveniunt,

212 5639 607 5712 refrigerantur
630 5648 822 5701 animae
851 5649 1119 5717 ipsorum;
1145 5659 1198 5702 et
1222 5649 1272 5703 in
1297 5649 1555 5704 doctrinis
1581 5667 1789 5719 eorum,

1933 509 1988 553 et
2013 501 2153 554 sicut
2181 502 2417 570 paradisi
2451 518 2614 572 super
2641 503 2883 568 flumina,
2924 506 3126 562 similes
3167 519 3221 562 et
3254 524 3510 582 cognatos

1935 593 2008 646 illi
2050 594 2332 662 paradiso,
2362 594 2416 647 in
2444 610 2549 664 qua
2579 595 2779 665 lignum
2815 597 2938 650 vitae
2962 607 3063 651 est.
3104 599 3351 657 Flumina
3383 619 3512 660 vero

1929 697 2217 752 possumus
2245 683 2328 738 vel
2357 682 2667 754 Scripturas
2695 686 3032 757 evangelicas
3061 696 3223 758 atque
3262 693 3512 760 apostoli-

1929 788 2021 829 cas
2058 774 2325 843 accipere,
2352 773 2435 828 vel
2464 774 2626 828 etiam
2650 774 2962 844 angelorum
2989 785 3044 831 et
3069 777 3372 833 caelestium
3404 783 3512 834 vir-

1929 871 2100 918 tutum
2129 878 2257 933 erga
2304 863 2609 932 hujusmodi
2662 863 2872 918 animas
2913 865 3200 936 adjutoria.
3249 867 3513 939 Rigantur

1927 952 2072 1006 enim
2106 953 2176 1007 ab
2205 952 2309 1007 illis
2337 961 2389 1007 et
2419 952 2764 1017 mundantur,
2799 961 2961 1023 atque
2989 953 3058 1008 ad
3092 971 3311 1011 omnem
3338 960 3514 1013 scien-

1930 1049 2057 1102 tiam
2101 1059 2155 1104 et
2204 1051 2529 1118 agnitionem
2591 1067 2771 1106 rerum
2823 1054 3122 1109 ctelestium
3173 1059 3508 1114 nutriuntur.

1927 1137 2184 1203 Quamvis
2221 1152 2275 1194 et
2313 1139 2561 1194 Salvator
2591 1151 2775 1196 noster
2814 1142 3005 1198 fluvius
3045 1145 3116 1200 sit
3147 1147 3239 1215 qui
3274 1147 3509 1203 lmtiﬁca’

1923 1229 2197 1282 civitatem
2244 1230 2360 1294 Dei,
2399 1238 2454 1285 et
2495 1230 2729 1300 Spiritus
2761 1245 2979 1288 sanctus
3023 1251 3128 1290 non
3181 1238 3351 1292 solum
3395 1241 3508 1309 ipse

1924 1316 2114 1374 ﬂuvius
2148 1321 2242 1384 sit,
2281 1321 2373 1374 sed
2409 1331 2463 1374 et
2503 1322 2588 1376 his
2616 1324 2810 1391 quibus
2853 1325 3010 1380 datus
3053 1325 3236 1392 fuerit,
3287 1328 3507 1384 ﬁumina

1925 1407 1993 1460 de
2013 1416 2196 1460 ventre
2218 1421 2402 1460 eorum
2421 1411 2736 1475 procedant,
2759 1421 2808 1462 et
2827 1410 2969 1465 Deus
3005 1411 3166 1468 Pater
3185 1414 3327 1470 dicat
3367 1437 3380 1472 :
3418 1419 3502 1472 .tle

1926 1497 2518 1567 dereliqueruutfontem
2544 1516 2698 1569 aqum
2717 1502 2842 1555 vim
2863 1501 2999 1561 (Jer.
3031 1504 3112 1572 η),
3155 1521 3219 1561 ex
3238 1511 3503 1577 quoscm-

1926 1597 2010 1641 cet
2025 1587 2171 1642 fonte
2190 1588 2411 1643 ﬁumina
2427 1592 2526 1643 ista
2544 1594 2961 1660 proceduntdlfs
2973 1611 3102 1667 ergo
3122 1600 3381 1656 mundata
3401 1601 3502 1656 llu-

1922 1674 2156 1728 minihus
2186 1673 2530 1728 tabernacula
2560 1673 2742 1738 Israel,
2779 1685 2904 1729 sunt
2927 1677 3066 1731 sicut
3095 1677 3204 1743 illa,
3235 1694 3356 1748 qum
3388 1681 3505 1735 ﬁxit

1848 1747 1895 1806 Β
1925 1766 2202 1820 Dominus.
2255 1763 2360 1819 Sed
2401 1765 2667 1820 intentum
2707 1765 2954 1823 fortassis
2995 1785 3211 1824 movere
3249 1747 3503 1841 poterunt

1923 1854 2220 1908 auditorem
2240 1895 2255 1920 ,
2281 1855 2422 1922 quod
2447 1856 2582 1910 duas
2607 1858 2867 1926 quasdam
2895 1861 3102 1929 species
3125 1861 3498 1918 tabernaculo-

1922 1957 2041 1994 rum
2073 1957 2309 2012 przesens
2334 1958 2514 1998 sermo
2541 1956 2950 2002 commemorat.
2995 1949 3084 2004 Ait
3113 1951 3257 2005 enim
3289 1970 3300 2004 :
3328 1952 3502 2018 Quam

1919 2030 2068 2083 bona:
2103 2030 2288 2085 domus
2326 2041 2451 2096 tute,
2490 2032 2694 2087 Iacob!
2731 2034 3091 2092 Tabernacula
3129 2049 3241 2105 tua,
3291 2038 3498 2097 Israel!

1919 2131 1974 2172 ut
2005 2137 2216 2174 nemora
2255 2122 2577 2188 umbrantia,
2619 2133 2669 2177 et
2703 2135 2760 2178 ut
2788 2127 3024 2196 paradisi
3067 2146 3222 2200 super
3255 2134 3497 2201 ﬂumina.

1917 2209 1986 2263 Et
2024 2227 2234 2266 rursum
2267 2213 2608 2268 tabernacula
2639 2215 3003 2274 tabernaculis
3032 2231 3308 2291 comparat
3329 2231 3390 2278 et
3413 2225 3498 2277 di-

1917 2301 1993 2355 cit
2017 2317 2032 2354 :
2061 2302 2128 2355 Et
2155 2305 2289 2356 sicut
2319 2303 2680 2370 tabernacula,
2709 2323 2825 2376 qua:
2856 2308 2972 2377 ﬁxit
3001 2309 3273 2366 Dominus.
3315 2312 3500 2370 Potest

1911 2404 2046 2462 ergo
2068 2400 2123 2446 et
2146 2392 2248 2447 alia
2293 2401 2416 2464 post
2449 2395 2584 2450 alias
2615 2411 2751 2466 quas
2780 2412 2938 2466 supra
2970 2401 3290 2469 protulimus
3329 2405 3499 2474 recipi

1915 2484 2203 2552 expositio,
2243 2492 2305 2538 ut
2342 2485 2587 2542 dicamus
2628 2488 2819 2542 domus
2855 2486 3022 2543 Iacob
3053 2504 3172 2545 esse
3211 2491 3407 2563 legem,
3442 2504 3501 2549 et

1917 2571 2263 2626 tabernacula
2302 2573 2490 2638 Israel,
2525 2576 2841 2644 prophetas.
2875 2575 2991 2631 Non
3023 2579 3166 2632 enim
3203 2580 3374 2649 ipsum
3403 2580 3497 2635 Ia-

1913 2659 2016 2713 cob
2057 2661 2151 2715 sed
2191 2661 2380 2716 domos
2415 2662 2533 2732 ejus
2575 2663 2788 2730 laudat;
2829 2679 2930 2720 nec
2968 2666 3142 2737 ipsum
3179 2667 3365 2734 Israel,
3401 2672 3497 2724 sed

1916 2753 2263 2808 tabernacula
2302 2754 2420 2824 ejus
2453 2773 2466 2808 :
2497 2763 2552 2810 et
2589 2766 2718 2811 tunc
2754 2771 2817 2811 ea
2856 2758 3070 2824 laudat,
3110 2775 3230 2815 cum
3273 2763 3496 2817 revelati

1914 2852 2038 2897 sunt
2064 2845 2206 2899 oculi
2238 2845 2372 2915 ejus.
2424 2845 2669 2913 Quandiu
2699 2848 2842 2903 enim
2877 2850 3119 2904 velamen
3150 2853 3381 2920 positum
3412 2862 3498 2907 est

1915 2950 2076 3004 super
2111 2937 2394 2992 lectionem
2425 2939 2556 3009 legis
2589 2948 2642 2995 et
2675 2943 3082 3011 prophetarum,
3113 2959 3217 2997 non
3243 2944 3495 2999 videntur

1912 3026 2054 3080 bona
2091 3029 2435 3082 tabernacula
2470 3045 2569 3085 nec
2602 3030 2885 3085 laudabilis
2919 3031 3128 3086 domus.
3179 3031 3275 3087 Ubi
3312 3043 3493 3086 autem

1910 3119 2146 3174 ablatum
2171 3119 2332 3174 fuerit
2358 3121 2624 3186 velamen,
2657 3132 2712 3177 et
2742 3121 2965 3193 intelligi
3003 3125 3227 3193 coeperit
3255 3125 3339 3179 lex
3365 3125 3492 3195 quia

1910 3209 2168 3277 spiritalis
2201 3220 2282 3263 est
2307 3219 2363 3264 et
2392 3211 2710 3279 prophetiae,
2755 3220 2881 3267 tunc
2927 3215 3080 3268 bonae
3121 3223 3178 3268 et
3218 3217 3494 3270 mirabiles

1909 3299 2098 3353 domus
2127 3298 2323 3363 Iacob;
2354 3308 2410 3353 et
2448 3307 2574 3353 tunc
2607 3301 2919 3356 admiranda
2949 3310 3111 3357 erunt
3143 3304 3489 3359 tabernacula

1907 3385 2093 3451 Iacob,
2129 3402 2270 3450 cum,
2311 3396 2490 3442 amota
2525 3388 2702 3443 littera
2726 3404 2844 3459 qua:
2865 3391 3081 3457 occidit,
3125 3391 3488 3449 viviﬁcantem

1907 3491 1973 3530 ex
2011 3477 2093 3530 eis
2119 3478 2398 3546 percipere
2426 3478 2674 3546 spiritum
2701 3480 2952 3547 caperis.
2997 3479 3186 3535 Potest
3223 3481 3400 3537 adhuc
3433 3497 3489 3539 et

1907 3565 2016 3618 alio
2052 3565 2210 3618 modo
2241 3565 2465 3632 intelligi
2486 3605 2501 3630 ,
2534 3573 2593 3619 ut
2630 3573 2684 3619 et
2710 3569 2890 3636 populi
2922 3571 3192 3624 credentis
3230 3579 3284 3625 et
3312 3573 3493 3641 profe-

1907 3662 1995 3708 cto
2032 3653 2189 3721 hujus
2215 3693 2230 3717 ,
2269 3655 2360 3723 qui
2403 3669 2433 3707 a
2475 3653 2690 3709 Christo
2729 3672 2792 3710 ex
2837 3658 3085 3728 gentibus
3129 3671 3490 3732 congregatus

1905 3753 2011 3808 est,
2052 3760 2276 3814 corpora
2318 3745 2477 3800 simul
2519 3747 2724 3802 laudari
2762 3749 3049 3804 videantur
3077 3760 3133 3805 et
3161 3753 3374 3808 animm.
3423 3755 3490 3811 Et

1904 3835 2072 3892 Iacob
2103 3837 2319 3905 quidem
2353 3837 2544 3893 domus
2569 3839 2636 3893 de
2666 3841 2982 3911 corporibus
3011 3842 3240 3909 dicatur,
3270 3845 3410 3901 sicut
3434 3855 3490 3902 et

1905 3935 1957 3988 in
2005 3931 2186 3986 libello
2240 3932 2472 4001 quodam
2535 3932 2732 4003 legitur
2784 3934 2908 4004 quia
2955 3933 3120 3991 Iacob
3171 3937 3362 3995 domus
3418 3941 3490 3996 sit

1904 4023 2086 4090 Israel,
2121 4023 2223 4078 hoc
2257 4031 2358 4088 est,
2390 4039 2582 4094 corpus
2609 4025 2724 4094 ejus
2753 4025 2920 4082 Iacob
2953 4026 3184 4094 dicatur,
3219 4038 3274 4084 et
3305 4031 3484 4086 anima

1902 4115 2088 4170 Israel.
2156 4115 2417 4170 Similiter
2465 4130 2592 4186 ergo
2640 4125 2696 4170 et
2739 4116 3099 4187 perfectorem
3150 4135 3486 4190 quorumque

1903 4223 2128 4277 corpora
2163 4209 2456 4262 laudabiles
2491 4209 2741 4263 dicantur
2781 4225 2900 4264 esse
2931 4209 3123 4265 domus
3157 4211 3342 4267 Iacob.
3390 4212 3486 4266 Est

1903 4298 2048 4350 enim
2083 4312 2279 4366 corpus
2316 4296 2584 4351 laudabile
2613 4313 2737 4351 cum
2764 4299 3094 4352 continentia
3129 4308 3184 4353 et
3214 4301 3478 4361 castitate.

1904 4401 2283 4455 nonnunquam
2312 4394 2488 4439 autem
2514 4402 2635 4440 cum
2658 4389 2916 4458 martyrio
2944 4390 3246 4443 decoratur.
3282 4389 3482 4444 Taber-

1903 4477 2093 4530 uaeula
2128 4491 2257 4530 vero
2302 4477 2368 4529 ad
2424 4477 2632 4531 animas
2677 4476 2946 4548 perfectas
2992 4479 3182 4534 referri
3233 4492 3478 4550 possunt,

1897 4566 2092 4634 quibus
2132 4573 2186 4619 et
2223 4580 2416 4619 nomen
2467 4566 2695 4620 videndo
2736 4565 2905 4620 Deum
2951 4569 3204 4622 convenit
3245 4569 3476 4624 Israelis.

1897 4657 2000 4711 Ista
2031 4656 2173 4709 enim
2205 4655 2539 4708 tabernacula
2567 4664 2708 4718 sunt,
2733 4657 2924 4726 inquit,
2959 4658 3091 4711 sicut
3128 4675 3340 4712 nemora
3369 4677 3482 4713 um-

1898 4747 2124 4808 brantia,
2157 4755 2202 4799 et
2229 4749 2360 4799 sicut
2389 4747 2622 4815 paradisi
2644 4764 2788 4817 super
2814 4749 3056 4816 flumina,
3083 4758 3129 4802 et
3155 4751 3285 4803 sicut
3315 4751 3480 4803 taber-

1899 4835 2088 4889 nacula
2139 4852 2255 4906 qua:
2299 4836 2414 4904 ﬁxit
2459 4836 2731 4890 Dominus.
2787 4837 2903 4890 Alia
2949 4853 3079 4909 ergo
3127 4840 3476 4894 tabernacula

1907 4927 2134 4980 ostendit
2161 4941 2282 4981 esse
2312 4941 2430 4994 qua:
2463 4925 2578 4979 ﬁxit
2611 4926 2884 4992 Dominus,
2909 4929 3102 4998 quibus
3135 4938 3260 4984 sunt
3281 4931 3475 4984 similia

1903 5019 2244 5074 tabernacula
2269 5019 2452 5073 Israel.
2494 5019 2656 5073 Extra
2682 5020 2823 5074 hunc
2856 5021 3071 5075 modum
3102 5037 3188 5075 me
3226 5024 3474 5092 progreli

1903 5110 2173 5175 convenit,
2211 5119 2271 5164 ut
2300 5111 2510 5164 videam
2545 5125 2663 5179 quae
2691 5111 2799 5164 sint
2825 5113 3169 5168 tabernacula
3204 5130 3323 5183 qua:
3361 5114 3476 5166 ﬁxit

1904 5201 2180 5255 Dominus.
2240 5203 2331 5256 Illa
2393 5203 2643 5257 nimirum
2692 5211 2816 5257 sunt
2856 5219 2975 5274 qua:
3020 5207 3254 5260 ostendit
3285 5205 3470 5275 Moysi,

1902 5308 2022 5346 cum
2056 5294 2454 5347 tabernaculum
2481 5303 2822 5350 construeret
2849 5297 2900 5348 in
2935 5297 3166 5359 deserto,
3197 5296 3384 5349 dicens
3407 5297 3471 5346 ad

1901 5399 2057 5437 eum:
2095 5383 2240 5449 Vide,
2267 5387 2454 5455 inquit,
2484 5397 2536 5440 ut
2569 5387 2734 5456 facias
2756 5388 2930 5440 omnia
2959 5387 3240 5442 secundum
3271 5395 3467 5454 typum,

1898 5476 1987 5544 qui
2013 5485 2246 5529 ostensus
2275 5477 2367 5530 tibi
2395 5477 2445 5531 in
2482 5487 2653 5531 monte
2690 5487 2763 5530 est
2803 5477 3001 5547 (Exod.
3048 5474 3193 5544 xxv).
3239 5473 3319 5527 Ad
3355 5474 3473 5528 inti-

1901 5567 2152 5620 tationem
2183 5579 2311 5635 ergo
2337 5567 2556 5620 istorum
2587 5566 3051 5620 tabernaculorum
3080 5578 3199 5632 qua:
3227 5562 3337 5616 ﬁxit
3371 5561 3474 5617 Do.

1901 5654 2092 5717 minus,
2125 5653 2286 5707 Israel
2320 5656 2476 5709 debet
2505 5655 2679 5710 facere
2714 5654 3084 5716 tabernacula,
3107 5661 3158 5705 ct
3183 5655 3474 5724 unusquis-
