3924 6176
556 272 654 331 154

1202 267 1264 322 B.
1310 266 1565 324 RABANI
1602 267 1821 325 MAURI
1855 268 2173 326 ARCHIEP.
2217 268 2523 328 MOCUNT.
2565 271 2851 329 OPERUM
2888 272 3073 330 PARS
3109 272 3148 327 I.
3655 287 3729 344 752

551 400 658 460 que
714 392 955 440 nostrum
1010 381 1265 452 expedire
1313 391 1370 438 et
1416 381 1681 438 fabricam
1725 382 2129 437 tabernaculum
2157 387 2209 446 Α
2306 383 2458 440 Fluet
2498 403 2635 456 aqua
2672 386 2737 440 de
2766 386 2926 441 situla
2956 388 3093 456 ejus,
3135 395 3184 442 et
3227 404 3393 445 semen
3430 392 3555 449 illius
3576 401 3659 453 erit
3690 404 3731 473 ίρ

552 492 731 535 suum.
763 476 918 532 Unde
938 474 1153 530 videtur
1171 488 1281 529 non
1306 471 1586 528 fortuitum
1613 474 1926 545 contigisse,
1952 481 2014 528 ut
2035 474 2134 529 Pe-

552 576 671 623 trus
698 565 916 636 quidem
950 572 1006 618 et
1035 562 1281 617 Andreas
1313 570 1369 617 et
1394 561 1487 616 ﬁlii
1516 560 1777 626 Zebedaai,
1808 570 1931 617 ante
1958 561 2136 633 pisca—

554 670 700 714 tores
723 656 1120 721 invenirentur,
1154 653 1351 709 Paulus
1384 669 1512 708 vero
1546 661 1671 707 ante
1704 652 1856 706 faber
1887 654 2134 709 taberna-

552 750 821 806 culorum.
875 747 944 801 Et
976 745 1104 815 quia
1152 741 1229 798 illi
1261 742 1439 799 vocati
1480 744 1550 797 ab
1593 752 1711 797 arte
1749 743 2135 813 capiendorum

551 841 783 913 piscium
807 846 1086 909 putantur,
1124 844 1181 892 et
1216 836 1356 891 ﬁunt
1385 837 1686 907 piscatores
1715 837 2015 903 hominum,
2055 838 2136 893 di-

553 940 709 987 cente
739 928 966 984 Domino
993 944 1009 982 :
1047 922 1228 981 Venite
1252 935 1365 997 post
1391 942 1489 989 me,
1517 926 1710 995 faciam
1735 941 1822 980 vos
1850 926 2134 995 piscatores

555 1023 823 1075 hominum
849 1016 1064 1089 (Matth.
1105 1015 1205 1083 tv),
1245 1031 1353 1071 non
1382 1015 1602 1071 dubium
1645 1014 1774 1085 quin
1821 1021 1878 1071 et
1916 1013 2132 1079 Paulus,

553 1112 678 1182 quia
720 1117 776 1164 et
808 1109 922 1178 ipse
950 1121 1046 1176 per
1083 1106 1369 1163 Dominum
1415 1120 1592 1160 meum
1632 1103 1815 1160 Jesum
1860 1104 2134 1159 Christum

553 1210 778 1255 vocatus
805 1196 1081 1268 apostolus
1109 1204 1212 1260 est,
1244 1194 1404 1248 simili
1433 1185 1550 1248 arte
1575 1209 1669 1248 sua
1700 1203 1754 1248 et
1782 1191 2137 1247 transforma-

554 1292 701 1345 tione
722 1295 960 1343 mutatus
983 1286 1076 1352 sit,
1097 1295 1157 1340 ut
1177 1284 1319 1339 sicut
1334 1284 1503 1339 illi'ex
1524 1284 1885 1354 piscatoribus
1909 1285 2135 1353 piscium

552 1381 849 1450 piscatores
878 1376 1155 1433 hominum
1184 1374 1313 1431 facti
1337 1383 1481 1440 sunt,
1509 1375 1584 1430 ita
1608 1383 1662 1429 et
1688 1375 1790 1429 iste
1818 1390 1849 1429 a
1875 1374 2138 1430 faciendis

556 1466 923 1527 tabernaculis
961 1465 1193 1521 terrenis
1235 1465 1304 1520 ad
1340 1462 1580 1519 coelestia
1615 1463 1962 1519 tabernacula
2004 1478 2136 1518 con-

555 1558 812 1616 struenda
843 1555 1135 1612 translatus
1163 1554 1253 1609 sit.
1296 1551 1575 1608 Construit
1607 1552 1753 1607 enim
1780 1551 2023 1607 caelestia
2059 1559 2140 1605 ta-

553 1646 862 1711 bernacula,
910 1645 1107 1701 docens
1145 1656 1584 1712 unumquemque
1629 1642 1772 1697 viam
1821 1641 2032 1708 salutis,
2082 1650 2137 1698 et

2233 493 2403 548 aquas
2442 478 2654 532 multas.
2694 479 2942 535 Ostendit
2988 480 3281 536 secundum
3315 483 3598 556 historiam,
3625 498 3732 563 quod

2237 570 2304 624 de
2323 579 2481 638 gente
2509 569 2673 624 Israel
2698 568 2844 641 larga
2865 579 3141 626 excrcscet
3164 572 3438 629 multitudo
3458 580 3732 646 populorum.

2235 660 2403 729 Aqua:
2428 662 2595 727 enim,
2626 661 2820 731 inquit,
2852 661 3138 716 multitudo
3164 664 3342 732 populi
3364 673 3458 719 est.
3492 666 3735 727 Secundum

2236 749 2545 819 allegoriam
2618 766 2748 806 vero
2810 751 3078 822 signiﬁcat
3138 753 3487 810 abundantem
3554 763 3732 828 gratiam

2235 841 2556 910 evangelicae
2597 842 3041 912 doctrinamque
3086 842 3152 897 de
3190 844 3451 913 primitiva
3488 846 3537 901 in
3568 848 3739 907 Jerusa-

2236 933 2341 989 lem
2369 933 2608 989 Ecclesia
2648 949 2745 1004 per
2785 934 3147 1003 apostolorum
3173 934 3514 991 ministerium
3539 940 3584 993 in
3609 948 3738 996 totum

2238 1024 2425 1079 orbem
2446 1032 2712 1078 terrarum
2740 1023 2961 1094 largiter
2986 1024 3162 1079 infusa
3212 1034 3313 1079 est.
3360 1026 3458 1096 Ipsi
3503 1030 3624 1083 enim
3647 1047 3740 1102 apo-

2238 1112 2361 1168 stoli
2410 1114 2478 1168 de
2513 1127 2709 1184 genere
2757 1112 3033 1168 Abraham
3077 1115 3290 1178 exorti,
3345 1126 3398 1170 et
3440 1116 3741 1178 benedictione

2236 1200 2438 1271 Christi
2477 1203 2570 1271 qui
2612 1210 2696 1257 est
2736 1217 2926 1257 verum
2954 1217 3138 1258 semen
3166 1203 3431 1259 Abraham
3457 1208 3637 1277 repleti,
3659 1213 3741 1267 suis

2236 1293 2707 1362 praedicationibus
2746 1302 2916 1350 totum
2963 1297 3223 1351 mundum
3259 1297 3594 1367 repleverunt.
3631 1304 3742 1359 Unde

2238 1385 2499 1455 scriptum
2528 1394 2612 1440 est
2639 1400 2654 1439 :
2680 1386 2747 1441 In
2773 1402 2979 1441 omnem
3003 1398 3199 1442 terram
3231 1391 3385 1446 exivit
3416 1409 3559 1447 sonus
3589 1411 3741 1457 conus,

2238 1484 2285 1530 et
2310 1476 2365 1530 in
2392 1475 2523 1544 ﬁnes
2549 1476 2688 1530 orbis
2713 1486 2867 1531 terra:
2890 1477 3041 1532 verba
3067 1494 3245 1533 eorum
3267 1478 3430 1552 (Psal.
3457 1483 3612 1554 XVIII).
3643 1484 3744 1540 llinc

2238 1573 2293 1620 et
2317 1581 2415 1636 per
2442 1566 2639 1621 Isaiam
2672 1567 2871 1622 dicitur
2902 1584 2918 1620 :
2950 1566 3162 1635 Omnes,
3194 1572 3284 1640 qui
3319 1571 3536 1627 uiderunt
3565 1591 3650 1637 eos,
3680 1591 3745 1627 co-

2237 1665 2481 1727 gnoscent
2517 1656 2657 1724 illos,
2690 1658 2815 1729 quia
2842 1658 2931 1713 isti
2965 1669 3086 1714 sunt
3110 1677 3284 1716 semen
3319 1663 3402 1716 cui
3432 1663 3747 1718 benedicitDo-

553 1736 836 1791 beatarum
876 1732 933 1787 in
968 1731 1276 1787 caelestibus
1310 1731 1651 1785 mansionum
1690 1731 1796 1787 iter
1829 1732 2141 1788 ostendens.
2173 1733 2220 1793 B
2246 1745 2581 1815 minus.(lsa.
2606 1748 2719 1819 ut)

546 1824 708 1882 Facit
734 1823 1083 1880 tabernacula
1120 1821 1337 1887 Paulus,
1386 1828 1442 1876 et
1481 1836 1603 1876 cum
1648 1823 1716 1877 ad
1746 1821 2046 1878 Jerusalem
2081 1822 2136 1876 in

554 1915 810 1982 circuitu,
841 1928 1013 1984 usque
1051 1912 1120 1991 ad
1144 1912 1416 1983 Illyricum
1454 1912 1626 1982 replet
1662 1913 2011 1985 Evangelium
2041 1915 2136 1970 Dei

552 2010 815 2076 ecclesias
862 2009 1245 2066 construendo.
1298 2009 1367 2063 Et
1406 2009 1510 2065 hoc
1552 2010 1712 2066 modo
1749 2010 1881 2068 facit
1920 2021 1975 2067 et
2023 2013 2139 2083 ipse

557 2099 908 2157 tabernacula
938 2099 1007 2155 ad
1032 2098 1439 2155 similitudinem
1474 2101 1949 2157 tabernaculorum
1983 2103 2139 2159 cocle-

556 2189 720 2245 stium
740 2230 756 2256 ,
810 2204 932 2260 qua:
976 2188 1216 2245 ostendit
1264 2187 1409 2244 Deus
1446 2188 1503 2245 in
1552 2199 1738 2247 monte
1785 2191 1975 2263 Moysi.
2030 2193 2139 2249 Sed

552 2280 928 2350 unusquisque
983 2288 1228 2334 nostrum
1257 2318 1273 2346 ,
1332 2279 1380 2335 si
1431 2280 1554 2350 quis
1614 2289 1796 2338 tamen
1851 2283 2020 2339 exivit
2072 2284 2139 2340 de

559 2368 811 2440 [Egyptm
842 2376 898 2424 et
928 2369 1137 2424 habitat
1166 2368 1221 2424 in
1251 2369 1486 2438 deserto,
1517 2371 1573 2426 in
1608 2373 1955 2430 tabernaculo
1982 2375 2142 2430 debet

559 2458 827 2524 habitare,
854 2465 909 2512 et
929 2457 1070 2513 diem
1091 2456 1288 2513 festum
1312 2458 1366 2513 in
1389 2461 1750 2518 tabernaculis
1769 2464 1930 2519 debet
1955 2479 2136 2536 agere.

560 2548 714 2603 Sicut
743 2546 887 2602 enim
915 2549 1357 2604 commemoratio
1384 2548 1447 2604 ﬁt
1468 2551 1794 2622 egressionis
1814 2567 1882 2608 ex
1905 2553 2141 2625 IEgypto

545 2652 657 2707 ,per
677 2634 877 2706 pascha
903 2642 959 2691 et
987 2650 1200 2706 azyma,
1229 2636 1304 2691 ita
1330 2645 1387 2694 et
1423 2693 1427 2696 ,
1497 2641 1939 2698 commorationis
1968 2643 2022 2697 in
2049 2645 2143 2699 de-

548 2738 705 2783 serto
736 2726 798 2782 ﬁt
830 2727 1089 2783 memoria
1127 2743 1227 2798 per
1271 2727 1635 2786 tabernacula.
1686 2731 1746 2787 In
1779 2733 2142 2790 tabernaculis

546 2816 704 2871 enim
743 2815 1122 2871 habitaverunt
1162 2824 1345 2885 patres
1388 2818 1560 2874 nostri
1604 2819 1661 2874 in
1707 2820 1940 2878 deserto.
1992 2822 2142 2879 Unde

560 2913 740 2961 autem
772 2904 891 2961 ﬁeri
915 2913 1130 2975 oportet
1157 2906 1262 2962 ista
1297 2909 1662 2975 tabernacula,
1709 2912 1815 2967 nisi
1855 2927 1923 2968 ex
1961 2913 2143 2969 verbis

558 2994 693 3067 legis
719 3003 774 3050 et
799 2995 1205 3065 prophetarum,
1236 3012 1305 3053 ex
1330 2999 1674 3056 sermonibus
1711 3002 2047 3071 psalmorum
2087 3011 2144 3058 et

2315 1833 2548 1890 Tolletur
2585 1845 2797 1907 propter
2827 1836 2970 1909 Agag
3022 1855 3115 1894 rea:
3151 1840 3285 1911 ejus,
3335 1852 3382 1896 et
3421 1842 3654 1912 auferetur
3686 1860 3746 1896 re-

2239 1942 2397 1997 gnum
2424 1926 2590 1981 illius.
2650 1926 2777 1982 Haec
2812 1930 3080 1984 sententia
3108 1929 3439 1986 demonstrat
3463 1933 3663 2002 primum
3686 1949 3747 1986 re-

2239 2032 2360 2087 gem
2391 2015 2719 2083 Iudaeorum,
2752 2018 2857 2074 hoc
2889 2027 2993 2086 est,
3030 2018 3161 2075 Saul
3210 2031 3422 2092 propter
3455 2020 3587 2093 Agag
3612 2037 3747 2093 regem

2239 2107 2662 2189 Amalecitarum
2697 2108 2998 2178 perdidisse
3037 2124 3285 2180 regnum,
3327 2111 3537 2180 eoquod
3560 2119 3749 2180 parceret

2238 2195 2316 2251 illi
2332 2204 2520 2251 contra
2540 2206 2867 2266 praeceptum
2880 2197 3114 2252 Domini.
3163 2197 3284 2252 Alia
3306 2208 3474 2254 autem
3488 2200 3627 2254 editio
3643 2199 3748 2253 hunc
3848 2220 3849 2285 ἐ

2238 2284 2416 2341 locum
2441 2286 2599 2357 longe
2623 2286 2783 2341 aliter
2802 2287 2983 2342 habet.
3027 2286 3373 2357 Prophetiam
3396 2289 3525 2344 enim
3553 2297 3672 2343 tenet
3703 2289 3749 2342 de
3848 2298 3849 2369 ᾖ

2238 2373 2454 2429 Christo
2474 2381 2529 2429 et
2553 2373 2619 2428 de
2640 2389 2805 2445 regno
2827 2374 2963 2444 ejus.
2988 2373 3094 2429 Sed
3108 2375 3385 2431 videamus
3404 2374 3637 2445 quomodo
3653 2374 3751 2428 scri-
3848 2384 3849 2391 ‘

2240 2475 2389 2536 ptum
2417 2466 2505 2520 sit.
2554 2465 2747 2531 Exibit,
2776 2465 2979 2535 inquit,
3002 2465 3154 2520 homo
3176 2466 3245 2522 de
3269 2467 3454 2521 semine
3472 2467 3599 2536 ejus,
3624 2475 3662 2519 et
3683 2464 3751 2516 do-

2241 2555 2528 2609 minabitur
2553 2555 2787 2626 gentibus
2812 2555 3010 2610 muitis.
3050 2555 3118 2610 Et
3157 2546 3469 2611 excitabitur
3499 2555 3594 2626 Gog
3627 2565 3665 2608 et
3695 2570 3754 2606 re-

2240 2662 2400 2718 gnum
2421 2646 2556 2715 ejus,
2575 2655 2624 2701 et
2644 2656 2834 2701 crescet
2849 2662 3063 2717 regnum
3075 2646 3215 2716 ejus.
3230 2646 3462 2703 Christus
3470 2661 3581 2718 ergo
3591 2654 3674 2709 est,
3687 2642 3751 2712 qui

2242 2735 2375 2791 exiit
2401 2736 2467 2791 de
2505 2736 2710 2791 semine
2750 2735 2915 2791 Israel
2953 2736 3255 2792 secundum
3281 2753 3505 2793 carnem.
3550 2736 3633 2803 Qui
3654 2750 3751 2805 quo-

2244 2826 2403 2881 modo
2439 2826 2690 2895 gentibus
2737 2826 3042 2881 dominetur
3088 2826 3425 2897 expositione
3464 2840 3558 2881 non
3584 2823 3751 2894 indiget,

2245 2916 2478 2969 maxime
2502 2914 2594 2983 qui
2621 2914 2765 2985 legat
2791 2915 2993 2970 dictum
3033 2916 3082 2969 ei
3121 2931 3153 2970 a
3208 2916 3400 2971 Patre:
3428 2913 3750 2974 Postuluame,
3848 2928 3849 2985 ξ

2245 3014 2293 3059 et
2323 3004 2459 3059 dabo
2484 3005 2579 3058 tibi
2597 3001 2772 3075 gentes
2797 3006 3154 3059 hazreditatem
3183 3016 3353 3073 tuam,
3382 3016 3426 3061 et
3454 3005 3752 3077 possessionem

556 3083 797 3139 omnium
833 3097 953 3153 qua:
978 3085 1325 3141 continentur
1348 3087 1401 3142 in
1427 3087 1586 3160 lege?
1628 3089 1761 3145 Cum
1790 3093 1935 3147 enim
1963 3108 2028 3148 ex
2057 3094 2144 3149 his
2171 3079 2215 3141 C
2247 3102 2393 3150 tuam
2432 3096 2681 3147 terminos
2719 3104 2873 3148 terrae
2900 3091 3073 3165 (Psal.
3096 3092 3179 3166 ιι).
3226 3095 3363 3163 Quid
3384 3105 3461 3150 est
3479 3103 3630 3149 autem
3650 3090 3752 3161 quod

541 3188 680 3244 -quae
707 3173 909 3243 scripta
945 3181 1071 3228 sunt
1111 3176 1328 3244 proiicit
1360 3176 1560 3244 anima,
1597 3186 1652 3234 et
1688 3194 1903 3250 semper
1929 3196 1994 3235 ea
2019 3182 2141 3251 qui-

560 3264 682 3319 dem
706 3278 825 3332 qua:
848 3270 994 3319 retro
1021 3274 1148 3319 sunt
1180 3265 1526 3332 obliviscens,
1552 3267 1605 3321 in
1632 3282 1695 3322 ea
1725 3284 1844 3338 quae
1871 3277 1997 3326 ante
2017 3278 2144 3325 sunt

562 3366 621 3406 se
641 3349 905 3417 extendit,
936 3359 993 3406 et
1017 3352 1085 3407 de
1111 3352 1230 3408 loco
1254 3351 1510 3409 inferiore
1542 3357 1910 3426 progrediens,
1947 3360 2144 3414 crescit

561 3450 617 3496 et
649 3440 859 3511 proﬁcit
899 3441 967 3496 ad
1010 3442 1306 3511 superiora,
1352 3449 1408 3497 et
1447 3454 1736 3515 augmento
1772 3447 2055 3514 virtutum,
2090 3455 2144 3502 et

561 3546 628 3584 ex
653 3530 766 3600 ipsa
784 3531 1531 3601 .immutationeprofectuum
1562 3534 1615 3589 in
1646 3533 2007 3592 tabernaculis
2031 3552 2145 3592 mc-

562 3620 671 3675 rito
713 3619 924 3676 dicetur
959 3620 1229 3677 habitare.
1289 3621 1422 3678 Vide
1466 3633 1647 3679 autem
1677 3625 1723 3679 si
1755 3641 1862 3681 non
1894 3636 2019 3682 sunt
2066 3635 2145 3683 ta-

559 3711 850 3766 bernacula
880 3726 1002 3781 qua:
1040 3709 1157 3766 ﬁxit
1183 3710 1461 3779 Dominus,
1498 3715 1660 3769 etiam
1688 3715 1775 3769 illa
1803 3732 1924 3786 quae
1958 3716 2146 3772 Salva-

562 3810 650 3856 tor
693 3810 1082 3857 commemorat
1127 3802 1182 3857 in
1218 3803 1507 3875 Evangelio
1534 3807 1755 3863 dicens:
1785 3808 1969 3863 Facite
2008 3810 2147 3865 vobis

563 3892 759 3946 amicos
787 3892 850 3946 de
877 3908 1175 3946 mammona
1203 3893 1496 3964 iniquitatis
1527 3912 1545 3949 :
1580 3907 1635 3950 ut
1682 3915 1800 3952 cum
1833 3899 2145 3968 defeceritis,

565 3982 816 4052 recipiant
845 3999 930 4036 uos
958 3984 1014 4035 in
1037 3993 1233 4037 caterua
1271 3982 1608 4041 tabernacula
1648 3987 1798 4060 (Luc.
1839 3994 1972 4062 xw).
2012 3992 2147 4047 Fixa

563 4079 746 4126 autem
773 4070 1027 4127 dicuntur
1055 4087 1086 4126 a
1116 4071 1248 4138 Deo,
1292 4075 1443 4142 quasi
1470 4091 1591 4146 quae
1618 4093 1723 4132 non
1761 4080 2149 4137 circumferun-

567 4168 654 4214 tur
690 4157 838 4213 omni
866 4166 1027 4215 vento
1047 4161 1324 4217 doctrinm.
1380 4162 1519 4219 Sunt
1553 4175 1730 4222 autem
1760 4171 1931 4226 adhuc
1967 4173 2148 4228 taber-

566 4248 759 4305 nacula
789 4249 912 4315 ista,
941 4258 997 4305 et
1027 4251 1169 4307 sicut
1208 4253 1355 4307 cedri
1383 4251 1537 4322 juxta
1575 4272 1761 4327 aquas.
1821 4260 2025 4316 Cedros
2062 4263 2150 4317 hic

558 4357 674 4398 non
707 4339 842 4396 alias
874 4340 1026 4408 dicit,
1064 4342 1119 4398 in
1154 4342 1349 4412 quibus
1389 4346 1674 4417 culpabilis
1715 4358 1933 4406 notatur
1968 4353 2145 4418 elatio,

566 4434 661 4490 sed
697 4434 888 4490 cedrus
926 4435 1023 4490 Dei
1058 4451 1179 4506 quae
1225 4437 1523 4508 suspiciunt
1563 4441 1691 4497 vitis
1734 4442 1875 4499 illius
1915 4460 2034 4513 qua:
2079 4461 2144 4499 ex

566 4522 801 4594 Egypto
839 4524 1094 4579 translata
1126 4534 1212 4581 est
1235 4526 1512 4595 palmites,
1544 4539 1599 4585 et
1630 4531 1680 4584 in
1712 4533 1906 4600 quibus
1935 4534 2147 4603 requie—

569 4612 670 4667 scit
696 4610 904 4666 fructus
933 4613 1020 4668 ille
1041 4614 1194 4683 cujus
1223 4616 1413 4669 umbra
1447 4620 1658 4686 operuit
1686 4629 1916 4675 montes.
1968 4621 2025 4675 Si
2064 4623 2144 4677 iu-

568 4703 821 4760 tellexisti
865 4714 1123 4775 quantam
1168 4706 1409 4774 requiem
1463 4707 1659 4762 habeat
1699 4709 1803 4763 iter
1842 4711 2140 4779 sapientiae,

570 4802 832 4863 quantum
862 4795 1066 4865 gratiae,
1094 4803 1462 4865 quantumque
1493 4797 1811 4864 dulcedinis,
1850 4800 1957 4854 noli
1995 4802 2151 4857 dissi-

568 4884 799 4951 mulare,
820 4885 929 4939 noli
959 4886 1257 4957 negligere;
1287 4888 1382 4942 sed
1404 4889 1717 4959 aggredere,
1743 4904 1843 4944 nec
1867 4893 2032 4947 eremi
2059 4909 2147 4949 so-

565 4972 851 5028 litudinem
888 4975 1292 5042 perhorrescas.
1337 4976 1617 5034 Habitanti
1647 4981 1791 5035 enim
1830 4982 1926 5036 tibi
1956 4982 2010 5038 in
2041 4984 2142 5040 hu-

565 5060 802 5132 jusmodi
832 5063 1193 5120 tabernaculis
1218 5076 1468 5122 occurret
1494 5075 1550 5123 et
1584 5084 1780 5123 manna
1815 5072 2057 5139 caeleste,
2092 5083 2148 5130 et

572 5152 882 5221 angelorum
912 5169 1103 5224 panem
1136 5157 1507 5213 manducabis.
1558 5159 1738 5230 Incipe
1774 5169 2012 5231 tantum,
2046 5180 2147 5220 nec

576 5254 626 5301 te
663 5252 950 5316 prmtereat
997 5245 1229 5303 solitudo
1268 5248 1487 5303 deserti.
1547 5248 1667 5306 Cito
1710 5251 1765 5309 in
1814 5256 2146 5311 consortium

572 5346 725 5392 tuum
742 5337 904 5392 etiam
931 5337 1106 5409 angeli
1126 5339 1363 5408 venient,
1387 5342 1514 5412 quia
1541 5353 1820 5400 crescente
1837 5347 2009 5418 gratia
2031 5362 2147 5402 mc-

574 5430 822 5496 ritorum,
870 5431 1115 5488 ascendis
1156 5435 1481 5489 manducare
1509 5450 1703 5505 panem
1734 5438 2064 5510 angelorum,
2095 5448 2151 5495 et

577 5520 757 5574 ridere
789 5519 960 5576 Deum
989 5521 1233 5593 deorum,
1256 5540 1393 5595 quos
1419 5526 1520 5582 sub
1547 5529 1725 5598 specie
1749 5529 2032 5586 cedrorum
2059 5548 2146 5586 ar-

578 5609 746 5668 bitror
779 5611 1055 5671 indicatos.

2243 3181 2362 3247 ait:
2398 3180 2719 3236 exaltabitur
2747 3181 2858 3252 Gog
2893 3198 3107 3253 regnum
3150 3185 3319 3254 ejus?
3350 3185 3457 3257 Gog
3489 3200 3621 3255 super
3658 3190 3753 3235 tum

2243 3271 2659 3341 interpretatur.
2716 3271 2784 3325 Et
2808 3271 2860 3325 in
2884 3272 2989 3328 isto
3012 3271 3131 3328 loco
3153 3289 3269 3330 non
3294 3290 3387 3344 pro
3406 3274 3564 3344 gentis
3587 3270 3755 3338 alicujus

2242 3363 2481 3430 nomine,
2509 3370 2567 3417 ut
2594 3371 2838 3433 putatur,
2873 3364 3111 3433 positum
3131 3376 3242 3432 est,
3267 3369 3360 3423 sed
3385 3368 3510 3421 utin
3532 3364 3633 3419 aliis
3658 3376 3754 3417 nou-

2241 3457 2401 3512 nullis
2428 3457 2542 3527 ipse
2568 3473 2746 3512 sermo
2769 3457 3027 3515 Hebraeus
3054 3476 3160 3515 non
3205 3462 3567 3532 interpretatus
3588 3459 3753 3513 relictus

2242 3556 2325 3603 est
2344 3588 2360 3614 ,
2393 3557 2447 3603 et
2471 3547 2541 3602 ob
2565 3547 2669 3602 hoc
2692 3548 2850 3617 quasi
2876 3548 2944 3603 dc
2972 3558 3131 3619 gente
3156 3551 3340 3621 aliqua
3365 3552 3550 3606 dictum
3580 3548 3749 3602 videtur.

2244 3639 2342 3695 Est
2378 3654 2508 3710 ergo
2545 3639 2813 3694 sermonis
2859 3643 3253 3711 consequentia
3290 3643 3429 3698 talis.
3465 3642 3528 3696 Et
3553 3637 3750 3695 exaltabi-

2245 3737 2333 3782 tur
2367 3744 2524 3798 super
2555 3736 2690 3782 tecta
2724 3745 2939 3799 regnum
2974 3730 3112 3800 ejus,
3142 3741 3196 3785 et
3224 3743 3409 3787 crescet
3450 3746 3634 3801 regnum
3655 3727 3750 3796 ejus.

2246 3817 2485 3873 Exaltari
2525 3825 2709 3874 autem
2757 3833 2922 3887 super
2952 3827 3111 3886 tecta,
3141 3820 3215 3876 de
3238 3822 3554 3893 perfectione
3590 3816 3754 3873 creden-

2248 3911 2383 3965 tium
2405 3910 2631 3977 dicitur;
2665 3925 2912 3966 crescere
2939 3920 3140 3980 autem,
3175 3916 3251 3970 ad
3274 3915 3615 3971 multitudines
3636 3907 3755 3964 refer-

2250 4008 2355 4055 tur.
2413 4002 2471 4056 In
2501 4003 2587 4059 his
2624 4019 2754 4075 ergo
2796 4005 2887 4075 qui
2918 4005 3144 4075 perfecti
3174 4017 3308 4064 sunt
3325 4024 3479 4079 super
3509 4013 3626 4062 tecta
3646 3999 3751 4056 exsl-

2248 4098 2398 4145 tatur
2427 4105 2650 4163 regnum
2680 4094 2902 4161 Christi,
2932 4095 2985 4149 id
3008 4105 3113 4162 est,
3141 4112 3323 4170 super.
3348 4114 3439 4154 eos
3470 4098 3611 4152 etiam
3628 4091 3751 4163 quiin

2250 4184 2498 4253 supernis
2544 4194 2707 4251 sunt,
2752 4194 2808 4240 et
2847 4186 2901 4240 in
2950 4190 3323 4257 superioribus
3355 4191 3595 4246 habitant.
3644 4184 3754 4239 Situ!

2250 4275 2396 4330 enim
2436 4275 2687 4331 fortassis
2730 4277 2895 4347 aliqui
2941 4280 3103 4335 etiam
3131 4281 3187 4336 in
3216 4282 3534 4345 caelestibus,
3559 4295 3584 4333 a
3609 4275 3752 4346 quibus

2174 4410 2226 4469 Β
2251 4368 2370 4438 plus
2394 4368 2680 4439 proﬁciant
2713 4378 2769 4425 et
2799 4371 2959 4425 altius
2987 4373 3297 4431 exaltentur
3338 4375 3394 4430 hi
3421 4374 3505 4443 qui
3551 4371 3595 4426 in
3630 4377 3753 4469 regno

2251 4455 2451 4512 Christi
2481 4467 2626 4524 sunt,
2657 4467 2711 4514 et
2736 4460 2856 4515 ideo
2879 4462 3043 4516 credo
3068 4463 3235 4517 etiam
3260 4464 3375 4533 ipse
3408 4462 3629 4517 Salvator
3652 4455 3753 4510 dicc-

2252 4547 2345 4600 bat
2367 4566 2379 4599 :
2409 4546 2513 4612 Qui
2535 4548 2588 4602 in
2614 4557 2746 4601 tecto
2772 4558 2868 4614 est,
2894 4566 2996 4602 non
3022 4550 3302 4606 descendat
3337 4551 3509 4605 tollere
3530 4544 3693 4617 aliquid
3710 4540 3754 4593 ἀ(

2250 4635 2404 4689 domo
2436 4635 2647 4708 (Matth.
2683 4636 2851 4710 xxxv),
2883 4654 3108 4694 monens
3146 4648 3208 4694 ut
3238 4642 3295 4695 hi
3338 4641 3429 4711 qui
3462 4638 3521 4694 ad
3546 4633 3751 4692 excelsam

2251 4725 2636 4794 perfectionem
2664 4738 2945 4794 venerunt,
2984 4745 3089 4785 non
3117 4734 3312 4787 iterum
3351 4731 3416 4785 ad
3446 4727 3609 4785 mundi
3637 4720 3752 4790 hujus

2253 4815 2345 4885 qui
2376 4832 2520 4871 nunc
2545 4817 2736 4873 domus
2763 4818 3072 4889 appellatur,
3113 4820 3337 4875 humilia
3383 4829 3435 4876 et
3479 4818 3657 4887 abjecta
3689 4809 3754 4862 δυ’

2253 4906 2531 4961 sccndant.
2580 4905 2686 4961 Sed
2739 4916 2795 4963 et
2836 4908 3000 4975 aliud,
3057 4911 3200 4980 quod
3245 4912 3343 4977 ait,
3376 4910 3521 4977 Quod
3562 4899 3750 4961 audistis,

2249 4997 2540 5066 prwdicate
2568 5014 2724 5067 super
2756 5006 2887 5052 tecta
2915 4999 3128 5071 (Matth.
3161 5000 3219 5072 l),
3251 5002 3318 5056 ad
3348 5003 3448 5056 hoc
3475 4993 3751 5053 nihilominus

2250 5088 2487 5156 respicit.
2547 5087 2641 5143 Sic
2696 5104 2823 5162 ergo
2873 5093 3198 5148 cxaltabitur
3240 5109 3404 5164 super
3445 5092 3549 5159 Cos
3582 5091 3750 5156 νθεηυω

2246 5180 2363 5250 ejus
2387 5221 2403 5247 ,
2446 5188 2502 5235 et
2542 5183 3006 5255 crescietregnum
3051 5185 3185 5255 ejus.
3250 5186 3456 5242 Crescit
3494 5181 3619 5237 enim
3660 5172 3749 5226 dum

2249 5270 2671 5341 multiplicantur
2698 5273 2972 5340 Ecclesia},
3000 5284 3055 5330 ct
3083 5276 3318 5331 ﬁdelium
3361 5284 3596 5329 numerus
3630 5272 3750 5328 ουκθ·

2250 5370 2339 5415 tur
2360 5378 2376 5427 ;
2397 5370 2454 5417 et
2474 5363 2525 5417 in
2559 5371 2764 5418 tantum
2787 5364 2983 5419 crescit
3014 5380 3235 5436 regnum
3271 5363 3468 5419 Christi
3492 5402 3505 5425 ,
3534 5358 3752 5423 ιιείιιιαιυο

2248 5459 2413 5519 ponat
2452 5452 2612 5507 Pater
2650 5454 2896 5509 inimicos
2921 5456 3036 5525 ejus
3068 5456 3170 5510 sub
3196 5455 3419 5524 pedibus
3443 5451 3566 5520 ejus.
3613 5437 3750 5497 Sedel

2249 5541 2599 5596 novissimum
2642 5543 2920 5598 inimicum
2961 5544 3202 5599 destruat
3239 5551 3482 5598 mortem.
3528 5538 3636 5592 Post
3667 5528 3750 5581 δεῖ(

2251 5632 2506 5702 scriptum
2534 5642 2617 5689 est
2643 5634 2818 5691 adhuc
2842 5635 2908 5691 dc
2934 5635 3180 5695 Christo:
3208 5633 3349 5689 Deus
3391 5630 3556 5689 eduxit
3589 5635 3685 5679 eum
3704 5614 3750 5667 ἀι
