3924 6176
176 346 295 403 ’153

900 314 1434 401 ΕΝΑΒΒᾸΤΙΟΝΕΞ
1470 343 1538 400 1N
1574 343 1741 401 una

1873 345 2339 407 NUMERORUM.
2379 381 2449 393 --
2486 352 2611 409 LIB.
2648 354 2732 411 Ill.

3347 366 3448 422 πει

172 461 442 534 Δαυριο,
463 460 618 532 cujus
638 458 891 530 fortitudo
910 460 1097 514 similis
1116 469 1191 515 est
1208 461 1569 518 rhinocerotis.
1611 463 1764 532 Quod
1792 467 1844 526 A
1867 463 1987 519 cuia
2007 465 2124 535 ejus
2145 466 2309 523 verba
2332 468 2448 537 ejus
2461 479 2606 537 sunt,
2629 480 2691 527 ut
2716 476 2962 545 superius
2980 477 3230 549 diximus,
3255 486 3448 554 quibus

172 554 236 608 in
269 567 340 607 eo
364 551 692 623 completum
720 551 950 618 videtur,
983 553 1074 607 ubi
1110 562 1231 624 post
1257 564 1485 609 mortem
1513 554 1761 621 Herodis,

170 649 468 696 revocatur
512 641 581 694 ab
624 638 879 711 .‘Egypto,
922 650 978 696 et
1021 642 1269 714 designat
1302 643 1648 715 Evangelium
1684 646 1765 701 di-

168 744 342 785 cens:
363 730 448 784 Ex
469 729 698 800 digypto
714 731 890 784 vocavi
908 730 1081 800 ﬁlium
1102 748 1274 787 meum
1294 733 1510 804 (Matth.
1534 752 1573 790 ιι
1595 753 1610 801 ;
1635 734 1758 790 Ose.

162 826 272 889 ιι).
301 818 409 888 Qui
436 835 611 876 sermo
634 820 955 889 quibusdam
983 836 1051 876 ex
1079 823 1182 879 hoc
1205 823 1324 879 loco
1353 833 1660 896 assumptus
1688 827 1763 881 vi-

165 911 356 975 detur,
378 919 429 964 et
455 908 759 980 Evangeliis
780 912 1033 965 insertus.
1055 911 1190 967 Aliis
1214 920 1392 967 autem
1414 914 1624 968 videtur
1641 929 1763 971 esse

164 1000 476 1068 prophetia.
495 999 680 1054 Potest
700 1008 877 1054 tamen
890 1010 943 1055 et
963 1001 1259 1057 secundum
1278 1003 1586 1074 allegoriam
1604 1005 1766 1061 intel-

165 1090 287 1159 ligi,
312 1090 432 1158 quia
450 1098 803 1160 posteaquam
822 1092 1046 1147 venitad
1060 1091 1354 1164 Egyptum
1371 1096 1555 1150 mundi
1576 1096 1755 1167 hujus,

162 1183 395 1237 deduxit
436 1198 559 1237 eum
595 1182 759 1237 Pater
791 1192 846 1238 et
873 1185 1167 1255 assumpsit
1194 1185 1262 1240 ad
1288 1187 1655 1257 semetipsum,
1697 1196 1758 1244 ut

160 1274 314 1327 viam
345 1270 547 1327 faceret
575 1274 683 1338 bis,
706 1274 799 1343 qui
829 1274 894 1328 de
915 1271 1147 1346 Aigypto
1173 1276 1358 1332 mundi
1385 1276 1543 1348 hujus
1570 1295 1758 1336 ascen-

159 1364 281 1416 suri
312 1372 470 1418 erant
494 1364 563 1420 ad
592 1362 783 1417 Deum.
816 1364 888 1417 Et
910 1363 1079 1435 gloria
1105 1368 1370 1422 unicornis
1395 1368 1528 1438 ejus.
1561 1370 1754 1428 Omnia

155 1456 313 1509 enim
352 1457 738 1513 daemoniorum
768 1472 932 1527 regna
956 1454 1212 1526 dejiciens
1238 1457 1506 1526 Christus,
1534 1462 1755 1518 unicum

154 1558 324 1598 suum
365 1560 589 1616 regnum
639 1557 894 1617 tanquam
940 1548 1055 1603 veri
1096 1548 1373 1605 unicoruis
1411 1550 1657 1608 fundavit
1698 1554 1752 1609 in

151 1638 358 1707 gloria.
394 1638 573 1695 Cornu
597 1642 741 1696 enim
762 1657 906 1712 saepe
932 1657 1033 1712 pro
1061 1658 1227 1713 regno
1257 1644 1537 1701 docuimus
1580 1648 1754 1702 nomi-

152 1730 301 1784 nari.
344 1730 670 1787 Derorabunt
695 1743 869 1803 gentes
900 1735 1072 1789 hostes
1110 1734 1277 1801 illius,
1318 1754 1537 1808 ossaque
1571 1755 1750 1793 eorum

1863 554 1948 609 vel
1974 555 2244 611 diabolum
2276 560 2422 623 vicit,
2458 562 2544 617 vel
2563 578 2751 620 omnes
2783 566 3030 626 inimicos
3054 570 3201 641 ejus;
3234 584 3289 629 et
3312 593 3443 632 con-

1864 649 2188 704 tradicentes
2220 650 2321 706 sibi
2348 652 2512 708 etiam
2540 670 2682 711 nunc
2717 667 2931 731 superat
2959 668 3013 715 et
3039 662 3278 735 conligit.
3324 667 3447 722 0m-

1861 737 1948 792 nis
1975 738 2119 794 enim
2140 741 2230 810 qui
2259 752 2467 812 peccat,
2501 745 2751 803 inimicus
2796 749 2913 821 ejus
2953 760 3037 808 est
3080 754 3205 809 dum
3234 768 3441 827 peccat.
3476 765 3480 769 ’

1846 827 1919 884 'Si
1954 838 2134 886 autem
2170 834 2355 889 audiat
2402 838 2565 893 verba
2608 839 2730 907 Dei,
2773 848 2828 897 et
2874 858 3173 913 agnoscens
3218 862 3444 920 peccata

1857 933 1972 981 sua,
1998 920 2300 992 conﬁgatur
2324 940 2389 980 ex
2417 926 2495 982 eis
2521 936 2575 982 et
2596 943 3016 1001 compungatur,
3048 946 3211 1008 atque
3241 942 3309 995 ad
3334 956 3445 1011 pm-

1856 1005 2141 1063 nitentiam
2164 1021 2534 1082 convertatur,
2561 1017 2805 1075 veritatis
2831 1035 3080 1079 sermone
3107 1005 3441 1096 tenebratus,

1856 1094 2020 1151 etiam
2049 1099 2163 1168 ipse
2191 1100 2400 1157 dicetur
2422 1103 2617 1174 jaculis
2639 1107 2755 1178 ejus
2781 1125 2902 1167 esse
2929 1114 3192 1171 conﬁxus.

1928 1186 2200 1247 Accubans
2245 1193 2438 1250 dormit
2490 1207 2548 1251 ut
2597 1197 2708 1263 leo,
2743 1210 2794 1255 et
2839 1205 2992 1274 quasi
3038 1206 3237 1274 leama,
3278 1226 3437 1281 quam

1853 1282 2110 1337 suscitare
2150 1282 2328 1338 nullus
2369 1286 2600 1342 audebit.
2656 1288 2748 1345 Vel
2777 1300 2836 1347 ut
2879 1294 2985 1349 alia
3024 1297 3189 1354 editio
3233 1300 3436 1359 habet:

1853 1367 2174 1426 Recumbens
2199 1375 2445 1446 requievit
2476 1386 2532 1432 ut
2567 1378 2666 1447 leo,
2696 1391 2747 1436 et
2776 1392 2832 1438 ut
2863 1385 3067 1442 catulus
3097 1388 3295 1458 leonis;
3319 1395 3437 1466 quis

1852 1459 2097 1515 excitabit
2144 1465 2302 1518 eum?
2330 1465 2615 1537 Requievit
2640 1479 2699 1526 ut
2742 1472 2845 1541 leo,
2877 1491 3001 1532 cum
3043 1479 3097 1534 in
3133 1497 3296 1540 cruce
3330 1459 3437 1557 ’ρο-

1854 1548 2010 1617 situs,
2042 1555 2377 1625 principatus
2406 1568 2460 1613 et
2483 1570 2777 1630 potestates
2802 1568 2970 1635 exuit,
2996 1577 3052 1625 et
3081 1548 3436 1646 triumphavit

1852 1657 1946 1698 eas
1991 1644 2045 1698 in
2073 1644 2219 1717 ligno
2246 1649 2442 1725 crucis.
2494 1651 2566 1707 Ut
2608 1656 2815 1713 catulus
2861 1670 3043 1718 autem
3084 1644 3280 1734 leonis,
3307 1684 3430 1725 cum

1852 1745 2213 1805 resurgereta
2244 1753 2434 1798 somno
2477 1746 2686 1800 mortis.
2741 1746 2894 1815 Quod
2941 1760 3123 1809 autem
3168 1755 3308 1813 leoni
3356 1760 3430 1815 si-

148 1820 523 1891 confringent,
575 1832 621 1876 et
662 1825 1003 1894 perforabant
1050 1827 1277 1897 sagittis.
1332 1827 1525 1884 Hostes
1568 1837 1747 1885 autem
1777 1813 1824 1871 Β
1852 1827 2068 1896 mulque
2092 1828 2277 1885 leamae
2306 1832 2421 1888 sive
2450 1838 2629 1893 catulo
2655 1813 2825 1896 leonis
2855 1856 3222 1916 comparatur,
3252 1859 3431 1921 potest

70 1927 82 1939 ·
147 1909 377 1965 Domini
412 1910 632 1979 Christi,
660 1914 855 1984 impios
890 1914 1104 1973 Iudaeos
1155 1917 1407 1989 appellat,
1456 1920 1522 1975 de
1555 1922 1750 1991 quibus

148 2001 271 2070 ipsa
318 2002 530 2058 Veritas
570 2005 623 2058 in
669 2007 925 2075 parabola
959 2010 1266 2081 evangelica
1297 2012 1363 2067 de
1396 2012 1617 2067 homine
1644 2030 1746 2070 no-

147 2093 271 2159 bili,
296 2096 389 2165 qui
407 2096 535 2150 abiit
560 2098 616 2151 in
639 2099 898 2169 regionem
919 2099 1254 2173 longinquam
1273 2105 1507 2175 accipere
1530 2122 1746 2177 regnum

146 2186 252 2237 sibi
279 2194 332 2238 et
373 2187 578 2253 reverti,
604 2203 832 2244 narrans
863 2200 1271 2259 commemorat,
1317 2209 1441 2249 cum
1480 2196 1746 2254 subinfert

149 2274 381 2328 dicens:
415 2274 561 2330 Cives
585 2287 759 2332 autem
789 2279 902 2348 ejus
936 2281 1153 2335 oderant
1194 2281 1345 2336 illum
1368 2296 1388 2335 .°
1409 2292 1458 2339 et
1492 2285 1745 2341 miserunt

149 2362 467 2433 legationem
493 2376 606 2435 post
627 2367 777 2423 illum
796 2369 1021 2424 dicentes
1045 2384 1064 2422 :
1088 2370 1349 2428 Nolumus
1370 2375 1508 2429 hunc
1529 2392 1744 2447 regnare

145 2470 313 2523 super
343 2470 438 2508 nos
476 2453 625 2527 (Luc.
666 2459 804 2524 nx).
861 2456 1060 2512 Contra
1098 2459 1198 2515 has
1235 2462 1377 2517 enim
1405 2473 1591 2534 gentes
1615 2481 1742 2521 con-

147 2545 361 2613 gregali
389 2553 657 2601 suntcum
688 2546 946 2603 Romanis
969 2548 1385 2618 imperatoribus
1411 2553 1742 2625 Vespasiano

142 2641 205 2689 et
223 2634 373 2700 Tito,
404 2644 460 2689 ut
480 2634 849 2692 interﬁcerent
875 2651 990 2704 eos,
1018 2639 1288 2710 roburque
1316 2641 1528 2713 imperii
1551 2660 1736 2699 eorum

144 2725 591 2798 confringentcs,
647 2730 1105 2797 comminuerent,
1152 2739 1314 2801 atque
1365 2734 1740 2791 instrumentis

144 2816 361 2873 bellicis
380 2814 677 2875 Ierusalem
707 2820 1047 2890 metropolim
1069 2835 1256 2876 eorum
1285 2832 1594 2893 superatam
1615 2824 1736 2879 fun-

146 2906 301 2963 ditus
344 2914 651 2963 everterent
695 2916 1018 2980 gentemque
1062 2910 1323 2977 delerent,
1372 2912 1427 2966 in
1473 2914 1733 2970 ultionem

148 2998 460 3053 innocentis
493 2997 647 3054 eﬁ‘usi
689 3001 964 3071 sanguinis
1006 3000 1238 3056 Domini.
1286 3002 1509 3073 Mystice
1551 3014 1733 3061 autem

1849 1915 2026 2009 adhuc
2062 1918 2307 1992 intelligi,
2333 1932 2392 1977 ut
2418 1924 2471 1979 in
2497 1925 2653 1984 leone
2693 1931 2770 1985 illi
2811 1935 2903 2003 qui
2942 1936 3167 2008 perfecti
3195 1915 3339 2009 sunt,
3371 1945 3426 1999 in

1848 2004 2015 2062 learna
2052 2022 2288 2080 quoque,
2324 2013 2428 2069 hoc
2454 2026 2539 2072 est
2574 2019 2629 2072 in
2667 2019 2924 2080 inferiore
2942 2004 3107 2095 sexu,
3136 2030 3189 2085 hi
3220 2004 3426 2102 quirin-

1849 2093 2118 2154 ﬁrmiores
2159 2109 2285 2159 sunt
2328 2104 2638 2175 intellectu,
2674 2118 2837 2182 atque
2880 2116 2955 2171 illi
2984 2120 3075 2188 qui
3093 2093 3425 2192 insipientes

1844 2194 1976 2244 sunt
2008 2197 2065 2246 et
2101 2192 2281 2258 rudes,
2322 2194 2376 2249 in
2412 2198 2589 2254 catulo
2615 2199 2786 2259 leonis
2829 2208 3219 2276 exprimantur.
3268 2213 3423 2283 Quod

1846 2295 1973 2335 vero
2014 2282 2111 2347 ait,
2139 2300 2296 2353 quam
2348 2288 2603 2344 suscitare
2655 2290 2832 2349 nullus
2879 2297 3124 2365 audebit,
3154 2301 3422 2373 signiﬁcat

1846 2370 2051 2424 nullum
2076 2411 2092 2439 ,
2123 2387 2299 2443 neque
2339 2377 2615 2450 angelum,
2653 2396 2827 2453 neque
2875 2386 3171 2455 hominem,
3199 2370 3418 2448 carnem

1845 2461 2044 2517 Christi
2071 2479 2103 2517 a
2124 2466 2351 2523 mortuis
2401 2472 2724 2528 resuscitare
2768 2476 3079 2544 prmvalere,
3109 2495 3270 2550 quam
3302 2484 3417 2539 sola

1844 2551 2097 2621 maiestas
2125 2555 2306 2611 divina
2336 2574 2366 2613 a
2396 2562 2623 2616 mortuis
2656 2566 2946 2621 revocavit.
2985 2567 3136 2624 Unde
3162 2571 3217 2625 in
3244 2572 3417 2627 Evan-

1841 2643 1981 2715 gelio
2007 2644 2266 2701 Dominus
2296 2648 2374 2703 ait
2397 2666 2410 2702 :
2438 2649 2607 2705 Nemo
2633 2651 2765 2706 tollit
2788 2672 2819 2708 a
2845 2671 2927 2711 me
2954 2658 3184 2712 animant
3209 2677 3415 2728 meam;

1839 2731 1933 2788 sed
1969 2751 2062 2806 ego
2101 2753 2238 2805 pono
2281 2755 2416 2802 eam,
2448 2749 2495 2794 et
2543 2741 2732 2797 iterant
2780 2762 2930 2799 sumo
2976 2764 3091 2801 eam
3122 2749 3304 2821 (Joan.
3333 2752 3410 2823 χ).

1839 2820 1939 2879 Sin
1967 2832 2148 2879 autem
2196 2830 2488 2882 secundum
2538 2830 2697 2885 aliam
2746 2835 3037 2890 editionem
3084 2820 3409 2909 legerimus,

1839 2912 1962 2980 quis
1986 2914 2265 2972 suscitabit
2291 2918 2453 2971 eum?
2475 2918 2681 2975 Idcirco
2709 2923 2833 2991 quia
2862 2940 3005 2980 nunc
3030 2942 3061 2979 a
3086 2926 3245 2983 Patre
3270 2930 3409 2985 dici-

1838 3008 1928 3056 tur
1970 3003 2287 3071 suscitatus,
2317 3014 2373 3061 et
2405 3008 2570 3063 etiam
2614 3011 2727 3081 ipse
2756 3014 3009 3083 templum
3039 3020 3282 3088 corporis
3329 3022 3412 3075 sui

145 3098 356 3161 gentes,
382 3091 602 3146 eosdem
623 3093 807 3148 hostes
827 3093 1180 3159 devorabunt,
1207 3109 1330 3150 cum
1351 3096 1735 3167 praedicatores
1765 3166 1804 3182 Π
1835 3099 1959 3161 post
1985 3093 2221 3149 triduum
2249 3098 2512 3153 suscitare
2537 3115 2596 3155 se
2622 3101 2754 3156 dicit
2780 3144 2795 3169 ,
2825 3106 3019 3161 merito
3044 3107 3099 3162 in
3128 3109 3231 3166 hoc
3254 3113 3410 3182 quasi

143 3183 322 3239 sancti
349 3197 419 3237 ex
443 3184 693 3254 gentibus
732 3185 912 3251 electi,
953 3184 1215 3255 plurimos
1253 3166 1443 3244 eorum
1475 3190 1734 3260 praedica-

1845 3185 2239 3252 percuuctantis
2266 3187 2581 3260 designatur
2606 3166 2850 3248 aﬁ'ectus.

142 3276 298 3330 tione
331 3290 430 3328 sua
474 3275 543 3330 ad
580 3275 741 3330 ﬁdem
790 3278 1114 3334 catholicam
1148 3287 1489 3344 convertunt,
1535 3296 1735 3353 eosque

140 3382 244 3437 per
274 3367 544 3435 baptisma
584 3375 638 3421 et
679 3367 950 3423 salubrem
998 3370 1392 3425 confessionem
1438 3372 1493 3426 in
1538 3387 1734 3444 corpus

139 3457 351 3512 Christi
381 3455 733 3512 transferunt.
780 3455 916 3512 Ossa
961 3473 1148 3513 eorum
1197 3459 1563 3532 confringant,
1611 3477 1734 3517 cum

140 3548 501 3617 pertinaciam
528 3561 715 3603 eorum
760 3556 817 3603 et
854 3549 1159 3619 superbiam
1204 3550 1309 3619 piis
1350 3552 1729 3607 admonitioni-

140 3643 246 3694 bus
268 3639 573 3694 emolliunt.
624 3638 691 3692 Et
710 3638 1060 3708 perforabunt
1080 3639 1316 3711 sagittis,
1338 3657 1460 3696 cum
1485 3643 1731 3697 testimo-

142 3729 254 3784 niis
281 3728 478 3783 divinaa
508 3728 642 3799 legis
668 3728 832 3784 corda
875 3743 1065 3783 eorum
1107 3738 1415 3799 penetrant,
1456 3739 1618 3801 atque
1663 3732 1732 3786 ad

137 3822 619 3892 compunctionem
647 3820 978 3891 pmnitentice
1014 3822 1081 3877 de
1108 3822 1344 3892 peccatis
1379 3823 1494 3879 suis
1540 3838 1737 3894 provo-

140 3919 292 3965 cant.
331 3909 470 3965 Hinc
494 3917 549 3965 et
573 3910 867 3966 secundum
907 3910 1067 3966 aliam
1106 3912 1399 3967 editionem
1445 3913 1550 3968 iste
1585 3914 1735 3971 locus

142 4003 219 4056 ita
248 4001 448 4071 legitur
477 4020 489 4056 :
520 4002 673 4068 Edet,
697 4001 891 4072 inquit,
920 4011 1093 4072 gentes
1128 4002 1459 4058 inimicorum
1494 4022 1731 4072 suorum,

139 4101 193 4143 et
230 4089 633 4143 crassitudinem
672 4106 852 4144 eorum
894 4090 1248 4147 emedullabit.
1311 4092 1513 4149 Gentes
1549 4096 1735 4166 utique

142 4181 268 4236 illas
292 4196 431 4249 quas
458 4180 662 4236 inimici
692 4182 775 4235 sui
808 4181 1191 4251 possidebant,
1222 4183 1338 4253 ipse
1365 4184 1489 4240 edet
1519 4188 1733 4242 destru-

141 4280 233 4327 cta
255 4271 459 4325 virtute
480 4270 702 4336 inimici,
734 4279 788 4325 et
814 4271 1202 4327 crassitudines
1220 4287 1408 4328 eorum
1442 4275 1735 4331 emeduUa-

141 4364 245 4426 bit,
285 4378 410 4417 cum
440 4376 655 4416 omnem
697 4362 778 4416 eis
812 4377 1029 4417 sensum
1070 4379 1316 4418 crassum
1361 4373 1417 4419 et
1460 4366 1733 4421 carnalem

139 4462 428 4519 extenuat,
465 4461 522 4508 et
564 4453 832 4508 convertit
865 4455 932 4509 ad
963 4454 1373 4526 intelligentiam
1414 4456 1729 4526 spiritalem.

141 4545 300 4611 Quod
327 4552 508 4598 autem
534 4544 839 4599 crassitudo
864 4544 1188 4613 culpabitur,
1224 4546 1279 4599 in
1314 4545 1609 4615 Scripturis
1636 4546 1734 4601 ha-

140 4637 358 4699 beatur,
410 4634 610 4689 indicio
654 4635 759 4689 erit
809 4634 957 4700 illud,
1003 4636 1147 4705 quod
1185 4637 1446 4706 scriptum
1491 4636 1734 4692 est:1n-

140 4733 443 4779 crassatum
486 4734 560 4779 est
609 4742 698 4778 cor
733 4724 913 4796 populi
949 4726 1062 4795 ejus
1105 4725 1239 4797 (Isa.
1286 4726 1383 4798 vn).
1443 4726 1510 4781 Et
1556 4727 1730 4783 alibi:

142 4816 391 4870 Satiatus
422 4824 498 4869 est
518 4825 565 4869 et
592 4816 913 4870 incrassalus
941 4825 1034 4880 est,
1064 4826 1112 4870 et
1137 4817 1479 4871 recalcitravit
1517 4817 1735 4876 dilectus

138 4903 334 4976 (Deut.
358 4904 551 4974 xxxii).
613 4905 749 4960 Edet
769 4921 897 4975 ergo
919 4914 1127 4977 gentes,
1166 4918 1220 4961 et
1243 4908 1424 4961 cibum
1452 4908 1618 4963 habet
1643 4924 1737 4965 eos

135 4994 239 5063 qui
272 4993 501 5047 credunt
532 4995 586 5048 in
616 5010 740 5049 eum
768 5013 782 5048 :
806 4995 1021 5051 sicutet
1040 4997 1153 5065 ipse
1176 4997 1304 5051 dicit
1327 4998 1379 5050 in
1404 4998 1728 5069 Evangelia:

138 5081 308 5136 Heus
331 5091 404 5135 est
425 5084 570 5137 cibus
605 5093 661 5137 ut
690 5084 881 5152 faciam
916 5084 1226 5140 voluntatem
1267 5085 1446 5141 Patris
1484 5089 1606 5154 mei,
1645 5091 1735 5159 qui

133 5173 291 5227 misit
317 5190 395 5228 me
419 5174 602 5245 (Ioan.
632 5175 728 5246 Iv).
768 5174 934 5244 Cujus
966 5178 1151 5247 utique
1180 5178 1426 5235 voluntas
1446 5181 1561 5238 haec
1591 5190 1732 5248 erat,

134 5267 210 5315 ut
256 5270 446 5331 gentes
489 5271 935 5319 converterentur
972 5266 1039 5319 ad
1068 5265 1249 5320 ﬁdem.
1305 5268 1527 5335 Quodsi
1556 5278 1616 5323 ut
1648 5285 1737 5325 su-

134 5353 337 5424 perius
378 5353 694 5420 docuimus,
739 5357 1041 5413 crassitudo
1079 5358 1358 5428 culpabilis
1402 5361 1660 5426 habetur,
1706 5379 1737 5418 e

134 5443 428 5498 contrario
449 5444 719 5499 subtilitas
749 5445 1033 5501 laudabilis
1069 5457 1153 5501 est
1199 5448 1463 5514 habenda,
1510 5452 1633 5519 quia
1684 5460 1740 5506 et

137 5530 389 5602 Spiritus
415 5533 712 5603 sapientiai,
741 5536 831 5605 qui
856 5535 1201 5606 intelligibilis
1224 5546 1280 5591 et
1303 5547 1529 5595 sanctus
1546 5548 1601 5594 et
1620 5541 1737 5596 uni-

136 5627 368 5694 genitus
390 5631 445 5678 et
472 5624 747 5694 multiplex
776 5626 993 5691 dicitur,
1018 5627 1268 5683 similiter
1293 5636 1347 5682 et
1373 5631 1587 5685 subtilis
1615 5647 1736 5687 esse

142 5712 488 5778 perhibetur.
530 5711 597 5766 Et
633 5714 825 5783 jaculis
866 5717 974 5770 suis
1012 5718 1276 5788 sagittabit
1313 5720 1597 5775 inimicum.
1650 5722 1738 5781 Ja-

1909 3272 2014 3339 Qui
2064 3274 2381 3331 benedixerit
2431 3278 2525 3333 tibi
2577 3283 2675 3335 erit
2711 3283 2819 3354 ipse
2869 3284 3187 3354 benedictus,
3221 3298 3271 3344 et
3320 3293 3410 3362 qui

1833 3363 2183 3434 maledixerit,
2211 3368 2267 3422 in
2298 3369 2663 3427 maledictione
2691 3375 3029 3443 reputabitur.
3075 3376 3294 3434 Certum
3327 3390 3412 3435 est

1833 3456 1977 3524 quod
2025 3458 2408 3516 benedicentes
2453 3460 2712 3531 Christo,
2743 3465 3015 3522 benedicti
3063 3477 3225 3527 sunt:
3249 3479 3313 3528 et.
3355 3472 3422 3532 in.

1831 3549 2265 3603 communionem
2288 3561 2528 3620 paternae
2560 3553 2950 3610 benedictionis
2977 3560 3260 3626 assumpti.
3304 3558 3425 3626 Qui.

1833 3643 2013 3690 autem
2044 3637 2386 3704 maledicunt,
2423 3640 2694 3697 maledicti
2718 3651 2862 3697 sunt.
2893 3642 2951 3698 Si
2973 3646 3119 3700 enim
3149 3647 3214 3701 ad
3240 3664 3410 3718 popu-

1834 3726 1944 3781 lum
1978 3725 2142 3781 istum
2169 3727 2463 3797 respicias,
2505 3730 2598 3798 qui
2646 3730 2917 3786 maledicit
2961 3732 3199 3801 Christo,
3244 3738 3425 3797 etiam.

1833 3819 2254 3890 lacrymabiliter
2277 3820 2548 3876 invenitur
2571 3837 2692 3878 esse
2727 3823 3063 3881 maledictus.
3097 3826 3235 3897 Quid
3261 3829 3409 3885 enim

1833 3909 2049 3963 evenire
2084 3908 2257 3979 possit
2284 3909 2429 3965 aliud
2471 3910 2557 3966 his
2596 3912 2689 3981 qui
2735 3912 3062 3975 maledicunt
3108 3918 3425 3991 sapientiae,

1833 4000 1923 4071 qui
1948 4001 2278 4056 maledicunt
2305 4001 2539 4067 veritati,
2564 4002 2655 4071 qui
2681 4002 3011 4059 maledicunt
3037 4006 3181 4072 vita),
3216 4008 3319 4063 nisi
3351 4019 3411 4063 ut

1833 4093 1901 4147 ab
1927 4092 2013 4147 his
2036 4093 2286 4148 omnibus
2306 4093 2463 4149 bonis
2489 4101 2734 4149 extorres
2763 4103 2819 4149 et
2844 4096 3059 4151 exsules
3081 4097 3407 4169 jaceantur?

1834 4183 1959 4237 Haec
2004 4182 2148 4238 enim
2196 4184 2376 4237 omnia
2428 4182 2676 4239 Christus
2724 4195 2827 4240 est.
2882 4185 2951 4239 Et
2997 4187 3089 4263 qui
3138 4188 3411 4244 maledicit

1833 4271 2069 4337 Christo,
2100 4280 2359 4342 tanquam
2385 4273 2470 4327 his
2497 4274 2747 4328 omnibus
2770 4274 3126 4340 maledicens,
3148 4270 3423 4347 perpetua.

1832 4361 2180 4417 damnatione
2218 4361 2304 4416 vel
2330 4361 2704 4419 maledictione
2732 4364 3027 4425 damnatus
3054 4374 3157 4420 est.
3193 4366 3302 4438 Ego
3332 4376 3411 4422 la-

1839 4466 1959 4505 men
1988 4459 2141 4522 puto,
2168 4452 2312 4521 quod
2344 4466 2450 4508 non
2485 4450 2657 4505 solum
2701 4451 2788 4506 ille
2837 4453 3129 4509 maledicat
3170 4455 3408 4521 Christo,

1836 4541 1929 4612 qui
1975 4556 2280 4597 sermonem
2306 4542 2591 4597 adversum
2634 4556 2757 4596 eum
2806 4543 3152 4599 maledictum
3182 4547 3410 4616 profert,

1838 4631 1932 4686 sed
1958 4639 2012 4686 et
2051 4629 2138 4685 ille
2163 4632 2259 4700 qui
2299 4631 2399 4686 sub
2441 4631 2660 4686 nomine
2699 4630 3007 4689 Christiano
3050 4636 3191 4690 male
3218 4637 3330 4710 agit
3358 4649 3413 4694 et

1838 4721 2064 4791 turpiter
2106 4729 2478 4788 conversatur,
2508 4723 2592 4778 vel
2624 4722 2944 4790 inhonestis,
2977 4726 3062 4780 vel
3091 4728 3291 4796 verbis,
3324 4732 3411 4787 vel

1839 4812 2141 4869 actionibus
2165 4814 2300 4879 suis,
2342 4812 2471 4869 facit
2500 4831 2693 4872 nomen
2723 4818 2838 4886 ejus
2864 4820 3229 4892 blasphemari
3270 4827 3414 4882 inter

1839 4912 2045 4973 gentes.
2065 4904 2175 4969 Sic,
2198 4920 2229 4959 e
2252 4905 2541 4971 contrario,
2560 4924 2667 4962 non
2694 4909 2781 4963 ille
2807 4912 2896 4980 qui
2920 4917 3260 4973 sermonibus
3282 4920 3414 4973 solis

1839 4994 2121 5049 Dominum
2168 4995 2466 5062 benedicit,
2502 4998 2615 5066 ipse
2642 4999 2963 5062 benedicere
3005 5008 3276 5075 putandus
3306 5022 3412 5076 cst,

1839 5084 1933 5138 sed
1960 5084 2052 5154 qui
2080 5085 2290 5141 actibus
2312 5096 2367 5141 et
2390 5087 2499 5141 vita
2518 5097 2574 5142 et
2594 5089 2831 5146 moribus
2855 5092 2968 5149 suis
2998 5094 3129 5151 facit
3153 5097 3220 5152 ab
3247 5099 3415 5154 omni-

1840 5175 1940 5230 bus
1970 5191 2165 5230 nomen
2199 5177 2407 5233 Domini
2436 5178 2698 5237 benedici.
2733 5183 2801 5237 Et
2829 5185 2881 5239 in
2912 5186 3033 5242 istis
3059 5190 3417 5258 complebitur

1838 5269 1983 5337 quod
2015 5268 2171 5322 tertia
2198 5270 2478 5341 prophetia
2510 5271 2726 5328 Balaam
2758 5275 3024 5349 designat,
3050 5281 3174 5348 quia
3199 5279 3417 5334 benedi-

1840 5369 2024 5413 centes
2051 5358 2265 5414 Christo
2286 5360 2691 5430 benedicentur,
2714 5373 2769 5421 et
2794 5369 3176 5424 maledicentes
3200 5369 3273 5434 ei,
3303 5386 3416 5424 ma-

1841 5449 2022 5504 ledicti
2048 5460 2229 5506 erunt.
2256 5452 2486 5524 Propter
2512 5457 2654 5525 quod
2674 5459 2999 5515 omnimodis
3020 5474 3324 5525 caveamus,
3349 5478 3418 5519 nc

1842 5555 1938 5608 per
1962 5555 2126 5609 opera
2157 5551 2210 5597 et
2242 5552 2394 5599 actus
2424 5554 2637 5603 nostros
2680 5547 2881 5603 Christi
2926 5561 3120 5603 nomen
3170 5548 3416 5619 blasphe-

1844 5641 2039 5695 mctur,
2068 5634 2157 5687 sed
2208 5635 2380 5703 magis
2432 5635 2484 5690 id
2538 5653 2779 5706 agamus,
2827 5637 2908 5691 vel
2952 5638 3419 5705 benedictionibus

1841 5724 1957 5793 eius
1984 5727 2265 5797 participes
2290 5744 2407 5784 esse
2439 5744 2767 5784 mereamur.
