3932 6188
583 248 690 302 755

1233 251 1293 304 Β.
1335 251 1589 305 ΒΑΒΑΝΙ
1627 250 1846 304 MAURI
1882 247 2159 304 ARCHIEI

2263 247 2548 305 thGUNT.
2586 246 2869 304 OPEBUM
2891 246 3088 302 'PARS
3126 249 3164 302 l.
3654 272 3727 332 756

657 363 932 432 lralttsqtte
954 363 1174 416 Balaam
1206 374 1386 417 contra
1411 363 1596 428 Βαίας,
1623 363 1897 433 complosis
1920 361 2158 415 manibus
2189 363 2237 420 Α
2262 361 2664 428 est,consilium
2691 359 2786 413 Dei
2818 360 3039 413 enuntio
3081 359 3169 414 tibi
3211 370 3262 415 et
3287 365 3551 421 manifesto.
3578 369 3729 442 Requi-

583 454 654 504 m't
681 468 698 505 :
727 452 804 505 Ad
837 451 1250 506 maledicendum
1299 454 1525 506 inimicis
1563 453 1688 505 meis
1718 452 1891 505 vocari
1921 460 1970 504 te
1993 467 2011 504 :
2037 451 2155 520 qui-

584 546 700 606 bus,
726 559 754 594 e
781 541 1045 596 contrario
1065 583 1079 607 ,
1111 544 1262 596 tertio
1308 543 1636 597 benedixisti.
1663 541 1934 596 Reuertere
1971 541 2039 592 ad
2080 540 2157 592 lo-

583 652 702 689 cum
746 644 914 687 tuum.
954 634 1294 688 Decreveram
1335 634 1542 705 quidem
1589 632 1860 702 magniﬁce
1902 633 2160 685 honorare

583 738 652 792 te,
677 726 766 782 sed
809 725 1066 780 Dominus
1095 725 1315 796 privavit
1351 736 1399 778 te
1435 726 1630 778 honore
1656 724 1926 794 disposito.
1961 720 2157 777 Osten-

585 820 730 872 ditur
776 817 832 871 in
883 818 999 881 his,
1052 816 1178 886 quia
1229 825 1283 870 et
1328 816 1488 871 Balae
1535 816 1859 870 intellexerit
1894 830 1998 869 non
2042 813 2158 882 jam

584 911 886 962 :imtnonum
919 909 1220 964 ministerio
1246 909 1418 977 decipi
1451 908 1691 973 Balaam,
1717 909 1808 962 sed
1837 907 1930 961 Dei
1962 907 2159 961 virtute

582 1006 650 1056 ad
678 1003 898 1057 meliora
924 1003 1205 1058 transferri
1231 1019 1244 1056 :
1269 1014 1318 1057 et
1349 1005 1468 1058 ideo
1489 1005 1641 1069 dicit,
1662 1004 1916 1058 Dominus
1939 1004 2158 1074 privavit

586 1101 635 1143 te
668 1091 882 1144 honore.
933 1089 1039 1145 Sed
1087 1092 1200 1147 huic
1245 1108 1365 1160 qum
1405 1092 1561 1161 plana
1607 1101 1731 1147 sunt
1780 1100 2158 1146 transcurren-

586 1191 686 1244 tes,
715 1180 780 1234 ad
829 1182 1110 1250 sequentia
1143 1184 1444 1238 veniamus.
1495 1183 1790 1252 Respondit
1832 1183 2049 1237 Balaam
2093 1184 2160 1235 ad

583 1271 743 1326 Balac
792 1290 804 1325 :
859 1272 1074 1328 Nuntiis
1113 1276 1219 1328 tuis
1260 1292 1390 1345 quos
1435 1277 1622 1328 misisti
1663 1275 1732 1328 ad
1773 1293 1851 1329 me
1900 1275 2012 1327 diri
2046 1291 2063 1327 :
2103 1273 2160 1326 Si

583 1363 781 1417 dederit
811 1365 937 1417 mihi
977 1364 1139 1419 Balac
1184 1365 1390 1436 plenam
1439 1367 1652 1420 domum
1697 1383 1844 1419 suam
1874 1366 2073 1435 argenti
2115 1375 2162 1418 et

583 1454 722 1518 auri,
753 1471 854 1509 non
893 1465 1070 1524 potero
1101 1457 1368 1526 prmterire
1403 1473 1689 1511 sermonem
1720 1455 1814 1509 Dei
1840 1458 1960 1521 mei,
1993 1465 2046 1509 ut
2088 1456 2162 1509 vel

487 1553 493 1560 '
583 1546 703 1599 boni
760 1546 886 1616 quid
939 1546 1018 1600 vel
1069 1547 1196 1601 mali
1253 1548 1516 1618 proferam
1566 1565 1630 1601 ea:
1689 1547 1842 1600 corde
1889 1547 2162 1600 meo:sed

581 1635 836 1706 quidquid
871 1635 1126 1692 Dominus
1178 1637 1393 1704 dixerit,
1431 1639 1528 1692 hoc
1576 1638 1780 1708 loquar.
1830 1637 2019 1692 Sciens
2063 1637 2162 1690 Ba-

2264 451 2404 504 renti
2450 465 2579 504 sane
2623 450 2777 513 mihi,
2804 449 2975 504 sicubi
3004 449 3140 505 forte
3189 451 3240 504 in
3287 451 3544 524 Scripturis
3583 460 3730 520 divinis

2262 541 2362 595 sub
2385 542 2486 596 hoc
2516 556 2767 596 sermone
2797 540 2972 596 simile
2993 540 3190 610 aliquid
3217 543 3403 598 dictum
3426 548 3568 613 possit
3588 565 3732 607 occur-

2262 645 2402 696 rere,
2435 631 2608 684 visum
2652 638 2735 685 est
2764 631 2925 684 etiam
2977 631 3104 684 illud
3154 633 3385 689 similiter
3427 637 3732 698 advertendum

2213 787 2218 790 _
2262 721 2404 790 quod
2446 721 2732 791 Apostolus
2771 721 2883 775 ait:
2914 720 3043 787 Quis
3071 723 3203 776 enim
3231 727 3442 795 cognovit
3467 745 3635 783 sensum
3658 732 3735 786 Do.

2261 811 2410 876 mini,
2435 821 2524 864 aut
2566 811 2681 882 quis
2728 811 3058 866 consiliarius
3092 812 3201 882 ejus
3244 813 3373 882 fuit?
3396 815 3634 889 (Rom.xt.)
3663 821 3733 877 llic

2261 901 2405 954 enim
2451 902 2594 970 quis,
2623 917 2728 956 non
2757 918 2855 972 pro
2885 903 3051 967 nullo,
3083 905 3173 957 sed
3219 920 3311 974 pro
3349 922 3463 962 raro
3499 909 3568 962 vel
3591 913 3737 967 eximio

2262 994 2510 1048 habetur.
2565 995 2842 1062 Quomodo
2882 995 3026 1050 enim
3067 1000 3308 1067 cognovit
3351 1015 3542 1054 sensum
3581 1001 3736 1056 Domini

2262 1084 2569 1153 unigenitus
2594 1101 2739 1148 suus,
2771 1087 2862 1155 qui
2930 1087 3060 1140 dicit
3089 1106 3100 1137 :
3136 1088 3295 1142 Nemo
3323 1091 3449 1142 novit
3475 1089 3648 1143 Patrem
3668 1093 3738 1144 nisi

2264 1175 2456 1241 Filius,
2484 1185 2532 1230 et
2558 1177 2642 1230 cui
2673 1176 2890 1230 voluerit
2920 1176 3092 1232 Filius
3125 1180 3374 1236 revelare!
3403 1181 3534 1252 (Luc.
3560 1183 3623 1253 ι.)
3641 1182 3739 1250 Quid

2262 1273 2348 1320 est
2374 1281 2503 1336 ergo
2531 1266 2674 1321 aliud
2703 1268 2843 1321 scire
2863 1266 3100 1333 Patrem,
3124 1269 3222 1322 nisi
3247 1269 3378 1323 scire
3397 1272 3636 1325 consilium
3658 1271 3743 1340 ejus

2263 1366 2320 1414 et
2355 1359 2611 1413 sensum?
2658 1358 2764 1414 Sed
2794 1368 2850 1414 et
2883 1359 3121 1431 Spiritus
3165 1371 3393 1428 sanctus,
3416 1364 3496 1432 qui
3534 1373 3744 1418 scrutatur

2263 1454 2425 1508 etiam
2469 1452 2575 1506 alta
2621 1452 2737 1518 Dei,
2767 1453 2895 1522 quid
2949 1453 3051 1508 nisi
3101 1469 3312 1508 sensum
3362 1453 3467 1522 eius
3514 1457 3745 1524 agnoscat?

2261 1545 2520 1614 Agnoscit
2546 1559 2675 1614 ergo
2700 1553 2754 1599 et
2791 1544 2960 1600 Filius
3005 1553 3058 1599 et
3094 1545 3321 1614 Spiritus
3361 1553 3556 1600 sanctus
3581 1561 3742 1600 sensum

2264 1633 2497 1698 Domini,
2524 1643 2578 1688 et
2618 1634 2670 1688 hi
2709 1633 2903 1703 quibus
2938 1633 3173 1688 voluerit
3196 1633 3354 1688 Filius
3383 1633 3607 1688 revelare.
3633 1632 3746 1698 Quod

583 1725 726 1778 laam
761 1726 904 1796 quod
943 1742 1050 1781 non
1095 1727 1200 1798 sibi
1233 1744 1331 1799 per
1354 1729 1632 1783 ministros
1676 1729 1863 1783 solitos
1907 1742 2159 1796 responsa
2192 1737 2238 1796 Β
2268 1724 2311 1779 si
2341 1725 2583 1794 agnoscit
2619 1724 2790 1779 Filius
2833 1739 3049 1778 sensum
3085 1724 3200 1786 Dei,
3229 1731 3308 1777 est
3345 1739 3462 1793 ergo
3490 1731 3537 1776 et
3558 1722 3746 1776 consilia-

582 1814 944 1881 tleferrentur,
975 1815 1069 1872 sed
1111 1817 1180 1872 ab
1218 1833 1283 1873 eo
1326 1819 1416 1888 qui
1468 1818 1691 1872 haberet
1735 1817 1976 1873 omnium
2003 1827 2157 1886 pote-

578 1913 812 1971 statem,
848 1915 994 1961 recte
1046 1908 1259 1963 videtur
1306 1916 1659 1978 protestatus,
1688 1923 1793 1964 non
1835 1923 1994 1978 posse
2040 1921 2160 1960 ver-

577 1994 705 2048 hum
752 1993 962 2048 Domini
1016 1998 1350 2067 transgredi,
1399 2006 1453 2050 et
1497 1997 1674 2052 facere
1725 1997 1853 2052 illud
1905 1997 2158 2068 pusillum

575 2091 630 2135 et
676 2098 930 2153 magnum
975 2086 1117 2154 apud
1164 2087 1533 2156 semetipsum.
1582 2087 1699 2143 Non
1745 2088 1891 2142 enirn
1939 2087 2029 2142 ille
2075 2087 2155 2142 lo-

577 2173 846 2240 quebatur
887 2174 974 2240 ei,
1020 2177 1114 2246 qui
1158 2188 1342 2246 posset
1398 2179 1682 2234 sacriﬁciis
1731 2187 1790 2241 et.
1844 2179 2159 2233 muneribus

575 2262 912 2330 permutari;
943 2265 1036 2319 sed
1084 2266 1176 2320 ille
1212 2276 1349 2332 erat,
1375 2269 1517 2337 apud
1555 2283 1716 2337 quem
1758 2283 1864 2323 non
1906 2275 1990 2323 est
2019 2283 2160 2322 com-

575 2353 834 2416 mutatio,
884 2369 985 2410 nec
1025 2359 1466 2412 commutationis
1509 2359 1724 2414 umbra.
1777 2358 1846 2414 Et
1892 2358 2019 2413 inde
2052 2373 2157 2412 non

575 2453 755 2512 potest
805 2447 1058 2502 sacerdos
1100 2449 1300 2503 mutari
1354 2452 1641 2518 mercede,
1693 2452 1784 2506 ubi
1839 2452 1981 2507 Deus
2036 2467 2158 2506 mu-

575 2533 800 2588 neribus
842 2551 949 2589 non
978 2545 1243 2591 movetur.
1295 2539 1642 2594 Discessurus
1687 2549 1867 2596 tamen
1907 2539 2152 2606 Balaam,

577 2622 768 2692 incipit
793 2623 986 2678 iterum
1018 2627 1343 2696 prophetare
1367 2637 1422 2682 et
1449 2628 1616 2684 dicit:
1647 2628 2018 2684 Verumtamen
2048 2648 2161 2698 per-

577 2728 701 2781 gens
745 2713 815 2764 ad
861 2713 1109 2782 populum
1156 2731 1348 2780 meum,
1395 2717 1530 2770 dabo
1576 2717 1871 2784 consilium,
1905 2719 2030 2789 quid
2064 2736 2156 2789 po-

575 2801 733 2872 pulus
758 2813 881 2857 tuus
915 2803 1074 2872 faciat
1096 2805 1218 2859 huic
1238 2811 1430 2876 populo
1471 2818 1700 2862 extremo
1726 2818 1971 2880 tempore.
2005 2808 2158 2876 Quod

570 2893 722 2961 juxta
770 2891 933 2946 aliam
981 2895 1270 2950 editionem
1309 2896 1384 2950 ita
1429 2897 1662 2967 legitur:
1698 2897 1848 2963 Veni,
1882 2897 2157 2953 consilium

574 2982 643 3034 do
658 2982 768 3045 tibi,
786 2983 912 3052 quid
937 2983 1097 3052 faciat
1111 2985 1332 3055 papulas
1353 2987 1436 3040 hic
1456 2988 1647 3058 papula
1661 2997 1773 3054 tuo,
1788 2989 1840 3042 in
1861 2990 2156 3043 novissimis

2267 1813 2380 1867 rius
2421 1812 2560 1881 ejus,
2586 1829 2692 1867 non
2734 1814 2805 1867 ita
2848 1813 3216 1883 accipiendum
3242 1821 3349 1876 est,
3378 1812 3513 1881 quasi
3544 1811 3745 1881 ignoranti

2263 1903 2313 1957 ei
2343 1903 2471 1972 quid
2517 1912 2664 1973 agat,
2692 1903 2978 1959 consilium
3021 1904 3111 1958 det
3142 1903 3319 1967 Filius,
3345 1911 3395 1956 et
3439 1900 3639 1972 Spiritus
3659 1915 3748 1954 san-

2261 2002 2402 2050 ctus.
2458 1993 2633 2048 Simili
2681 2010 2810 2065 ergo
2857 1994 3017 2048 modo
3065 2003 3119 2048 et
3163 1993 3391 2056 Balaam,
3420 1993 3531 2060 quia
3573 1989 3747 2052 consilii,

2262 2084 2406 2154 quod
2451 2083 2499 2138 ei
2547 2083 2881 2138 revelaverat
2927 2081 3444 2152 Deus,eparticipem
3487 2078 3679 2134 iaciebat
3711 2085 3750 2131 et

2261 2189 2488 2244 gnarum
2523 2173 2703 2238 Balac,
2735 2175 2847 2227 ait:
2881 2173 3035 2239 Veni,
3059 2172 3328 2226 consilium
3355 2171 3440 2224 tibi
3463 2169 3540 2223 do.

2330 2263 2479 2317 Dixit
2506 2260 2732 2316 Balaam
2759 2261 2902 2331 ﬁlius
2929 2260 3069 2316 Beor
3087 2275 3106 2312 :
3134 2260 3276 2314 Dixit
3314 2259 3457 2313 homo
3482 2257 3609 2326 cujus
3639 2255 3750 2308 obtu-

2261 2361 2408 2406 ratus
2447 2361 2522 2405 est
2551 2351 2769 2416 oculus;
2801 2350 2936 2405 dixit
2982 2350 3198 2404 auditor
3243 2363 3521 2403 sermonum
3546 2343 3663 2410 Dei;
3690 2342 3752 2412 qui

2261 2443 2399 2496 novit
2443 2443 2738 2496 doctrinam
2793 2441 3070 2507 Altissimi,
3114 2451 3168 2494 et
3211 2440 3446 2494 visionem
3493 2433 3753 2501 Omnipoten-

2262 2543 2329 2586 tts
2377 2532 2555 2597 videt;
2585 2533 2675 2601 qui
2710 2532 2901 2586 cadens
2943 2541 3153 2601 apertos
3195 2530 3342 2584 habet
3383 2527 3558 2582 oculos.
3609 2521 3754 2575 Videbo

2261 2641 2399 2688 eum,
2431 2623 2520 2678 sed
2568 2640 2671 2677 non
2703 2623 2891 2688 modo;
2921 2623 3165 2676 intuebar
3200 2621 3344 2676 illum
3367 2661 3380 2686 ,
3405 2619 3486 2674 sed
3513 2633 3599 2671 non
3621 2628 3752 2684 prem.

2261 2713 2540 2779 Quemodo
2567 2713 2785 2783 dignum
2830 2714 2934 2768 erit
2978 2721 3188 2767 tantum
3223 2713 3360 2767 istud
3384 2707 3579 2777 intelligi
3609 2705 3661 2758 de
3682 2701 3758 2756 Βι-

2260 2803 2402 2858 laam
2439 2811 2497 2856 ut
2546 2804 2682 2858 sciat
2729 2803 3014 2858 scientiam
3051 2803 3284 2868 Excelsi,
3331 2801 3416 2870 qui
3460 2800 3598 2854 etiam
3637 2793 3755 2848 Baiae

2260 2909 2440 2964 regem
2493 2893 2773 2959 docuerit,
2805 2894 3073 2964 quomodo
3117 2893 3426 2950 scandalum
3461 2890 3662 2945 mitteret
3693 2900 3757 2939 co-

2260 2999 2377 3038 ram
2410 2983 2530 3038 liliis
2581 2984 2775 3049 Israel,
2802 2994 2863 3038 ut
2895 2985 3286 3040 manducarent
3321 2979 3570 3036 immolata
3606 2985 3649 3031 et
3677 2974 3756 3029 lor-

576 3073 794 3127 diebus?
827 3073 1050 3144 Sumpta
1100 3077 1265 3145 igitur
1307 3079 1587 3147 parabola,
1630 3095 1844 3134 rursum
1898 3081 1993 3133 ait.
2051 3081 2158 3135 Sed
2186 3073 2231 3135 C
2264 3073 2597 3126 nicarentur.
2643 3070 2745 3125 Vix
2787 3074 2932 3126 enim
2968 3073 3034 3127 de
3063 3075 3271 3129 sanctis
3295 3070 3549 3142 prophetis
3571 3075 3647 3121 aut
3667 3077 3760 3132 apo-

573 3165 890 3235 priusquam
917 3167 982 3220 ad
1011 3169 1443 3236 explanationem
1484 3184 1673 3224 eorum
1717 3186 1838 3239 qua:
1882 3173 2159 3240 propheta:

577 3262 704 3306 sunt
727 3254 1029 3320 veniamus,
1055 3255 1219 3309 velim
1254 3258 1530 3326 requirere
1561 3261 1682 3328 quis
1708 3261 1810 3315 iste
1833 3276 2024 3317 sensus
2052 3272 2157 3328 est,

577 3341 662 3394 vel
690 3341 811 3410 quis
840 3341 974 3396 ordo
999 3344 1308 3411 verborum,
1341 3347 1483 3415 quod
1510 3348 1585 3402 ait
1609 3363 1622 3400 :
1651 3346 1778 3402 Veni
1807 3359 1854 3403 et
1885 3350 2160 3405 consilium

576 3432 645 3484 do
669 3431 781 3486 tibi.
809 3432 876 3486 Et
895 3435 1102 3489 consilii
1127 3437 1343 3506 quidem
1369 3439 1503 3493 nihil
1527 3440 1655 3495 dare
1678 3441 1907 3506 videtur,
1933 3443 2026 3497 sed
2050 3443 2156 3497 ait:

579 3519 735 3584 Quod
759 3521 996 3588 facturus
1015 3524 1081 3577 sit
1109 3525 1333 3595 populus
1357 3526 1440 3580 hic
1460 3527 1650 3598 populo
1678 3538 1766 3584 tuo
1794 3531 1849 3584 in
1869 3532 2161 3587 novissimis

581 3611 797 3677 diebus;
827 3620 882 3666 et
913 3622 1059 3668 esset
1101 3613 1290 3684 utique
1326 3619 1742 3688 consequentia,
1777 3628 1838 3673 ut
1883 3621 2162 3676 videretur

581 3701 798 3756 Balaam
825 3705 1148 3772 prophetare
1166 3706 1233 3761 de
1257 3707 1343 3761 his
1359 3722 1476 3777 qua:
1495 3708 1721 3778 populus
1741 3709 1906 3765 Israel
1923 3709 2163 3767 facturus

582 3803 720 3846 esset
747 3793 943 3862 populo
969 3793 1150 3860 Baiae,
1186 3795 1268 3850 vel
1290 3797 1501 3852 caeteris
1531 3798 1812 3866 gentibus;
1843 3807 1898 3852 et
1929 3801 2069 3867 quod
2106 3800 2161 3854 in

580 3882 781 3936 virtute
806 3880 985 3945 faciet,
1008 3884 1083 3936 ita
1104 3892 1164 3936 ut
1187 3900 1293 3938 non
1317 3885 1658 3956 derelinquat
1679 3903 1744 3941 ex
1768 3889 1992 3943 urbibus
2007 3887 2163 3943 Moab

579 3970 751 4025 ullum
775 3972 865 4040 qui
905 3973 1088 4028 salvus
1129 3973 1241 4027 fiat.
1276 3973 1382 4029 Sed
1413 3984 1467 4030 et
1490 3977 1772 4045 prophetia
1817 3977 2164 4034 nihilominus

579 4076 740 4130 quam
766 4060 833 4117 de
864 4061 1080 4117 Christo
1108 4061 1385 4134 coniungit
1425 4063 1476 4118 in
1508 4069 1964 4136 consequentibus
1995 4077 2050 4124 et
2089 4070 2166 4124 di-

579 4152 680 4205 cit:
700 4150 915 4207 Orietur
934 4153 1085 4207 stella
1105 4171 1170 4208 ea:
1186 4153 1371 4220 Iacob,
1387 4165 1433 4210 et
1456 4167 1695 4227 exsurget
1717 4158 1869 4212 homo
1890 4160 1954 4214 de
1971 4161 2160 4225 Israel,

579 4251 627 4295 et
668 4242 891 4297 vastabit
933 4260 1107 4298 omnes
1144 4247 1402 4316 principes
1447 4245 1632 4312 Moab,
1663 4251 2045 4306 convenienter
2071 4268 2165 4322 po-

579 4331 685 4385 sita
710 4331 945 4399 videtur,
968 4333 1014 4387 si
1047 4335 1308 4404 scriptum
1330 4343 1476 4390 esset
1503 4356 1514 4389 :
1548 4334 1675 4390 Veni
1699 4348 1746 4392 et
1776 4341 2022 4410 propheta
2049 4343 2158 4395 tibi.

2263 3161 2415 3215 stolis
2441 3162 2684 3216 inveniet
2709 3161 2906 3232 aliquis
2945 3162 3178 3229 dictum,
3207 3163 3328 3232 quia
3359 3159 3608 3216 scientiam
3633 3155 3760 3208 sciant

2261 3251 2471 3306 Excelsi
2499 3270 2511 3303 :
2537 3253 2786 3322 quamvis
2835 3251 3032 3307 Paulus
3055 3254 3292 3318 dixerit,
3339 3251 3534 3324 audisse
3573 3265 3618 3302 se
3651 3243 3762 3300 verba

2262 3341 2658 3406 inenarrabilia,
2701 3359 2820 3413 qute
2857 3360 2960 3396 non
3001 3345 3121 3397 licet
3165 3343 3362 3398 honuni
3406 3333 3534 3406 loqui
3569 3335 3636 3408 (Il
3670 3331 3757 3386 Cor.

2264 3434 2392 3502 xu);
2425 3441 2601 3486 tamen
2632 3447 2737 3486 non
2765 3441 2849 3487 est
2879 3432 3162 3502 professus
3197 3433 3394 3488 habere
3421 3428 3662 3486 scientiam
3687 3421 3762 3476 Ex-

2265 3523 2414 3577 celsi.
2454 3523 2680 3594 PrOpter
2704 3526 2849 3594 quod
2887 3525 3200 3596 diligentius
3238 3524 3572 3582 intendamus,
3599 3518 3635 3572 si
3663 3515 3763 3570 forte

2264 3613 2483 3683 dignum
2507 3614 2707 3683 aliquid
2739 3615 2880 3669 Deus
2908 3615 3067 3670 nobis
3089 3630 3258 3686 super
3285 3615 3384 3670 hoc
3411 3622 3631 3667 sermone
3651 3617 3762 3660 rete-

2265 3703 2378 3759 lare
2415 3705 2683 3776 dignetur.
2723 3705 2780 3759 ln
2821 3704 2958 3760 libro
3003 3706 3093 3775 qui
3140 3705 3282 3776 apud
3323 3718 3418 3759 nos
3444 3698 3630 3770 quidem
3664 3694 3763 3748 inter

2266 3795 2569 3851 Salomonis
2608 3796 2880 3852 volumina
2928 3798 3114 3852 haberi
3163 3798 3327 3862 solet,
3358 3804 3412 3850 et
3433 3785 3765 3850 Ecclesiastin

2265 3886 2393 3951 dici,
2421 3887 2561 3956 apud
2601 3884 2819 3941 Graecos
2861 3901 2991 3941 vero
3037 3886 3318 3956 Sapientia
3355 3884 3476 3940 Jesu
3511 3879 3593 3935 lilii
3620 3871 3760 3931 Sirach

2265 3975 2593 4046 appellatur,
2622 3977 2884 4046 scripturn
2917 3986 2999 4032 est
3023 3991 3038 4030 :
3066 3977 3256 4032 Omnis
3284 3975 3526 4046 sapientia
3552 3986 3580 4022 a
3603 3966 3690 4021 Deo
3710 3966 3762 4014 est

2268 4063 2492 4135 (Eccles.
2519 4063 2579 4134 I).
2613 4063 2767 4131 Quod
2806 4063 3039 4120 fortasse
3076 4081 3367 4136 possumus
3409 4064 3480 4117 ita
3519 4056 3764 4124 intelligere,

2267 4153 2420 4223 quasi
2455 4168 2486 4207 a
2515 4152 2626 4208 Deo
2655 4153 2725 4208 sit
2761 4162 2818 4208 et
2855 4154 2945 4209 illa
2991 4155 3259 4225 sapient-ia
3302 4151 3479 4208 mundi
3510 4146 3657 4215 hujus,
3681 4150 3765 4238 qua?

2267 4244 2588 4299 destruenda
2619 4244 2832 4311 dicitur,
2865 4257 2919 4300 et
2945 4246 3256 4316 principum
3288 4243 3467 4301 mundi
3492 4239 3651 4306 hujus;
3675 4240 3766 4286 δίει

2267 4351 2372 4397 qua
2405 4335 2508 4389 alia
2539 4345 2642 4402 est,
2669 4352 2767 4407 per
2795 4352 2956 4407 quam
2984 4337 3118 4391 falsa
3148 4336 3375 4393 scientia
3397 4324 3764 4388 commendatur:

581 4421 734 4478 Nunc
759 4433 938 4478 autem
964 4424 1092 4494 Quid
1116 4425 1358 4481 dicemus
1379 4429 1444 4480 ad
1469 4427 1571 4481 hoc
1593 4429 1735 4498 quod
1755 4408 2015 4500 scriptum
2045 4441 2122 4486 est
2147 4450 2158 4485 :
2191 4423 2242 4484 D
2268 4425 2370 4479 nisi
2389 4423 2444 4479 in
2472 4424 2591 4494 ipso
2607 4424 2793 4480 libello
2820 4426 2870 4479 in
2889 4426 3355 4494 consequentibus
3374 4424 3656 4478 diceretur:
3678 4408 3765 4464 Non

588 4511 1032 4579 Veni,consilium
1055 4515 1122 4568 do
1153 4516 1264 4581 tibi,
1284 4517 1410 4587 quid
1437 4517 1592 4586 faciet
1619 4519 1839 4588 papulas
1867 4521 1950 4574 hic
1974 4521 2164 4590 populo

580 4605 710 4657 tuo?
760 4605 1122 4675 Bequiramus
1170 4622 1319 4676 ergo,
1363 4609 1633 4676 quomodo
1681 4609 1904 4679 intelligi
1949 4611 2161 4678 debeat,

581 4693 724 4759 quod
764 4695 1026 4765 scriptum
1068 4705 1172 4760 est,
1204 4696 1482 4748 consilium
1517 4697 1608 4749 tibi
1649 4697 1736 4749 do.
1769 4697 1844 4750 De
1887 4713 1993 4766 quo
2023 4714 2164 4768 szepe

582 4785 723 4851 apud
749 4773 1019 4855 meipsum'
1041 4787 1346 4856 requirens,
1376 4785 1578 4840 nullum
1611 4795 1738 4856 puto
1768 4785 1972 4840 exitum
2008 4787 2160 4842 iuve-

581 4872 699 4925 uire
728 4875 1029 4927 sententiae.
1063 4874 1169 4930 Sed
1199 4878 1303 4931 hoc
1341 4877 1480 4946 quod
1518 4877 1612 4941 ait,
1645 4877 1917 4930 consilium
1947 4879 2038 4931 tibi
2067 4880 2158 4944 do,

581 4959 852 5014 communi
883 4969 938 5015 et
967 4963 1167 5018 usitato
1191 4980 1341 5018 more
1369 4966 1571 5020 dictum
1600 4975 1868 5034 putemus.
1897 4966 2003 5022 Sed
2029 4968 2160 5023 illud

583 5047 756 5118 magis
795 5049 903 5103 vidi
941 5060 1060 5105 esse
1087 5054 1434 5113 conveniens.
1464 5053 1604 5122 quod
1637 5054 1734 5117 ait,
1767 5056 2039 5111 consilium
2067 5059 2160 5112 tibi

580 5137 672 5202 do,
698 5145 757 5190 ut
795 5137 868 5191 ita
916 5139 1116 5194 dixisse
1155 5141 1490 5212 intelligatur
1518 5162 1529 5195 :
1557 5142 1848 5199 Consilium
1895 5146 2156 5213 divinum,

581 5229 724 5300 quod
749 5230 804 5284 in
831 5231 1138 5287 novissimis
1159 5233 1348 5288 diebus
1372 5235 1698 5303 implendum
1727 5245 1828 5302 est,
1861 5253 2005 5293 nunc
2028 5239 2160 5294 mihi

582 5321 900 5386 revelatum,
929 5322 1114 5393 aperio
1156 5322 1253 5376 tibi
1296 5332 1351 5377 et
1397 5324 1716 5391 manifesto,
1747 5333 1807 5379 ut
1845 5327 1986 5382 scias
2033 5329 2162 5396 quid

583 5410 811 5480 populus
839 5411 927 5466 hic
958 5409 1121 5466 faciet
1162 5412 1360 5482 populo
1402 5423 1509 5467 tuo.
1557 5414 1620 5468 Et
1668 5415 1771 5469 hoc
1813 5416 1974 5471 modo
2016 5425 2163 5472 stare

585 5502 714 5555 mihi
763 5503 934 5557 visum
973 5511 1057 5559 cst
1102 5519 1257 5573 posse
1303 5506 1446 5575 quod
1487 5507 1599 5561 ait:
1634 5506 1921 5562 Consilium
1951 5509 2042 5563 tibi
2070 5511 2160 5572 do,

581 5597 708 5659 quid
770 5595 1004 5662 facturus
1062 5608 1134 5651 est
1195 5599 1415 5669 populus
1481 5601 1562 5654 hic
1621 5604 1810 5673 populo
1877 5613 1994 5667 tuo,
2062 5603 2161 5658 hoc

2267 4517 2493 4570 estenim
2515 4517 2773 4583 sapientia
2799 4517 3019 4571 malitia:
3047 4517 3333 4585 disciplina
3353 4514 3534 4586 (Eccli.
3563 4501 3767 4596 sul-Pet

2269 4609 2412 4676 quod
2447 4608 2634 4678 utique
2667 4611 2848 4672 docet,
2887 4609 3011 4677 quia
3041 4611 3221 4664 omnis
3251 4606 3527 4675 disciplina
3552 4613 3654 4673 qua:
3679 4593 3766 4685 last

2269 4697 2468 4764 aliquid
2504 4697 2719 4758 asserit,
2749 4696 2912 4752 etiam
2949 4697 2993 4751 si
3012 4699 3316 4751 vehemens
3345 4696 3597 4751 videatur,
3619 4694 3662 4738 et
3687 4690 3766 4732 γετί

2269 4786 2484 4851 similis,
2513 4795 2568 4841 et
2597 4803 2713 4856 qua:
2737 4788 2972 4843 subverti
2997 4787 3215 4843 diﬂlcile
3237 4788 3425 4856 possit,
3443 4795 3606 4841 tamen
3625 4783 3773 4840 ιιθῆιιλ·

2270 4894 2427 4948 quam
2470 4878 2771 4948 huiusmodi
2807 4878 3032 4933 scientia
3062 4881 3129 4932 ad
3173 4877 3456 4947 sapientia:
3490 4873 3674 4959 titulum
3701 4863 3766 4959 de:

2271 4971 2395 5024 beat
2413 4970 2618 5039 applica
2629 4970 2692 5022 ri.
2714 4969 2852 5035 Quid
2869 4983 2996 5038 ergo
3010 4979 3090 5024 est
3103 4969 3248 5039 quod
3261 4969 3338 5023 ait
3357 4985 3370 5022 :
3387 4964 3558 5021 Omnis
3571 4957 3773 5046 sapientis

2279 5074 2309 5109 a
2343 5059 2449 5111 Deo
2480 5058 2598 5112 est?
2627 5058 2757 5112 Illud
2805 5059 2938 5112 mihi
2977 5060 3212 5114 sensisse
3241 5058 3473 5122 videtur,
3506 5053 3615 5122 quia
3643 5050 3773 5098 ouwIS

2261 5151 2455 5219 peritia
2474 5191 2488 5214 ,
2517 5165 2638 5218 quae
2670 5149 2752 5204 vel
2783 5163 2911 5218 erga
2959 5157 3132 5202 artem
3167 5147 3409 5216 aliquam
3451 5141 3563 5197 usui
3592 5137 3771 5192 humano

2265 5241 2567 5294 necessaria
2618 5239 2866 5302 habetur,
2897 5237 2980 5292 vel
3027 5237 3317 5308 cujuslibet
3351 5235 3430 5290 rei
3476 5227 3690 5286 scientia,

2263 5329 2466 5400 pientia
2514 5329 2727 5383 dicatur
2760 5344 2789 5382 a
2825 5329 3049 5383 Domino
3093 5305 3242 5382 data.
3286 5315 3522 5394 Denique
3559 5314 3675 5390 apud
3701 5305 3775 5411 ξοδ

2264 5423 2523 5491 scriptum
2567 5430 2650 5476 est
2677 5439 2689 5474 :
2720 5419 2850 5486 Quis
2891 5420 3033 5473 dedit
3075 5418 3384 5472 mulieribus
3427 5410 3620 5470 texendi
3651 5410 3777 5491 εαξη-

2263 5487 2414 5574 tiani,
2435 5523 2483 5568 et
2513 5513 2789 5567 varietates
2834 5511 3229 5582 disciplinarum
3250 5509 3276 5562 ?
3312 5509 3419 5563 Sed
3455 5513 3510 5560 et
3532 5503 3580 5556 ἱιι

2268 5605 2494 5659 Locutus
2546 5614 2655 5669 est,
2703 5605 2892 5674 inquit,
2945 5602 3195 5657 Dominus
3247 5601 3319 5653 ad
3369 5598 3576 5668 Moysen
3610 5588 3778 5642 dicenti
