3932 6188
200 346 314 399 757

914 340 1445 397 ENARRATIONES
1481 339 1548 394 IN
1586 339 1846 396 LIBRUM
1883 337 2343 394 NUMERORUM.
2380 368 2449 378 -
2482 337 2610 392 LIB.
2650 337 2730 394 III.

3367 343 3469 400 758

203 460 350 514 Ecce
393 455 570 512 vocavi
612 455 918 509 nominatim
951 453 1184 510 Beseleel
1222 455 1390 525 filium
1419 455 1555 510 Huri
1583 455 1682 524 filii
1714 454 1792 509 0r
1818 461 1867 519 Α
1892 465 2244 526 posteaquam
2270 453 2471 507 dictum
2493 452 2651 506 estin
2674 451 3128 522 Evangelio,quia
3153 459 3476 524 praecesserit

201 566 273 603 ex
296 548 434 602 tribu
465 545 632 610 Juda,
659 554 707 599 et
731 544 920 615 replevi
945 562 1062 599 eum
1089 545 1290 616 Spiritu
1313 547 1505 611 divino,
1526 548 1795 617 sapientia:

203 649 256 692 et
281 635 576 691 intellectus
606 645 654 688 et
679 634 988 705 disciplinae,
1018 646 1073 689 ut
1103 636 1157 690 in
1191 637 1331 690 omni
1358 653 1508 706 opere
1536 634 1796 706 intelligat

205 735 256 779 et
287 726 358 779 sit
385 724 719 787 architectus,
753 723 822 776 ad
852 723 1173 792 operandam
1217 733 1490 793 argentum
1527 733 1575 777 et
1607 739 1796 776 aurum

201 827 252 869 et
283 833 382 881 a's,
415 826 462 868 et
486 814 682 879 lapides
724 812 1047 884 repletionis,
1077 823 1123 866 et
1154 814 1328 867 omnia
1359 830 1512 884 opera
1559 811 1795 881 fabrilia,

203 915 256 957 et
296 905 352 956 in
391 902 559 972 ligno,
589 913 644 955 ut
679 911 920 972 operetur
946 901 1231 955 secundum
1263 901 1492 954 omnium
1526 917 1702 970 opera,
1729 901 1798 954 ad

203 1009 330 1061 qua:
357 1009 450 1062 ego
479 991 599 1044 dedi
638 1008 779 1045 eum.
819 988 920 1044 Sed
963 1000 1014 1044 et
1042 988 1196 1043 Eiiab
1242 989 1412 1059 ﬁlium
1453 988 1810 1072 Achisamach‘

206 1105 278 1141 ex
318 1087 459 1140 tribu
496 1085 638 1140 Dan.
681 1085 748 1139 Et
781 1085 900 1139 dedi
926 1085 981 1138 in
1017 1101 1107 1138 cor
1144 1085 1287 1138 omni
1323 1083 1566 1154 prudenti
1593 1071 1818 1136 intelle-V.

206 1189 377 1240 ctum,
397 1187 450 1230 ut
476 1177 674 1244 faciant
694 1176 870 1229 omnia
893 1191 1010 1246 qua:
1030 1175 1274 1229 constitui
1300 1174 1392 1227 tibi
1404 1173 1598 1246 (Exod.
1623 1172 1796 1244 xxxu).

209 1269 539 1337 Relegamus
561 1281 624 1321 ea
667 1283 786 1335 quae
817 1267 871 1320 in
900 1266 1120 1322 Daniele
1158 1266 1357 1335 scripta
1391 1273 1550 1330 sunt,
1579 1265 1644 1319 de
1683 1265 1800 1334 ipso

213 1360 437 1414 Daniele
463 1366 516 1413 et
549 1359 720 1413 tribus
746 1358 937 1412 amicis
966 1357 1100 1426 ejus,
1131 1373 1266 1428 quos
1303 1357 1800 1412 Nabuchodonosor

209 1466 305 1504 rex
347 1450 518 1503 tribus
557 1449 712 1502 annis
754 1449 1079 1503 erudiendos
1108 1449 1347 1513 tradidit,
1391 1449 1578 1503 volens
1607 1464 1699 1503 eos
1742 1449 1797 1502 in

207 1556 330 1602 sua,
362 1539 415 1593 id
453 1548 535 1593 est
564 1539 736 1608 patria
764 1537 1179 1608 Babyloniorum
1205 1539 1468 1607 sapientia
1501 1539 1802 1593 scientissi-

211 1644 335 1682 mos
359 1629 497 1682 fieri.
526 1628 600 1681 Ibi
631 1642 758 1696 ergo
791 1627 1050 1696 scriptum
1080 1636 1162 1681 est
1187 1645 1199 1680 :
1229 1625 1404 1692 Dedit,
1439 1627 1634 1696 inquit,
1657 1627 1798 1680 Deus

207 1719 286 1770 eis
330 1716 646 1770 intellectum
688 1726 734 1769 et
765 1717 1098 1785 prudentiam
1127 1717 1180 1770 in
1218 1719 1360 1770 omni
1397 1727 1507 1770 arte
1534 1734 1801 1787 gramma-

1897 561 2076 615 magos
2116 559 2276 612 usque
2319 542 2386 594 ad
2419 539 2738 605 Bethlehem,
2764 550 2812 593 et
2863 542 3065 596 ueniens
3091 546 3286 598 steterit
3316 564 3478 619 supra

1895 633 1984 687 ubi
2021 642 2132 686 erat
2161 647 2296 698 puer
2327 631 2546 703 (Matth.
2573 629 2657 700 ιι),
2690 628 2832 683 ultra
2865 645 2971 684 non
3002 632 3072 686 sit
3104 634 3328 702 dictum,
3351 639 3476 707 quia

1895 723 1981 778 vel
2011 723 2321 778 discesserit
2361 723 2483 777 inde
2512 721 2594 775 vel
2628 723 2942 788 evanuerit,
2974 730 3067 777 aut
3093 737 3365 797 assumpta
3387 729 3476 795 sit,

1897 819 1991 866 aut
2029 811 2232 880 aliquid
2258 811 2477 865 omnino
2503 810 2570 865 de
2595 811 2697 865 hoc
2729 811 2968 865 narratio
2996 813 3308 883 evangelica
3340 815 3481 870 desi-

1898 905 2167 974 gnaverit,
2187 904 2282 958 sed
2306 904 2410 958 hoc
2435 910 2644 956 tantum
2682 903 2896 968 dixerit,
2922 903 3049 973 quia
3075 905 3227 959 venit
3253 913 3306 959 et
3331 906 3482 961 stetit

1897 1012 2060 1066 supra
2111 996 2200 1050 ubi
2233 1004 2352 1050 erat
2388 1011 2541 1064 puer.
2589 993 2666 1048 Ne
2712 993 2851 1049 forte
2878 1010 3006 1066 ergo
3051 997 3190 1052 sicut
3238 1007 3482 1066 tempore

1896 1085 2172 1155 baptismi,
2197 1101 2318 1140 cum
2342 1084 2646 1154 baptizatus
2672 1084 2828 1139 Jesus
2859 1086 3101 1140 ascendit
3131 1086 3197 1140 de
3222 1085 3478 1150 Iordane,

1899 1178 2070 1248 aperti
2123 1186 2248 1232 sunt
2278 1176 2328 1231 ei
2373 1175 2515 1241 cteli,
2548 1184 2602 1229 et
2631 1175 2766 1230 vidit
2811 1175 3048 1230 Joannes
3077 1175 3339 1244 Spiritum
3386 1175 3479 1230 Dei

1899 1269 2337 1330 descendentem,
2363 1266 2517 1335 quasi
2549 1266 2872 1332 columbam,
2900 1275 2954 1321 et
2982 1276 3289 1320 manentem
3322 1281 3482 1336 super

1898 1369 2055 1419 eum;
2085 1364 2138 1408 et
2165 1352 2369 1406 audivit
2388 1367 2577 1405 vocem
2597 1352 2663 1406 de
2683 1350 2820 1406 ccelo
2843 1351 3108 1406 dicentem
3137 1369 3149 1404 :
3173 1350 3275 1404 Hic
3295 1361 3370 1405 est
3393 1349 3485 1404 Fi-

1898 1443 2002 1498 lius
2025 1461 2168 1498 meus
2197 1443 2436 1508 dilectus,
2459 1444 2514 1495 in
2540 1459 2642 1512 quo
2665 1442 2789 1496 bene
2811 1441 3103 1512 complacui
3125 1441 3338 1515 (Matth.
3365 1443 3478 1514 In):

1902 1537 1976 1589 ita
1999 1544 2052 1590 et
2073 1535 2223 1589 stella
2247 1535 2384 1600 hzee,
2401 1549 2520 1606 quae
2541 1535 2688 1589 venit
2710 1549 2872 1604 supra
2894 1533 2986 1588 ubi
3011 1541 3128 1588 erat
3147 1549 3284 1604 puer
3303 1545 3358 1589 et
3375 1544 3484 1590 ste-

1900 1631 1998 1695 tit,
2026 1630 2076 1682 in
2117 1628 2333 1683 Christo
2381 1627 2628 1682 similiter
2674 1627 2934 1681 remansit
2959 1641 2975 1680 :
3004 1627 3146 1682 sicut
3166 1633 3220 1681 et
3249 1623 3484 1696 Spiritus

1899 1727 2117 1773 sanctus
2140 1719 2191 1771 in
2215 1719 2392 1788 specie
2411 1718 2671 1773 columbae
2691 1719 2906 1772 venisse
2928 1717 3124 1772 dicitur
3144 1724 3197 1772 et
3218 1717 3482 1774 mansisse

208 1807 354 1869 tica;
385 1804 666 1871 et,Daniel
697 1804 950 1859 intellexit
996 1807 1049 1858 in
1096 1807 1237 1859 omni
1284 1806 1477 1859 visione
1507 1816 1555 1858 et
1603 1806 1797 1860 somnis
1826 1841 1874 1899 Β
1903 1807 1954 1858 in
1979 1821 2073 1871 eo;
2102 1814 2155 1860 et
2177 1806 2315 1860 sicut
2335 1807 2548 1860 venisse
2575 1805 2840 1875 Spiritum
2860 1806 2953 1860 Dei
2976 1814 3028 1860 et
3050 1807 3315 1862 mansisse
3341 1807 3396 1862 in
3417 1823 3482 1862 eo
3555 1851 3559 1856 .

208 1899 377 1970 (Dan.
416 1898 475 1969 ι).
525 1899 589 1951 Et
631 1906 752 1968 post
794 1913 1007 1966 pauca:
1039 1896 1101 1950 Et
1143 1906 1393 1951 steterunt
1425 1898 1479 1950 in
1525 1907 1798 1966 conspectu

209 1989 375 2055 regis,
405 1997 452 2040 et
475 1988 526 2039 in
557 1987 696 2040 omni
737 1990 886 2040 verbo
931 1986 1199 2056 sapientia:
1228 1981 1277 2040 et
1322 1987 1572 2049 scientia’,
1602 1986 1656 2038 in
1697 2002 1798 2055 quo

207 2076 453 2143 qutt’st't‘t't
485 2074 547 2127 ab
579 2077 652 2128 eis
683 2091 792 2140 rex,
823 2075 1012 2128 invenit
1055 2092 1140 2128 eos
1185 2073 1403 2144 decuplo
1441 2092 1596 2144 super
1624 2091 1800 2128 omnes

210 2166 570 2218 incantatores
617 2177 663 2218 et
703 2183 906 2237 magos,
935 2182 1051 2236 qum
1098 2175 1244 2219 erant
1284 2165 1339 2218 in
1387 2167 1527 2217 omni
1572 2167 1796 2236 regione.

212 2255 288 2307 lix
341 2255 429 2310 his
475 2271 603 2326 ergo
650 2257 900 2311 omnibus
951 2265 1126 2325 potest
1175 2256 1421 2326 intelligi,
1449 2257 1718 2324 quomolo
1747 2264 1802 2309 et

212 2343 439 2398 Balaam
469 2347 666 2401 dixerit
691 2348 754 2402 de
786 2347 1076 2416 semetipso
1102 2346 1233 2413 :Qui
1263 2347 1364 2401 scit
1388 2346 1671 2401 scientiam
1693 2347 1799 2400 Ex-

213 2435 372 2499 (τιεί,
402 2434 610 2489 scilicet
638 2446 695 2488 ut
721 2435 1067 2504 intelligatur,
1093 2436 1236 2504 quod
1265 2436 1416 2505 origo
1443 2437 1606 2490 totius
1629 2438 1802 2490 scien-

216 2527 328 2589 tia,
358 2528 428 2580 ab
476 2527 591 2596 ipso
633 2527 901 2597 acceperit
945 2529 1256 2593 exordium;
1306 2529 1438 2583 vitio
1485 2538 1662 2583 autem
1696 2530 1800 2582 hu-

217 2631 397 2669 mana:
439 2617 655 2671 malitia:
695 2617 1060 2686 aspirantibus
1089 2625 1142 2672 et
1168 2619 1592 2688 subripientibus
1616 2619 1800 2694 etiam

218 2709 578 2774 tia-monibus,
605 2711 658 2764 in
687 2709 984 2781 perniciem
1011 2726 1168 2766 versa
1214 2720 1338 2766 sunt
1368 2727 1487 2782 quae
1528 2729 1625 2784 pro
1659 2712 1803 2768 utili-

217 2808 334 2852 tate
383 2815 638 2854 concessa
672 2808 818 2854 sunt.
872 2799 994 2855 Ilaec
1025 2802 1090 2856 de
1122 2817 1209 2866 eo,
1239 2803 1382 2872 quod
1431 2803 1584 2868 dixit,
1620 2803 1800 2858 Sciens

212 2887 490 2940 scientiam
519 2887 750 2954 Excelsi,
776 2903 806 2942 a
836 2889 990 2944 nobis
1019 2906 1116 2960 pro
1154 2891 1360 2944 viribus
1399 2891 1642 2947 discussa
1671 2893 1798 2947 sint.

215 2976 514 3034 Videamus
539 2995 669 3052 ergo
697 2979 826 3052 quid
853 2990 956 3048 est,
987 2983 1128 3052 quod
1153 2983 1206 3035 in
1237 2985 1692 3052 consequentibus
1717 2984 1802 3038 di-

213 3070 289 3124 cit
314 3090 326 3124 :
363 3068 560 3124 Videbo
592 3070 763 3137 illum,
795 3073 884 3126 sed
915 3089 1016 3126 non
1042 3073 1194 3127 modo
1213 3115 1226 3135 ,
1254 3074 1492 3128 intuebar
1519 3074 1688 3140 illum,
1713 3075 1804 3128 sed

211 3179 318 3214 non
345 3179 524 3232 prope.
552 3162 664 3218 [Ioc
684 3163 752 3217 ad
766 3163 1080 3230 Salvatoris,
1096 3165 1306 3220 Domini
1331 3167 1579 3221 videlicet
1597 3167 1800 3222 Christi
1829 3184 1874 3244 ρ

211 3254 492 3321 pertinere
511 3255 798 3309 adventum
821 3255 1089 3310 creditur:
1111 3257 1178 3311 de
1199 3273 1302 3326 quo
1324 3268 1377 3310 et
1398 3259 1450 3311 in
1473 3273 1801 3328 consequen-

213 3343 364 3394 tibus
387 3342 518 3396 dicit
540 3361 556 3398 :
582 3342 796 3398 Orietur
816 3344 965 3400 stella
989 3362 1053 3398 ex
1079 3345 1265 3410 Iacob,
1281 3356 1329 3400 et
1351 3357 1624 3419 consurget
1644 3349 1800 3403 homo

212 3439 281 3486 de
309 3433 508 3488 Israel.
539 3435 840 3492 Videndum
871 3453 992 3492 eum
1025 3439 1154 3494 dicit
1183 3455 1304 3495 esse
1333 3442 1426 3496 sed
1458 3459 1563 3496 non
1594 3444 1754 3499 modo
1784 3462 1796 3496 :

211 3527 322 3580 hoc
351 3535 456 3592 est,
481 3544 588 3582 non
609 3543 675 3582 eo
701 3539 960 3598 tempore,
983 3547 1088 3599 quo
1112 3532 1212 3585 ista
1236 3532 1556 3602 loquebatur
1582 3554 1593 3588 :
1617 3534 1684 3588 In
1708 3552 1801 3589 no-

213 3617 445 3670 tissimis
487 3619 623 3670 enim
665 3619 846 3673 diebus
890 3620 977 3673 ubi
1008 3623 1138 3675 venit
1184 3622 1452 3692 plenitudo
1489 3633 1796 3694 temporum,

209 3708 356 3758 nisit
390 3706 527 3760 Deus
563 3708 762 3763 Filium
787 3729 937 3765 suum
965 3711 1105 3782 (Cal.
1142 3717 1238 3780 tv).
1276 3713 1380 3766 Sed
1407 3715 1448 3766 si
1475 3714 1779 3768 secundum

205 3799 318 3849 alia
360 3801 688 3867 exemplaria
713 3803 1242 3872 legere_voluerimus
1274 3805 1348 3858 ita
1373 3823 1385 3856 ς
1413 3804 1705 3860 Ostendam
1728 3807 1800 3878 ei.

206 3891 259 3933 et
296 3898 403 3932 non
452 3884 644 3947 modo;
683 3885 922 3954 beatiﬁco
972 3899 1019 3940 et
1076 3905 1178 3940 non
1232 3891 1660 3960 appropinquat:
1693 3909 1799 3946 non

211 3975 281 4023 at
345 3972 491 4024 hunc
549 3973 802 4039 Balaam,
851 3993 947 4046 per
983 3993 1143 4045 quem
1197 3980 1312 4034 ιιωο
1356 3980 1647 4046 dicuntur,
1699 3983 1796 4037 sed

211 4059 280 4110 ad
315 4059 439 4114 illos
479 4077 706 4129 quorum
750 4079 1034 4133 personam
1082 4067 1270 4121 haberi
1312 4069 1365 4122 in
1395 4069 1499 4124 hoc
1539 4071 1794 4138 diximus,

210 4149 506 4203 referetur.
556 4151 633 4205 Illi
671 4153 814 4206 enim
850 4154 1101 4209 doctores
1140 4155 1276 4226 legis
1301 4166 1355 4210 et
1380 4157 1590 4221 scribze,
1618 4167 1800 4214 osten-

208 4243 344 4295 dunt
369 4242 645 4298 Christum
673 4245 725 4299 in
751 4246 866 4316 lege
893 4253 946 4300 ct
969 4248 1245 4316 prOphetis
1267 4249 1643 4318 prophetatum
1663 4290 1678 4315 ,
1702 4251 1798 4306 sed

205 4349 314 4386 non
345 4335 528 4400 modo,
563 4336 668 4390 hoc
699 4346 800 4403 est,
848 4355 956 4392 non
1002 4339 1054 4391 in
1097 4355 1160 4394 eo
1207 4348 1448 4410 tempore
1493 4359 1601 4412 quo
1629 4343 1795 4407 venit,

206 4427 300 4478 sed
325 4442 450 4479 cum
475 4427 750 4496 plenitudo
771 4431 1012 4499 gentium
1037 4431 1323 4495 introierit,
1350 4441 1403 4484 et
1429 4433 1603 4486 omnis
1629 4433 1795 4487 Israel

204 4519 410 4571 Salvari
442 4519 681 4588 incipiet,
710 4528 838 4574 tunc
879 4535 1001 4574 eum
1033 4521 1340 4586 ostendent,
1371 4529 1425 4574 et
1458 4529 1588 4575 tunc
1622 4522 1788 4576 beati-
1820 4541 1872 4598 D

206 4607 477 4670 litabunt,
509 4624 669 4676 quem
697 4609 854 4662 modo
879 4609 1274 4678 blasphemant.
1313 4609 1416 4664 Sed
1445 4611 1546 4664 hoc
1579 4620 1790 4680 tempus

203 4696 258 4748 in
294 4713 404 4764 quo
445 4698 560 4751 Iuec
607 4697 786 4752 futura
838 4709 982 4766 sunt,
1011 4717 1116 4754 non
1169 4702 1562 4770 appropinquat
1596 4719 1606 4752 :
1637 4701 1791 4770 longe

200 4789 350 4838 enim
383 4794 490 4850 est,
515 4788 651 4840 etin
683 4789 800 4856 ipso
845 4790 1023 4844 swculi
1053 4789 1158 4842 line
1196 4790 1542 4858 sperandum.
1579 4790 1644 4843 Et
1674 4791 1792 4846 ideo

201 4874 282 4924 ait
309 4893 318 4926 :
349 4873 631 4929 Ostendam
661 4875 762 4939 illi,
781 4878 870 4929 sed
893 4894 994 4929 non
1019 4879 1191 4931 modo.
1223 4877 1320 4942 Illi,
1351 4877 1451 4931 hoc
1478 4887 1562 4932 est
1594 4880 1791 4949 populo

199 4963 295 5029 qui
327 4972 454 5016 tunc
481 4963 792 5020 salvabitur.
820 4965 945 5020 Post
972 4968 1086 5021 lucc
1115 4987 1126 5019 :
1159 4966 1393 5031 Orietur,
1421 4969 1614 5038 inquit,
1641 4970 1790 5024 stella

196 5067 266 5102 ex
303 5050 494 5114 Jacob,
523 5061 571 5103 et
611 5064 884 5124 consurget
930 5055 1071 5124 virga
1106 5056 1170 5108 de
1216 5055 1409 5120 Israel,
1452 5067 1501 5108 et
1540 5060 1790 5127 percutiet

197 5140 362 5191 duces
385 5138 560 5204 Moab,
578 5141 899 5210 rastabitque
922 5160 1094 5197 omnes
1115 5142 1252 5212 [ilics
1283 5143 1442 5209 Seth;
1468 5157 1515 5199 et
1540 5149 1636 5199 erit
1664 5146 1791 5200 Idu-

194 5245 337 5279 ma'a
358 5229 613 5296 possessio
636 5229 768 5297 ejus.
789 5229 1082 5284 Ilwreditas
1107 5232 1225 5286 Seir
1243 5233 1384 5286 cedet
1408 5235 1634 5288 inimicis
1656 5237 1782 5290 suis.

197 5318 394 5371 Deliis
441 5319 493 5372 in
543 5322 911 5389 superioribus
962 5323 1214 5386 diximus,
1244 5324 1369 5393 quia
1415 5326 1692 5382 evidenter
1720 5328 1786 5381 de

193 5411 360 5463 stella
407 5425 525 5478 qua:
566 5413 737 5481 magis
790 5413 841 5466 in
887 5410 1104 5468 Oriente
1151 5417 1418 5485 apparuit,
1453 5418 1776 5486 proﬁtetur:

192 5518 302 5567 q-m
334 5501 470 5555 duce
495 5508 762 5557 venerunt
797 5503 863 5556 ad
892 5501 1507 5575 Judaaam,requirentes
1533 5522 1656 5561 eum
1686 5509 1778 5578 qui

192 5601 360 5644 nutus
392 5599 474 5645 cst
504 5606 685 5661 regem
713 5592 909 5658 Israel;
940 5601 994 5647 et
1025 5605 1293 5663 repertum
1318 5597 1512 5651 oblatis
1541 5599 1777 5653 muneri-

192 5681 293 5733 [λεδ
345 5679 728 5735 adorat'crunt.
764 5681 868 5736 Sed
911 5693 1089 5736 movet
1137 5700 1217 5738 me
1264 5685 1406 5754 quod
1455 5686 1568 5754 ipsa
1621 5687 1774 5742 stella

1903 1898 1976 1952 ita
2001 1898 2316 1967 accipimus,
2341 1898 2482 1967 quod
2512 1913 2787 1967 nunquam
2814 1899 2882 1952 ab
2909 1913 2974 1953 eo
3004 1901 3289 1954 recesserit
3311 1899 3484 1970 Spiri-

1903 1994 1988 2040 tus
2008 1984 2102 2039 Dei
2131 2005 2142 2038 :
2169 1986 2240 2040 ita
2265 1995 2320 2040 et
2337 1986 2567 2049 stellam,
2587 2003 2706 2055 qua:
2724 1988 2872 2041 venit
2901 1996 2957 2042 et
2983 1989 3130 2043 stetit
3150 2005 3315 2058 super
3334 2005 3478 2056 eum,

1901 2075 2272 2146 accipiendum
2313 2085 2462 2144 puto,
2499 2077 2641 2145 quod
2689 2079 2767 2131 sic
2805 2079 3016 2132 steterit
3047 2094 3210 2148 super
3244 2095 3389 2145 eum,
3422 2089 3482 2133 ut

1904 2181 2178 2236 nunquam
2211 2167 2334 2221 inde
2381 2177 2524 2220 mota
2556 2167 2647 2229 sit,
2678 2177 2733 2221 et
2768 2168 2886 2222 ideo
2917 2168 3132 2223 deitatis
3179 2168 3295 2237 ejus
3342 2170 3480 2224 indi-

1902 2259 2042 2312 cium
2071 2257 2217 2313 illam
2256 2257 2465 2313 stellam
2496 2256 2662 2312 fuisse
2691 2258 2900 2327 Opinor.
2939 2257 3093 2313 Unde
3122 2267 3177 2314 et
3201 2260 3333 2315 ordo
3357 2276 3484 2330 pro—

1901 2350 2097 2419 phetia:
2143 2349 2259 2403 haec
2298 2350 2486 2403 eadem
2533 2357 2927 2417 consequenter
2959 2349 3216 2414 ostendit,
3249 2365 3373 2404 eum
3417 2351 3484 2404 de

1903 2441 2104 2494 deitate
2152 2439 2370 2508 quidem
2400 2437 2514 2507 ejus
2561 2437 2691 2492 dicit
2723 2455 2736 2490 :
2763 2435 2978 2491 Orietur
3010 2437 3162 2492 stella
3195 2453 3260 2491 ea:
3292 2436 3481 2501 Iacob,

1903 2531 1969 2584 de
1991 2531 2226 2584 humana
2252 2545 2381 2584 vero
2429 2537 2643 2592 natura,
2671 2538 2716 2581 et
2747 2536 2986 2598 exsurget
3016 2528 3170 2581 homo
3200 2528 3266 2582 de
3289 2526 3483 2587 Israel,

1903 2630 1962 2676 ut
2001 2622 2056 2676 in
2085 2629 2334 2690 utroque,
2365 2628 2422 2675 et
2459 2619 2751 2674 secundum
2795 2617 3074 2682 deitatem,
3101 2624 3156 2671 et
3185 2617 3482 2671 secundum

1902 2712 2328 2776 humanitatem,
2362 2710 2608 2765 Christus
2634 2709 2986 2778 prophetatus
3017 2707 3296 2762 evidenter
3321 2719 3486 2777 appa-

1903 2810 2042 2855 reat.
2071 2799 2141 2852 Et
2170 2799 2386 2853 vastabit
2423 2797 2682 2868 principes
2706 2795 2884 2848 Moab.
2919 2795 3075 2852 Moab
3103 2795 3320 2865 quidem
3351 2811 3484 2864 gens

1903 2901 2007 2955 est,
2037 2890 2193 2960 cujus
2219 2891 2492 2960 principes
2520 2905 2627 2943 non
2670 2888 2806 2942 alios
2839 2903 2958 2943 esse
3007 2903 3170 2958 quam
3214 2888 3484 2960 spiritales

1905 2980 2172 3050 nequitias
2212 2989 2267 3036 et
2295 2981 2630 3050 principatus
2675 2977 2794 3033 illos
2837 2979 3125 3034 adversum
3154 2993 3291 3050 quos
3327 2978 3485 3034 nobis

1903 3069 2176 3125 luctamen
2215 3077 2299 3125 est
2338 3069 2704 3138 intelligimus.
2755 3067 2866 3124 Hos
2910 3085 3040 3139 ergo
3076 3071 3180 3125 iste
3218 3071 3380 3126 homo
3415 3087 3482 3126 ex

1905 3159 2068 3214 Israel
2107 3159 2362 3223 vastabit,
2389 3175 2510 3213 cum
2539 3167 2700 3214 exuet
2722 3159 3060 3229 principatus
3088 3169 3140 3215 et
3163 3169 3480 3232 potestates,

1905 3260 1962 3307 et
1988 3249 2166 3322 alliget
2191 3250 2312 3307 illos
2338 3251 2487 3306 cruci
2508 3265 2636 3305 suae.
2666 3249 2852 3320 Neque
2876 3251 3020 3305 enim
3043 3259 3256 3320 poterat
3271 3252 3483 3310 salvarc

1904 3343 2186 3409 Moabitas,
2209 3350 2264 3398 et
2291 3343 2358 3397 ad
2385 3343 2479 3398 Dei
2508 3343 2837 3410 agnitionem
2859 3343 3179 3412 perducere,
3204 3343 3309 3398 nisi
3333 3345 3484 3413 prin-

1905 3438 2051 3508 cipes
2075 3437 2214 3504 illos,
2237 3436 2327 3506 qui
2353 3436 2405 3489 in
2430 3436 2509 3491 eis
2532 3435 2950 3490 dominationem
2981 3436 3274 3504 impietatis
3297 3443 3484 3492 tenue-

1903 3537 2046 3594 rant,
2077 3529 2432 3583 devastasset.
2484 3528 2554 3580 Et
2583 3528 2906 3597 prtedabitur
2947 3544 3124 3581 omnes
3163 3527 3302 3596 filios
3331 3528 3478 3584 Seth.

1904 3615 2035 3671 Seth
2080 3616 2222 3670 ﬁlius
2265 3625 2349 3671 est
2393 3615 2563 3670 Adam
2583 3656 2596 3679 ,
2628 3616 2694 3669 de
2724 3631 2831 3684 quo
2857 3616 2967 3668 Eva
3009 3617 3142 3670 dixit
3167 3632 3290 3670 cum
3320 3627 3481 3672 natus

1901 3716 2084 3762 esset:
2113 3706 2398 3761 Suscitavit
2440 3706 2577 3758 enim
2623 3706 2750 3758 mihi
2791 3705 2934 3758 Deus
2969 3722 3139 3759 semen
3180 3705 3351 3770 aliud,
3382 3724 3478 3776 pro

1901 3796 2028 3850 Abel
2052 3813 2203 3868 quem
2235 3796 2422 3850 occidit
2451 3795 2583 3850 Cain
2615 3793 2766 3867 (Gen.
2795 3797 2869 3867 ν).
2914 3795 3019 3850 Iste
3049 3805 3131 3851 est
3158 3813 3286 3868 ergo
3320 3797 3474 3863 Seth,

1901 3903 1965 3942 ex
1995 3903 2101 3958 quo
2128 3903 2288 3943 omne
2313 3888 2604 3941 humanum
2627 3887 2680 3940 in
2703 3888 2806 3942 hoc
2830 3888 3029 3942 mundo
3051 3888 3265 3942 ducitur
3287 3904 3474 3959 genus.

1901 3975 2037 4030 Nam
2082 3977 2150 4031 de
2180 3975 2338 4041 Cain,
2367 3976 2458 4046 qui
2507 3977 2618 4029 nati
2667 3975 2898 4040 fuerant,
2930 3977 3132 4032 diluvio
3176 3979 3472 4048 perierunt.

1899 4065 2022 4119 Filii
2069 4082 2199 4138 ergo
2243 4075 2369 4121 sunt
2417 4066 2550 4121 Seth
2602 4082 2792 4121 omnes
2841 4069 3086 4124 homines
3131 4071 3222 4139 qui
3272 4070 3325 4124 in
3371 4070 3476 4125 hoc

1900 4156 2100 4210 mundo
2127 4164 2270 4212 sunt.
2303 4157 2370 4210 Et
2398 4173 2520 4212 cum
2550 4158 2774 4223 dicitur,
2802 4160 3117 4230 deprwdabit
3141 4177 3318 4215 omnes
3335 4161 3477 4230 ﬁlios

1900 4243 2298 4314 Seth,pr:edam
2324 4247 2403 4300 sic
2438 4248 2642 4314 accipe,
2669 4249 2806 4302 sicut
2836 4249 2888 4300 in
2918 4249 3284 4318 superioribus
3310 4251 3478 4305 inter-

1896 4333 2116 4400 pretati,
2141 4334 2364 4402 suscipit
2387 4349 2576 4388 omnes
2613 4335 2750 4388 lilios
2785 4335 2936 4401 Seth,
2961 4337 3120 4392 victis
3153 4338 3478 4396 adversariis

1898 4421 2249 4488 daemonibus,
2281 4437 2374 4476 eos
2409 4423 2500 4492 qui
2531 4423 2630 4477 sub
2660 4425 2897 4492 ipsorum
2936 4427 3302 4484 dominatione
3329 4437 3476 4486 tene-

1898 4508 2114 4574 bantur,
2142 4509 2388 4565 Christus
2419 4511 2574 4578 quasi
2611 4512 2847 4581 praedam
2889 4515 3128 4569 victoriae
3162 4531 3272 4571 suae
3301 4519 3468 4582 ducit,

1897 4605 1951 4651 et
1971 4598 2138 4666 spolia
2166 4599 2354 4652 salutis
2379 4608 2620 4668 reportat
2643 4615 2656 4654 :
2680 4601 2821 4655 sicut
2844 4611 2899 4656 et
2925 4603 2976 4656 in
3003 4603 3126 4659 aliis
3149 4605 3305 4661 de'eo
3330 4609 3469 4662 scri-

1897 4701 2047 4758 ptum
2079 4698 2183 4755 est,
2213 4690 2335 4760 quia
2367 4692 2648 4746 ascendens
2692 4692 2745 4745 in
2793 4691 2978 4756 altum,
3019 4696 3280 4764 captivam
3320 4697 3473 4752 duxit

1897 4783 2245 4852 captivitatem
2275 4781 2444 4854 (Psal.
2471 4783 2658 4855 van).
2686 4786 3063 4855 Captivitatem
3087 4791 3295 4846 scilicet
3322 4793 3471 4848 illam

1897 4874 2118 4927 humani
2161 4875 2372 4944 generis
2395 4915 2408 4938 ,
2436 4890 2596 4944 quam
2628 4875 2872 4931 diabolus
2899 4878 2966 4931 ad
2993 4879 3351 4946 perditionem
3381 4898 3470 4938 ce—

1897 4971 2069 5031 perat,
2097 4964 2198 5018 iste
2239 4980 2426 5018 rursus
2460 4966 2724 5033 captivam
2754 4965 2943 5032 duxit,
2972 4975 3025 5022 et
3049 4984 3080 5021 a
3107 4980 3278 5024 morte
3309 4986 3467 5027 revo-

1891 5053 2035 5107 cavit
2057 5054 2124 5107 ad
2152 5055 2339 5108 vitam.
2379 5054 2597 5110 Utinam
2625 5069 2755 5123 ergo
2783 5071 2813 5109 a
2836 5072 2923 5111 me
2965 5059 3238 5129 captivum
3268 5061 3470 5116 habeat

1888 5159 2100 5214 semper
2125 5145 2300 5211 Jesus,
2331 5152 2385 5200 et
2410 5161 2496 5200 me
2521 5147 2681 5202 ducat
2702 5147 2756 5200 in
2783 5148 3022 5216 praedam
3062 5166 3236 5216 suam,
3263 5161 3320 5206 et
3363 5167 3462 5223 ego

1892 5240 2074 5286 tenear
2099 5232 2215 5300 ejus
2236 5234 2465 5289 vinculis
2496 5235 2777 5304 alligatus,
2807 5245 2867 5290 ut
2895 5245 2952 5293 et
2978 5254 3072 5310 ego
3109 5241 3213 5295 dici
3252 5255 3466 5295 merear

1886 5325 2086 5412 vinctus
2120 5325 2314 5379 Christi
2354 5327 2504 5391 Iesu,
2537 5328 2678 5382 sicut
2702 5328 2901 5385 Paulus
2925 5331 2994 5385 de
3033 5331 3321 5399 semetipso
3349 5329 3463 5398 glo-

1880 5426 2050 5479 riatur
2071 5424 2284 5492 (Ephes.
2308 5430 2412 5498 ιιι.)
2437 5428 2502 5480 Et
2525 5431 2620 5482 erit
2644 5430 2811 5484 Edam
2835 5430 3137 5494 haeret/itas,
3157 5443 3203 5485 et
3218 5431 3315 5482 erit
3334 5429 3446 5481 hm-

1883 5511 2080 5564 rcditas
2111 5511 2229 5566 Seir
2252 5515 2478 5568 inimicis
2501 5519 2636 5583 ejus.
2659 5518 2827 5572 Edom
2849 5521 2985 5572 idem
3005 5529 3086 5573 est
3103 5520 3190 5587 qui
3213 5527 3263 5570 et
3280 5515 3441 5570 Estlll.

1885 5600 1982 5655 llic
2001 5603 2297 5658 secundum
2329 5606 2613 5660 historiam
2648 5609 2860 5675 quidem
2878 5607 3126 5661 inimicus
3145 5618 3230 5661 est
3256 5607 3442 5671 Israel,

1879 5697 1972 5749 sel
1990 5697 2038 5748 in
2058 5697 2712 5768 adventu,iuquit,Christi
2728 5699 2886 5754 etiam
2902 5697 3447 5770 ipsehatrcditasejus
