3932 6188
505 347 611 404 759

1172 341 1232 395 Β.
1274 338 1530 396 RABANI
1570 339 1789 396 MAURI
1825 337 2076 394 ARClllE

2187 334 2495 394 MOGUNT.
2537 333 2821 391 OPERUJ
2861 332 3042 388 PARS
3080 331 3118 386 Ι.
3597 340 3680 396 750

503 460 610 518 erit
634 477 646 514 :
670 459 772 514 hoc
799 463 883 512 est
908 453 1199 525 recipietur
1224 452 1292 508 ad
1321 452 1502 516 ﬁdem,
1530 467 1629 507 nec
1657 451 1972 507 excludetur
2005 451 2074 505 ab
2102 459 2150 518 Α
2176 452 2268 521 qui
2294 449 2561 506 desideria
2591 447 2707 519 ejus
2751 447 3010 512 refrenat,
3042 446 3136 517 qui
3184 448 3480 517 cupiditates
3500 453 3594 521 ejus
3616 473 3687 513 re-

504 550 819 608 hmreditate
845 546 1068 604 Christi.
1104 543 1160 601 Si
1192 559 1321 600 vero
1362 543 1679 614 spiritaliter
1713 543 2074 604 advel-tamus,

502 644 675 701 Edom
717 655 844 697 caro
863 637 1219 710 intelligitur,
1251 651 1372 707 quae
1405 636 1723 692 adversatur
1765 634 1998 703 spiritui,
2024 641 2080 688 et

505 745 588 789 est
612 732 728 804 ejus
759 730 997 785 inimica.
1029 728 1087 782 ln
1115 728 1348 782 adventu
1389 741 1519 798 ergo
1544 725 1769 790 Christi,
1797 740 1921 779 cum
1947 724 2068 778 sub-

503 825 641 896 jecta
687 821 849 876 fuerit
896 834 1023 875 caro
1067 817 1278 888 spiritui
1323 831 1420 886 per
1459 815 1868 888 resurrectionis
1904 831 2075 884 spem,

501 916 666 968 etiam
697 913 812 982 ipsa
841 911 909 964 ad
947 908 1319 964 hmreditatem
1360 907 1559 962 veniet.
1611 905 1728 963 Non
1773 907 1916 960 enim
1964 906 2077 960 sola

502 1004 702 1068 anima,
727 1001 822 1057 sed
847 1008 904 1055 et
945 1014 1095 1063 caro,
1119 1014 1239 1067 quae
1282 997 1568 1067 aliquando
1613 996 1790 1051 fuerat
1836 996 2075 1059 inimica,

501 1110 598 1164 per
630 1091 991 1148 obedientiam
1019 1089 1241 1160 spiritus
1270 1103 1494 1143 consors
1524 1087 1718 1140 futura:
1746 1087 2079 1141 limreditatis

499 1185 716 1241 existet.
742 1183 908 1239 Israel
937 1198 1065 1237 vero
1094 1182 1308 1236 fortiter
1337 1189 1493 1250 aget,
1530 1181 1634 1235 hoc
1662 1189 1745 1234 est
1770 1179 1913 1249 quod
1949 1179 2098 1246 dicit,

499 1276 624 1346 quia
655 1283 782 1330 tunc
810 1274 980 1329 Edoni
1019 1273 1106 1328 vel
1135 1273 1301 1336 Esau,
1327 1273 1431 1327 hoc
1459 1281 1542 1326 est
1571 1272 1753 1328 carnis
1780 1279 1991 1334 natura,
2024 1271 2078 1323 in

500 1365 836 1422 luereditatis
866 1365 1182 1420 societatem
1208 1364 1509 1429 vocabitur,
1541 1378 1664 1417 cum
1707 1361 1872 1416 Israel
1899 1362 2076 1414 anima

499 1456 749 1511 videlicet
794 1455 935 1508 facta
975 1453 1141 1508 fuerit
1169 1454 1223 1508 in
1269 1452 1502 1516 virtute,
1529 1460 1582 1506 et
1614 1451 1869 1506 decenter
1917 1448 2080 1503 fuerit

498 1547 702 1617 repleta
731 1545 1040 1600 virtutibus.
1069 1542 1130 1602 Si
1155 1543 1299 1601 enim
1330 1543 1510 1596 anima
1535 1556 1641 1596 non
1672 1542 1852 1595 veniat
1876 1541 1943 1594 ad
1972 1541 2079 1593 vir-

500 1648 664 1706 tutes,
695 1639 791 1693 sed
820 1637 874 1691 in
917 1635 1128 1706 ignavia
1159 1643 1491 1704 perseveret,
1521 1647 1622 1686 nec
1655 1647 1784 1687 caro
1815 1631 1882 1685 ad
1908 1632 2076 1684 htcre-

498 1731 721 1785 ditatem
769 1727 967 1792 veniet,
1013 1725 1108 1781 sed
1153 1725 1221 1778 ad
1257 1721 1521 1792 judicium
1567 1722 1732 1785 illius,
1781 1720 1869 1790 qui
1913 1726 2077 1787 potest

498 1824 732 1878 animum
756 1830 802 1876 et
823 1836 1010 1889 corpus
1034 1818 1248 1890 perdere
1270 1817 1326 1870 in
1351 1816 1638 1885 gehennam
1661 1810 1876 1884 (Matth.
1902 1809 1976 1882 v).

565 1914 644 1967 De
673 1911 839 1967 Iacob
867 1911 964 1965 erit
991 1910 1082 1981 qui
1107 1907 1403 1962 dominetur
1432 1916 1477 1959 et
1501 1904 1676 1972 perdet
1702 1902 1928 1973 reliquas
1952 1901 2076 1954 civi-

495 2015 648 2062 tates.
692 2003 955 2058 Dominus
990 1999 1242 2055 videlicet
1288 1997 1572 2062 Christus,
1615 1994 1708 2064 qui
1754 1992 1821 2048 de
1869 1991 2075 2046 semine

493 2094 661 2149 Iacob
699 2091 997 2148 secundum
1022 2103 1240 2144 carnem
1284 2094 1463 2151 natus,
1497 2085 1552 2141 in
1583 2083 1844 2140 mundum
1885 2081 2072 2136 venit:

495 2184 582 2239 cui
621 2181 917 2238 secundum
966 2178 1141 2234 sancti
1183 2175 1458 2247 Evangelii
1497 2173 1922 2237 attestationem,
1950 2171 2076 2224 data

495 2283 571 2329 est
619 2273 785 2327 omnis
828 2278 1056 2342 potestas
1085 2270 1142 2322 in
1171 2266 1296 2322 caelo
1323 2275 1369 2320 et
1400 2266 1456 2318 iu
1498 2273 1637 2318 terra
1669 2261 1884 2334 (Matth.
1913 2257 2073 2330 ult.);

495 2375 551 2417 ut
575 2365 629 2418 in
660 2363 867 2418 nomine
889 2360 1018 2420 Iesu
1044 2375 1194 2414 omne
1214 2374 1346 2428 genu
1364 2358 1629 2426 ﬂectatur,
1644 2352 1949 2416 caelestium,
1974 2360 2078 2404 ter-

499 2453 747 2506 restrium
772 2458 929 2520 atque
962 2446 1312 2516 infernarum,
1341 2453 1388 2496 et
1421 2443 1588 2497 omnis
1618 2441 1798 2510 lingua
1827 2438 2079 2507 con/itea-

495 2553 602 2609 tur,
631 2541 754 2614 quia
795 2539 1053 2593 Dominus
1095 2534 1252 2590 Iesus
1295 2533 1538 2588 Christus
1579 2533 1634 2586 in
1674 2530 1843 2602 gloria
1871 2539 1947 2582 est
1980 2527 2077 2581 Dei

500 2634 679 2688 Patris
717 2629 939 2704 (Philip.
965 2627 1027 2699 ιι)
1055 2647 1067 2681 :
1093 2629 1209 2699 ipse
1252 2626 1521 2681 associata
1558 2624 1663 2680 sibi
1708 2623 1926 2678 civitate
1959 2620 2074 2686 Dei,

496 2727 600 2782 hoc
631 2733 716 2779 est
739 2720 980 2779 Ecclesia
1011 2717 1296 2783 catholica,
1321 2716 1511 2787 perdet
1535 2715 1773 2784 reliquas
1806 2712 2074 2776 civitates,

495 2812 869 2873 conventicula
895 2811 1012 2870 sine
1037 2809 1199 2868 dubio
1224 2806 1625 2870 hatreticorum,
1649 2819 1714 2859 ac
1742 2803 2076 2857 munimenta

494 2903 992 2976 philosophicorum
1032 2900 1343 2970 dogmatum
1363 2938 1378 2963 ,
1407 2897 1499 2966 qui
1540 2895 1811 2951 contrarie
1840 2892 2080 2948 sentiunt

496 3007 659 3068 atque
707 3002 872 3068 agunt
919 2993 1050 3052 fidei
1090 2990 1391 3047 catholicze.
1440 2987 1548 3043 Sed
1597 3001 1770 3057 neque
1806 2983 2077 3040 silendum

495 3094 752 3157 arbitror,
775 3089 917 3163 quod
953 3087 1006 3142 in
1038 3085 1362 3156 quibusdam
1389 3080 1790 3150 exemplaribus
1811 3079 1899 3132 hic
1927 3076 2077 3130 locus

495 3186 570 3240 ita
597 3160 832 3253 legitur:
861 3178 1163 3247 Exsurget,
1183 3173 1373 3244 inquit,
1404 3171 1589 3236 Iacob,
1621 3180 1668 3224 et
1693 3168 1869 3240 perdet
1893 3167 2078 3220 libera-
2105 3160 2147 3221 C

497 3283 608 3329 tum
629 3271 694 3325 de
723 3267 950 3322 civitate.
978 3264 1091 3320 Nec
1120 3264 1176 3318 in
1204 3263 1308 3318 hoc
1333 3260 1528 3326 solum,
1563 3259 1656 3314 sed
1685 3259 1742 3313 in
1767 3257 1913 3313 omni
1941 3270 2078 3325 pene

495 3359 816 3434 prophetico.
861 3356 1000 3430 stle
1047 3369 1166 3424 quae
1215 3352 1505 3416 dicuntur,
1549 3348 1790 3403 involuto
1843 3345 1977 3401 satis
2023 3352 2079 3400 et

494 3454 725 3511 obscuro
751 3462 1002 3506 sermone
1031 3447 1300 3502 dicuntur.
1331 3441 1465 3511 ,Non
1495 3441 1642 3496 enim
1685 3446 1902 3494 sanctos
1931 3450 2080 3506 spre-

493 3549 594 3615 vit,
621 3545 715 3617 qui
759 3544 825 3600 de
853 3543 938 3601 his
979 3540 1144 3599 scribi
1183 3537 1382 3603 voluit,
1413 3544 1476 3592 ut
1499 3536 1678 3606 palam
1706 3534 1822 3591 bzec
1847 3542 1901 3588 et
1930 3533 2080 3602 pedi—

496 3639 616 3703 bus,
646 3643 705 3692 ut
748 3634 823 3690 ita
853 3632 1053 3695 dicam,
1085 3628 1459 3699 imperitorum
1502 3623 1868 3682 conculcanda
1911 3637 2081 3693 pone-

495 3733 715 3790 rentur;
747 3721 842 3779 sed
895 3721 976 3778 ita.
1020 3718 1284 3790 providit,
1331 3724 1393 3772 ut
1441 3731 1572 3774 cum.
1617 3713 1830 3785 publice
1877 3713 2080 3767 habere

494 3817 800 3877 videantur,
829 3824 1139 3867 sermonum
1189 3817 1373 3863 tamen
1417 3807 1751 3862 obscuritate
1782 3803 1996 3858 condita
2027 3801 2079 3855 in

494 3905 744 3969 arcanis,
773 3911 829 3958 et
872 3902 928 3958 in
967 3901 1192 3956 secretis
1232 3901 1452 3955 obtecta
1490 3903 1800 3953 serventur.
1827 3895 1895 3948 Et
1940 3908 2083 3948 nunc

495 4010 627 4067 ergo
655 3993 798 4065 quod
843 3992 937 4057 ait,
967 3989 1145 4062 perdet
1192 3988 1469 4042 liberatum
1515 3987 1578 4042 de
1617 3986 1846 4049 civitate,
1881 3983 1986 4037 nisi
2014 3981 2080 4034 ad

496 4087 940 4148 consuetudinem
963 4081 1331 4155 propheticum
1355 4081 1614 4150 respicias
1633 4078 1698 4132 de
1719 4092 1824 4147 qua
1847 4075 2046 4130 dicitur
2065 4089 2079 4126 :

498 4179 685 4236 Omnis
713 4176 984 4250 prophetia
1015 4189 1119 4228 non
1145 4180 1309 4243 potest
1351 4171 1564 4242 prapria
1612 4168 1935 4223 absolutione
1963 4181 2084 4218 con-

498 4281 639 4324 stare
667 4267 750 4341 (11
770 4266 917 4322 Petr.
945 4265 1007 4336 ι),
1027 4262 1182 4318 valde
1205 4259 1438 4318 difﬁcilis
1462 4259 1733 4314 videbitur
1755 4255 2079 4311 intellectus.

504 4361 788 4417 Videamus
833 4365 1050 4421 tamen,
1079 4354 1125 4412 si
1156 4354 1295 4409 forte
1331 4354 1435 4409 hoc
1465 4352 1625 4406 modo
1668 4349 1869 4421 poterit
1897 4347 2083 4416 expla-

497 4451 634 4506 nari.
663 4448 950 4504 Civitatem
986 4448 1131 4504 bunc
1161 4445 1420 4502 mundum
1455 4442 1838 4515 intelligamus,
1867 4440 2008 4494 sicut
2028 4445 2082 4492 et

498 4544 550 4596 in
596 4539 905 4610 Evangeliis
941 4538 1140 4594 dicitur
1181 4538 1246 4592 de
1285 4536 1562 4590 luxurioso
1591 4535 1731 4597 lilio,
1768 4534 1856 4604 qui
1887 4531 2078 4599 dilapi-

497 4632 638 4686 davit
685 4631 1036 4687 substantiam
1087 4628 1285 4699 patris,
1328 4627 1417 4696 qui
1499 4626 1747 4688 accessit,
1781 4621 1976 4690 inquit,
2007 4621 2076 4674 ad

499 4723 774 4794 quemdam
817 4724 1129 4794 primarium
1169 4720 1392 4776 civitatis
1432 4719 1486 4771 in
1518 4717 1725 4787 regione
1767 4715 1860 4770 illa
1882 4755 1894 4779 ,
1923 4729 2076 4784 aquo

501 4823 734 4883 receptus
763 4815 818 4870 in
845 4816 1031 4882 agrum
1065 4811 1293 4866 mittitur
1320 4825 1506 4880 parcos
1529 4822 1741 4878 pascere
1777 4804 1928 4877 (Luc.
1961 4805 2074 4875 xv).

501 4908 568 4962 Et
596 4907 711 4961 haec
736 4921 866 4976 ergo
911 4905 1102 4962 civitas
1130 4903 1286 4973 cujus
1312 4904 1400 4959 ille
1431 4900 1720 4974 primarius
1759 4908 1896 4963 erat,
1923 4914 2076 4952 mun-

501 4998 604 5054 dus
628 4997 718 5052 hic
744 4995 1080 5066 intelligitur.
1111 4993 1279 5064 Igitur
1300 4994 1368 5048 de
1395 4994 1499 5047 hac
1518 4991 1737 5046 civitate
1765 4989 2075 5053 liberatum,

501 5091 606 5145 hoc
630 5095 715 5144 est
739 5103 899 5157 quem
929 5086 1125 5144 liberat
1153 5085 1426 5149 Christus,
1447 5085 1514 5139 de
1541 5084 1641 5140 hoc
1668 5083 1867 5138 mundo
1890 5082 2080 5152 perdet

501 5195 645 5236 eum.
674 5177 817 5232 Dicit
840 5176 987 5232 enim
1024 5177 1074 5231 ei
1101 5194 1116 5229 :
1141 5175 1280 5241 Quia
1306 5175 1395 5246 qui
1437 5173 1606 5244 perdit
1651 5174 1884 5231 animam
1925 5188 2077 5226 suam

499 5280 711 5344 propter
731 5285 832 5335 me,
857 5267 1055 5324 salvam
1083 5267 1239 5336 faciet
1283 5283 1398 5322 eam
1427 5264 1643 5337 (Matth.
1673 5263 1807 5335 xvi).
1842 5262 2079 5318 Salutari

500 5378 632 5434 ergo
658 5359 960 5432 perditione
1003 5358 1193 5430 perdet
1237 5356 1424 5422 Jesus,
1452 5371 1575 5414 eum
1617 5371 1778 5426 quem
1816 5355 1882 5410 de
1919 5353 2079 5423 hujds

503 5451 688 5508 mundi
713 5450 933 5506 civitate
973 5448 1239 5504 liberavit.
1271 5447 1339 5501 Et
1368 5462 1467 5503 nos
1492 5447 1695 5516 itaque,
1726 5445 1819 5518 qui
1844 5445 1912 5499 ad
1943 5443 2083 5499 salu-

505 5554 612 5596 tem
641 5542 828 5596 venire
857 5541 1129 5603 volumus,
1156 5547 1212 5594 et
1252 5539 1318 5594 de
1348 5538 1452 5594 hoc
1479 5537 1678 5592 mundo
1720 5536 1960 5600 liberari,
1989 5535 2081 5589 de-

505 5631 693 5687 bemus
718 5633 928 5688 animas
965 5640 1179 5686 nostras
1218 5629 1522 5698 perditione
1547 5628 1664 5683 utili
1691 5635 1747 5682 ct
1770 5625 2077 5682 necessaria

509 5708 749 5776 perdere.
779 5719 962 5776 Perdit
1002 5722 1146 5777 enim
1192 5719 1425 5777 animam
1451 5717 1746 5774 secundum
1777 5712 2074 5780 Christum,

2108 4502 2158 4559 D

2183 549 2349 605 secat,
2373 541 2462 610 qui
2491 541 2759 594 luxuriam
2781 538 2896 608 ejus
2927 539 3405 610 resolutionemque
3422 545 3629 616 castigat,
3643 560 3685 605 et

2181 634 2235 688 in
2263 633 2407 688 nullo
2432 649 2655 703 prorsus
2675 632 2804 688 facit
2824 632 3157 687 voluntatem
3184 647 3354 699 suam,
3381 637 3466 689 sed
3489 637 3687 694 volunta-

2182 737 2288 784 tem
2310 730 2426 794 Dei,
2443 737 2497 783 et
2519 744 2616 798 per
2638 729 2752 782 haec
2776 728 2956 798 perire
2980 728 3178 782 dicitur
3204 729 3394 781 anima.
3424 728 3551 783 Perit
3571 747 3688 786 nam.

2180 834 2284 888 que
2311 820 2422 873 vita
2445 818 2560 886 ejus
2590 819 2760 888 prior,
2791 826 2847 873 et
2874 819 3062 888 incipit
3098 833 3290 873 novam
3321 819 3491 882 vitam,
3516 837 3612 890 quae
3643 823 3684 876 in

2179 909 2396 964 Christo
2424 917 2528 974 est,
2560 910 2778 965 ducere.
2832 908 3020 964 Simile
3047 917 3228 964 autem
3256 911 3376 964 huic
3398 912 3525 967 dicto
3562 914 3689 967 etiam

2181 1002 2308 1056 illud
2335 1011 2445 1056 est:
2465 1001 2522 1056 Si
2552 1003 2959 1056 commoriamur
2979 1011 3028 1056 et
3049 1004 3368 1056 convivemus
3390 1003 3466 1073 (II
3491 1003 3602 1056 Tim.
3625 1005 3688 1073 ιι).

2179 1091 2246 1145 Ει
2282 1092 2408 1145 illud
2435 1111 2446 1145 :
2473 1090 2531 1146 Si
2559 1100 2734 1146 autem
2775 1093 2970 1145 mortui
2997 1093 3120 1146 estis
3149 1092 3213 1145 ab
3256 1092 3501 1147 elementis
3527 1095 3692 1160 mundi,

2177 1182 2434 1252 quomodo
2463 1181 2599 1236 velut
2628 1183 2848 1236 viventes
2867 1183 2922 1235 in
2943 1182 3039 1236 hoc
3062 1182 3257 1235 mundo
3284 1182 3690 1254 decernitis?(Col.

2181 1272 2262 1342 n.)
2302 1273 2616 1328 Necessaria
2647 1288 2778 1343 ergo
2804 1273 2859 1328 in
2902 1274 2987 1328 bis
3031 1273 3387 1336 declarantur,
3419 1275 3530 1342 quia
3555 1275 3696 1343 perdit

2178 1363 2412 1416 animam
2445 1377 2598 1417 suam
2643 1363 2695 1417 in
2728 1364 2830 1418 hoc
2863 1364 3081 1426 mundo,
3117 1364 3208 1432 qui
3238 1378 3356 1418 cum
3381 1362 3573 1419 Christo
3607 1380 3695 1419 mo-

2180 1452 2348 1516 ritur;
2375 1462 2430 1506 et
2475 1452 2567 1522 qui
2620 1452 2699 1506 sic
2741 1468 2862 1507 eam
2892 1453 3210 1522 perdiderit,
3253 1453 3474 1509 inveniet
3498 1470 3617 1516 eam,
3639 1453 3694 1508 ibi

2179 1543 2295 1598 sine
2324 1543 2487 1597 dubio
2513 1543 2603 1597 ubi
2641 1543 2771 1598 dicit
2797 1543 3086 1612 Apostolus
3111 1561 3124 1596 :
3149 1543 3276 1613 quia
3317 1544 3416 1597 vita
3442 1553 3586 1598 vestra
3606 1543 3699 1598 abs-

2178 1633 2389 1685 condita
2413 1642 2488 1686 est
2513 1649 2631 1686 rum
2661 1631 2868 1686 Christo
2894 1633 2948 1686 in
2979 1632 3089 1686 Deo
3114 1632 3251 1703 (Col.
3284 1631 3384 1703 Ill).

2249 1723 2482 1794 Cumque
2539 1725 2750 1779 vidisset
2808 1723 3066 1791 Amalec,
3130 1741 3394 1780 assumens
3441 1725 3699 1796 parabohnn

2099 1810 2293 1870 Bait:
2347 1814 2668 1884 Principium
2725 1815 2955 1884 gentium
3001 1813 3255 1880 Amalec,
3307 1815 3451 1884 cujus
3515 1824 3701 1894 extrema

2175 1906 2477 1975 perdentur.
2521 1904 2800 1959 Primitiva
2850 1905 3212 1960 necessarium
3269 1905 3395 1960 mihi
3434 1905 3705 1960 videturre-

2177 1998 2392 2068 quirere
2418 1997 2468 2050 in
2497 1995 2792 2066 Scripturis
2819 1996 3048 2062 divinis,
3079 1997 3276 2066 quibus
3305 1997 3357 2051 in
3381 1996 3505 2052 locis
3523 1997 3595 2051 vel
3621 2011 3704 2066 quo

2178 2087 2230 2140 in
2259 2076 2518 2157 tempore,
2551 2101 2748 2140 nomen
2772 2083 2994 2141 Amalec
3035 2086 3295 2156 scriptum
3323 2087 3415 2152 sit,
3445 2101 3542 2156 quo
3569 2085 3636 2140 vel
3653 2101 3705 2140 ex

2178 2193 2374 2250 genere
2429 2194 2560 2250 gens
2617 2179 2720 2232 ista
2768 2179 3078 2232 descendat.
3130 2179 3363 2234 Facilius
3419 2181 3549 2234 enim
3593 2179 3705 2248 quod

2178 2274 2438 2343 quaeritur
2467 2273 2806 2343 agnoscitur,
2843 2272 2886 2327 si
2916 2287 2982 2326 ex
3029 2272 3279 2342 pluribus
3321 2272 3466 2337 locis,
3515 2288 3617 2341 qum
3658 2270 3708 2325 de

2177 2362 2365 2416 eadem
2405 2362 2603 2431 scripta
2635 2370 2780 2425 sunt,
2829 2359 3194 2430 proferantur.
3242 2361 3409 2432 Igitur
3433 2361 3481 2414 in
3527 2357 3708 2413 Genesis

2179 2451 2441 2515 lectione,
2493 2451 2580 2505 ubi
2611 2451 2848 2521 quinque
2898 2465 3052 2518 reges
3101 2457 3465 2504 convenerunt
3497 2457 3550 2503 ut
3573 2465 3710 2519 expu-

2179 2548 2406 2611 gnarent
2452 2549 2686 2610 quatuor
2723 2555 2878 2609 reges
2926 2538 3016 2608 qui
3060 2539 3362 2610 regnabant
3408 2539 3457 2592 in
3485 2536 3711 2599 Sodomis,

2178 2641 2299 2702 post
2320 2633 2592 2703 aliquanta
2626 2624 2718 2687 'ita
2750 2633 2984 2688 refertur
3014 2652 3026 2687 :
3083 2633 3152 2687 Et
3186 2643 3429 2689 venerunt
3467 2634 3529 2686 ad
3554 2632 3711 2701 {autem

2181 2723 2443 2796 Masphat,
2473 2726 2586 2795 ipsa
2616 2735 2691 2778 est
2721 2724 2890 2779 Cades
2917 2743 2936 2790 ;
2964 2735 3012 2779 et
3038 2735 3404 2795 percusserunt
3442 2741 3617 2779 omnem
3650 2739 3714 2776 re-

2177 2818 2379 2887 gionem
2395 2817 2825 2883 Amalecitarum,
2840 2827 2888 2872 et
2902 2819 3352 2885 Aman/urorum,
3365 2820 3449 2890 qui
3461 2817 3713 2872 habitabant

2177 2911 2232 2963 in
2261 2910 2675 2965 Asasonthamar
2702 2908 2852 2981 (Cen.
2883 2909 3015 2979 xiv).
3052 2910 3109 2964 In
3137 2911 3224 2965 liis
3255 2912 3430 2982 primo
3455 2907 3712 2965 locisAma-

2179 3000 2260 3055 lec
2317 3000 2534 3054 memini
2588 3000 2943 3055 nominatum.
3003 2999 3108 3055 Sed
3156 3003 3462 3070 requiratur
3492 2997 3713 3060 fortassis,

2177 3098 2359 3146 utrum
2389 3090 2507 3145 duae
2529 3100 2715 3162 gentes
2743 3092 2982 3160 ejusdem
3001 3093 3233 3148 nominis
3268 3094 3556 3149 habeantur
3579 3111 3588 3144 :
3613 3105 3717 3160 quo-

2180 3181 2325 3236 niam
2373 3182 2590 3252 quidem
2640 3191 2697 3238 et
2730 3183 2782 3236 in
2825 3181 3068 3251 catalogo
3117 3181 3355 3238 filiorum
3382 3183 3535 3246 Esau,
3570 3189 3616 3236 et
3637 3180 3715 3234 du-

2178 3287 2302 3326 cum
2342 3273 2432 3341 qui
2464 3287 2531 3327 ex
2553 3271 2669 3340 ejus
2695 3287 2889 3343 genere
2912 3273 3333 3340 descenderant,
3365 3273 3579 3328 refertur
3597 3272 3720 3326 Ama-

2181 3361 2283 3415 lec.
2316 3361 2393 3415 Ita
2431 3362 2574 3416 enim
2620 3363 2881 3432 scriptum
2919 3371 3004 3418 est
3039 3381 3052 3416 :
3097 3361 3198 3417 Ha:
3261 3374 3384 3418 sunt
3421 3374 3578 3418 autem
3600 3374 3721 3430 gene-

2180 3454 2406 3507 rationes
2447 3453 2594 3507 Esau
2625 3456 2790 3524 patris
2833 3454 3024 3519 Edom,
3074 3455 3129 3509 in
3163 3466 3341 3510 monte
3371 3453 3501 3511 Seir.
3553 3452 3612 3506 Et
3635 3451 3722 3504 hac

2181 3543 2393 3597 nomina
2435 3542 2666 3612 ﬁliorum
2719 3544 2875 3610 eius:
2931 3543 3157 3614 Eliphaz
3217 3544 3368 3614 ﬁlius
3412 3543 3531 3597 Ade:
3579 3537 3722 3593 uxoris

2181 3631 2361 3698 Esau;
2403 3632 2608 3705 Raguel
2651 3651 2853 3704 quoque
2903 3634 3046 3702 ﬁlius
3082 3634 3372 3689 Basemath
3412 3634 3578 3688 uxoris
3616 3628 3720 3699 ejus.

2184 3720 2525 3796 Fueruntque
2545 3723 2645 3791 ﬁlii
2675 3723 2901 3794 Eliphaz
2923 3738 2941 3775 :
2991 3723 3244 3788 Theman,
3285 3724 3470 3791 Omar,
3503 3721 3653 3792 Zepho
3685 3726 3722 3770 et

2181 3809 2410 3878 Gathan,
2461 3820 2510 3864 et
2537 3809 2728 3865 Cenes.
2783 3811 2917 3866 Erat
2963 3822 3140 3866 autem
3190 3812 3433 3867 Thamna
3485 3807 3723 3866 concubina

2182 3901 2408 3970 Eliphaz
2440 3902 2540 3971 ﬁlii
2583 3902 2760 3968 Esau,
2803 3921 2920 3975 qua:
2956 3907 3152 3973 peperit
3189 3905 3237 3959 ei
3277 3905 3505 3959 Amalec.
3544 3902 3602 3956 Et
3632 3905 3725 3969 post

2181 4008 2390 4062 pauca:
2425 3992 2500 4046 lli
2544 3993 2699 4047 duces
2729 3993 2959 4062 ﬁliorum
2988 3993 3153 4059 Esau,
3193 3995 3300 4063 ﬁlii
3324 3995 3542 4065 Eliphaz
3566 3991 3724 4062 primo-

2181 4085 2338 4155 geniti
2368 4085 2533 4139 Esau.
2593 4085 2716 4139 Dus:
2745 4085 2994 4151 Theman,
3053 4086 3165 4140 dux
3209 4085 3399 4150 Omar,
3432 4087 3536 4140 dux
3566 4081 3722 4152 Sapit“.

2183 4176 2292 4229 dux
2320 4173 2508 4240 Cenes,
2561 4175 2670 4229 dux
2702 4173 2908 4241 Chore,
2952 4176 3062 4229 dux
3103 4173 3340 4242 Cathan,
3399 4176 3506 4230 dux
3554 4168 3724 4228 Amalec

2185 4263 2338 4336 (Gen.
2370 4267 2578 4337 xxxvr).
2637 4266 2734 4320 llic
2773 4281 2902 4337 ergo
2945 4266 3185 4331 Amalec,
3230 4268 3377 4322 filius
3415 4267 3514 4322 fuit
3543 4263 3724 4332 Eliphat

2183 4358 2525 4428 primogeniti
2560 4357 2652 4411 lilii
2693 4358 2855 4421 Esau,
2900 4367 3059 4414 natus
3089 4375 3153 4412 ex
3199 4361 3498 4415 concubina
3549 4353 3726 4411 nomine

2187 4448 2449 4503 Thamna.
2475 4445 2580 4501 Sed
2605 4449 2889 4503 redeamus
2915 4449 2982 4502 ad
3005 4449 3235 4518 primam
3261 4451 3330 4503 de
3352 4447 3594 4502 Amalech
3612 4457 3729 4498 com—

2185 4538 2649 4604 memorationem,
2680 4538 2768 4591 ubi
2799 4538 2890 4608 qui
2932 4540 3136 4592 reversi
3168 4548 3297 4594 sunt
3325 4548 3380 4594 et
3423 4541 3660 4591 venerunt
3677 4529 3729 4583 ad

2183 4627 2387 4683 fontem
2427 4627 2635 4696 judicii,
2673 4629 2765 4697 qui
2793 4637 3014 4684 vocatur
3058 4629 3248 4696 Cades,
3300 4630 3613 4685 interficient
3641 4639 3730 4678 om-

2185 4736 2281 4775 nes
2319 4721 2592 4790 principes
2634 4719 2873 4775 Amalec.
2939 4721 3114 4779 Cach
3166 4723 3556 4792 interpretatur
3598 4715 3731 4770 ablin-

2182 4827 2304 4880 gens
2323 4809 2592 4880 populum.
2633 4809 2797 4879 Igitur
2827 4811 2880 4863 hi
2910 4812 3001 4880 qui
3041 4804 3404 4867 revertuntur
3425 4811 3490 4865 ad
3525 4816 3731 4863 sanctum

2182 4909 2237 4956 et
2259 4909 2580 4955 convertunt
2619 4917 2677 4956 se
2703 4902 2769 4956 ad
2797 4903 3299 4966 sanctiﬁcationem,
3345 4902 3656 4958 interficiunt
3691 4900 3732 4946 et

2178 4990 2453 5059 perimunt
2509 4991 2749 5056 Amalec,
2807 4992 2956 5046 illum
2994 4993 3201 5049 scilicet
3249 4993 3345 5062 qui
3395 4990 3613 5061 ablingit
3653 4998 3732 5055 p0-

2179 5077 2385 5146 pulnm,
2414 5077 2499 5132 vel
2521 5078 2752 5134 declinat
2790 5080 3066 5150 populum.
3122 5081 3254 5148 Quis
3281 5090 3472 5136 autem
3515 5079 3640 5132 alius
3669 5078 3734 5126 est

2178 5168 2270 5238 qui
2307 5168 2540 5223 declinat
2572 5170 2826 5242 populum
2857 5187 2886 5224 a
2911 5172 3044 5232 Deo,
3071 5171 3176 5226 nisi
3222 5172 3398 5225 virtus
3427 5164 3676 5226 contraria
3693 5167 3736 5213 et

2179 5258 2453 5326 spiritales.
2467 5259 2758 5327 nequitiae?
2791 5260 2992 5316 Horum
3015 5277 3145 5332 ergo
3169 5261 3468 5331 principes,
3499 5258 3585 5328 qui
3605 5250 3734 5309 sunt?

2178 5349 2257 5403 llli
2293 5349 2410 5402 sine
2433 5349 2595 5404 dubio
2621 5350 2978 5419 principatus,
3015 5351 3270 5406 adversus
3295 5364 3437 5419 quos
3467 5342 3655 5402 sanctis
3672 5342 3738 5391 est

2178 5438 2507 5496 colluc1atio.
2545 5439 2844 5494 Adversum
2875 5440 3210 5510 principatus
3237 5439 3384 5492 enim
3437 5445 3491 5490 et
3531 5437 3734 5504 potesta-

2179 5536 2280 5594 tes,
2334 5537 2390 5582 ct
2418 5529 2600 5582 mundi
2628 5529 2785 5597 hujus
2815 5537 3075 5593 rectores,
3097 5537 3221 5584 sunt
3245 5527 3325 5581 eis
3367 5539 3566 5596 agones
3589 5539 3601 5574 :
3627 5526 3740 5587 quos

2181 5628 2359 5678 tamen
2383 5635 2638 5688 superare
2688 5636 2797 5675 non
2825 5628 3103 5690 poterunt,
3155 5618 3257 5674 nisi
3281 5619 3664 5671 convertantur
3685 5602 3743 5658 ad

2180 5710 2587 5770 sanctimoniam
2670 5712 2785 5780 Ipsa
2848 5710 3200 5766 sanctimonia
3245 5717 3464 5769 tamen,
3516 5714 3628 5773 qua:
3673 5697 3742 5749 εει
