3932 6188
220 232 224 239 “
305 269 405 326 res
682 344 685 345 γ
1013 271 1542 336 ENARRATIONES
1578 277 1648 334 lN
1682 278 1773 335 LII

2020 277 2443 338 lUMERORUM.
2480 311 2552 323 —
2585 281 2713 337 LIB.
2751 282 2838 339 Ill.
3471 291 3573 348 7η

304 388 501 453 Cades,
533 384 653 444 fons
676 395 760 444 est
788 386 996 457 judicii.
1021 389 1209 448 Omnis
1228 393 1373 448 enim
1396 395 1487 465 qui
1515 410 1573 449 se
1594 395 1660 450 ad
1691 395 1891 449 sancti-
1917 399 1967 456 Α
1992 393 2211 463 pedum,
2257 399 2313 450 et
2341 394 2672 466 serpentium
2691 436 2706 461 ,
2758 396 3042 454 serviendo
3091 408 3354 457 creaturae
3394 401 3595 474 potius,

303 479 548 535 moniam
575 479 874 544 convertit,
927 479 1093 536 habet
1123 497 1337 553 semper
1371 494 1498 540 ante
1534 485 1720 541 oculos
1764 501 1891 541 suos
1993 498 2155 554 quam
2199 485 2454 540 creatori.
2492 483 2647 540 Sicut
2690 486 2837 540 enim
2866 487 2920 540 in
2948 488 3143 558 populo
3172 490 3266 546 Dei
3311 493 3572 562 scriptum

302 571 510 626 fontem
533 570 741 640 judicii.
766 571 1033 644 Prospicit
1058 576 1205 629 enim
1226 574 1418 644 judicii
1445 579 1607 645 diem,
1630 588 1683 634 et
1702 576 1889 650 purifi-
1922 650 1931 655 _
1990 580 2093 637 est,
2131 575 2342 629 initium
2372 575 2642 640 Christus,
2672 577 2771 640 sic,
2803 592 2835 632 e
2862 579 3154 643 contrario,
3181 581 3233 635 in
3263 585 3458 653 populo
3477 586 3572 655 qui

297 670 428 717 cato
453 662 617 716 corde
639 670 748 715 tam
777 662 1039 717 malorum
1069 679 1276 733 poenas,
1329 682 1491 736 quam
1516 667 1725 738 piorum
1756 666 1889 720 bea-
1922 650 1941 692 ⁷·
1990 664 2223 739 declinat
2267 681 2297 720 a
2324 667 2437 721 Deo
2462 674 2517 721 et
2544 668 2759 737 gentilis
2781 668 3030 735 etiicitur,
3062 650 3276 726 initium
3296 650 3382 729 est
3409 650 3572 733 Attia-

300 752 565 807 titudines
585 761 893 807 contuetur.
926 753 995 808 Et
1033 755 1149 810 haec
1176 754 1380 811 faciens
1408 762 1596 811 omnes
1626 754 1929 837 Αιὶίίιιεεί-Δ
1989 754 2072 830 lec
2103 774 2121 809 :
2167 755 2331 835 cujus.
2368 764 2610 813 extrema
2656 760 2983 830 perdentur,
3036 763 3139 818 hoc
3184 772 3271 819 est
3312 764 3573 837 linisejus

297 851 481 897 tarum
526 843 797 913 principes
827 845 1120 913 prosternit
1164 852 1220 900 et
1248 847 1448 917 dejicit.
1493 846 1551 901 Si
1592 847 1681 916 qui
1710 855 1889 901 autem
1986 850 2092 905 erit
2116 848 2288 923 mors,
2324 831 2430 905 non
2452 850 2560 905 ista
2589 852 2807 920 quidem
2836 852 3096 923 corporea
3115 895 3130 919 ,
3160 857 3257 910 sed
3286 856 3377 910 illa
3408 831 3570 928 spiri-

298 950 408 987 non
451 949 513 988 se
536 934 906 988 converterint
938 934 1006 988 ad
1037 932 1230 1001 Cades,
1284 937 1336 990 id
1370 944 1476 1002 est,
1506 938 1572 991 ad
1599 937 1889 992 sanctimo—
1989 940 2109 994 talis
2134 953 2252 1008 qua:
2280 935 2539 1009 perpetua
2564 949 2665 994 est.
2697 932 2844 1005 Sive,
2867 949 2928 996 ut
2953 942 3057 996 alla
3084 941 3252 999 editio
3280 946 3461 1011 habet,
3492 964 3575 1003 se-

299 1025 444 1078 niam
472 1023 785 1093 fontemque
826 1023 1037 1093 judicii,
1073 1040 1246 1094 neque
1295 1024 1533 1080 futurum
1558 1024 1749 1093 judicii
1798 1041 1889 1080 co-
1988 1044 2104 1083 men
2129 1044 2309 1082 eorum
2338 1028 2542 1099 peribit.
2598 1028 2796 1085 Semen
2826 1045 3015 1087 eorum
3065 1042 3153 1088 est
3198 1036 3480 1104 persuasio
3512 1044 3573 1092 et

298 1116 663 1187 gitantdietn,
704 1115 794 1170 isti
830 1116 1060 1187 subjecti
1107 1125 1232 1172 sunt
1265 1118 1600 1188 principibus
1642 1116 1881 1173 Amalec.
1986 1119 2253 1183 doctrina,
2304 1134 2409 1189 qua
2457 1118 2759 1175 docuerunt
2803 1121 3050 1176 homines
3076 1122 3349 1179 declinare
3379 1139 3412 1179 a
3439 1125 3571 1181 Deo.

298 1207 453 1263 Nunc
480 1214 661 1262 autem
687 1207 966 1262 videamus
1002 1216 1058 1262 et
1084 1209 1249 1263 istum
1296 1209 1536 1273 Amalec,
1580 1208 1747 1264 lilium
1779 1209 1885 1265 Eli-
1984 1208 2131 1263 istud
2177 1223 2307 1278 ergo
2336 1223 2519 1264 semen
2545 1209 2766 1276 malum,
2798 1218 2853 1265 et
2880 1211 3122 1267 doctrina
3153 1214 3410 1282 pessima,
3460 1230 3571 1271 non

296 1297 439 1367 phaz
470 1295 813 1366 primogeniti
862 1294 1028 1361 Esau,
1061 1312 1220 1366 quem
1269 1298 1479 1367 peperit
1510 1298 1561 1353 ci
1612 1298 1885 1354 Thaumas
1986 1298 2089 1367 ipsi
2126 1298 2181 1353 in
2218 1300 2414 1369 quibus
2460 1300 2784 1355 seminatum
2816 1310 2918 1367 εει,
2956 1302 3231 1372 peribunt.
3283 1304 3388 1375 Ipsi
3425 1305 3573 1361 enim

297 1385 600 1441 οοιιειὼῖηει
623 1400 758 1439 sua:
798 1383 952 1454 cuius
979 1394 1133 1455 Pater
1174 1395 1259 1441 05!
1291 1385 1536 1457 Eliphal.
1587 1386 1678 1456 qui
1720 1387 1885 1442 inter-
1984 1408 2107 1449 cum
2137 1395 2381 1449 conversi
2422 1394 2803 1465 ingemuerint,
2856 1395 2990 1450 salvi
3020 1404 3196 1451 erunt.
3244 1397 3313 1452 Et
3339 1398 3483 1463 vide,
3523 1397 3571 1454 si

294 1488 544 1549 pretatur
577 1479 717 1532 Deus
746 1494 828 1531 me
871 1477 1135 1547 dispersit.
1172 1476 1340 1531 Mater
1370 1486 1548 1531 autem
1586 1477 1880 1542 Thaumas,
1983 1499 2091 1539 non
2122 1483 2245 1539 talis
2267 1485 2554 1553 expositio,
2583 1485 2746 1540 etiam
2779 1486 2884 1542 illis
2908 1487 3293 1543 convenienter
3318 1488 3568 1553 obsistat,

293 1587 419 1641 quae
438 1579 492 1626 ει
510 1570 624 1642 ipsa
652 1570 828 1640 primo
857 1568 1073 1638 quidem
1117 1575 1200 1622 est
1226 1567 1468 1638 deneger,
1495 1567 1687 1623 deinde
1717 1567 1884 1622 inter-
1982 1573 2077 1644 qui
2110 1571 2282 1628 Deum
2330 1573 2465 1645 legis
2492 1574 2639 1630 velut
2686 1576 2896 1632 duritiae
2941 1585 2998 1632 et
3029 1578 3365 1635 crudelitatis
3408 1595 3571 1636 accu-

290 1668 544 1733 pretatur
591 1657 811 1729 defectio
867 1666 1144 1712 commota.
1201 1657 1268 1711 Et
1306 1658 1614 1712 necessario
1657 1657 1877 1728 utique,
1910 1735 1945 1739 _
1983 1674 2140 1732 sant;
2174 1666 2265 1736 qui
2304 1681 2413 1722 non
2450 1666 2623 1722 solum
2663 1676 2877 1739 gentem
2931 1669 3180 1736 Amalec,
3232 1674 3327 1728 sed
3368 1681 3424 1728 et
3474 1688 3566 1728 se-

290 1754 390 1823 qui
421 1754 489 1807 ab
528 1751 612 1806 his
640 1750 836 1805 talibus
862 1749 1115 1821 gignitur,
1144 1749 1316 1803 hostis
1345 1757 1427 1803 est
1462 1748 1651 1814 Israel,
1677 1748 1763 1803 vel
1792 1749 1882 1804 de-
1909 1735 1957 1794 B
1985 1771 2106 1811 men
2130 1735 2247 1826 ejus
2266 1757 2579 1825 pronuntiet
2603 1735 2926 1828 periturum,
2955 1774 3078 1814 cum
3101 1735 3234 1829 gens
3259 1763 3474 1831 quidem
3502 1762 3571 1817 ad

289 1830 1191 1913 clinanspopulum.Primusenim
1215 1841 1329 1908 ipse
1350 1838 1619 1894 Haebrmos
1634 1851 1880 1909 egressos
1982 1847 2255 1918 spiritales
2296 1849 2567 1919 nequitias
2612 1849 2900 1916 referatur,
2930 1866 3112 1907 semen
3152 1830 3445 1925 veroiejus,
3475 1858 3572 1911 do-

289 1951 363 1990 οἱ
395 1933 651 2003 ίΕεΥυὶο.
704 1930 843 1987 bello
869 1938 1163 2001 aggressus
1187 1936 1272 1984 est
1302 1928 1356 1982 in
1395 1927 1705 1998 Βαριιίύἰιη,
1753 1935 1881 1982 ιιιηο
1981 1938 2155 1993 ctrina
2189 1938 2609 2008 supersitionum
2636 1940 2914 2010 gentilium
2936 1982 2949 2005 ,
2991 1950 3047 1996 et
3073 1942 3247 1999 cultus
3276 1944 3565 2010 idolorum,

288 2039 417 2079 cum
445 2022 655 2093 Moyses
697 2021 776 2076 ait
818 2020 886 2074 ad
909 2018 1129 2075 Jesum:
1161 2017 1312 2090 Elige
1336 2020 1429 2074 tibi
1454 2019 1591 2073 viros
1617 2028 1666 2073 et
1700 2018 1805 2084 exi,
1829 2028 1879 2073 et
1980 2036 2141 2096 atque
2166 2028 2343 2082 omnis
2376 2038 2548 2095 secta,
2599 2045 2719 2099 qua:
2763 2045 2794 2084 a
2835 2030 2946 2086 Deo
2994 2033 3246 2102 populum
3297 2034 3571 2091 declinare

288 2115 513 2184 conﬂige
535 2130 651 2167 cum
677 2112 889 2166 Amalec
915 2112 1141 2165 crastino
1156 2129 1175 2177 ,-
1193 2119 1240 2165 et
1262 2128 1376 2165 ecce
1397 2127 1487 2182 ego
1512 2119 1592 2164 sto
1614 2112 1669 2165 in
1694 2111 1880 2164 vertice
1980 2116 2227 2182 suadeat,
2257 2126 2579 2187 exponatur.
2626 2117 3027 2174 Commemorat
3063 2131 3243 2176 autem
3288 2123 3570 2192 prophetia

291 2205 470 2269 collis,
506 2213 557 2257 et
586 2204 729 2273 uirga
764 2201 861 2257 Dei
907 2203 961 2255 in
987 2218 1147 2255 manu
1178 2217 1293 2254 mea
1319 2201 1437 2253 erit.
1475 2200 1540 2252 Et
1576 2199 1697 2270 fecit
1723 2200 1878 2254 Jesus
1980 2216 2103 2278 post
2151 2206 2372 2264 Amalec
2400 2250 2414 2276 ,
2460 2210 2722 2275 ρῑηωυιη,
2754 2212 2940 2268 dicens
2980 2230 2993 2266 ε
3044 2210 3182 2268 Vidi;
3233 2230 3436 2285 quoque
3480 2215 3570 2270 σε-

286 2300 424 2352 sicut
452 2297 586 2351 dixit
617 2298 664 2350 ei
694 2294 901 2365 Moyses
923 2335 938 2359 ,
970 2304 1016 2347 et
1047 2292 1281 2362 conﬂixit
1326 2308 1440 2346 cum
1465 2290 1699 2345 Amalec.
1732 2290 1839 2361 M03

2013 2304 2174 2365 tcum,
2202 2309 2251 2354 et
2287 2310 2555 2370 assumpta
2590 2301 2843 2371 parabola
2870 2303 2944 2357 ait
2971 2316 2990 2355 :
3040 2303 3329 2359 Robustum
3354 2306 3566 2375 quidem

285 2407 368 2445 ses
396 2398 571 2443 autem
604 2398 650 2442 et
678 2387 879 2453 Aaron,
908 2395 956 2440 et
985 2383 1126 2450 Hur,
1153 2376 1587 2438 ascenderuntin
1640 2383 1875 2437 uerticem
1979 2399 2052 2442 est
2082 2388 2477 2443 tabernaculum
2505 2400 2672 2457 tuum,
2718 2392 2808 2446 sed
2854 2394 2902 2447 si
2951 2394 3005 2447 in
3033 2402 3180 2465 petra
3226 2397 3461 2462 posueris
3490 2398 3570 2451 ηξ-

287 2479 459 2535 collis.
507 2478 576 2531 Et
602 2477 797 2548 factum
831 2485 907 2531 est
954 2484 1010 2529 ut
1058 2491 1176 2528 cum
1210 2473 1400 2528 levaret
1430 2486 1616 2527 manus
1646 2472 1873 2542 Moyses,
1978 2477 2104 2531 dum
2126 2488 2295 2545 tuum,
2341 2489 2388 2535 et
2418 2480 2582 2550 [ueris
2605 2481 2797 2538 electus
2844 2484 2908 2538 de
2935 2487 3095 2556 stirpe
3144 2485 3292 2550 Ceni,
3329 2488 3568 2558 quandiu

286 2568 633 2625 incalesceret
691 2565 883 2621 Israel.
954 2563 1088 2620 Cum
1136 2573 1310 2619 autent
1360 2562 1634 2633 deponeret
1688 2576 1877 2615 manus
1977 2573 2169 2640 poteris
2204 2575 2552 2642 permanere?
2603 2574 2816 2631 Cinteus
2852 2593 3135 2648 possessor
3161 2579 3570 2650 interpretatur.

284 2680 436 2728 suas,
487 2659 826 2717 invalescebat
879 2658 1127 2712 Amalech
1179 2656 1376 2729 (Exod.
1436 2654 1591 2726 xvn).
1646 2652 1714 2708 Et
1754 2662 1878 2724 post
1980 2658 2049 2714 Et
2077 2660 2168 2730 qui
2199 2669 2325 2716 sunt
2354 2663 2446 2731 qui
2488 2666 2776 2733 praesentia
2815 2668 3111 2736 possident,
3147 2669 3249 2723 nisi
3279 2669 3334 2723 hi
3364 2670 3455 2740 qui
3484 2669 3567 2726 in-

284 2767 461 2824 pauca
485 2754 678 2807 iterum
703 2751 962 2820 scriptum
985 2757 1087 2815 est,
1113 2749 1237 2820 quia
1262 2748 1521 2818 fugaverit
1537 2744 1693 2799 Iesus
1717 2745 1877 2798 Ama-
1979 2750 2138 2820 genio
2167 2752 2445 2821 sapientiae
2485 2755 2757 2810 saecularis
2786 2757 3022 2812 callent?
3050 2758 3151 2824 Qui
3183 2759 3238 2812 in
3280 2761 3383 2814 hoc
3410 2773 3567 2815 vera-

286 2843 386 2907 tec,
431 2852 483 2897 et
529 2840 778 2912 populum
805 2841 919 2911 ejus
949 2838 1124 2909 gladio
1152 2838 1415 2908 dejecerit,
1447 2846 1571 2890 tunc
1619 2852 1736 2890 cum
1771 2834 1875 2888 Πο-
1978 2843 2115 2897 εἰιει·
2146 2843 2426 2898 robustum
2465 2843 2568 2898 sibi
2607 2846 2975 2900 habitaculum
3004 2855 3342 2912 construunt,
3379 2849 3425 2903 si
3467 2863 3565 2919 per

282 2936 461 2990 minus
487 2932 675 2987 dixerit
713 2931 784 2984 ad
819 2929 1034 3001 Moysen
1055 2947 1074 2985 :
1106 2928 1384 2984 Conscribe
1432 2928 1544 2982 Iure
1583 2928 1652 2982 ad
1676 2944 1873 2983 memo—
1978 2931 2339 2986 humilitatem
2375 2932 2587 3002 parvuli
2616 2934 2756 3004 apud
2782 2936 3103 3005 semetipsos
3131 2936 3260 2992 facti
3306 2944 3451 3003 sunt,
3507 2938 3563 2993 in

283 3029 424 3081 riam
444 3026 500 3080 in
524 3025 699 3090 libro;
735 3033 783 3079 et
811 3024 880 3077 da
926 3025 980 3078 in
1005 3023 1220 3078 auribus
1246 3022 1399 3089 Iesu,
1426 3024 1549 3094 quia
1582 3021 1758 3077 delens
1784 3021 1875 3075 de-
1904 3079 1945 3099 η
1977 3022 2178 3079 Christi
2206 3023 2535 3079 sublimitate
2581 3026 2930 3093 nutriantur;
2974 3027 3021 3083 si
3058 3030 3380 3099 semetipsos
3409 3029 3564 3084 infir-

283 3117 401 3171 tebo
443 3079 748 3169 memoriam
794 3111 1006 3167 Amalec
1055 3113 1118 3167 de
1156 3112 1252 3167 sub
1297 3079 1448 3187 caelo:
1499 3108 1569 3165 Et
1598 3110 1876 3179 tediﬁcavit
1901 3079 1947 3140 Ο
1978 3130 2095 3171 mos
2122 3114 2379 3181 sentiant,
2404 3124 2460 3171 et
2486 3116 2697 3173 excelsa
2727 3118 3028 3174 humilitate
3054 3079 3281 3192 cogniti:
3332 3121 3568 3177 Redem-

284 3206 498 3277 Moyses
526 3204 692 3259 altare
718 3223 737 3262 :
787 3213 835 3257 et
876 3203 1164 3257 nominavit
1208 3219 1394 3256 nomen
1428 3202 1574 3272 ejus,
1621 3201 1874 3255 Dominus
1974 3206 2118 3275 ptori
2162 3204 2449 3260 fovendam
2506 3206 2704 3262 mentis
2748 3206 3001 3263 ﬁduciam
3058 3217 3280 3280 ponant.
3341 3208 3562 3265 Summa

284 3294 553 3366 refugium
589 3310 778 3359 meum,
818 3301 867 3349 et
898 3293 1018 3347 ait:
1060 3291 1198 3358 Quia
1238 3293 1292 3346 in
1329 3308 1488 3345 manu
1516 3289 1749 3356 occulta,
1779 3291 1876 3344 hoc
1974 3312 2083 3351 non
2114 3302 2387 3365 appetant,
2434 3297 2527 3352 sed
2562 3310 2723 3352 omne
2769 3299 2911 3367 quod
2954 3299 3215 3369 punierit,
3255 3300 3436 3356 cordis
3464 3315 3564 3357 νο..

279 3395 384 3450 est,
412 3382 694 3447 invisibili,
721 3382 981 3437 Dominus
1023 3381 1352 3453 expugnabat
1381 3381 1622 3448 Amalec,
1666 3399 1698 3435 a
1723 3397 1878 3452 gene-
1985 3377 2519 3435 latutrauscendant.
2539 3377 2832 3437 Videamus
2845 3396 3091 3439 sanctum
3112 3386 3552 3458 virum,qualiter

282 3476 491 3531 ratione
537 3475 592 3528 in
651 3473 1055 3545 generationem.
1114 3471 1221 3527 Sed
1251 3473 1305 3527 in
1341 3472 1761 3527 Deuteronomio
1798 3471 1876 3526 ita
1985 3469 2039 3524 in
2056 3478 2209 3538 petra
2225 3472 3314 3540 ponatniJumsuum.Aitenim:Nostra
3340 3494 3554 3535 conser-

279 3567 551 3638 scriptum
575 3574 695 3620 est:
730 3563 990 3619 Memento
1024 3572 1223 3635 quanta
1265 3562 1443 3631 fecerit
1473 3562 1545 3616 ibi
1583 3561 1795 3616 Amalec
1819 3563 1875 3617 in
1984 3556 2123 3607 satio
2139 3555 2195 3607 in
2212 3557 2355 3611 caelis
2374 3566 2449 3610 est
2467 3556 2756 3626 (Phil.tlll.
2780 3560 3355 3629 Etrursumzauicum
3372 3585 3550 3624 resus-

278 3658 386 3717 ria,
413 3666 463 3709 et
496 3654 686 3709 excidit
709 3653 933 3708 caudam
964 3662 1136 3717 tuam,
1174 3668 1354 3706 omnes
1377 3653 1467 3722 qui
1491 3651 1730 3706 laborant
1759 3659 1874 3722 post
1987 3646 2165 3700 citavit
2186 3661 2299 3713 nos,
2331 3655 2383 3701 et
2417 3648 2686 3702 considere
2713 3650 2837 3718 fecit
2887 3651 2942 3705 in
2989 3652 3283 3710 ctelestibus
3325 3656 3487 3727 (Eph.
3515 3665 3555 3729 ι)

278 3760 352 3801 te.
374 3744 451 3799 Tu
465 3755 636 3799 autem
650 3743 913 3798 esuriebas
935 3752 982 3796 et
1007 3741 1372 3806 laborabas,et
1398 3757 1500 3795 non
1521 3740 1692 3794 timuit
1708 3739 1872 3795 Deum
1984 3735 2047 3791 In
2075 3747 2225 3806 petra
2263 3740 2410 3809 ponit
2428 3740 2632 3805 nidum,
2656 3742 2780 3811 quia
2808 3742 3050 3811 profecto
3081 3746 3132 3799 in
3160 3751 3413 3817 supernis
3444 3753 3557 3820 tigit

279 3836 465 3906 (Deut.
494 3834 645 3905 xxv).
693 3832 930 3889 Observa
958 3847 1088 3902 ergo
1134 3840 1190 3888 et
1234 3832 1323 3887 hic
1351 3831 1621 3901 quomodo
1654 3830 1873 3887 Amalec
1986 3831 2297 3886 consilium.
2334 3830 2447 3888 Non
2480 3835 2593 3887 vult
2625 3833 2945 3900 men:em_in
2972 3833 3114 3893 fluxa
3146 3838 3413 3908 deiicere:
3442 3859 3551 3897 non

278 3926 495 3982 obstitit
531 3924 716 3979 lsraeli
746 3924 800 3977 in
827 3924 931 3989 via,
982 3923 1075 3978 sed
1122 3931 1303 3978 tamen
1347 3937 1453 3977 non
1490 3923 1665 3992 potuit
1714 3930 1877 3992 caput
1987 3926 2101 3980 vult
2127 3941 2224 3995 per
2259 3924 2615 3994 abjectionem
2644 3929 3081 3986 conversationis
3114 3931 3362 3988 humanas
3389 3935 3443 3988 in
3475 3937 3556 3989 in-

279 4023 406 4087 ejus
431 4015 772 4079 abscindere,
812 4013 917 4068 nisi
942 4014 1169 4067 caudam
1199 4022 1424 4077 tantum,
1469 4012 1523 4067 id
1550 4020 1652 4076 est,
1694 4012 1747 4067 in
1778 4027 1873 4069 eos
1990 4019 2131 4072 limis
2167 4017 2435 4074 habitare.
2468 4017 2622 4074 Tunc
2645 4017 2845 4075 Paulus
2875 4019 3112 4078 fortasse
3140 4024 3192 4077 in
3222 4039 3439 4081 carcere
3482 4035 3560 4080 te-

279 4108 459 4179 potuit
482 4107 748 4170 obtinere,
780 4106 871 4174 qui
895 4112 1037 4160 retro
1058 4105 1217 4175 positi
1245 4112 1423 4170 erant,
1449 4104 1542 4174 qui
1571 4103 1746 4159 ultimi
1777 4119 1869 4159 se-
1971 4106 2222 4169 nebatur,
2272 4120 2395 4159 cum
2442 4119 2501 4159 se
2526 4105 2715 4160 sedere
2746 4119 2866 4160 cum
2917 4104 3135 4161 Christo
3166 4105 3220 4159 in
3246 4105 3585 4160 caelestibus-

279 4198 623 4269 quebantur;
674 4209 774 4250 nec
802 4211 866 4249 ea
911 4210 1029 4264 qua:
1056 4202 1202 4250 retro
1254 4200 1409 4249 erant
1454 4192 1867 4257 obliviscentes,
1971 4201 2220 4249 testatur.
2283 4192 2389 4249 Sed
2419 4194 2493 4248 ibi
2533 4203 2682 4258 erat,
2729 4195 2821 4248 ubi
2852 4194 3131 4248 ardentem
3175 4193 3290 4261 jam
3318 4201 3554 4249 mentem

275 4289 647 4346 extendebant
671 4302 731 4342 se
760 4287 826 4341 ad
855 4302 919 4341 ea
944 4301 1065 4355 qua:
1094 4286 1275 4341 inante
1304 4292 1447 4340 sunt.
1481 4283 1549 4339 Et
1576 4284 1867 4353 ideo‘puto,
1971 4282 2166 4336 ﬁxerat
2192 4299 2207 4348 ;
2243 4297 2349 4336 non
2378 4281 2488 4337 illic
2512 4283 2605 4337 ubi
2651 4283 2800 4336 illum
2828 4283 3138 4338 necessario
3189 4283 3343 4353 pigra
3381 4283 3556 4340 adhuc

275 4385 408 4454 quia
460 4381 721 4435 Dominus
777 4378 1121 4450 praecipiebat
1167 4378 1224 4432 in
1268 4374 1576 4446 Evangeliis
1628 4375 1815 4430 dicens
1850 4391 1864 4427 :
1894 4377 1946 4454 ἦ
1971 4388 2100 4428 caro
2123 4367 2406 4428 retinebat.
2438 4372 2510 4427 Et
2548 4374 2595 4427 si
2625 4372 2810 4442 fueris,
2837 4372 3041 4442 inquit,
3069 4371 3261 4427 electus
3290 4372 3357 4427 de
3395 4373 3556 4444 stirpe

326 4428 408 4437 “”’“
462 4428 719 4435 -⁷””“’“““”
777 4428 1120 4450 r""'s""'"'
1167 4428 1224 4432 "‘
1268 4428 1331 4430 —'
1354 4428 1374 4430 "
1421 4428 1450 4446 υ
1468 4428 1475 4429 '
1514 4428 1521 4429 '
1560 4428 1567 4429 ’
1637 4428 1675 4430 7’
1698 4428 1731 4429 "
2625 4428 2635 4442 σ
2797 4428 2809 4437 ι
2913 4428 2928 4442 ι
3027 4428 3040 4438 υ
3492 4428 3504 4444 ι

282 4428 456 4530 R’emo
486 4474 695 4527 mittens
729 4487 944 4525 manum
975 4487 1125 4525 suam
1147 4469 1215 4523 ad
1245 4480 1482 4523 aratrum
1506 4508 1519 4533 ,
1552 4475 1602 4521 et
1628 4476 1764 4521 retro
1789 4482 1868 4520 re-
1894 4428 1946 4487 Β
1971 4462 2116 4527 Cani,
2166 4461 2399 4533 mtandiu
2420 4462 2613 4532 poteris
2636 4462 2981 4531 permanere?
3027 4460 3158 4517 Ceni
3194 4461 3353 4517 nidus
3376 4478 3551 4529 meus,

278 4566 524 4637 spiciens,
573 4573 725 4633 aptus
766 4572 839 4617 est
882 4578 1036 4632 regno
1066 4560 1164 4615 Dei
1202 4559 1351 4632 (Luc.
1395 4558 1494 4631 ιχ).
1545 4558 1612 4612 Ει
1651 4557 1862 4613 merito.
1968 4553 2081 4608 sive
2124 4551 2395 4622 possessio
2442 4551 2847 4620 interpretatur.
2913 4551 2982 4606 At
3036 4552 3092 4605 hi
3130 4551 3222 4621 qui
3256 4551 3460 4608 fuerint
3487 4554 3556 4608 de

279 4654 342 4708 Si
365 4654 511 4707 enim
563 4660 709 4706 retro
738 4651 860 4721 quis
888 4651 1102 4704 intuens
1139 4648 1320 4712 fuerit,
1358 4647 1412 4703 in
1446 4647 1613 4701 cauda
1651 4645 1867 4700 abscin-
1967 4645 2139 4712 stirpe
2178 4641 2309 4697 Ceni
2339 4641 2519 4708 electi,
2573 4643 2675 4698 hoc
2704 4650 2787 4697 est
2833 4643 2900 4698 de
2950 4643 3275 4709 sapientium
3305 4657 3550 4710 numero,

278 4747 374 4799 εἰει
418 4760 542 4800 eum
587 4743 826 4798 Amalec.
874 4742 1027 4811 Quod
1058 4743 1155 4807 ait,
1184 4743 1390 4796 initium
1434 4740 1662 4810 gentium
1707 4739 1869 4792 Ama-
1968 4731 2214 4787 veritatis
2239 4730 2438 4786 fuerint
2464 4732 2576 4787 veri
2607 4731 3020 4802 investigatores
3054 4732 3282 4800 inventi,
3314 4734 3404 4788 diu
3435 4748 3551 4803 pos-

280 4836 381 4902 t.:c,
416 4844 627 4891 certum
659 4841 764 4899 est,
798 4835 925 4904 quia
976 4833 1123 4888 nullo
1151 4840 1309 4902 pacto
1336 4831 1403 4885 ad
1434 4830 1580 4885 illum
1615 4828 1706 4898 qui
1740 4835 1868 4882 tunc
1969 4830 2097 4877 sunt
2121 4836 2459 4892 permanere,
2495 4822 2621 4891 quia
2653 4822 2761 4877 vita
2790 4821 3015 4893 longteVi
3043 4823 3228 4878 vivent
3268 4834 3548 4894 perpetua.

282 4928 488 4982 eratin
534 4941 699 4981 carne
738 4924 992 4991 Amalec,
1041 4923 1233 4979 referri
1278 4923 1465 4992 possit.
1516 4920 1701 4989 Neque
1724 4919 1867 4973 enim
1969 4911 2125 4968 Unde
2167 4927 2266 4982 ρετ
2297 4912 2614 4981 ριὀριιθιίιω
2659 4911 2896 4966 diem":
2960 4912 3193 4979 Ωαιετίτε
3238 4912 3546 4976 Dominum.

285 5019 495 5087 primus
526 5026 645 5071 erat
667 5015 1006 5086 antiquitatis
1034 5014 1272 5084 origine,
1308 5013 1404 5068 sed
1444 5012 1510 5066 ad
1542 5009 1869 5066 invisibilem
1967 5011 2015 5055 ει
2049 5002 2174 5055 vivet
2237 5001 2414 5054 anima
2453 5009 2620 5055 vestra
2669 4998 2839 5071 (Psal.
2891 5001 3103 5074 vam).
3156 5001 3224 5056 Et
3272 5001 3403 5056 alibi
3453 5015 3551 5070 per

283 5106 547 5162 Amalech
587 5107 779 5162 melius
816 5106 1098 5173 referetur,
1125 5105 1217 5175 qui
1250 5102 1567 5159 declinando
1593 5100 1816 5173 populos
1839 5116 1870 5154 a
1968 5094 2139 5163 ipsam
2182 5092 2501 5162 sapientiam
2528 5092 2725 5147 dicitur
2755 5110 2768 5146 ε
2825 5092 2929 5158 ριιὶ
2969 5092 3234 5147 εῑαεὶάαηι
3265 5108 3365 5155 me.
3392 5092 3550 5145 υίῑαηι

287 5195 423 5259 Deo,
453 5203 512 5250 et
535 5193 781 5250 faciendo
805 5195 1053 5265 gentiles,
1083 5210 1150 5250 ex
1184 5194 1278 5249 Dei
1321 5191 1616 5248 cultoribus
1652 5191 1873 5246 Amalec
1969 5195 2218 5240 teternam
2263 5184 2521 5239 habebunt
2546 5183 2714 5258 (Eccl.
2748 5184 2919 5257 xxxv).
2975 5185 3095 5239 Alia
3154 5194 3334 5238 autem
3383 5180 3550 5235 editio

289 5285 621 5338 nominatur.
676 5283 744 5338 Et
770 5284 892 5338 inde
941 5292 1091 5339 recte
1120 5282 1332 5337 initium
1361 5282 1600 5353 gentium
1647 5281 1868 5345 dicitur,
1971 5277 2053 5331 sic
2078 5276 2278 5330 habet:
2333 5275 2394 5330 Si
2420 5277 2654 5347 posueris
2682 5276 2736 5329 in
2760 5287 2906 5346 petra
2934 5277 3112 5330 nidum
3142 5283 3312 5337 tuum,
3355 5280 3405 5325 et
3433 5269 3550 5338 fue-

283 5371 443 5441 quasi
476 5371 601 5425 talis
647 5371 892 5441 qutcdam
922 5372 1096 5426 virtus
1123 5371 1392 5427 contraria
1420 5385 1540 5440 quae
1561 5370 1734 5441 prima
1763 5370 1868 5425 ini-
1973 5365 2039 5418 rit
2064 5364 2304 5418 tibiBeor
2319 5364 2476 5419 nidus
2500 5366 2728 5430 astutite,
2755 5366 2959 5437 Assyrii
2985 5365 3239 5433 cap.'ivum
3266 5371 3315 5413 te
3334 5360 3546 5414 ducent.

290 5459 425 5512 tium
449 5460 679 5525 dederit,
726 5469 786 5515 ut
812 5461 1058 5515 homines
1094 5461 1320 5532 gentiles
1348 5461 1569 5526 tierent,
1611 5462 1870 5519 mutando
1972 5462 2198 5518 Videtur
2251 5460 2383 5515 mihi
2430 5461 2571 5531 quod
2597 5461 2833 5516 Cinteum
2880 5475 2985 5514 non
3032 5455 3184 5510 valde
3212 5453 3550 5524 culpabiliter

289 5547 518 5614 gloriam
550 5550 969 5621 incorruptibilis
1001 5551 1096 5607 Dei
1142 5552 1196 5606 in
1225 5551 1633 5606 similitudinem
1684 5551 1872 5622 imagi—
1972 5554 2233 5609 nominet.
2279 5552 2397 5622 ipse
2425 5561 2510 5607 est
2555 5553 2696 5606 enim
2738 5553 2824 5608 cui
2860 5553 2914 5605 in
2948 5546 3311 5618 superioribus
3338 5545 3550 5601 diccbat

293 5637 380 5694 nis
403 5640 771 5708 corruptibilis
810 5640 1044 5697 hominis
1092 5649 1146 5698 ct
1195 5640 1496 5708 volucrum,
1547 5649 1603 5696 et
1630 5642 1868 5710 quadru-
1976 5641 2142 5698 Saul:
2190 5642 2410 5698 Discede
2447 5643 2510 5697 de
2547 5643 2712 5698 medio
2755 5640 2986 5706 Amalec,
3028 5649 3075 5693 et
3121 5654 3221 5693 non
3262 5636 3548 5708 percutiant
