3932 6188
414 298 517 355 783

1084 288 1145 342 Β.
1184 284 1445 343 RABANI
1483 282 1699 341 MAURI
1738 277 2056 336 ARClllEP.
2098 273 2409 333 MOGUNT.
2449 266 2735 328 OPERUM
2769 266 2951 323 PARS
2987 266 3029 322 l.

3558 261 3666 319 76$

411 432 486 480 re,
502 412 629 478 quia
656 419 713 464 tu
733 405 903 479 {sciui
919 400 1334 459 misericordiam
1359 400 1416 453 in
1442 396 1635 462 Israel,
1668 410 1787 450 cum
1812 409 1991 447 ascen—
2018 395 2065 455 Α
2091 389 2358 458 perabunt
2378 385 2650 458 Assyrios,
2671 384 2959 480 vastabunt
2978 378 3354 480 Hebrmostad
3368 387 3667 437 extremum

413 508 555 559 deret
594 501 660 554 de
679 498 933 569 digypto.
971 493 1049 548 De
1071 493 1177 547 hoc
1206 504 1334 560 ergo
1355 496 1413 542 et
1433 502 1577 542 nunc
1601 485 1799 540 dicitur
1816 523 1832 548 ,
1860 481 1987 550 quia

412 594 592 650 valida
624 591 697 647 sit
716 587 978 644 habitatio
1011 585 1147 654 ejus,
1172 581 1217 635 si
1237 586 1403 650 ponat
1423 576 1605 631 nidum
1639 589 1794 631 suum
1820 574 1874 628 in
1898 586 1990 642 pe-

414 698 522 742 tra.
541 686 704 741 Petra
730 681 980 738 Christus
1002 685 1106 734 εει.
1133 674 1192 730 Si
1215 688 1344 743 ergo
1362 678 1529 741 ponat
1556 668 1739 723 nidum
1760 680 1918 721 suum
1933 665 1987 718 in

412 787 590 849 petra,
624 775 801 829 valida
827 778 911 827 est
936 767 1198 824 habitatio
1234 763 1372 832 ejus,
1403 763 1448 817 si
1477 768 1655 815 tamen
1686 773 1792 814 non
1817 757 1911 809 ﬁat
1937 755 1988 849 ei

414 845 593 934 Deor,
636 867 792 921 nidus
841 861 1070 916 astutias.
1124 858 1265 912 Beor
1309 862 1462 925 pater
1494 859 1581 907 est
1609 849 1845 912 Balaam,
1897 845 1989 934 qui

413 932 597 1028 potest
622 953 791 1022 accipi
840 950 894 1004 in
922 961 1154 1027 persona
1183 943 1559 999 htereticorum
1588 952 1603 992 :
1653 947 1713 1028 ut
1755 936 1859 990 hoc
1883 932 1989 1028 dici

416 1023 687 1107 videatur,
712 1039 853 1110 quod
876 1024 1057 1092 salvus
1075 1033 1244 1105 possit
1264 1047 1384 1086 esse
1409 1028 1642 1093 Cinteus,
1671 1026 1717 1081 si
1741 1030 1907 1095 ponat
1933 1023 1989 1077 in

414 1145 569 1205 petra
594 1132 778 1188 nidum
810 1143 989 1191 suum,
1018 1126 1125 1179 hoc
1149 1122 1311 1177 estin
1334 1118 1553 1174 Christo
1578 1114 1804 1170 collocet
1837 1126 1988 1182 spem

415 1202 590 1287 suam,
641 1231 696 1277 et
741 1235 847 1276 non
876 1231 997 1274 eum
1046 1212 1422 1269 haereticorum
1451 1205 1750 1263 circumdet
1790 1211 1846 1257 ct
1886 1202 1991 1257 cir-

416 1313 746 1369 cumscribat
771 1306 987 1364 astutia.
1011 1303 1146 1358 Nam
1176 1301 1221 1356 si
1247 1302 1350 1356 hoc
1370 1298 1560 1363 fuerit,
1583 1295 1714 1350 nihil
1743 1295 1793 1349 ei
1835 1293 1993 1364 prod-

414 1403 541 1468 erit,
561 1400 704 1471 quod
732 1400 787 1454 in
809 1405 983 1467 petra,
1009 1394 1100 1463 qui
1131 1400 1212 1448 est
1236 1390 1502 1453 Christus,
1528 1386 1819 1442 collocatus
1844 1384 1991 1438 vide-

415 1502 523 1547 tur.
579 1490 664 1545 Ab
695 1488 933 1560 Assyriis
964 1488 1108 1541 enim
1137 1481 1518 1553 eaptivabitur,
1555 1477 1806 1549 malignis
1845 1474 1991 1530 scili-

415 1589 505 1636 cet
531 1579 820 1634 virtutibus
853 1592 973 1646 quae
996 1592 1091 1631 eos
1118 1574 1359 1645 captivos
1390 1572 1617 1634 ducunt,
1670 1574 1727 1622 et
1754 1567 1810 1621 in
1832 1574 1990 1637 pote-

415 1679 612 1726 statem
636 1669 922 1739 accipiunt,
946 1682 1081 1737 quos
1096 1665 1384 1721 haereticus
1399 1659 1672 1718 erroribus
1684 1657 1987 1731 involverit.

2089 480 2251 535 etiam
2283 478 2382 548 ipsi
2407 478 2681 547 peribunt.
2720 473 2833 529 Hoc
2861 480 3121 545 quantum
3150 472 3218 527 ad
3242 471 3479 526 litteram
3498 474 3665 543 perti-

2088 578 2202 636 net,
2234 568 2529 639 prasdicere
2556 566 2768 621 videtur
2790 578 2938 618 more
2964 563 3305 633 prophetico,
3353 563 3497 631 quod
3517 562 3669 631 juxta

2089 670 2299 729 tempus
2347 657 2737 714 incarnationis
2785 655 3031 719 Domini,
3088 654 3459 709 Romanorum
3487 654 3665 720 duces,

2088 749 2155 804 de
2188 748 2341 804 ltalia
2373 764 2497 803 cum
2546 746 2786 802 exercitu
2836 744 3248 816 progredientes
3274 783 3290 809 ,
3325 743 3667 815 Assyriorum

2089 854 2312 910 regnum
2338 848 2500 907 atque
2525 835 2897 899 Hebraeorum,
2940 848 3042 888 nec
3070 848 3175 887 non
3204 831 3450 886 omnium
3483 832 3672 887 Orien—

2089 930 2276 985 talium
2296 929 2614 1000 populorum
2627 932 2964 995 superantes,
2983 924 3039 977 in
3061 936 3220 977 suum
3237 922 3538 976 dominium
3555 936 3673 975 con-

2088 1020 2298 1077 versuri
2325 1026 2488 1083 sunt;
2515 1017 2607 1086 qui
2634 1025 2690 1071 et
2713 1015 2815 1084 ipsi
2856 1022 3047 1084 postea
3071 1012 3246 1082 ipsum
3276 1027 3499 1080 regnum
3522 1010 3674 1080 juxta

2089 1110 2427 1182 prophetiam
2478 1106 2717 1162 Danielis
2753 1106 2982 1175 perdent
3014 1121 3029 1157 :
3084 1103 3211 1172 quia
3258 1103 3560 1157 secundum
3592 1101 3674 1155 vi-

2090 1202 2296 1257 sionem
2349 1208 2579 1262 statum,
2630 1210 2761 1266 pars
2802 1193 3049 1264 quaedam
3085 1191 3279 1262 pedum
3326 1190 3506 1245 ferrea
3556 1188 3674 1254 fuit,

2088 1308 2217 1362 pars
2265 1306 2393 1346 vero
2444 1287 2691 1359 quaedam
2750 1285 2949 1340 ﬁctilis.
3010 1282 3318 1338 Secundum
3361 1281 3677 1352 allegoriam

2091 1393 2293 1448 autem,
2342 1380 2611 1453 signiﬁcat
2639 1378 2977 1433 Dominicum
3009 1375 3297 1431 adventum
3326 1374 3380 1427 in
3410 1372 3519 1428 ﬁne
3550 1382 3679 1428 temo

2091 1492 2313 1547 porum,
2352 1473 2497 1545 quod
2522 1470 2870 1529 occidentalis
2896 1484 3025 1538 pars
3059 1466 3212 1521 urbis
3246 1465 3461 1536 ﬁgurat,
3494 1465 3679 1519 omnia

2092 1584 2255 1638 regna
2280 1566 2497 1633 mundi,
2524 1565 2702 1635 gladio
2728 1564 2968 1634 spiritus,
2999 1562 3104 1617 hoc
3134 1566 3237 1623 est,
3292 1559 3461 1613 verbo
3504 1557 3680 1612 Evan-

2092 1657 2219 1728 gelii
2245 1658 2521 1721 edomare,
2547 1662 2603 1709 et
2648 1669 2678 1708 a
2704 1651 2911 1709 carnali
2936 1665 3096 1706 sensu
3124 1648 3443 1713 avertendo,
3466 1646 3538 1702 ad
3576 1646 3680 1717 spio

414 1757 644 1815 Videtur
683 1733 834 1833 sane,
873 1733 1167 1812 secbudum
1210 1754 1353 1808 hanc
1397 1749 1786 1819 expositionem
1822 1761 1985 1816 quam
2014 1733 2062 1793 Β
2087 1750 2301 1805 ritalem
2336 1747 2745 1818 intelligentiam
2785 1751 3122 1801 convertere.
3154 1742 3274 1795 Alia
3301 1748 3482 1794 autem
3512 1739 3679 1793 editio

415 1849 483 1904 de
512 1848 690 1904 Cinteo
718 1847 1002 1912 edidimus,
1032 1854 1081 1899 et
1124 1841 1429 1911 coniunctio
1455 1840 1819 1895 interturhare
1866 1852 1992 1893 sen-

415 1954 556 1993 sum.
586 1937 692 1998 Sed
718 1936 995 1993 sciendum
1014 1942 1099 1990 est
1120 1935 1263 2004 quod
1275 1932 1625 1987 vernaculum
1649 1939 1734 1986 est
1752 1928 1990 1984 Hehrtete

414 2026 614 2096 lingua:
641 2037 688 2080 et
718 2024 1092 2094 conjunctione
1128 2021 1435 2092 frequenter
1465 2020 1567 2085 uti,
1615 2019 1689 2073 ita
1734 2026 1794 2073 ut
1818 2018 1991 2072 inter-

419 2115 546 2169 dum
578 2116 812 2171 abundet
836 2126 883 2171 et
912 2116 966 2170 in
995 2113 1413 2179 necessariis,ut
1442 2112 1495 2165 in
1523 2118 1708 2166 nostra
1731 2122 1992 2179 apparere

415 2203 600 2276 lingua
625 2206 869 2261 videatur
906 2206 1131 2260 inserta.
1172 2203 1328 2271 Quod
1366 2202 1550 2271 utique
1574 2216 1697 2256 cum
1720 2199 1877 2254 venia
1902 2212 1995 2253 ac-

413 2297 719 2366 cipiendum
741 2306 843 2353 est.
875 2296 1050 2353 Habet
1071 2296 1216 2352 enim
1237 2309 1571 2363 unaquaeque
1592 2291 1770 2363 lingua
1792 2290 1993 2360 aliquid

414 2387 783 2456 proprietatis,
828 2389 974 2457 quod
1023 2385 1163 2456 apud
1203 2384 1337 2439 alias
1387 2384 1596 2454 linguas
1632 2382 1884 2438 vitiosum
1915 2380 1994 2434 vi-

415 2474 627 2529 deatur.
662 2475 731 2529 Et
753 2476 844 2529 hie
863 2489 991 2546 ergo
1015 2483 1062 2529 et
1086 2472 1390 2542 coniunctio
1419 2472 1573 2542 quasi
1601 2470 1878 2526 abundans
1902 2468 1996 2524 ha-

414 2562 589 2618 benda
613 2570 701 2618 est
725 2571 781 2618 et
809 2562 1099 2633 superﬂua.
1130 2561 1334 2618 Caveat
1358 2576 1487 2634 ergo
1514 2560 1746 2624 Ciuteus,
1787 2559 1879 2629 qui
1906 2558 1993 2614 in-

415 2660 744 2723 terpretatur
768 2653 1058 2725 possideas,
1087 2661 1294 2718 caveat,
1326 2652 1567 2723 inquam,
1593 2650 1759 2705 etiam
1787 2650 1832 2704 si
1862 2663 1994 2719 pos-

414 2743 591 2799 sideat
630 2750 686 2798 et
723 2753 1094 2812 promereatur
1131 2742 1291 2798 istam
1324 2742 1573 2814 gratiam,
1607 2748 1667 2795 ut
1692 2740 1746 2795 in
1802 2738 1991 2795 Eccle-

415 2833 498 2888 sia
544 2832 745 2889 Christi
785 2832 890 2897 sit,
920 2846 988 2886 ne
1015 2831 1155 2888 forte
1181 2832 1380 2888 astutia
1427 2830 1564 2887 Beor
1607 2828 1995 2886 circumveniat

413 2936 562 2987 eum,
592 2929 649 2976 et
686 2921 918 2977 declinet
944 2921 1011 2975 ad
1037 2921 1289 2992 dogmata
1339 2936 1506 2992 prava
1537 2928 1592 2975 et
1616 2934 1892 2991 perversa,
1939 2928 1996 2976 et

412 3014 486 3069 ab
513 3014 617 3069 hoc
644 3014 888 3070 tradatur
909 3013 1173 3084 Assyriis.
1220 3013 1321 3080 Qui
1348 3013 1495 3069 enim
1534 3012 1913 3082 blasphemaut
1939 3013 1994 3066 in

414 3102 656 3158 Ecclesia
694 3104 877 3174 positi,
906 3104 1191 3157 traduntur
1212 3100 1429 3157 Satanae
1453 3119 1467 3155 :
1499 3103 1640 3157 sicut
1659 3101 1913 3171 Phigelus
1938 3111 1991 3155 et
2019 3088 2064 3150 C

415 3192 801 3264 Hermogenes,
854 3195 920 3249 de
949 3194 1142 3262 quibus
1168 3192 1366 3246 Paulus
1393 3191 1563 3246 dicit:
1597 3190 1741 3256 Quos
1772 3191 1991 3256 tradidi,

417 3280 610 3350 inquit,
652 3280 888 3347 Satanae,
924 3291 979 3335 ut
1024 3281 1227 3335 discant
1256 3297 1360 3333 non
1405 3280 1760 3350 blasphemare
1780 3278 1833 3351 (Ι
1856 3278 1988 3333 Tim.

419 3376 503 3447 ιι).
549 3375 842 3445 Propterea
871 3389 1001 3447 ergo
1040 3376 1277 3446 Assyriis
1311 3376 1562 3442 traditur,
1605 3376 1732 3446 quia
1761 3374 1994 3430 declina-

417 3465 559 3519 verit
587 3465 643 3518 in
673 3464 980 3519 haereticam
1002 3465 1414 3535 blasphemiam,
1444 3466 1569 3534 quia
1594 3464 1802 3536 Assyrii
1827 3465 1995 3520 inter-

416 3563 703 3626 pretantur
729 3553 1027 3625 dirigentes.
1080 3554 1243 3610 Etob
1284 3555 1390 3609 hoc
1440 3554 1726 3609 traduntur
1771 3554 1871 3618 eis,
1901 3554 1995 3623 qui

418 3647 706 3701 traduntur
738 3660 846 3701 non
888 3653 950 3700 ut
973 3653 1230 3716 pereant,
1275 3660 1451 3715 neque
1494 3653 1553 3700 ut
1586 3644 1801 3715 penitus
1828 3645 1996 3700 inter-

417 3745 576 3801 eant,
608 3736 701 3792 sed
731 3745 792 3790 ut
818 3736 1121 3807 dirigantur
1139 3744 1197 3791 et
1219 3736 1578 3807 corrigantur,
1608 3743 1663 3791 et
1696 3735 1838 3790 sicut
1862 3734 1998 3789 Pau-

418 3825 503 3880 lus
522 3826 639 3895 ipse
673 3825 825 3892 dicit,
854 3834 910 3879 ut
934 3826 1139 3880 discant
1166 3841 1272 3881 non
1301 3823 1676 3895 blasphemare.
1711 3822 1843 3879 Post
1878 3824 1995 3879 haec

417 3927 546 3967 vero
575 3911 793 3967 Balaam
838 3915 1136 3984 prophetis
1163 3929 1275 3970 suae
1314 3929 1622 3970 sermonem
1652 3914 1707 3969 in
1750 3914 1835 3970 his
1862 3929 1995 3970 cou-

418 4002 585 4058 cludit
608 4003 795 4059 dicens
820 4022 834 4059 :

489 4094 868 4167 Assumptaque
913 4096 1165 4171 parabola
1208 4114 1308 4153 sua
1330 4139 1347 4163 ,
1396 4099 1584 4152 iterum
1627 4098 1833 4153 locutus
1874 4108 1948 4153 est
1972 4115 1991 4153 :

418 4184 575 4238 Heu!
601 4185 717 4255 quis
744 4186 971 4242 victurus
1000 4196 1098 4254 est,
1125 4188 1335 4259 quando
1364 4190 1465 4243 ista
1487 4188 1644 4258 faciet
1665 4188 1851 4244 Deus?
1904 4187 1995 4244 Ve-

420 4276 558 4330 nient
589 4276 645 4330 in
684 4276 927 4332 trieribus
954 4274 1020 4333 de
1048 4277 1230 4344 Italia,
1272 4281 1587 4351 superabunt
1614 4280 1877 4352 Assyrios,
1904 4297 1995 4336 va-

417 4365 624 4419 stabant
671 4364 952 4433 Hebrteos,
1001 4368 1070 4423 ad
1096 4377 1380 4424 extremum
1407 4380 1579 4426 autem
1602 4373 1700 4442 ipsi
1726 4373 1983 4443 peribunt.

418 4453 569 4520 Quod
599 4470 696 4524 per
737 4457 942 4527 singula
979 4473 1078 4527 per
1120 4460 1433 4529 parabolam
1479 4461 1624 4532 loqui
1659 4464 1855 4519 dicitur
1877 4462 1984 4519 Ba-

417 4545 580 4611 laam,
629 4547 827 4617 legenti
863 4549 1057 4603 incutit
1095 4550 1379 4618 pudorem,
1412 4553 1631 4623 nequid
1657 4554 1711 4607 in
1754 4554 1839 4609 his
1866 4570 1987 4624 qua:

419 4639 690 4700 dicuntur,
718 4653 825 4693 non
849 4638 1004 4706 quasi
1029 4638 1083 4692 in
1105 4639 1379 4708 parabole,
1415 4640 1509 4694 scd
1533 4643 1824 4696 secundum
1844 4642 1989 4698 litte-

421 4742 536 4779 ram
562 4726 762 4780 dictum
787 4735 954 4797 putet.
983 4726 1075 4781 Ait
1100 4741 1229 4798 ergo
1253 4745 1268 4783 :
1299 4728 1343 4784 Ο
1368 4728 1491 4797 quis
1520 4729 1662 4784 vivet
1700 4744 1823 4784 cum
1848 4728 1990 4785 fece-

419 4816 490 4868 rit
517 4815 631 4868 harc
656 4815 837 4870 Deus?
886 4816 984 4871 Hic
1010 4818 1175 4871 vitam
1205 4833 1310 4873 non
1335 4819 1475 4873 hanc
1502 4832 1861 4882 communem,
1892 4819 1988 4873 sed

420 4903 566 4967 Illam
590 4902 830 4956 nominat
856 4919 975 4974 quae
1013 4906 1245 4962 secunda
1271 4915 1373 4961 est.
1404 4906 1471 4960 Et
1504 4907 1609 4961 hoc
1635 4915 1718 4960 est
1745 4910 1889 4976 quod
1911 4908 1991 4962 di-

419 4995 516 5058 cit,
550 4992 675 5063 quia
702 4992 826 5047 dum
853 4993 967 5050 haec
1002 4996 1182 5050 omnia
1223 4995 1375 5061 ﬁent,
1407 5012 1530 5051 eum
1560 4997 1764 5051 orietur
1784 5006 1989 5052 astrum

419 5100 484 5142 ex
510 5080 694 5146 Jacob,
742 5089 796 5141 et
816 5086 1116 5142 surrexerit
1133 5085 1293 5139 homo
1318 5085 1382 5139 de
1405 5084 1568 5141 lsrael
1586 5126 1602 5150 ,
1651 5095 1706 5140 et
1734 5087 1992 5143 deleverit

417 5174 674 5240 Amalec,
716 5181 773 5228 et
805 5189 987 5229 semen
1036 5173 1154 5243 ejus
1195 5175 1522 5244 perdiderit,
1565 5176 1670 5230 hoc
1712 5184 1813 5242 est,
1863 5194 1984 5233 cum

419 5266 699 5325 advenerit
728 5264 994 5331 Christus,
1034 5274 1088 5320 et
1121 5265 1386 5320 idolorum
1415 5265 1616 5320 cultum
1640 5268 1986 5334 destruxerit,

420 5367 582 5427 atque
642 5357 879 5413 omnium
940 5357 1242 5412 dzemonum
1296 5354 1585 5422 subiecerit
1642 5367 1984 5426 potestatem,

421 5448 540 5515 quis
567 5449 673 5503 erit
700 5447 789 5503 ille
818 5455 929 5501 tam
955 5446 1161 5510 beatus,
1194 5453 1303 5501 tam
1342 5443 1492 5511 felix,
1524 5446 1615 5515 qui
1651 5447 1767 5501 lucc
1791 5448 1987 5515 videat,

423 5537 525 5592 hoc
547 5546 654 5603 est,
690 5539 783 5608 qui
810 5540 1007 5593 sentiat
1032 5546 1086 5591 et
1114 5536 1377 5607 intelligat
1405 5543 1459 5590 et
1482 5536 1684 5600 credat,
1728 5538 1853 5605 quia
1876 5538 1990 5593 haec

422 5627 499 5687 ita
543 5626 725 5682 fecerit
758 5628 942 5684 Deus?
994 5628 1218 5683 Venient
1245 5627 1299 5682 in
1333 5625 1585 5682 trieribus
1610 5627 1674 5683 de
1704 5626 1873 5697 italia,
1902 5644 1990 5683 su-

2013 4422 2067 4481 D

2089 1841 2233 1895 hunc
2258 1840 2435 1894 locum
2481 1839 2561 1893 sic
2589 1838 2795 1893 habet:
2846 1833 3079 1888 Exibunt
3117 1832 3182 1885 de
3226 1830 3468 1884 manibus
3515 1829 3680 1883 Citio—

2091 1946 2228 1995 rum,
2268 1938 2316 1983 et
2343 1929 2565 2000 aﬂligent
2590 1926 2856 1997 Assyrios.
2902 1922 3029 1979 Citii
3073 1922 3500 1991 interpretantur
3521 1918 3680 1988 plaga

2089 2021 2230 2090 ﬁnis.
2258 2021 2324 2075 lli
2352 2035 2481 2091 ergo
2508 2021 2599 2089 qui
2624 2017 2874 2075 conversi
2900 2017 2970 2071 ad
3000 2015 3283 2070 Dominum
3314 2022 3371 2066 et
3397 2028 3429 2065 a
3458 2011 3680 2066 Christo

2091 2112 2310 2176 eruditi,
2349 2110 2563 2181 plagam
2591 2125 2712 2179 quae
2740 2110 2795 2162 in
2821 2107 2926 2163 ﬁne
2951 2104 3133 2162 saeculi
3174 2104 3355 2174 impiis
3383 2103 3573 2157 veniet
3605 2101 3681 2156 ef-

2091 2202 2325 2274 fugiunt,
2379 2202 2480 2273 ipsi
2531 2201 2770 2273 alliigent
2810 2200 3065 2270 Assyrios
3109 2217 3121 2251 :
3174 2199 3278 2252 hoc
3324 2204 3431 2263 est,
3482 2197 3542 2251 hi
3594 2193 3681 2266 qui

2092 2295 2146 2350 in
2194 2307 2364 2365 agone
2392 2293 2605 2363 pietatis
2629 2292 2791 2361 positi
2827 2298 3111 2347 conterent
3150 2286 3408 2343 Satanam
3454 2287 3562 2341 sub
3593 2301 3683 2355 pe-

2091 2385 2270 2450 dibus,
2303 2384 2403 2454 ipsi
2424 2381 2661 2454 atiligent
2681 2382 2948 2453 Assyrios,
2983 2380 3285 2435 daemonum
3312 2377 3525 2433 scilicet
3551 2393 3682 2448 gen-

2090 2484 2221 2530 tem.
2275 2473 2572 2530 Caleabunt
2599 2488 2832 2543 namque
2867 2488 3029 2543 super
3054 2481 3331 2542 serpentes
3356 2478 3411 2524 et
3437 2470 3683 2540 scorpio-

2090 2581 2207 2632 nes,
2239 2574 2296 2622 et
2316 2581 2481 2638 super
2512 2580 2729 2621 omnem
2767 2565 3022 2619 virtutem
3050 2562 3299 2627 inimici;
3354 2570 3411 2616 et
3448 2558 3684 2630 aﬁligent

2090 2656 2368 2723 Hebraeos,
2404 2665 2462 2712 et
2489 2657 2587 2726 ipsi
2618 2656 2825 2726 pariter
2850 2654 3124 2725 peribunt.
3158 2653 3371 2708 Hebraei
3403 2662 3685 2706 transeun-

2090 2758 2166 2803 tes
2195 2747 2636 2817 interpretantur.
2686 2744 2794 2800 lste
2817 2758 2948 2814 ergo
2975 2743 3089 2815 ipse
3116 2742 3345 2813 populus
3393 2742 3565 2796 etiam
3590 2740 3686 2796 lle-

2091 2835 2268 2891 hrteus
2292 2834 2508 2901 dicitur,
2532 2834 2658 2903 quia
2689 2833 2883 2887 transit
2916 2832 2983 2887 de
3011 2830 3243 2903 IEgypto
3271 2830 3338 2884 ad
3363 2837 3571 2885 terram
3604 2845 3685 2883 re-

2093 2925 2486 2997 promissionis,
2519 2922 2587 2978 de
2616 2921 2853 2977 tenebris
2880 2923 2947 2977 ad
2969 2920 3166 2986 lucem,
3195 2918 3263 2974 de
3289 2928 3468 2974 morte
3513 2918 3584 2972 ad
3605 2917 3685 2971 vi-

2095 3025 2226 3071 tam.
2263 3014 2368 3071 Sed
2396 3013 2652 3084 quoniam
2676 3013 2812 3077 lucc,
2842 3020 2903 3066 ut
2923 3009 3180 3075 diximus,
3210 3024 3316 3064 non
3344 3008 3465 3062 sine
3487 3022 3679 3079 agone,

2094 3122 2202 3162 non
2227 3107 2344 3162 sine
2372 3120 2565 3174 magno
2590 3103 2887 3159 certamine
2915 3101 3115 3171 poterit
3145 3099 3416 3165 obtinere,
3443 3099 3601 3167 quasi
3631 3098 3683 3150 in

2093 3214 2264 3268 agone
2300 3200 2502 3268 potius,
2545 3212 2689 3252 nunc
2714 3194 2918 3268 atﬂigit,
2949 3209 3092 3249 nunc
3120 3191 3411 3263 aﬁligitur;
3455 3200 3513 3246 et
3541 3205 3684 3245 nunc

2093 3290 2251 3344 caedit
2295 3288 2703 3354 adversarium,
2747 3302 2892 3342 nunc
2939 3286 3056 3357 ipse
3084 3286 3151 3340 ab
3205 3285 3523 3339 adversario
3552 3297 3679 3337 ver-

2092 3380 2331 3435 beratur.
2372 3378 2619 3450 Atiligent
2649 3394 2777 3449 ergo
2813 3379 2915 3448 ipsi
2951 3378 3115 3433 etiam
3158 3376 3368 3447 Assyrii
3398 3375 3678 3437 Hebrmos,

2092 3469 2197 3523 hoc
2233 3476 2336 3533 est,
2367 3468 2621 3538 pupulum
2650 3468 2767 3534 Dei,
2801 3469 2939 3522 sicut
2971 3465 3275 3538 amiguntur
3323 3467 3392 3520 ab
3431 3468 3533 3523 eis.
3568 3465 3677 3522 Sed

2091 3559 2214 3630 ipsi,
2256 3559 2312 3615 id
2336 3568 2443 3624 est,
2473 3558 2704 3630 Assyrii,
2744 3574 2868 3614 cum
2896 3559 3011 3613 haec
3039 3557 3285 3621 fecerint,
3313 3565 3510 3612 etcum
3535 3559 3680 3615 vires

2094 3663 2221 3703 suas
2245 3662 2434 3703 omnes
2465 3661 2591 3719 erga
2612 3646 2868 3702 Hebraeos
2889 3644 3197 3718 atlligendos
3223 3645 3533 3709 elfuderint,
3565 3656 3677 3702 sta-

2093 3740 2192 3795 tim
2220 3740 2383 3795 etiam
2402 3738 2662 3815 peribunt
2689 3739 2809 3809 ipsi.
2842 3737 2994 3804 Quod
3030 3753 3159 3809 ergo
3200 3737 3314 3791 ait:
3347 3735 3417 3790 Et
3451 3738 3679 3809 affligant

2093 3827 2366 3895 Hebraaos,
2415 3840 2466 3887 et
2515 3827 2616 3898 ipsi
2651 3828 2849 3897 pariter
2881 3826 3144 3897 peribunt,
3174 3842 3283 3881 non
3303 3827 3379 3881 ita
3410 3827 3680 3895 accipien-

2092 3919 2219 3974 dum
2265 3928 2349 3974 est
2373 3960 2388 3985 ,
2440 3920 2596 3990 quasi
2649 3919 2853 3989 pariter
2890 3934 3015 3973 cum
3049 3917 3292 3975 Hebraeis
3323 3919 3584 3989 peribunt
3625 3927 3680 3975 et

2089 4010 2297 4081 Assyrii
2322 4024 2337 4073 ;
2368 4008 2462 4063 sed
2489 4008 2713 4078 pariter,
2748 4007 2803 4062 id
2834 4015 2941 4073 est,
2970 4006 3155 4063 statim
3182 4014 3243 4060 ut
3276 4007 3391 4061 haec
3418 4005 3673 4071 fecerint,

2091 4110 2151 4156 ut
2182 4101 2437 4156 Hebraeos
2470 4099 2779 4164 alllixerint,
2810 4100 2974 4153 etiam
3018 4098 3118 4168 ipsi
3159 4098 3434 4168 peribunt.
3467 4097 3678 4153 Pariter

2090 4191 2234 4247 enim
2258 4188 2480 4244 Graecus
2513 4203 2691 4245 sermo
2715 4204 2816 4258 pro
2844 4189 3022 4244 statim
3063 4188 3235 4258 ponit.
3285 4187 3386 4243 llic
3419 4203 3554 4260 ergo
3576 4189 3678 4243 erit

2090 4281 2214 4336 linis
2238 4279 2476 4336 omnium
2507 4287 2567 4334 ut
2586 4288 2640 4334 et
2664 4278 2855 4346 Assur,
2881 4280 2969 4334 cui
2998 4279 3360 4335 credebantur
3385 4280 3442 4334 hi
3471 4280 3568 4350 qui
3590 4279 3676 4335 de

2091 4375 2401 4445 linquebant
2429 4388 2496 4429 es
2519 4372 2718 4444 populo
2741 4372 2859 4438 Dei,
2889 4373 2975 4429 vel
3006 4374 3059 4427 in
3082 4373 3359 4427 interitum
3390 4374 3598 4439 carnis,
3623 4381 3677 4430 ut

2092 4466 2317 4536 spiritus
2366 4463 2549 4520 salvus
2594 4462 2709 4528 ﬁat,
2759 4462 2845 4517 vel
2877 4470 2939 4517 ut
2972 4463 3246 4519 discerent
3281 4478 3390 4518 non
3428 4463 3676 4533 blasphe-

2092 4569 2260 4609 mare.
2289 4552 2495 4608 Periblt
2519 4552 2665 4608 enim
2697 4552 2813 4622 ipse
2834 4553 2902 4608 ab
2922 4566 3004 4615 eo,
3047 4553 3138 4621 qui
3162 4559 3488 4623 potestatem
3517 4554 3676 4609 habet

2090 4644 2317 4713 perdere
2356 4643 2410 4698 in
2437 4643 2758 4715 gehennam.
2807 4641 3017 4697 Dicitur
3049 4642 3195 4697 enim
3240 4642 3319 4698 eis
3348 4656 3379 4695 a
3407 4640 3560 4709 justo
3593 4641 3675 4708 juo

2091 4732 2250 4787 dice:
2293 4732 2376 4788 Ite
2395 4735 2451 4789 in
2488 4734 2659 4804 ignem
2688 4743 2962 4799 teternum,
3007 4750 3157 4804 quem
3183 4734 3506 4804 praeparavit
3538 4733 3674 4788 Deus

2091 4823 2299 4878 diabolo
2318 4834 2368 4879 et
2397 4824 2595 4896 angelis
2633 4825 2747 4895 ejus
2773 4823 2986 4897 (Matth.
3019 4825 3169 4897 xxv).
3226 4825 3304 4880 Ibi
3331 4840 3460 4896 ergo
3481 4827 3675 4895 peribit

2088 4912 2275 4968 Assur.
2327 4913 2394 4967 Et
2421 4914 2638 4984 quidem
2689 4922 2850 4984 prout
2879 4913 3172 4983 aliquando
3218 4921 3273 4969 et
3301 4929 3407 4967 una
3440 4915 3563 4969 ovis
3609 4930 3671 4968 ex

2088 5011 2303 5060 centum
2327 5005 2538 5070 ovibus,
2571 5005 2664 5060 sed
2690 5005 2829 5061 hanc
2857 5021 3016 5061 ovem
3044 5015 3232 5077 pastor
3271 5008 3448 5061 bonus
3473 5007 3670 5062 relictis

2090 5093 2376 5161 nonaginta
2418 5108 2611 5148 novem
2657 5095 2849 5152 ovibus
2897 5095 2950 5148 in
2981 5097 3293 5161 montibus,
3335 5097 3672 5152 descendens

2090 5182 2158 5235 ad
2184 5182 2376 5236 vallem
2397 5223 2411 5247 ,
2442 5183 2583 5237 hanc
2610 5193 2850 5239 nostram
2872 5184 3063 5239 vallem
3095 5184 3483 5257 laerymarum,
3515 5195 3570 5240 et
3598 5199 3673 5239 re-

2091 5272 2309 5339 quirens
2354 5272 2578 5337 invenit,
2628 5280 2789 5343 atque
2824 5274 3131 5344 impositam
3178 5276 3419 5330 humeris
3446 5276 3563 5330 suis
3592 5290 3671 5329 re-

2091 5361 2345 5429 portavit,
2375 5369 2431 5414 et
2476 5360 2553 5415 illi
2587 5376 2833 5427 numero,
2863 5364 2956 5431 qui
2999 5363 3051 5416 in
3076 5364 3447 5432 superioribus
3494 5364 3670 5419 salvus

2093 5451 2375 5515 manebat,
2414 5450 2675 5522 atijunxit.
2729 5452 2835 5507 Iste
2884 5460 3064 5506 autem
3093 5452 3304 5517 Assur,
3344 5453 3437 5523 qui
3481 5452 3538 5507 in
3569 5452 3668 5507 line

2091 5538 2329 5593 omnium
2382 5540 2578 5595 dicitur
2632 5541 2946 5610 periturus,
2998 5542 3184 5597 nescio
3238 5542 3535 5612 aliquando
3578 5548 3666 5597 aut

2093 5629 2258 5699 (μιξετί
2284 5630 2474 5699 possit,
2526 5640 2612 5686 aut
2654 5632 2903 5689 inveniri.
2952 5632 3101 5689 Perit
3131 5648 3259 5705 ergo
3307 5649 3419 5692 non
3460 5647 3661 5702 errore,
