3932 6188
334 305 436 364 765

1040 305 1574 366 ENARBATIONES
1614 310 1677 365 IN
1717 311 1976 368 LIBRUM
2026 315 2491 374 NUMERORUM.
2523 351 2588 362 -——
2629 323 2758 379 LIB.
2787 319 2895 380 Πῐέ

3484 317 3587 384 766

329 425 424 481 sed
466 422 709 490 judicio;
769 435 868 474 nec
916 419 1066 489 lapsu
1109 428 1321 485 motus,
1371 422 1465 477 sed
1510 423 1910 492 perseverantia
1939 427 1986 485 Α
2029 438 2300 484 curentur.
2330 431 2470 500 Ergo
2504 437 2834 501 temporibus
2887 437 3115 496 Joannis
3173 445 3400 510 apostoli
3431 452 3586 497 erant

329 517 656 588 perduratus
669 562 672 566 .

355 696 358 698 ⁷
401 688 742 758 Surrexitque
790 685 1015 741 Balaam
1041 727 1054 751 ,
1112 696 1159 741 et
1229 705 1460 744 reversus
1520 701 1594 744 est
1637 692 1693 744 in
1738 690 1910 746 locum

325 795 507 831 suum.
555 776 623 830 Et
660 775 824 830 Balac
869 777 951 832 via
993 793 1098 846 qua
1142 789 1348 833 venerat
1392 780 1565 833 rediit.
1617 780 1909 850 Postquam

327 869 550 922 Balaam
585 867 922 937 prophetiam
949 883 1100 922 suam
1142 868 1376 933 ﬁnierat,
1407 871 1602 924 reverti
1629 869 1826 924 dicitur
1854 870 1907 924 in

325 959 508 1012 locum
537 952 714 1021 suum,
762 968 814 1010 et
841 956 1002 1012 Balac
1037 959 1124 1011 via
1151 974 1256 1026 qua
1282 967 1505 1013 venerat
1551 960 1762 1024 redire;
1809 974 1908 1014 nec

323 1047 530 1116 aliquid
559 1046 731 1102 hocin
758 1047 878 1101 loco
906 1046 973 1100 de
1001 1045 1116 1113 ejus
1143 1047 1367 1102 consilio
1396 1049 1523 1102 dato
1546 1049 1612 1102 ad
1634 1047 1906 1117 decipien-

323 1138 452 1191 dum
485 1137 647 1191 lsrael
674 1145 881 1200 narrat,
922 1136 1014 1190 sed
1047 1136 1419 1192 tantummodo
1443 1137 1593 1200 dicit,
1633 1139 1772 1207 quod
1805 1154 1902 1207 ap-

321 1227 604 1296 plieuisset
654 1226 820 1280 Israel
871 1226 923 1279 in
953 1224 1180 1289 Scthim,
1217 1235 1272 1278 et
1317 1224 1548 1294 pollutus
1578 1227 1646 1280 sit
1676 1227 1905 1295 populus

321 1317 600 1371 fornicans
627 1316 846 1370 in‘ﬁlias
875 1315 1029 1370 Moab
1055 1355 1070 1379 ,
1114 1330 1234 1384 qua:
1251 1324 1580 1369 vocaverunt
1606 1331 1699 1370 eos
1726 1316 1791 1370 ad
1818 1332 1904 1370 sa-

244 1389 250 1392 ·
320 1405 526 1460 criﬁcia
556 1406 822 1460 idolorum
845 1420 1066 1460 suorum
1089 1422 1103 1470 ;
1137 1412 1190 1458 et
1218 1405 1560 1459 manducavit
1585 1406 1815 1475 populus
1837 1407 1903 1461 de

319 1496 609 1550 sacriﬁciis
637 1510 821 1550 eorum
850 1535 864 1560 ,
898 1502 954 1548 et
995 1495 1358 1548 adoraverunt
1392 1495 1532 1550 idola
1573 1511 1782 1549 eorum.
1836 1495 1903 1550 Et

317 1593 674 1640 consecratus
721 1593 804 1639 est
831 1583 1179 1654 Beelphegor,
1225 1591 1278 1637 et
1325 1584 1494 1638 iratus
1535 1592 1616 1639 est
1641 1584 1902 1640 Dominus

317 1675 508 1731 furore
551 1683 738 1730 contra
774 1673 959 1728 Israel.
1007 1673 1062 1726 lu
1107 1674 1192 1727 his
1243 1675 1544 1729 ostenditur
1592 1675 1722 1729 illud
1757 1676 1900 1744 quod

2029 519 2254 588 quidam
2289 521 2341 575 in
2389 523 2626 579 Ecclesia
2667 526 2755 580 illa
2812 529 2878 582 ad
2935 544 3096 598 quam
3160 530 3448 596 scribebat,
3489 534 3587 586 do-

2021 627 2206 670 centes
2238 617 2534 694 doctrinam
2569 619 2808 678 Balaam.
2865 622 3100 681 Putasne
3126 626 3198 679 ita
3217 627 3584 694 accipiendum

2013 699 2113 756 est,
2143 693 2286 762 quod
2311 692 2512 748 fuerint
2538 696 2592 749 in
2619 695 2723 751 illis
2760 698 2983 765 diebus,
3020 703 3112 770 qui
3141 692 3383 760 dicerent
3407 723 3464 762 se
3491 710 3585 766 do—

2013 798 2137 837 cere
2161 799 2226 838 ea
2256 801 2376 854 quae
2403 785 2623 842 Balaam
2653 789 2865 856 docuit,
2909 800 2964 847 et
3003 796 3095 863 qui
3123 797 3501 864 proﬁterentur
3525 817 3584 856 se

2013 875 2318 944 dogmatum
2358 886 2413 932 et
2441 880 2790 936 traditionum
2833 883 2975 939 illius
3017 902 3138 941 esse
3176 889 3466 943 doctores?
3500 891 3583 944 An

2013 963 2139 1019 illud
2165 966 2343 1034 potius
2371 968 2628 1024 debemus
2665 972 2975 1039 advertere,
3007 977 3150 1046 quod
3195 977 3239 1030 si
3289 979 3381 1047 qui
3419 980 3586 1034 faciat

2009 1069 2142 1125 Opus
2171 1059 2314 1127 quod
2339 1057 2469 1114 fecit
2494 1059 2732 1124 Balaam,
2755 1063 2800 1117 is
2827 1065 3127 1121 doctrinam
3155 1067 3368 1122 Balaam
3389 1070 3584 1125 docere

2010 1147 2296 1201 videatur?
2335 1148 2486 1204 Sicut
2510 1158 2565 1204 et
2590 1152 2827 1207 doctrina
2865 1154 3080 1210 Jezabel
3109 1158 3161 1211 in
3188 1160 3373 1213 eadem
3405 1161 3583 1216 Reve-

2008 1234 2208 1291 latioue
2241 1249 2590 1305 memoratur,
2638 1259 2745 1296 non
2790 1260 2898 1314 quo
2927 1246 3123 1316 aliquis
3169 1265 3236 1304 ex
3286 1251 3585 1321 disciplinis

2005 1324 2219 1382 Jezabel
2252 1329 2441 1384 doceat
2467 1347 2587 1400 quae
2614 1333 2701 1386 illa
2747 1334 3058 1402 tradiderit,
3096 1340 3190 1393 sed
3215 1343 3358 1408 quod
3387 1343 3430 1396 si
3461 1345 3584 1411 quis

2007 1418 2156 1471 verbi
2200 1433 2363 1473 causa
2405 1430 2496 1474 aut
2528 1423 2815 1491 prophetas
2856 1425 2947 1478 Dei
2995 1437 3351 1497 persequatur
3393 1441 3451 1485 ut
3491 1433 3581 1485 illa

2006 1505 2158 1572 facit,
2175 1517 2269 1563 aut
2289 1509 2445 1565 idolis
2468 1511 2677 1581 aliquos
2699 1513 2949 1583 decipiat,
2965 1517 3048 1571 vel
3071 1517 3221 1573 falsis
3247 1521 3584 1576 circumscri-

2005 1598 2278 1666 ptionibus
2320 1601 2551 1669 perimat
2590 1604 2936 1671 innocentes,
2978 1607 3080 1660 iste
3125 1609 3325 1664 dicitur
3364 1609 3583 1666 Iezabel

2006 1694 2191 1741 tenere
2213 1686 2535 1743 doctrinam.
2575 1689 2666 1745 Sic
2693 1706 2822 1762 ergo
2853 1702 2909 1748 et
2938 1695 2982 1749 si
3011 1697 3131 1764 quis
3157 1698 3313 1752 malis
3341 1700 3582 1755 consiliis

317 1782 465 1836 szepe
492 1765 906 1821 memoravimus
933 1784 945 1818 :
985 1765 1110 1834 quia
1157 1765 1372 1820 Balaam
1410 1776 1756 1837 posteaquam
1804 1769 1900 1822 Dei
1931 1764 1975 1823 Β
2004 1775 2254 1829 scandala
2283 1787 2500 1847 generet
2532 1780 2725 1851 populo
2746 1783 2864 1849 Dei,
2891 1793 2945 1838 et
2969 1785 3318 1842 oﬁ‘ensionem
3345 1789 3580 1844 divinam

317 1861 522 1914 virtute
553 1857 916 1924 constrictus,
967 1873 1073 1912 non
1119 1866 1205 1912 est
1233 1858 1530 1927 permissus
1577 1860 1899 1915 maledicere

315 1946 509 2011 Israel,
548 1946 729 2000 volens
761 1957 937 2000 tamen
963 1945 1177 2014 placere
1198 1946 1311 2016 regi
1349 1946 1530 2011 Balac,
1561 1947 1638 2000 ait
1665 1946 1732 2000 ad
1776 1962 1898 2001 eum

314 2035 461 2089 sicut
485 2037 744 2104 scriptum
783 2044 900 2089 est:
949 2033 1096 2101 Veni,
1120 2035 1394 2089 consilium
1417 2036 1484 2090 do
1514 2036 1646 2101 tibi;
1682 2045 1737 2090 et
1770 2036 1898 2107 quid

313 2124 529 2178 consilii
604 2123 852 2183 dederit.
925 2123 1000 2178 ibi
1061 2140 1167 2180 non
1222 2125 1460 2195 aperuit.
1527 2125 1581 2178 In
1637 2126 1900 2195 posterio-

313 2213 468 2266 ribus
522 2221 698 2266 lamen
756 2213 910 2268 istius
947 2213 1068 2269 libri
1106 2213 1464 2269 Numerorum
1503 2216 1760 2284 scriptum
1816 2231 1900 2271 re-

313 2303 529 2368 fertur,
585 2304 677 2358 sed
723 2303 934 2372 plenius
977 2304 1031 2358 in
1075 2305 1404 2360 revelatione
1447 2303 1669 2360 Joannis
1719 2324 1732 2358 :
1784 2304 1901 2359 Ha-

311 2393 434 2457 bcs,
496 2393 710 2463 inquit,
764 2394 836 2447 ibi
881 2404 1111 2449 tenentes
1164 2395 1459 2450 doctrinam
1494 2395 1758 2463 Balaam,
1809 2398 1900 2468 qui

308 2481 491 2534 docuit
555 2480 753 2546 Bolae,
815 2491 872 2536 ut
919 2485 1141 2538 mitteret
1197 2483 1506 2538 scandalum
1567 2487 1623 2539 in
1684 2503 1901 2558 conspe-

307 2580 401 2622 ctu
451 2569 682 2637 ﬁliorum
733 2571 935 2638 Israel,
973 2584 1030 2626 ut
1088 2574 1468 2630 manducarent
1508 2576 1664 2631 idolis
1707 2579 1898 2633 immo-

315 2659 452 2724 lata,
481 2671 529 2714 et
554 2661 940 2729 fornicarentur
961 2663 1143 2735 (Apoc.
1170 2664 1253 2736 tt).
1281 2666 1358 2719 Ex
1380 2666 1479 2721 hoc
1501 2681 1630 2737 ergo
1655 2678 1894 2738 apparet,

313 2750 462 2818 quod
493 2752 730 2819 nequitia
763 2768 890 2807 usus
920 2754 990 2808 sit
1022 2754 1268 2820 Balaam,
1294 2765 1354 2810 et
1380 2756 1665 2810 consilium
1692 2757 1899 2812 dederit

314 2840 430 2908 regi
466 2838 587 2892 talia
618 2841 863 2908 quaedam
890 2842 1074 2897 dicens
1112 2844 1179 2898 ad
1216 2859 1337 2897 eum
1363 2865 1377 2898 :
1409 2843 1645 2915 Populus
1674 2846 1760 2899 hic
1789 2861 1895 2901 non

310 2931 552 3000 propriis
575 2932 799 2996 viribus,
830 2933 921 2986 sed
952 2934 1118 2987 Deum
1147 2934 1371 2988 colendo
1393 2937 1580 3001 vincit,
1612 2937 1894 3006 etpudici-

313 3023 446 3076 tiam
480 3025 869 3078 conservando.
904 3021 961 3077 Si
988 3025 1067 3079 vis
1100 3041 1223 3079 cum
1251 3026 1485 3092 vincere,
1512 3027 1688 3096 primo
1707 3043 1893 3082 eorum

309 3117 632 3187 pudicitiam
681 3115 877 3185 dcjice,
919 3126 974 3171 et
1013 3126 1204 3188 sponte
1240 3119 1542 3173 vincentur.
1575 3117 1680 3174 Sed
1702 3120 1893 3175 adver-
1920 3104 1966 3166 (ἶ

314 3221 436 3260 sum
469 3207 584 3260 lucc
621 3223 723 3260 non
753 3208 952 3261 virtute
984 3208 1234 3272 militum,
1259 3209 1351 3262 sed
1382 3208 1669 3263 mulierum
1699 3211 1893 3265 decore

310 3298 660 3367 pugnandum
688 3305 810 3362 est;
854 3313 952 3351 nec
980 3314 1250 3352 armorum
1294 3298 1502 3367 rigore,
1536 3299 1631 3352 sed
1666 3299 1893 3353 mollitie

312 3386 656 3440 feminarum.
687 3385 879 3441 Procul
907 3402 1036 3458 ergo
1068 3388 1219 3452 hinc,
1267 3387 1452 3457 procul
1494 3403 1684 3444 amove
1715 3403 1892 3442 arma-

315 3489 495 3532 torum
523 3495 766 3544 manum,
793 3487 848 3535 et
874 3480 1097 3535 electam
1127 3496 1391 3552 eongrega
1430 3481 1665 3551 speciem
1693 3480 1894 3550 puella-

311 3585 457 3624 rum.
488 3569 756 3626 Ludentes
782 3570 1006 3641 pedibus
1037 3581 1210 3638 erant,
1245 3573 1600 3642 manibusque
1626 3572 1890 3642 plauden-

315 3669 417 3714 tes.
449 3661 645 3715 Forma
683 3662 850 3717 vincit
884 3672 1143 3728 armatos,
1173 3662 1372 3718 ferrum
1410 3665 1755 3734 pulchritudo
1797 3678 1889 3719 ca-

313 3752 506 3820 ptivat.
555 3752 848 3807 Vincentur
893 3769 924 3806 a
974 3755 1181 3822 specie,
1230 3755 1321 3824 qui
1365 3769 1470 3808 non
1499 3754 1789 3808 vincuntur
1824 3753 1892 3808 ad

314 3843 580 3913 praelium.
609 3845 806 3899 Verum
831 3846 920 3901 ubi
949 3846 1215 3900 senserint
1237 3859 1330 3900 eos
1359 3846 1611 3901 mulieres
1646 3845 1892 3902 Moabitae

311 3935 398 3987 vel
422 3935 722 3990 Madianitze
747 3953 938 3992 manus
967 3937 1179 3992 dedisse
1209 3937 1435 4002 libidini,
1467 3947 1520 3991 et
1555 3933 1776 4007 peccato
1803 3938 1888 3991 in-

314 4027 549 4081 clinasse
576 4029 833 4092 cervices,
863 4045 968 4084 non
1005 4030 1153 4098 prius
1197 4030 1515 4099 semetipsas
1553 4031 1890 4100 cupientibus

311 4118 616 4188 praebeant,
646 4135 804 4188 quam
829 4121 893 4174 de
923 4121 1204 4175 sacriﬁciis
1231 4121 1496 4176 idolorum
1521 4122 1890 4191 acquieverth

311 4205 624 4274 degustare,
649 4216 708 4260 ut
732 4218 956 4278 cogente
984 4209 1226 4274 libidine,
1255 4211 1494 4266 consiliis
1518 4212 1890 4281 obtemperent

311 4294 660 4360 feminarum,
688 4305 742 4351 et
767 4306 1150 4352 consecrentur
1177 4299 1328 4368 prius
1356 4299 1708 4370 Beelphegor,
1744 4301 1888 4370 quod

311 4396 392 4438 est
414 4385 614 4439 idolum
637 4387 1002 4456 turpitudinis.
1020 4385 1144 4441 ll;ec
1165 4387 1380 4442 fuerunt
1401 4389 1621 4443 consilia
1648 4390 1882 4443 Balaam.

311 4474 519 4537 Quibus
546 4449 798 4543 accept—is,
816 4475 976 4530 Balac
1000 4492 1094 4530 rex
1116 4486 1270 4546 parat
1289 4479 1544 4533 continuo
1564 4481 1887 4546 exercitum,
1913 4449 1966 4508 Β

312 4581 417 4616 non
451 4565 644 4630 armis,
675 4582 779 4619 non
805 4566 1042 4634 viribus,
1081 4570 1173 4623 sed
1213 4567 1445 4624 femineo
1470 4569 1645 4623 nitore
1672 4584 1889 4638 compo-

310 4655 495 4707 situm.
529 4653 644 4708 Non
674 4645 854 4711 furore
880 4657 1096 4722 bellico,
1127 4657 1221 4712 sed
1248 4657 1485 4713 libidinis
1524 4657 1737 4711 ﬂamma
1768 4674 1890 4714 suc-

309 4759 553 4798 censum.
582 4744 707 4800 Ηιεε
729 4761 858 4816 ergo
883 4755 1008 4802 sunt
1030 4763 1148 4817 (tua),
1166 4763 1264 4802 nos
1287 4749 1528 4802 historise
1555 4756 1734 4802 textus
1761 4751 1888 4804 edo-

307 4834 440 4887 cuit.
479 4833 679 4888 Verum
727 4837 981 4904 quoniam
1024 4835 1255 4890 Joannes
1296 4837 1348 4889 in
1385 4836 1713 4891 rcvelatione
1754 4853 1883 4903 sua,

309 4941 372 4979 ca
421 4943 540 4994 qua:
580 4928 632 4980 in
675 4927 792 4998 lege
839 4931 1132 4984 secundum
1180 4930 1462 4985 historiam
1493 4931 1691 5000 scripta
1723 4939 1883 4994 sunt,

309 5016 530 5070 adducit
558 5018 623 5070 ad
648 5018 905 5088 mysteria
934 5018 1146 5083 divina,
1185 5028 1239 5073 et
1263 5027 1600 5074 sacramenta
1638 5020 1885 5088 quaedam

311 5103 364 5156 in
398 5106 482 5159 bis
515 5105 706 5159 edocet
732 5107 1018 5172 contineri,
1046 5110 1414 5164 necessarium
1451 5111 1612 5164 etiam
1651 5111 1882 5174 videtur,

310 5195 604 5249 secundum
632 5196 774 5264 quod
804 5196 891 5250 ille
917 5199 1104 5263 sensit,
1133 5216 1232 5254 nos
1253 5216 1465 5270 quoque
1492 5202 1559 5256 ab
1585 5201 1674 5256 illo
1703 5202 1883 5256 datam

309 5287 662 5354 expositionis
693 5288 931 5357 regulam
963 5292 1144 5359 sequi,
1195 5302 1249 5346 et
1277 5293 1450 5360 primo
1489 5308 1790 5348 memorare
1819 5309 1883 5346 ea

309 5391 426 5443 qua:
454 5377 524 5431 ad
567 5376 791 5447 gloriam
837 5379 1090 5436 Ecclesia:
1126 5381 1398 5450 cujusdam
1443 5383 1683 5436 scribens
1711 5383 1880 5437 dicit:

313 5464 487 5518 Habes
532 5465 604 5518 ibi
646 5467 918 5537 quosdam,
951 5470 1039 5539 qui
1068 5479 1239 5524 tenent
1284 5471 1575 5523 doctrinam
1613 5470 1836 5523 Balaam
1865 5486 1883 5523 :

309 5555 397 5623 qui
425 5540 601 5608 docuit
621 5555 786 5611 Balac
812 5559 1012 5613 mittere
1036 5560 1344 5614 scandalum
1373 5561 1427 5613 in
1450 5570 1722 5628 conspectu
1747 5560 1883 5627 ﬁlio-

313 5667 425 5705 rum
458 5651 647 5719 Israel,
669 5661 730 5706 ut
753 5651 1128 5709 manducarcut
1153 5654 1306 5710 idolis
1334 5654 1624 5722 immolata,
1649 5669 1693 5709 et
1720 5655 1884 5723 [orni-

2003 1874 2165 1934 atque
2192 1866 2522 1924 iracundiam
2552 1871 2827 1928 caelestem
2854 1888 3110 1946 provocet
3133 1879 3275 1949 plebi
3301 1882 3384 1935 vel
3415 1882 3582 1936 idolo-

2003 1969 2124 2007 rum
2155 1956 2438 2031 sacriﬁciis
2465 1963 2936 2030 communicando,
2960 1967 3042 2021 vel
3068 1970 3268 2037 stupris
3290 1985 3353 2024 ac
3374 1970 3581 2026 libidini

2001 2046 2316 2113 serviendo,
2354 2049 2442 2104 hic
2483 2049 2785 2106 doctrinam
2833 2055 3052 2110 Balaam
3100 2067 3284 2112 tenere
3323 2059 3582 2116 dicendus

2000 2144 2104 2191 est.
2133 2137 2229 2192 Est
2256 2155 2384 2210 ergo
2408 2143 2756 2198 exsecrabilis
2783 2146 2949 2200 etiam
2988 2149 3230 2217 corporis
3263 2147 3574 2205 fornicatio.

2001 2226 2141 2295 Quid
2183 2231 2328 2285 enim
2367 2232 2440 2285 ita
2476 2235 2808 2290 exsecrabile
2844 2251 3006 2304 quam
3047 2238 3302 2307 templum
3333 2239 3427 2293 Dei
3462 2241 3577 2295 vio-

2001 2315 2134 2381 lare,
2164 2332 2226 2372 ac
2257 2319 2441 2374 tollere
2475 2323 2716 2377 membra
2744 2323 2983 2402 Christi,
3019 2338 3076 2382 et
3119 2326 3299 2384 facere
3336 2330 3577 2385 membra

2001 2407 2343 2463 meretricis?
2375 2409 2542 2466 Multo
2582 2422 2762 2468 tamen
2791 2415 2963 2485 magis
2988 2417 3340 2473 exsecrabilis
3375 2427 3460 2474 est
3489 2434 3581 2489 ge-

2000 2497 2200 2554 neralis
2226 2499 2316 2553 illa
2355 2499 2671 2568 foruicatio,
2719 2505 2774 2559 in
2813 2521 2917 2576 qua
2957 2521 3118 2562 omne
3159 2523 3327 2579 genus
3369 2511 3580 2580 peccati

1997 2586 2204 2653 pariter
2221 2589 2545 2644 continetur.
2560 2590 2834 2648 Generalis
2851 2603 3028 2652 autem
3051 2595 3334 2653 fornicatio
3355 2599 3574 2666 dicitur,

1999 2691 2121 2730 cum
2144 2677 2343 2744 anima,
2373 2695 2494 2750 quae
2522 2681 2575 2736 in
2597 2685 2925 2739 consortium
2949 2688 3100 2743 verbi
3123 2689 3218 2744 Dei
3243 2690 3449 2746 adscita
3471 2700 3574 2756 est,

1997 2773 2051 2818 et
2082 2768 2429 2825 matrimonio
2475 2772 2592 2842 ejus
2631 2775 2864 2842 quodam
2906 2778 3065 2832 modo
3097 2779 3321 2842 sociata,
3361 2780 3430 2835 ab
3468 2779 3579 2836 ullo

1998 2854 2104 2908 alio
2127 2855 2322 2920 alieno,
2351 2860 2562 2916 scilicet
2587 2863 2900 2918 adversario
2922 2865 3063 2919 illius
3089 2867 3188 2920 viri
3215 2867 3307 2936 qui
3330 2883 3450 2922 eam
3473 2869 3577 2924 sibi

1998 2944 2300 3013 despondit,
2331 2948 2386 3001 in
2425 2949 2530 3005 ﬁde
2557 2953 2922 3022 corrumpitur
2947 2962 3003 3008 et
3027 2955 3277 3010 violatur.
3317 2957 3414 3012 Est
3447 2973 3576 3030 ergo

1999 3049 2230 3104 sponsus
2255 3045 2309 3090 et
2330 3039 2412 3092 vir
2434 3041 2626 3094 animae
2648 3043 2859 3097 munda:
2880 3052 2935 3097 et
2956 3045 3184 3113 pudicae,
3209 3047 3432 3101 verbum
3456 3047 3574 3114 Dei,

1997 3123 2089 3192 qui
2132 3133 2217 3178 est
2261 3125 2508 3182 Christus
2535 3129 2813 3184 Dominus.
2857 3130 3007 3187 Sicut
3038 3142 3092 3188 et
3126 3134 3417 3203 Apostolus
3445 3137 3578 3192 dicit

1999 3213 2080 3267 vel
2109 3215 2298 3270 scribit
2322 3235 2333 3269 :
2390 3214 2512 3270 Volo
2540 3229 2712 3272 autem
2743 3237 2828 3274 vos
2858 3238 3032 3276 omnes
3062 3226 3152 3276 uni
3189 3226 3296 3280 viro
3323 3228 3574 3296 virginem

1995 3314 2193 3358 castam
2224 3307 2461 3362 exhibere
2488 3308 2716 3364 Christo.
2752 3309 2927 3365 Timeo
2957 3323 3153 3380 autem,
3188 3332 3251 3369 ne
3276 3316 3411 3384 forte
3438 3318 3573 3370 sicut

1994 3412 2202 3466 serpens
2226 3397 2431 3451 seduxit
2455 3397 2622 3452 Evam
2663 3402 2858 3454 astutia
2885 3419 3012 3467 sua,
3051 3403 3123 3456 ita
3169 3415 3575 3474 corrumpantur

1993 3504 2174 3541 sensus
2203 3490 2355 3542 vestri
2381 3507 2414 3542 a
2437 3490 2770 3560 simplicitate
2790 3532 2806 3556 ,
2840 3509 2955 3561 qua:
2995 3503 3069 3547 est
3110 3495 3165 3548 in
3211 3492 3418 3549 Christo
3443 3494 3573 3548 Jesu

1995 3574 2079 3643 (ll
2105 3573 2226 3627 Cor.
2249 3573 2346 3644 XI).
2370 3575 2551 3631 Donec
2577 3577 2741 3647 igitur
2762 3579 2943 3632 anima
2970 3581 3209 3634 adhaeret
3229 3596 3429 3649 sponso
3451 3596 3572 3648 suo,

1993 3672 2049 3718 et
2076 3662 2226 3717 audit
2255 3663 2479 3717 verbum
2511 3665 2661 3734 ejus,
2697 3675 2753 3720 et
2799 3667 2972 3737 ipsum
3001 3668 3412 3737 complectitur,
3455 3671 3574 3726 sine

1993 3754 2155 3809 dubio
2195 3753 2264 3810 ab
2307 3756 2422 3824 ipso
2460 3757 2687 3827 suscipit
2715 3773 2898 3812 semen
2921 3760 3145 3814 verbum
3176 3760 3292 3814 Dei.
3324 3761 3392 3815 Et
3430 3763 3574 3818 sicut

1992 3830 2083 3887 ille
2109 3831 2242 3886 dixit
2274 3846 2288 3886 :
2320 3829 2393 3884 De
2426 3829 2611 3886 timore
2638 3840 2752 3896 tuo,
2779 3830 3020 3900 Domine,
3045 3839 3104 3888 in
3127 3845 3301 3890 ventre
3321 3839 3561 3907 concepi-

1992 3938 2108 3975 mus
2147 3931 2194 3975 et
2213 3922 2611 3991 parturivimus,
2631 3932 2681 3976 et
2702 3939 2794 3990 per
2816 3926 3059 3993 spiritum
3085 3929 3277 3983 salutis
3301 3939 3404 3984 tua:
3428 3931 3559 4000 feri-

1993 4031 2110 4068 mus
2145 4030 2301 4082 super
2336 4023 2506 4068 terras
2539 4013 2863 4086 (Isa.xxvt).
2893 4015 2947 4072 Si
2974 4033 3100 4088 ergo
3118 4021 3202 4075 sic
3246 4022 3310 4076 de
3343 4022 3560 4080 Christo

2000 4106 2247 4176 concepit
2279 4106 2626 4170 anima,facit
2655 4109 2791 4164 ﬁlios
2815 4125 2910 4179 pro
2927 4112 3124 4181 quibus
3152 4113 3366 4168 dicatur
3389 4117 3557 4184 deeo,

2000 4202 2122 4268 quia
2153 4198 2300 4251 Salva
2319 4200 2417 4253 erit
2437 4213 2529 4266 per
2550 4200 2780 4253 ﬁliorum
2800 4204 3222 4270 generationem,
3243 4206 3285 4258 si
3306 4221 3563 4274 perman-

2002 4291 2198 4344 seritin
2215 4291 2320 4344 ﬁde
2334 4301 2388 4344 et
2405 4291 2665 4345 cbaritate
2684 4306 2804 4345 cum
2824 4293 2941 4345 sobt
2957 4291 3140 4348 ietate.
3163 4294 3290 4350 inde
3311 4307 3563 4353 nascetur

2003 4395 2262 4448 generosa
2295 4382 2618 4451 progenies;
2653 4381 2781 4437 inde
2831 4383 3092 4451 pudicitia
3149 4386 3390 4455 orietur;
3436 4391 3564 4446 inde

2001 4473 2206 4542 iustitia
2229 4512 2244 4538 ,
2277 4472 2405 4526 inde
2428 4477 2778 4529 mansuetudo
2795 4487 2845 4530 et
2864 4475 3122 4543 charitas,
3141 4485 3302 4550 atque
3321 4483 3564 4537 omnium

2005 4564 2262 4617 virtutum
2281 4561 2458 4632 proles
2477 4565 2787 4618 veneranda
2818 4566 3086 4623 succedet.
3117 4567 3270 4636 Quod
3302 4573 3346 4625 si
3376 4571 3564 4628 infelix

2003 4655 2178 4707 anima
2202 4652 2532 4720 diviniiverbi
2549 4655 2894 4724 dereliquerit
2913 4671 3097 4713 saneta
3117 4661 3408 4728 connubia,
3439 4673 3492 4718 et
3511 4665 3565 4719 iu

2004 4745 2340 4800 adulterinos
2359 4761 2418 4800 se
2439 4748 2752 4816 complexus
2773 4748 2994 4815 diaboli,
3017 4750 3570 4822 aliorumqucdzctno-

2007 4853 2132 4890 num
2149 4837 2418 4892 illecebris
2433 4838 2653 4905 derepta
2673 4838 2952 4894 tradiderit
2968 4845 3246 4910 generabit
3268 4846 3384 4900 sine
3403 4847 3568 4902 dubio

2005 4931 2166 4983 etiam
2195 4931 2316 4982 inde
2347 4927 2506 4992 ﬁlios,
2536 4930 2630 4984 Sed
2663 4931 2780 4984 illos
2820 4931 2885 4985 de
2912 4935 3111 5001 quibus
3143 4936 3403 5003 scriptum
3434 4949 3518 4991 est
3549 4954 3564 4987 :

2006 5014 2140 5068 Filii
2169 5029 2337 5069 autem
2364 5017 2722 5072 adulterorum
2755 5020 3048 5090 imperfecti
3075 5035 3249 5090 erunt,
3293 5033 3342 5078 et
3375 5025 3436 5078 ab
3468 5027 3569 5080 ini-

1983 5127 2085 5180 quo
2115 5110 2386 5164 concubitu
2413 5126 2582 5164 semen
2602 5109 3031 5163 exterminabitur
3057 5107 3205 5180 (Sap.
3237 5105 3341 5174 ιιι).
3367 5104 3558 5164 Omnia

1985 5216 2113 5270 ergo
2140 5209 2384 5269 peccata,
2407 5199 2500 5253 ﬁlii
2522 5207 2646 5254 sunt
2669 5199 2941 5263 adulterii,
2967 5205 3020 5252 et
3045 5198 3136 5250 ﬁlii
3160 5193 3553 5250 fornicationis.

1988 5293 2140 5348 Unde
2166 5292 2465 5347 ostenditur
2491 5291 2633 5359 quod
2659 5305 2754 5358 per
2779 5289 2987 5357 singula
3017 5301 3242 5356 quaeque
3271 5298 3391 5352 qua!
3412 5281 3556 5350 geri-

1987 5397 2126 5446 mus,
2158 5383 2296 5450 parit
2328 5383 2506 5435 anima
2527 5390 2711 5435 nostra
2733 5389 2787 5433 et
2807 5386 3029 5446 generat
3055 5376 3212 5439 ﬁlios,
3245 5388 3431 5427 sensus
3453 5370 3557 5426 sci-

1984 5471 2112 5525 licet
2131 5478 2185 5524 et
2207 5486 2371 5540 Opera
2399 5486 2517 5539 qua:
2545 5471 2702 5540 gerit.
2752 5469 2819 5522 Et
2864 5465 3127 5535 siquidem
3159 5461 3455 5516 secundum
3481 5461 3561 5516 le-

1985 5577 2106 5632 gem
2136 5570 2219 5615 cst
2250 5562 2390 5630 quod
2415 5561 2578 5631 geris,
2607 5568 2663 5614 et
2688 5557 2982 5614 secundum
3018 5554 3241 5607 verbum
3272 5552 3367 5607 Dei
3397 5551 3561 5621 spiri-

1988 5663 2098 5708 tum
2121 5653 2260 5722 parit
2283 5653 2486 5719 salutis,
2508 5661 2560 5705 et.
2587 5657 2867 5720 propterea
2893 5641 3187 5699 salvabitur
3206 5656 3302 5711 per
3326 5639 3556 5697 ﬁliorum
