3932 6188
392 330 494 386 767

1071 324 1129 379 Β.
1170 321 1420 379 BABANI
1458 319 1677 378 MAURI
1710 318 2027 376 ARCHIEP.
2068 314 2379 372 MOGUNT.
2421 312 2705 370 OPERUM
2745 314 2923 370 PARS
2951 314 3003 370 I.

3532 312 3634 369 768

391 438 812 514 generationem.
855 436 1239 492 Verumtamen
1266 434 1522 503 applicuit
1561 431 1725 487 Israel
1767 433 1821 486 in
1854 429 1954 487 Se-
1984 434 2030 493 Α
2061 430 2152 484 tio.
2190 427 2298 483 Sed
2335 427 2422 483 isti
2461 428 2818 481 adoraveruut
2858 426 2997 481 idola
3020 466 3035 492 ,
3078 432 3135 480 et
3172 425 3475 481 consecrati
3517 435 3644 480 sunt

392 530 548 595 thim,
579 528 718 584 sicut
742 524 1021 595 Scriptura
1047 532 1251 579 narrat.

971 639 1197 697 CAPUT
1239 638 1367 694 VIII.

393 734 470 789 De
494 753 552 789 eo
579 733 715 805 quod
747 731 1034 800 fornicatus
1051 740 1137 852 (es:
1166 730 1386 800 p0pulus
1425 745 1540 782 cum
1569 702 1780 797 ﬁliabus
1813 725 1966 781 Moa-

1084 817 1097 852 t
1125 814 1299 852 arum.

1084 814 1275 852 uarum
1285 837 1299 850 .

470 891 618 963 (Car.
643 890 796 962 xxv.)
826 890 1134 944 Morabatur
1170 897 1364 951 autem,
1397 886 1603 957 inquit,
1641 903 1699 940 eo
1740 894 1967 955 tempore

396 981 566 1035 Israel
594 983 646 1034 in
678 980 876 1035 Sethim
897 1019 913 1044 ,
947 988 995 1033 et
1022 977 1311 1047 fornicatus
1336 986 1408 1031 est
1438 975 1656 1045 populus
1683 992 1799 1028 cum
1822 974 1965 1043 ﬁlia-

395 1069 490 1123 bus
519 1069 693 1130 Moab,
722 1085 838 1137 qua?
873 1077 1179 1122 vocaverunt
1205 1083 1290 1120 eos
1329 1067 1397 1119 ad
1440 1066 1701 1134 sacriﬁcia
1742 1081 1860 1118 sua.
1901 1062 1968 1115 At

397 1158 475 1212 illi
500 1158 831 1212 comederunt
860 1165 910 1211 et
935 1157 1282 1210 adoraverunt
1308 1155 1431 1208 deos
1457 1171 1656 1207 earum.
1693 1153 1969 1207 Initiatuso

395 1266 494 1319 que
513 1259 588 1303 est
620 1247 792 1302 Israel
822 1247 1158 1317 Beelpltegor.
1190 1245 1248 1299 In
1278 1245 1720 1315 interpretatione
1747 1243 1964 1297 llehrai-

396 1354 582 1394 eorum
608 1338 905 1402 nominum,
939 1336 1144 1391 Sethim
1173 1335 1474 1388 invenimus
1501 1333 1555 1387 in
1586 1332 1763 1403 lingua
1786 1338 1970 1387 nostra

399 1421 782 1500 responsionem
824 1428 909 1483 vel
948 1427 1313 1495 refutationem
1358 1423 1484 1478 dici.
1528 1422 1798 1492 Applicuit
1840 1435 1971 1492 ergo

400 1519 566 1574 lsrael
592 1519 658 1573 ad
689 1518 1089 1587 responsionem
1120 1515 1205 1569 vel
1249 1513 1643 1568 refutationem.
1682 1511 1796 1565 Non
1833 1512 1971 1565 bene

400 1608 672 1679 applicuit.
702 1607 837 1662 Vide
862 1606 1091 1676 denique
1116 1605 1243 1675 quid
1272 1603 1578 1658 incurrerit.
1611 1602 1667 1655 In
1691 1602 1792 1655 hac
1824 1614 1974 1654 man-

398 1700 549 1754 siene
576 1684 814 1768 positus,
847 1695 1139 1751 fornicatus
1162 1703 1245 1749 est
1269 1709 1390 1749 cum
1425 1691 1738 1746 mulieribus
1766 1688 1972 1743 Madia-

2067 521 2410 591 Beclphegor.
2440 519 2772 589 Beelpbegor
2796 518 2923 573 idoli
2954 532 3152 573 nomen
3180 526 3293 580 est,
3321 517 3464 586 quod
3500 516 3644 587 apud

2067 611 2387 664 Madianitas
2406 610 2672 679 prmcipue
2693 625 2723 662 a
2742 608 3060 662 mulieribus
3081 607 3378 663 colebatur.
3409 607 3464 661 In
3485 607 3642 678 hujus

2065 716 2193 771 ergo
2221 700 2345 754 idoli
2375 699 2645 769 mysteriis
2673 708 3022 753 consecratus
3048 705 3131 753 est
3158 697 3345 752 Israel.
3377 697 3645 767 Interpre-

2070 791 2322 843 tationem
2351 789 2584 843 nominis
2606 790 2772 859 ipsius
2791 803 2912 844 cum
2938 788 3338 858 requireremus
3362 790 3643 854 attentius,

2068 882 2208 936 inter
2236 880 2459 935 llebrtea
2507 881 2726 935 nomina
2770 881 2874 935 hoc
2920 888 3128 934 tantum
3176 880 3485 934 invenimus
3518 880 3647 935 scri-

2067 983 2238 1046 ptum,
2270 975 2395 1045 quia
2422 973 2753 1043 Beelphegor
2789 973 2999 1043 species
3025 972 3095 1027 sit
3129 971 3516 1042 turpitudinis;
3554 987 3649 1026 no-

2070 1064 2168 1117 luit
2211 1071 2388 1117 tamen
2432 1060 2738 1125 declarare,
2769 1075 2891 1131 quae
2939 1061 3021 1115 vel
3053 1061 3231 1131 qualis
3276 1061 3517 1130 species,
3565 1061 3648 1114 vel

2069 1150 2220 1220 cujus
2242 1161 2384 1206 esset
2412 1150 2793 1220 turpitudinis:
2836 1150 3105 1205 honestati
3135 1150 3299 1205 credo
3325 1149 3649 1216 consulens,

2070 1244 2161 1313 qui
2186 1244 2570 1311 interpretatus
2604 1249 2716 1303 est,
2748 1242 2824 1294 uti
2854 1254 2925 1295 ne
2967 1241 3211 1296 auditum
3253 1240 3517 1311 pollueret
3557 1256 3652 1294 au-

2071 1334 2353 1390 dieutium.
2386 1333 2553 1404 Igitur
2570 1348 2692 1387 cum
2724 1331 2904 1386 multa;
2939 1322 3050 1386 sint
3095 1332 3487 1402 turpitudinum
3528 1348 3650 1403 spe-

2069 1424 2213 1487 cies,
2264 1438 2370 1476 una
2417 1422 2579 1476 etiam
2626 1437 2691 1476 ex
2736 1421 2978 1491 pluribus
3012 1422 3356 1491 turpitudinis
3404 1424 3650 1493 species,

2070 1517 2402 1589 Beelphegor
2427 1516 2743 1589 appellatur.
2779 1516 2932 1573 Unde
2958 1517 3236 1571 sciendum
3264 1525 3349 1571 est
3373 1516 3517 1586 quod
3545 1532 3653 1571 om-

2072 1609 2157 1663 nis
2176 1609 2266 1678 qui
2290 1608 2490 1677 aliquid
2513 1616 2666 1676 turpe
2689 1607 2995 1672 committit,
3014 1616 3068 1661 et
3092 1608 3143 1662 in
3166 1604 3398 1678 aliquam
3421 1609 3652 1678 speciem

2074 1697 2423 1767 turpitudinis
2455 1697 2707 1761 declinat,
2742 1697 3075 1766 Beelphegor
3102 1697 3517 1753 Madianitarum
3545 1701 3653 1755 da:-

400 1789 658 1852 nitarum,
704 1795 757 1842 et
794 1786 1059 1841 refutatus
1095 1794 1178 1840 est
1225 1800 1257 1838 a
1306 1784 1454 1838 Deo:
1495 1782 1619 1851 quia
1659 1796 1764 1835 non
1804 1779 1974 1834 801ml!
2004 1778 2051 1837 Β
2079 1788 2259 1841 monio
2287 1796 2656 1841 consecratur.
2700 1786 2807 1842 Sed
2837 1796 2890 1841 et
2915 1802 3012 1857 per
3040 1788 3246 1859 singula
3281 1799 3505 1859 peccata
3541 1805 3657 1860 quae

400 1878 719 1943 fornicatus,
751 1876 845 1931 sed
876 1885 930 1932 et
958 1877 1116 1931 idolis
1138 1875 1377 1947 gentium
1404 1880 1747 1928 consecratus
1774 1878 1886 1937 est;
1919 1878 1975 1924 et

398 1971 634 2025 comedit
671 1986 737 2025 cx
778 1970 863 2025 his
904 1985 1023 2040 qua:
1068 1969 1278 2023 fuerant
1320 1966 1476 2021 idolis
1503 1965 1819 2019 immolata:
1857 1977 1977 2032 qua:

398 2063 584 2132 utique
618 2063 968 2117 exsecrabilia
994 2068 1120 2116 sunt
1141 2057 1280 2129 apud
1307 2059 1495 2112 Deum.
1521 2057 1655 2124 Quis
1676 2056 1820 2111 enim
1850 2070 1979 2109 con-

398 2162 591 2205 sensus
639 2150 837 2219 templo
865 2149 960 2203 Dei
1006 2163 1128 2203 cum
1172 2147 1370 2202 idolis?
1404 2146 1601 2201 Verum
1641 2159 1771 2215 ergo
1814 2144 1975 2198 etiam

402 2242 469 2296 de
495 2240 602 2306 bis,
633 2256 751 2310 qua:
779 2241 1054 2310 apostolus
1088 2239 1286 2293 Paulus
1310 2238 1376 2292 ad
1411 2237 1721 2291 Corinthios
1753 2235 1972 2297 scribit,

401 2331 623 2385 dicens:
667 2318 867 2402 Siquis
892 2342 1066 2385 autem
1104 2340 1152 2383 te
1180 2331 1360 2384 viderit
1399 2327 1668 2382 scientiam
1708 2328 1977 2381 habentem

402 2423 457 2477 in
482 2422 643 2477 idolio
676 2423 988 2486 recumbere,
1021 2437 1189 2475 nonne
1214 2420 1529 2474 conscientia
1569 2419 1714 2488 ejus,
1757 2433 1872 2470 cum
1911 2419 1977 2471 sit

402 2511 633 2579 inﬁrma,
649 2510 944 2577 trdificatur
957 2509 1025 2561 ad
1040 2508 1463 2561 manducandum
1484 2505 1754 2586 immolata
1785 2503 1837 2576 (I
1853 2502 1977 2560 Cor.

403 2600 558 2673 vin)?
580 2599 734 2655 valde
760 2601 987 2654 miratus
1009 2614 1150 2653 sum.
1176 2599 1400 2654 Videtur
1427 2598 1571 2653 enim
1602 2612 1707 2651 non
1732 2605 1842 2650 tam
1865 2611 1977 2650 rem

406 2692 578 2760 ipsam
602 2704 819 2762 gravem
841 2689 1209 2759 pronuntiare,
1239 2703 1398 2758 quam
1422 2688 1567 2743 illius
1584 2686 1867 2754 offensam,
1888 2686 1980 2756 qui

404 2783 523 2838 haec
552 2782 743 2837 videns
771 2780 933 2836 simili
958 2788 1282 2851 provocatur
1300 2780 1577 2851 exemplo,
1602 2794 1724 2835 cum
1763 2794 1869 2834 non
1901 2778 1978 2834 si-

403 2872 517 2925 mili
566 2870 792 2926 scientia
836 2871 1146 2923 muniatur:
1195 2870 1269 2924 ita
1308 2878 1369 2925 ut
1400 2870 1650 2926 ostendat
1690 2884 1844 2935 eum,
1888 2869 1980 2938 qui

401 2962 565 3021 habet
594 2962 873 3018 scientiam
902 2968 955 3016 et
990 2962 1255 3016 recumbit
1284 2962 1337 3015 in
1367 2961 1548 3027 idolio,
1593 2976 1700 3015 non
1742 2969 1852 3015 tam
1896 2961 1980 3017 sui

404 3064 565 3119 quam
598 3048 820 3104 alterius
847 3048 1029 3103 damni
1057 3047 1193 3104 effici
1223 3064 1394 3104 reum.
1444 3048 1552 3105 Sed
1589 3048 1708 3104 vide
1745 3063 1813 3103 ne
1842 3047 1982 3104 forte

402 3155 509 3195 non
549 3141 652 3195 hoc
688 3139 863 3195 solum
892 3139 1055 3195 flebat
1090 3141 1232 3212 apud
1272 3140 1618 3208 Corinthios,
1646 3149 1706 3195 ut
1734 3142 1788 3195 in
1816 3141 1977 3197 idolio

404 3230 804 3294 recumberent,
847 3237 903 3284 et
939 3230 1213 3284 immolata
1243 3230 1398 3285 idolis
1425 3231 1846 3296 manducarent,
1882 3231 1978 3285 sed

403 3319 544 3374 forte
571 3319 824 3387 quoniam
853 3319 1079 3374 studiosi
1114 3329 1168 3373 et
1194 3319 1505 3374 Graecarum
1534 3320 1839 3375 litterarum
1880 3321 1979 3376 ho-

404 3408 578 3461 mines
597 3414 756 3461 erant
773 3416 829 3461 et
850 3415 1121 3462 amatores
1139 3408 1508 3478 philosophiae,
1522 3407 1789 3464 desiderio
1803 3409 1977 3464 adhuc

403 3498 627 3553 studiosi
654 3507 897 3553 veterum
931 3497 1268 3565 tenebantur,
1294 3508 1348 3554 et
1381 3499 1818 3570 philosophorum
1845 3501 1976 3572 dog-

408 3598 553 3645 mata
575 3590 730 3660 quasi
761 3589 916 3646 idolis
941 3590 1215 3645 immolata
1245 3590 1492 3645 edebant.
1521 3590 1651 3658 Quae
1676 3598 1858 3647 tamen
1886 3591 1980 3647 de-

403 3683 513 3737 lere
540 3682 767 3738 fortasse
794 3698 900 3738 non
926 3690 1175 3753 poterant
1202 3697 1295 3737 eos
1324 3682 1415 3752 qui
1441 3682 1656 3752 plenam
1692 3681 1978 3737 scientiam

402 3772 646 3827 veritatis
671 3779 1008 3843 acceperant.
1038 3769 1103 3825 Hi
1137 3779 1317 3826 autem
1345 3770 1436 3840 qui
1466 3769 1520 3824 in
1558 3769 1773 3825 Christo
1801 3770 1980 3825 minus

400 3861 719 3916 eruditionis
746 3862 1049 3927 habebant,
1089 3861 1134 3916 si
1168 3861 1584 3915 immutarentur
1612 3874 1706 3914 eos
1742 3857 1982 3930 legentes

406 3951 554 4016 talia,
582 3960 637 4006 et
661 3950 766 4006 illis
796 3952 970 4006 adhuc
990 3951 1184 4006 studiis
1206 3965 1426 4020 operam
1456 3949 1673 4015 dantes,
1705 3948 1981 4004 vulnerari

403 4052 686 4114 poterant,
730 4051 785 4099 et
811 4042 1149 4099 diversorum
1178 4043 1486 4114 dogmatum
1515 4043 1680 4097 variis
1705 4043 1981 4097 erroribus

403 4137 687 4207 implicari.
726 4135 783 4191 Si
811 4138 889 4193 sic
915 4150 1043 4207 ergo
1072 4135 1252 4201 fiebat,
1281 4145 1341 4191 ut
1364 4136 1633 4192 deleretur
1656 4135 1811 4202 alius,
1839 4137 1980 4193 unde

400 4239 455 4283 et
494 4229 540 4284 is
571 4229 662 4299 qui
697 4229 930 4285 habebat
973 4229 1183 4300 plenam
1229 4228 1512 4283 scientiam
1552 4228 1818 4293 veritatis,
1857 4226 1977 4283 ltedi

402 4336 504 4373 non
527 4320 783 4390 poterat?
808 4318 915 4375 Sed
936 4319 1190 4391 quoniam
1216 4321 1458 4376 cbaritas
1484 4336 1590 4375 non
1619 4319 1811 4389 quaerit
1836 4319 1977 4390 quod

400 4411 502 4465 sibi
529 4412 659 4468 utile
686 4422 789 4479 est,
815 4414 908 4469 sed
934 4414 1075 4483 quod
1099 4413 1301 4480 multis,
1329 4414 1607 4469 observari
1634 4420 1867 4483 oportet,
1897 4422 1978 4467 ta-

402 4501 502 4554 lem
531 4503 677 4557 verbi
706 4518 899 4573 capere
924 4505 1133 4569 cibum,
1158 4505 1251 4574 qui
1278 4520 1384 4559 non
1422 4505 1592 4561 solum
1623 4521 1721 4560 nos
1748 4503 1978 4560 aedificet

399 4602 453 4647 et
482 4594 727 4660 delectet,
755 4595 849 4650 sed
873 4602 929 4650 et
951 4596 1041 4665 qui
1059 4596 1303 4651 videntes
1325 4611 1430 4649 nou
1456 4595 1711 4651 offendat.
1734 4595 1829 4649 Est
1849 4608 1977 4665 ergo

401 4703 504 4739 non
530 4687 698 4740 solum
728 4688 779 4741 iu
801 4689 935 4743 cibis
955 4689 1110 4744 idolis
1131 4688 1490 4752 immolatum,
1507 4688 1601 4742 sed
1622 4696 1678 4742 et
1702 4688 1763 4742 in
1776 4687 1973 4741 verbis.

400 4776 466 4830 Et
493 4792 595 4846 ego
627 4787 775 4847 puto,
808 4781 933 4848 quia
963 4781 1103 4835 sicut
1132 4779 1309 4833 omnis
1334 4792 1545 4843 sermo,
1592 4777 1683 4847 qui
1716 4778 1975 4848 pietatem

400 4864 734 4933 ctjustitiam
757 4877 812 4924 et
839 4871 1121 4926 veritatem
1148 4871 1325 4935 docet,
1356 4869 1467 4924 Deo
1494 4878 1844 4925 consecratus
1870 4878 1973 4935 est,

400 4964 454 5007 et
488 4955 597 5009 Deo
628 4956 934 5013 immolatus
955 4967 1055 5023 est,
1090 4960 1162 5013 ita
1190 4968 1246 5015 et
1268 4961 1444 5015 omnis
1478 4974 1655 5014 sermo
1676 4959 1768 5029 qui
1792 4958 1859 5013 ad
1881 4959 1975 5013 im-

400 5043 713 5114 pudicitiam
744 5046 828 5101 vel
870 5046 1188 5116 injustitiam
1230 5048 1312 5103 vel
1355 5049 1682 5118 impietatem
1722 5048 1970 5118 respicit,

399 5133 554 5187 idolis
581 5132 887 5188 immolatus
905 5143 1008 5200 est,
1033 5145 1089 5189 et
1113 5137 1202 5203 qui
1226 5152 1348 5192 cum
1377 5136 1615 5204 respicit,
1641 5137 1795 5206 quasi
1816 5138 1971 5192 idolis

400 5222 677 5277 immolata
701 5224 1003 5279 manducet.
1031 5226 1371 5282 Mauducavit
1399 5242 1528 5295 ergo
1553 5226 1779 5296 populus
1802 5228 1867 5281 de
1888 5243 1972 5281 sa-

397 5315 617 5369 crificiis
648 5329 868 5381 eorum,
916 5323 971 5369 et
1014 5317 1370 5371 adoraverunt
1410 5316 1548 5371 idola
1595 5331 1802 5371 eorum.
1852 5318 1969 5373 Non

397 5405 570 5460 solum
603 5408 1088 5472 manducaverunt,
1128 5409 1220 5464 sed
1250 5411 1626 5464 adoraveruut.
1657 5410 1787 5465 Vide
1824 5409 1970 5464 ordi-

397 5509 520 5550 nem
551 5498 696 5552 mali.
723 5497 919 5555 Servos
944 5501 1151 5555 Domini
1178 5502 1349 5572 prima
1376 5502 1806 5571 concupiscentia
1832 5502 1971 5556 deci-

397 5583 504 5650 pit;
548 5586 673 5642 inde
710 5588 855 5646 venit
925 5589 1215 5661 ingluvies;
1247 5600 1520 5661 postremo
1549 5606 1641 5646 eos
1678 5592 1970 5661 captivavit

400 5671 665 5738 impietas.
698 5677 959 5749 Impietati
984 5693 1159 5739 autem
1181 5700 1387 5739 merces
1414 5682 1712 5739 exsolvitur
1733 5684 1966 5738 fornica-

2000 4462 2055 4521 1)

2078 1875 2486 1940 committimus,
2510 1877 2742 1931 maxime
2761 1876 2805 1931 si
2826 1875 2938 1945 jam
2963 1890 3068 1930 non
3088 1877 3433 1948 subreptione
3455 1879 3655 1949 aliqua,

2078 1963 2171 2020 sed
2204 1974 2259 2019 et
2295 1964 2472 2019 studio
2520 1964 2821 2035 affectuque
2858 1981 3177 2034 peccamus,
3228 1966 3303 2021 illi
3342 1968 3461 2022 sine
3498 1968 3657 2023 dubio

2079 2054 2327 2120 Domino,
2353 2055 2440 2109 cui
2467 2063 2748 2125 peccatum
2789 2055 2918 2109 illud
2958 2056 3102 2125 quod
3130 2056 3447 2112 admisimus
3477 2057 3658 2129 inOpe-

2079 2146 2191 2200 rari
2220 2162 2363 2201 cura:
2392 2155 2493 2211 est,
2518 2162 2917 2202 consecramus.

2150 2238 2219 2292 Et
2257 2238 2424 2293 iratus
2468 2239 2722 2293 Dominus
2762 2238 2960 2306 Israel,
2995 2241 3069 2293 ait
3110 2241 3178 2294 ad
3220 2240 3474 2311 Moysen:
3516 2241 3658 2297 Tolle

2080 2337 2292 2381 cunctos
2313 2327 2569 2398 principes
2595 2327 2795 2398 populi,
2826 2337 2874 2382 et
2898 2329 3154 2399 suspende
3182 2346 3268 2384 eos
3293 2342 3477 2383 contra
3497 2329 3658 2385 solem

2078 2413 2134 2467 in
2160 2415 2428 2484 patibulis,
2455 2425 2510 2469 ut
2531 2426 2800 2470 avertatur
2819 2418 2970 2486 furor
2992 2435 3135 2471 meus
3166 2419 3230 2471 ab
3257 2418 3445 2473 Israel.
3487 2419 3658 2474 Iratus

2080 2503 2341 2558 Dominus
2382 2505 2449 2560 de
2492 2505 2939 2563 fornicationibus
2978 2509 3142 2564 Israel
3182 2519 3237 2565 et
3263 2511 3580 2564 carnalibus
3604 2519 3657 2565 et

2080 2596 2416 2667 Spit-italibus
2445 2597 2601 2669 (nam
2625 2606 2679 2652 et
2706 2597 2916 2654 filiabus
2954 2599 3107 2654 Moab
3146 2616 3203 2655 se
3230 2602 3499 2672 impudice
3532 2602 3658 2657 mis-

2080 2696 2324 2754 cuerant,
2344 2696 2400 2743 et
2422 2688 2578 2744 idolis
2601 2689 2816 2745 fuerant
2836 2691 3182 2764 consecrati),
3214 2693 3319 2747 hoc
3343 2694 3410 2748 ad
3438 2692 3653 2765 Moysen

2080 2781 2237 2847 dixit,
2269 2788 2329 2834 ut
2357 2787 2660 2835 ostentaret
2688 2781 2916 2837 Domino
2944 2783 3108 2837 duces
3132 2783 3316 2863 pOpuli
3352 2791 3544 2838 contra
3573 2799 3659 2840 so-

2080 2870 2206 2925 lem.
2232 2871 2291 2926 ln
2322 2887 2431 2942 quo
2454 2872 2619 2927 verbo
2652 2872 2967 2941 intelligitur
2986 2888 3080 2928 eos
3107 2872 3292 2942 jussus
3330 2891 3452 2931 esse
3486 2876 3659 2932 cruci-

2081 2959 2192 3031 flgi,
2220 2969 2281 3014 ut
2306 2961 2410 3016 hoc
2436 2960 2535 3016 sit:
2558 2960 2783 3017 Ostenta
2807 2975 2901 3017 eos
2923 2962 3151 3019 Domino
3174 2971 3364 3019 contra
3390 2964 3581 3031 solem,
3606 2965 3659 3019 id

2083 3059 2189 3117 est,
2211 3050 2388 3121 palam
2410 3051 2464 3105 in
2491 3052 2782 3127 conspicuo
2801 3051 2938 3107 lucis
2960 3051 3136 3122 hujus.
3161 3050 3293 3108 Nam
3317 3054 3542 3111 Graccus
3562 3055 3656 3120 ait,

2079 3141 2576 3219 παραδειγμὰτισονε
2605 3145 2749 3214 quod
2773 3144 2878 3199 dici
2907 3145 3079 3215 possit
3106 3145 3375 3217 exempla,
3412 3148 3541 3219 quia
3567 3163 3661 3218 pa-

2078 3234 2320 3305 radigma
2348 3236 2651 3305 exemplum
2679 3237 2895 3291 dicitur.
2938 3236 3069 3291 Nam
3095 3248 3295 3307 praeter
3316 3239 3462 3294 LXX
3493 3241 3661 3297 inter-

2077 3331 2281 3392 pretes,
2311 3323 2506 3394 Aquila
2532 3325 2849 3395 perhibetur
2877 3327 3078 3382 dixisse
3107 3329 3307 3400 conﬁge
3325 3371 3339 3395 ,
3363 3331 3451 3385 vel
3485 3314 3664 3401 potius

2078 3429 2286 3469 sursum
2307 3416 2525 3488 conlige,
2542 3419 2685 3487 quod
2704 3427 2784 3473 est
2809 3421 3081 3487 ἀνάπηξον.
3100 3420 3464 3493 Symmachus
3484 3433 3664 3481 autem

2079 3502 2248 3556 verbo
2271 3504 2626 3571 evidentiore,
2655 3507 2932 3577 suspende.

2149 3591 2399 3664 Dixitque
2427 3593 2633 3665 Moyses
2663 3599 2735 3650 ad
2750 3598 2959 3668 judices
2997 3598 3168 3655 Israel
3190 3615 3209 3653 :
3247 3600 3468 3657 Occidat
3501 3622 3687 3677 unus:

2078 3684 2293 3756 quisque
2318 3687 2585 3756 proximos
2629 3705 2781 3755 suos,
2823 3691 2912 3761 qui
2950 3691 3141 3747 initiati
3165 3703 3286 3748 sunt
3320 3693 3661 3768 Beelpltegor.

2081 3772 2274 3829 Mirum
2319 3783 2406 3831 est
2443 3791 2573 3834 sane
2618 3778 2762 3849 quod
2809 3779 3088 3852 Scriptura
3135 3799 3359 3839 narrare
3396 3785 3665 3843 destiterit

2081 3872 2261 3918 utrum
2282 3864 2385 3920 hoc
2407 3864 2570 3922 fuerit
2590 3881 2657 3921 ex
2678 3877 2945 3938 prmcepto
2966 3869 3178 3925 Domini
3205 3873 3663 3945 impletum,quod

2081 3958 2354 4012 contemni
2382 3959 2622 4028 potuisse
2647 3975 2757 4014 non
2777 3960 2954 4027 video,
2980 3972 3073 4016 aut
3098 3964 3144 4018 si
3165 3973 3540 4036 contemptum
3558 3974 3660 4033 est,

2081 4046 2299 4116 impune
2325 4050 2616 4104 contemni.
2642 4049 2707 4127 Si
2723 4060 2902 4106 autem
2928 4060 3011 4107 est
3034 4061 3089 4107 et
3116 4055 3363 4121 tacitum,
3391 4070 3495 4111 cur
3513 4073 3580 4113 ex
3598 4072 3662 4114 eo

2079 4136 2221 4205 quod
2259 4136 2518 4202 Phinces,
2555 4139 2697 4194 filius
2736 4140 2994 4207 Eleazar,
3041 4144 3313 4198 transﬁxit
3351 4146 3657 4212 adulteros,

2078 4226 2346 4296 placatum
2388 4226 2553 4283 fuisse
2595 4229 2877 4284 Dominum
2913 4230 3195 4302 Scriptura
3242 4242 3504 4301 testatur,
3552 4238 3659 4308 pla-

2078 4336 2305 4392 gamque
2325 4336 2587 4387 cessasse,
2610 4324 2768 4393 quasi
2794 4325 3071 4380 crucifixis
3092 4327 3337 4393 ducibus,
3364 4329 3511 4385 sicut
3530 4347 3662 4401 pra:-

2079 4420 2297 4481 ceperat
2324 4411 2603 4479 Dominus,
2635 4414 2811 4470 adhuc
2841 4416 3137 4489 indignatio
3162 4422 3661 4488 perseverans,alio

2081 4502 2240 4556 modo
2264 4502 2523 4572 placanda
2554 4504 2856 4571 videretur,
2881 4522 3002 4561 cum
3040 4508 3227 4577 procul
3270 4509 3432 4565 dubio
3465 4510 3658 4567 falsum

2080 4601 2200 4644 esse
2226 4606 2333 4645 non
2366 4601 2570 4661 posset,
2607 4596 2748 4664 quod
2778 4598 3219 4664 pronuntiaverat
3251 4606 3307 4653 ct
3333 4600 3660 4667 promiserat

2079 4677 2337 4737 Dominus
2367 4683 2552 4739 dicens
2574 4684 2802 4754 :Accipe
2822 4687 2984 4740 duces
3009 4687 3210 4756 populi,
3239 4696 3293 4741 et
3315 4697 3532 4743 ostenta
3568 4704 3659 4745 eos

2081 4773 2306 4831 Domino
2347 4786 2531 4832 contra
2573 4779 2774 4845 solem,
2822 4787 2877 4833 et
2920 4789 3196 4834 avertetur
3244 4780 3322 4834 ira
3371 4781 3659 4837 animatio-

2079 4864 2164 4918 nis
2192 4865 2403 4920 Domini
2437 4868 2504 4921 ab
2529 4868 2725 4922 lsrael?
2754 4867 2810 4923 Si
2838 4884 2968 4940 ergo
2996 4868 3195 4923 factum
3225 4876 3376 4935 erat,
3406 4870 3533 4939 quis
3564 4872 3659 4925 du-

2075 4954 2210 5008 bitet
2238 4956 2372 5010 iram
2411 4958 2622 5011 Domini
2665 4974 2910 5014 aversam
2956 4958 3121 5015 fuisse
3162 4961 3231 5015 ab
3272 4960 3484 5016 lsrael?
3522 4961 3656 5029 Quid

2076 5041 2257 5111 itaque
2290 5058 2425 5112 npus
2465 5054 2603 5110 erat,
2633 5055 2693 5100 ut
2741 5048 2918 5102 adhuc
2961 5046 3194 5103 Phiuees
3229 5049 3296 5103 ad
3330 5049 3654 5117 placandum

2075 5132 2267 5198 Deum,
2292 5134 2443 5189 sicin
2475 5136 2751 5191 adulteros
2778 5138 3077 5191 vindicaret
3100 5138 3257 5208 eique
3285 5139 3653 5194 testimonium

2076 5224 2355 5296 Scriptura
2386 5227 2715 5297 perhiberet,
2751 5228 2893 5298 quod
2928 5244 2994 5283 eo
3032 5229 3191 5284 modo
3219 5230 3519 5299 placaverit
3556 5229 3655 5285 Do-

2078 5314 2298 5381 minum,
2331 5316 2433 5371 nisi
2467 5315 2601 5371 forte
2623 5317 3003 5387 intelligamus,
3026 5334 3148 5372 cum
3175 5317 3303 5373 illud
3333 5319 3400 5373 de
3428 5320 3654 5375 ducibus

2076 5403 2253 5472 populi
2289 5403 2499 5474 Moyses
2525 5407 2667 5474 quod
2697 5415 3026 5475 praeceperat
3061 5406 3281 5475 implere
3310 5406 3650 5477 disponeret,

2073 5509 2194 5549 eum
2221 5495 2452 5549 voluisse
2479 5496 2640 5549 etiam
2670 5497 2964 5552 secundum
2994 5496 3163 5567 legem
3197 5496 3323 5551 talia
3350 5499 3546 5568 punire
3567 5496 3654 5552 flao

2074 5588 2200 5656 gitia
2230 5598 2284 5642 et
2321 5589 2636 5660 sacrilegam
2668 5589 2982 5654 audaciam,
3011 5596 3071 5642 ut
3102 5586 3318 5657 iuberet
3344 5602 3648 5659 quemque,

2076 5680 2379 5737 interﬁcere
2404 5681 2710 5750 proximum
2749 5695 2905 5737 suum
2934 5679 3035 5737 diis
3066 5679 3254 5737 alienis
3289 5680 3496 5737 nefarie
3524 5694 3648 5736 cou-

3925 2336 3927 2489 τ
