3924 6176
347 276 450 335 769

1052 270 1579 329 ENARRATIONES
1617 272 1681 326 IN
1720 268 1977 326 LIBRUM
2012 265 2471 324 NUMERORUM.
2508 296 2578 307 —
2615 267 2742 322 LIB.
2783 266 2870 322 ΠΙ.

3476 274 3582 331 770

347 396 642 450 secratum,
670 392 829 454 atque
856 384 1060 439 interea
1086 384 1250 438 etiam
1275 383 1401 437 illud
1426 384 1653 438 Phinees
1686 381 1909 441 faceret,
1940 382 1990 441 Α
2017 375 2316 429 mundanus
2346 383 2513 429 totum
2544 377 2729 430 orbem
2766 377 2998 446 undique
3022 374 3285 447 illustrat,
3321 396 3384 437 ac
3411 384 3587 442 noctis

347 494 412 534 ac
441 478 521 533 sic
548 476 624 530 ira
648 474 855 529 Domini
879 471 992 541 jam
1016 473 1245 542 placata,
1275 488 1380 527 non
1409 489 1542 543 opus
1562 471 1728 525 fuisse
1753 470 1918 523 duces

346 564 527 635 populi
557 561 814 633 crucifigi.
850 561 975 616 ﬂmc
1001 576 1129 616 sane
1159 561 1413 615 severitas
1442 560 1511 614 illi
1543 559 1764 629 tempori
1790 572 1919 611 con-

347 669 502 725 grua,
527 659 787 722 quantum
812 650 1015 704 malum
1040 650 1110 703 sit
1137 648 1506 704 fornicationis
1527 657 1579 701 et
1605 646 1918 701 idololatriae

346 741 687 814 prudentium
726 738 845 795 ﬁdei
871 739 1001 793 satis
1027 739 1303 793 evidenter
1330 738 1580 793 ostendit.
1610 737 1772 790 Vides
1797 748 1916 804 qua:

348 833 423 889 sit
462 830 694 887 conditio
736 829 1037 899 principum
1076 827 1274 898 populi.
1323 827 1437 881 Non
1484 826 1652 881 solum
1682 838 1779 894 pro
1806 823 1918 877 suis

346 921 580 993 propriis
616 926 915 990 arguuntur
949 916 1191 981 delictis,
1227 916 1319 971 sed
1348 915 1528 985 populi
1555 914 1791 984 peccatis
1827 926 1916 965 co-

345 1022 547 1084 guntur
576 1010 799 1065 reddere
834 1008 1120 1071 rationem,
1145 1022 1212 1061 ne
1240 1008 1476 1075 ipsorum
1499 1006 1567 1060 sit
1592 1002 1746 1073 culpa
1772 1001 1917 1072 quod

344 1101 572 1173 populus
594 1098 818 1168 deliquit
842 1114 856 1163 ;
889 1112 957 1152 ne
983 1096 1120 1151 forte
1144 1112 1250 1151 non
1285 1095 1583 1158 docuerint,
1610 1107 1782 1161 neque
1810 1090 1916 1145 sol-

345 1190 478 1246 liciti
510 1190 711 1244 fuerint
742 1201 967 1259 arguere
986 1200 1078 1241 eos
1102 1186 1193 1254 qui
1221 1184 1431 1238 initium
1456 1183 1622 1252 culpzr
1648 1180 1912 1244 dederint,

344 1282 422 1336 uti
469 1295 537 1336 ne
581 1279 833 1349 contagio
864 1277 1263 1348 dispergeretur
1293 1279 1346 1330 in
1379 1275 1577 1345 plures.
1616 1274 1742 1328 HiI‘C
1766 1273 1911 1327 enim

343 1372 525 1427 omnia
556 1369 738 1424 facere
762 1368 1098 1437 principibus
1127 1366 1371 1420 imminet
1398 1374 1452 1419 ct
1486 1365 1817 1419 doctoribus.
1856 1361 1914 1416 Si

344 1459 490 1514 enim
514 1457 621 1514 illis
643 1457 757 1511 haec
779 1471 886 1511 non
914 1453 1213 1526 agentibus,
1247 1469 1345 1508 nec
1376 1453 1790 1508 sollicitudinem
1819 1466 1914 1521 ge-

342 1551 588 1604 rentibus
617 1548 762 1603 circa
799 1546 1030 1616 plebem,
1066 1545 1371 1615 peccaverit
1410 1543 1668 1614 populus,
1698 1541 1798 1612 ipsi
1827 1556 1915 1595 os-

342 1648 643 1705 tentantur,
684 1648 739 1693 et
782 1638 882 1708 ipsi
913 1637 979 1691 ad
998 1635 1259 1705 judicium
1300 1636 1687 1706 producuntur.
1720 1633 1915 1705 Arguit

2022 464 2267 517 tenebras
2295 478 2391 517 suo
2418 464 2619 518 ambitu
2660 463 2826 535 fugat.
2859 466 2960 532 Qui
3002 468 3144 522 enim
3192 469 3389 525 lumine
3427 472 3583 539 fidei,

2017 554 2157 623 quod
2184 569 2280 622 per
2304 554 2575 622 apostolos
2596 564 2758 624 atque
2790 558 3079 626 prophetas
3105 560 3450 627 praedicatum
3478 571 3585 629 cst,

2016 648 2214 701 mentis
2262 662 2371 701 sum
2414 646 2596 701 oculos
2645 648 2934 714 illuminat,
2966 660 3306 719 peccatorum
3338 638 3586 711 teriebras

2016 735 2253 789 devitarc
2281 744 2472 790 certat.
2514 736 2556 790 Ε
2586 738 2854 792 contrario
2892 753 3051 804 vero,
3098 742 3188 809 qui
3222 741 3397 796 lumen
3428 755 3588 799 recta:

2016 825 2141 883 fidei
2169 827 2368 881 habere
2398 843 2504 881 non
2529 838 2700 894 curat,
2731 845 2795 883 ac
2821 845 2915 899 per
2937 832 3124 886 callem
3144 831 3370 900 justitim
3397 836 3586 889 ambu-

2014 913 2125 969 lare
2154 916 2506 983 detrectatur,
2544 919 2759 987 quando
2780 919 2910 987 justi
2940 934 3140 976 aeterna
3169 924 3287 979 luce
3316 924 3586 990 fruuntur,

2015 1003 2116 1057 iste
2141 1020 2261 1059 cum
2288 1008 2660 1076 peccatoribus
2700 1017 2859 1077 atque
2895 1010 3109 1066 diabolo
3144 1012 3337 1068 inferni
3380 1015 3591 1070 crucia-

2017 1092 2157 1147 tibus
2180 1096 2453 1162 punietur.

2087 1182 2331 1255 Dixitque
2358 1184 2614 1240 Dominus
2643 1187 2712 1241 ad
2735 1187 2948 1259 Moysen
2967 1204 2985 1240 .'
3009 1189 3231 1245 Phinees
3255 1193 3399 1261 [ilius
3432 1192 3591 1248 Elea-

2015 1277 2128 1329 zari
2153 1276 2254 1344 ﬁlii
2277 1277 2455 1333 Aaron
2480 1280 2766 1335 sacerdotis
2784 1323 2800 1346 ,
2833 1285 3014 1336 auertit
3046 1285 3179 1335 irant
3210 1300 3376 1337 meam
3404 1302 3435 1337 a
3458 1284 3587 1353 ﬁliis

2013 1365 2204 1433 Israel,
2236 1370 2360 1439 quia
2388 1369 2497 1423 zelo
2524 1387 2635 1424 meo
2664 1383 2950 1427 commotus
2971 1382 3044 1428 est
3069 1384 3247 1427 contra
3275 1390 3384 1440 eos,
3406 1387 3461 1427 ut
3486 1391 3592 1428 non

2014 1460 2121 1528 ipse
2149 1459 2371 1514 delerem
2398 1462 2537 1530 filios
2563 1462 2733 1517 Israel
2762 1466 2816 1517 in
2848 1464 2957 1518 zelo
2984 1481 3115 1518 meo.
3148 1464 3353 1518 Idcirco
3382 1465 3591 1535 loquere

2014 1547 2083 1601 ad
2115 1564 2273 1603 eum:
2313 1548 2450 1603 Ecce
2482 1550 2550 1604 do
2578 1552 2627 1604 ei
2649 1562 2860 1621 pactum
2895 1553 3102 1622 {aderis
3131 1554 3249 1617 mei,
3283 1564 3331 1607 et
3356 1554 3452 1607 erit
3482 1564 3592 1608 tam

2012 1638 2112 1709 ipsi
2131 1656 2288 1708 quant
2308 1641 2493 1693 semini
2512 1640 2655 1696 illius
2673 1653 2883 1712 pactum
2904 1644 3182 1698 sacerdotii
3201 1646 3589 1715 sempiternum,

342 1732 488 1787 enim
514 1745 609 1787 eos
635 1728 872 1800 Moyses,
914 1728 970 1782 id
996 1733 1098 1793 est,
1130 1726 1216 1780 lex
1238 1725 1367 1790 Dei,
1404 1725 1549 1779 velut
1588 1724 1918 1794 negligentes
1944 1719 1992 1779 B
2016 1732 2140 1801 quia
2169 1731 2368 1787 zelatus
2398 1744 2473 1787 est
2500 1751 2594 1804 pro
2619 1735 2729 1790 Deo
2753 1754 2874 1803 suo,
2909 1747 2957 1792 et
2997 1739 3220 1808 expiavit
3260 1738 3428 1793 scelus
3455 1739 3597 1807 ﬁlio-

342 1832 401 1879 et
426 1821 656 1886 desides,
687 1829 741 1875 et
764 1820 818 1874 in
847 1820 965 1889 ipso
1000 1826 1345 1874 convertetur
1379 1817 1656 1872 iracundia
1700 1815 1827 1881 Dei,
1860 1823 1916 1869 et

341 1912 576 1970 cessabit
600 1925 630 1964 a
654 1909 869 1981 populo.
913 1907 1038 1963 Haec
1070 1908 1117 1963 si
1145 1908 1449 1977 cogitarent
1484 1906 1746 1969 homines,
1779 1920 1916 1958 nun-

339 2018 505 2074 quam
530 2008 789 2070 cuperent
826 2012 1001 2068 neque
1034 1997 1304 2052 ambirent
1331 1997 1399 2052 ad
1427 1996 1608 2066 populi
1647 1995 1917 2065 principa-

342 2104 478 2149 tum.
511 2088 719 2146 Sullicit
744 2088 888 2143 enim
916 2088 1067 2153 mihi,
1097 2087 1140 2141 si
1174 2101 1272 2156 pro
1304 2086 1438 2140 meis
1466 2084 1699 2155 propriis
1724 2091 1916 2153 arguat

341 2182 574 2239 delictis.
618 2177 825 2234 Snllicit
865 2178 1009 2233 enim
1039 2177 1167 2231 mihi
1196 2191 1295 2246 pro
1325 2176 1641 2245 memetipso
1677 2173 1916 2243 peccatis

341 2275 480 2328 meis
504 2271 729 2326 reddere
754 2269 1038 2323 rationem.
1062 2266 1199 2334 Quid
1222 2265 1352 2319 mihi
1379 2279 1600 2319 necesse
1626 2271 1727 2329 est,
1751 2262 1916 2317 etiam

338 2382 441 2437 pro
464 2363 644 2435 pepuli
673 2361 909 2433 peccatis
936 2358 1197 2415 ostentari
1227 2366 1352 2411 ante
1384 2356 1573 2422 solem,
1604 2362 1729 2409 ante
1753 2367 1915 2423 quem

341 2454 480 2510 nihil
507 2460 683 2523 potest
708 2448 986 2515 abscondi,
1023 2447 1158 2502 nihil
1181 2445 1503 2502 obscurari?

344 2628 423 2709 De
462 2651 690 2707 vindicta
727 2665 884 2722 quam
915 2554 1309 2722 [egiipll’lh'i‘miexs'
1330 2642 1771 2722 [ilius__Eleazari
1799 2641 1917 2722 .ﬁlii

413 2724 593 2776 Aaron
616 2712 899 2775 sacerdotis
915 2712 985 2772 'in
1009 2726 1293 2771 scortatore
1318 2713 1564 2768 Israelita
1580 2754 1596 2781 ,
1626 2723 1673 2766 et
1700 2712 1918 2766 muliere

414 2790 785 2849 Hadianitide.

417 2903 593 2976 (ιιιιιι.)
614 2901 750 2958 Ecce
775 2918 912 2956 unus
935 2900 1000 2956 de
1017 2898 1141 2970 ﬁliis
1170 2896 1339 2953 Israel
1362 2897 1569 2951 intravit
1596 2911 1772 2949 coram
1802 2893 1917 2965 fra-

341 2999 513 3055 tribus
541 2997 651 3051 suis
680 2995 747 3049 ad
772 3003 997 3049 scortum
1029 2992 1395 3056 Madianitam,
1422 2989 1619 3043 vidente
1640 2987 1840 3057 Moyse,
1869 2996 1916 3040 et

2018 1836 2136 1874 rum
2173 1820 2363 1876 Israel.
2395 1823 2538 1879 Bene
2578 1840 2792 1895 quoque
2828 1826 3058 1882 Phinees
3085 1827 3195 1883 filio
3228 1829 3472 1884 Eleazari
3503 1845 3597 1884 sa-

2016 1912 2266 1976 cerdotis,
2301 1921 2525 1982 propter
2546 1914 2719 1968 zelum
2752 1932 2911 1986 quem
2936 1918 3179 1972 exercuit
3205 1919 3259 1973 in
3284 1918 3597 1973 fornicatio—

2017 2000 2174 2056 nibus
2206 2011 2423 2071 pactum
2466 2003 2779 2072 sempiterni
2828 2006 3115 2062 sacerdotii
3163 2010 3590 2076 rcpromittitur,

2016 2091 2142 2160 quia
2172 2091 2417 2161 quisquis
2441 2092 2555 2148 zelo
2578 2093 2672 2148 Dei
2697 2095 3051 2165 compunctus
3072 2098 3253 2153 carnis
3276 2114 3387 2153 suae
3405 2099 3595 2153 stimu-

2016 2178 2098 2234 los
2144 2183 2503 2249 comprimere
2546 2184 2780 2254 satagit,
2827 2186 2912 2239 vel
2952 2201 3048 2241 eos
3091 2188 3184 2256 qui
3222 2187 3322 2241 sibi
3368 2188 3602 2259 subjecti

2018 2275 2163 2334 sunt,
2206 2285 2275 2323 ne
2302 2285 2400 2340 per
2427 2270 2703 2326 lasciviam
2741 2282 2797 2327 et
2832 2273 3106 2330 libidinem
3147 2290 3177 2329 a
3216 2276 3459 2330 veritatis
3488 2285 3597 2331 tra-

2017 2362 2150 2416 mite
2188 2361 2423 2429 devient,
2470 2364 2631 2436 digne
2671 2366 2895 2435 corripit
2935 2374 3096 2436 atque
3125 2375 3366 2431 coercet,
3399 2367 3598 2438 sempi-

2021 2453 2157 2513 terni
2196 2454 2481 2508 saccrdotii
2520 2455 2834 2526 dignitatem
2863 2457 2917 2510 in
2949 2456 3191 2512 Ecclesia
3232 2457 3327 2512 Dei
3358 2457 3600 2512 habebit.

2021 2543 2099 2597 Ad
2127 2542 2274 2597 illum
2301 2542 2640 2599 sacerdotem
2670 2546 2771 2600 rite
2794 2547 3098 2615 pertinens,
3121 2546 3188 2602 de
3209 2562 3317 2618 quo
3340 2547 3603 2617 scriptum

2019 2644 2139 2690 est:
2186 2634 2262 2689 Tu
2293 2653 2346 2691 es
2371 2637 2615 2691 sacerdos
2654 2638 2708 2691 in
2753 2647 3006 2693 wternum
3044 2639 3329 2693 secundum
3363 2639 3603 2693 ordinent

2021 2722 2399 2778 Melchisedech
2424 2723 2595 2797 (Psal.
2625 2725 2771 2798 ειυς)
2798 2766 2814 2793 ,
2859 2742 2981 2782 cum
3011 2728 3126 2797 ipso
3152 2744 3375 2798 regnum
3405 2728 3606 2799 sempi-

2025 2825 2234 2871 ternum
2285 2818 2341 2872 in
2387 2817 2505 2873 luce
2560 2834 2792 2888 superna
2844 2821 3232 2889 perpetualiter
3283 2821 3601 2892 possidebit.

2019 2906 2412 2977 Interpretatur
2439 2916 2617 2964 autem
2646 2908 2878 2964 Phinees
2909 2926 2998 2963 ore
3022 2927 3261 2980 parcens,
3291 2910 3376 2964 vel
3409 2927 3498 2965 ore
3522 2927 3604 2991 ζε-

2020 2999 2244 3069 quievit,
2288 2998 2374 3053 vel
2421 3000 2527 3052 oris
2573 3000 2873 3070 augurium.
2913 2999 2982 3054 Et
3020 3000 3246 3057 Eleazar
3278 3003 3420 3057 Deus
3450 3017 3603 3057 meus

342 3089 489 3146 omni
511 3086 660 3141 turba
686 3084 920 3154 ﬁliorum
952 3081 1122 3136 Israel
1145 3121 1160 3149 ,
1190 3080 1278 3153 qui
1312 3079 1503 3150 ﬂebant
1530 3088 1650 3131 ante
1673 3077 1810 3147 fores
1836 3086 1920 3130 ta-

2025 3085 2264 3154 adjutor,
2307 3087 2419 3142 sive
2447 3086 2543 3142 Dei
2588 3086 2934 3156 adiutorium.
2974 3082 3159 3146 Aaron
3201 3106 3356 3146 mons
3389 3090 3604 3146 fortitu-

342 3176 633 3234 bernaculi.
667 3175 820 3241 Quod
846 3190 962 3227 cum
988 3174 1193 3227 vidisset
1222 3170 1447 3226 Phinees
1475 3170 1617 3240 ﬁlius
1648 3169 1918 3234 Eleazari,

341 3268 446 3336 ﬁlii
480 3267 657 3320 Aaron
680 3264 985 3327 sacerdotis,
1017 3263 1242 3317 surrexit
1265 3263 1329 3316 de
1351 3263 1519 3317 medio
1546 3261 1920 3325 multitudinis,

343 3367 396 3410 et
420 3365 625 3425 arrepto
650 3354 870 3425 pugione
889 3392 903 3417 ,
929 3368 1165 3422 egressus
1196 3361 1269 3405 est
1292 3362 1404 3421 post
1434 3352 1600 3405 virum
1628 3351 1921 3405 Israelitem

342 3447 403 3499 in
431 3445 678 3515 lupanar,
708 3453 756 3497 et
782 3442 1007 3513 perfodit
1037 3441 1214 3496 ambos
1252 3441 1429 3507 simul,
1462 3443 1629 3496 virum
1654 3442 1848 3496 scilicet
1874 3451 1922 3496 et

343 3532 619 3587 mulierem
662 3533 718 3586 in
766 3532 896 3586 locis
945 3531 1272 3602 genitalibus.
1323 3530 1653 3604 Cessavitque
1691 3533 1847 3603 plaga
1891 3550 1924 3587 a

286 3680 302 3693 ,
344 3624 473 3693 ﬁliis
520 3622 710 3678 Israel.
750 3622 875 3677 limo
922 3622 1325 3677 mditicavcrunt
1366 3624 1602 3691 priorem
1645 3623 1920 3693 populum.

347 3718 467 3773 Tibi
497 3729 698 3783 autem,
727 3716 820 3787 qui
854 3731 886 3770 a
913 3716 1128 3771 Christo
1164 3717 1470 3785 redemptus
1515 3731 1604 3780 es,
1648 3725 1703 3770 et
1734 3715 1819 3770 cui
1857 3715 1925 3770 de

346 3809 599 3863 inanibus
625 3807 832 3878 gladius
859 3807 1157 3877 corporalis
1191 3807 1403 3861 ablatus
1429 3815 1537 3871 est,
1573 3815 1625 3862 et
1656 3808 1815 3862 datus
1840 3816 1924 3863 est

345 3899 556 3969 gladius
583 3898 837 3968 spiritus,
874 3898 1057 3967 arripe
1095 3897 1239 3951 hunc
1271 3896 1525 3967 gladium.
1559 3897 1628 3951 Et
1653 3896 1699 3952 si
1724 3898 1926 3952 videris

344 3987 701 4043 lsraeliticum
725 4002 941 4042 sensum
970 4000 1092 4042 cum
1116 3985 1425 4041 Madianitis
1459 3994 1791 4042 scortantcm
1814 4003 1927 4042 me-

346 4078 656 4143 retricibus,
690 4079 743 4132 id
769 4086 884 4142 est,
924 4092 1045 4131 cum
1085 4076 1364 4132 diabolicis
1409 4092 1468 4131 se
1510 4077 1926 4149 cogitationibus

346 4172 701 4233 volutantem,
727 4167 850 4222 nolo
874 4181 1086 4237 parcas,
1117 4165 1244 4221 nolo
1275 4166 1599 4231 dissimules,
1623 4169 1715 4222 sed
1744 4169 1926 4222 statim

345 4270 593 4337 percute,
633 4260 815 4315 statim
844 4259 1088 4328 perime;
1126 4260 1294 4329 ipsam
1341 4274 1555 4329 quoque
1592 4260 1803 4314 vulvam
1827 4301 1842 4324 ,
1874 4261 1928 4315 id

348 4364 453 4417 est,
492 4359 700 4407 secreta
748 4359 955 4404 natura)
992 4350 1288 4404 discutiens
1331 4356 1386 4404 et
1430 4359 1741 4418 penetrans,
1778 4351 1926 4405 illum

348 4443 526 4512 ipsum
556 4441 811 4509 peccandi
840 4438 1082 4494 fomitem
1109 4440 1322 4504 deseca,
1355 4455 1424 4494 ne
1457 4440 1597 4494 ultra
1628 4442 1924 4510 concipiat,
1954 4421 2004 4479 D

349 4548 418 4587 ne
444 4532 586 4588 ultra
614 4538 864 4601 generet,
906 4537 962 4583 et
1004 4529 1288 4583 maledicta
1335 4539 1677 4598 peccatorum
1716 4531 1928 4585 soboles

350 4623 643 4679 Israelitica
683 4632 861 4677 castra
904 4622 1251 4677 contaminet.
1301 4623 1415 4679 Hoc
1455 4623 1599 4679 enim
1646 4625 1691 4679 si
1727 4624 1924 4691 facias,

354 4715 609 4770 continuo
633 4712 848 4768 sedabis
874 4712 1205 4767 iracundiam
1235 4712 1466 4767 Domini.
1491 4714 1764 4770 Praevenis
1783 4717 1926 4772 enim

356 4807 496 4861 diem
533 4804 759 4875 judicii,
808 4802 900 4873 qui
942 4803 1058 4858 dies
1086 4801 1396 4872 praedicitur
1434 4817 1554 4859 esse
1600 4803 1839 4871 furoris;
1877 4815 1932 4862 et

353 4896 716 4953 exterminato
742 4893 925 4950 fomite
945 4895 1150 4964 peccati
1176 4910 1207 4949 a
1240 4904 1314 4960 te,
1351 4895 1440 4965 qui
1469 4886 1612 4951 nunc
1638 4880 1796 4953 vulva
1823 4897 1933 4953 Ma-

356 4987 635 5044 dianitidis
684 4986 924 5041 mulieris
972 4986 1306 5056 appellatur,
1360 5002 1581 5042 securus
1628 4990 1812 5044 venies
1864 4991 1933 5044 ad

352 5077 544 5150 iudicii
571 5076 730 5130 diem.
760 5075 1017 5144 Sequitur
1041 5095 1053 5129 :
1092 5076 1158 5129 Et
1184 5076 1340 5130 occisi
1360 5087 1480 5130 sunt
1507 5079 1686 5148 viginti
1709 5089 1937 5149 quatuor

359 5168 526 5224 millia
551 5165 837 5219 hominum.
863 5164 1051 5219 Merito
1070 5164 1168 5218 sub
1195 5181 1420 5222 numero
1439 5167 1710 5223 vicenario
1730 5176 1785 5224 et
1806 5184 1937 5240 qua-

361 5256 601 5314 ternario
629 5254 796 5308 millia
835 5253 1109 5309 hominum
1148 5257 1447 5311 occisorum
1477 5269 1935 5316 annumerantur:

363 5348 487 5416 quia
521 5346 614 5416 qui
652 5345 833 5399 lumen
857 5345 1101 5400 veritatis
1130 5353 1183 5401 et
1215 5344 1439 5414 justitia:
1472 5347 1937 5418 derelinquentes,

365 5440 417 5492 in
444 5439 752 5493 caecitatem
776 5434 1094 5491 idololatria:
1129 5452 1190 5491 ac
1230 5437 1604 5492 fornicationis
1632 5452 1691 5493 se
1723 5440 1939 5494 immer-

2025 3177 2186 3243 dinis,
2214 3177 2327 3231 sive
2362 3192 2517 3231 mons
2547 3176 2722 3231 fortis.
2760 3178 2889 3244 Qua:
2927 3179 3143 3232 nomina
3174 3194 3281 3233 non
3310 3180 3605 3251 incongrue

2024 3268 2275 3322 eumdem
2329 3282 2545 3322 sensum
2597 3281 2753 3336 quem
2804 3269 3220 3336 proposuimus,
3274 3270 3601 3338 exiirimunt.

2024 3358 2160 3413 Nam
2180 3358 2274 3428 qui
2294 3373 2388 3413 ore
2412 3374 2576 3429 prava
2606 3357 2751 3427 loqui
2780 3359 2975 3428 parcit,
3003 3368 3057 3414 et
3085 3360 3339 3429 mydcria
3360 3360 3605 3415 cmlestia

2024 3451 2191 3505 verbo
2219 3450 2323 3503 rite
2353 3449 2686 3504 auditoribus
2711 3450 2823 3504 suis
2859 3450 3112 3520 exponit,
3140 3466 3237 3521 per
3267 3451 3360 3505 Dei
3396 3451 3608 3521 adjuto-
3654 3444 3673 3459 ⁹

2030 3539 2167 3591 rium
2195 3538 2344 3607 pium
2371 3537 2608 3592 laborem
2634 3539 2876 3606 explens,
2898 3540 2965 3591 ad
2994 3548 3230 3593 montem
3254 3539 3606 3603 fortitudinis,

2025 3630 2092 3684 de
2119 3644 2228 3698 quo
2260 3643 2357 3698 per
2379 3629 2698 3697 prophetam
2732 3629 2991 3697 scriptum
3021 3637 3141 3683 est:
3183 3629 3301 3682 Erit
3339 3647 3487 3684 mons
3513 3632 3608 3684 do-

2026 3734 2141 3772 mus
2176 3717 2391 3771 Domini
2419 3717 2474 3770 in
2504 3717 2687 3771 vertice
2715 3719 3001 3782 montium,
3048 3728 3096 3771 et
3137 3719 3418 3773 elevabitur
3452 3737 3609 3791 super

2027 3822 2202 3859 omnes
2227 3802 2383 3858 colles
2410 3804 2543 3877 (Isa.
2571 3805 2653 3877 ιι),
2685 3805 2840 3860 bonis
2869 3807 3080 3860 actibus
3119 3809 3447 3874 ascendens,
3491 3809 3609 3863 feli-

2027 3896 2163 3950 citer
2186 3895 2482 3966 perveniet.
2515 3894 2646 3949 Erat
2674 3906 2847 3949 autem
2877 3913 3062 3951 nomen
3097 3898 3192 3951 viri
3230 3897 3476 3952 Israelita
3516 3900 3606 3969 qui

2028 3989 2229 4042 occisus
2257 3998 2329 4041 est
2362 4004 2478 4040 cum
2504 3986 2853 4041 Madianitide
2880 3987 3116 4055 Zambri,
3143 3989 3286 4057 ﬁlius
3315 3988 3467 4054 Saul,
3496 3989 3607 4041 dux

2028 4080 2091 4133 de
2119 4080 2425 4149 cognatione
2453 4088 2501 4133 et
2527 4079 2667 4132 tribu
2690 4077 2967 4134 Simeonis.
2999 4079 3167 4133 Porro
3189 4080 3376 4134 mulier
3397 4078 3607 4132 Modia-

2029 4172 2182 4237 nites,
2211 4188 2328 4242 qua:
2352 4171 2549 4241 pariter
2572 4170 2845 4239 interfecta
2867 4180 2962 4235 est,
2989 4170 3269 4224 vocabatur
3290 4168 3468 4235 Cozbi,
3493 4169 3607 4238 ﬁlia

2031 4260 2141 4316 Sur
2156 4261 2405 4330 principis
2429 4258 2737 4313 nobilissimi
2761 4258 3198 4312 Madianitarum.
3214 4260 3318 4315 Iste
3339 4267 3608 4315 scortator

2029 4351 2291 4415 lsraelita,
2314 4350 2406 4419 qui
2429 4349 2724 4404 fornicatus
2745 4356 2828 4402 est
2845 4364 2967 4403 cum
2990 4348 3212 4403 muliere
3241 4348 3605 4413 Madianitide,

2032 4452 2216 4513 typum
2253 4448 2397 4494 tenet
2431 4454 2615 4493 eorum
2643 4438 2735 4509 qui
2770 4437 3029 4492 Ecclesiae
3068 4439 3325 4493 societate
3365 4440 3478 4493 sive
3510 4454 3609 4508 per

2030 4545 2291 4594 errorem,
2317 4529 2431 4584 sive
2448 4543 2547 4597 per
2564 4542 2730 4597 prava
2751 4540 2913 4595 opera
2940 4541 2999 4581 se
3020 4535 3437 4597 sequestrantes,
3464 4528 3609 4583 blas-

2030 4622 2298 4694 phemiam
2327 4623 2468 4674 inter
2499 4618 2741 4672 infideles
2778 4620 2877 4688 'per
2904 4633 3059 4674 suam
3099 4619 3394 4689 nequitiam
3435 4620 3609 4690 magis

2032 4712 2273 4767 excitant
2322 4725 2483 4780 quam
2533 4723 2632 4779 per
2682 4709 2822 4763 bona
2869 4723 3030 4777 opera
3083 4709 3152 4762 ad
3201 4708 3606 4779 gloriﬁcandum

2033 4803 2202 4858 Deum
2227 4816 2321 4857 eos
2352 4806 2664 4869 provocant.
2697 4797 2957 4863 Qualibus
2982 4799 3116 4853 dixit
3136 4798 3459 4870 Apostolus:
3502 4801 3609 4854 Per

2034 4909 2121 4947 vos
2163 4908 2345 4946 nomen
2383 4891 2479 4945 Dei
2509 4889 2897 4960 blasphematur
2939 4890 3074 4943 inter
3113 4902 3287 4961 gentes
3315 4892 3491 4964 (Rom.
3523 4892 3606 4961 ιι).

2034 4981 2187 5049 Quod
2220 4990 2275 5035 et
2300 4980 2516 5034 nomina
2545 4994 2731 5034 eorum
2761 4977 3087 5034 sufﬁcienter
3122 4984 3431 5037 ostendunt.
3473 4982 3604 5035 Nam

2034 5072 2251 5128 Zambri
2283 5073 2663 5139 interpretatur
2682 5068 2915 5139 psalmus
2935 5071 3020 5125 vel
3040 5074 3321 5126 canticum.
3353 5071 3480 5126 Saul
3507 5081 3614 5122 ten-

2034 5162 2283 5217 tationem
2321 5152 2613 5229 respiciens.
2666 5159 2917 5224 Simeon,
2964 5160 3158 5215 audivit
3197 5161 3495 5223 tristitiam,
3528 5156 3614 5210 vel

2035 5270 2224 5309 nomen
2267 5251 2609 5308 tabernaculi.
2657 5252 2819 5308 Cozbi
2856 5268 3069 5323 quoque
3115 5252 3255 5307 calix
3298 5254 3595 5314 immensus,

2039 5345 2154 5402 sive
2180 5343 2394 5399 immola
2433 5344 2581 5397 ntihi.
2613 5343 2739 5409 Sur,
2771 5362 2952 5401 murus
2979 5346 3063 5400 vel
3091 5345 3354 5413 angustia,
3404 5350 3460 5395 et
3501 5342 3613 5396 Ma-

2039 5437 2187 5501 dian,
2214 5436 2557 5490 contradictio
2582 5435 2664 5490 vel
2687 5437 2973 5507 responsio.
2996 5437 3164 5503 Quem
3184 5449 3313 5504 ergo
3335 5434 3436 5488 iste
3456 5434 3615 5492 Zam-

364 5537 514 5596 gunt,
560 5525 688 5582 solis
738 5523 925 5580 teterni
972 5524 1173 5580 lumine
1208 5528 1425 5595 privati,
1452 5532 1725 5598 perpetuae
1751 5529 1942 5584 mortis
2038 5527 2123 5582 bri
2149 5526 2340 5582 melius
2368 5526 2644 5596 exprimit,
2682 5541 2844 5596 quam
2873 5525 3213 5580 libidinosum
3242 5532 3300 5581 et
3321 5522 3615 5581 fornicato-

367 5616 618 5675 tcnebras
664 5616 921 5674 sentiunt.
973 5612 1134 5672 Horis
1179 5631 1306 5688 ergo
1351 5618 1540 5688 viginti
1587 5628 1819 5688 quatuor
1860 5621 1939 5676 sol

2042 5632 2156 5675 rem
2185 5616 2543 5687 corporalem,
2567 5619 2681 5677 sive
2709 5617 2870 5673 etiam
2900 5616 3216 5688 spiritalem,
3240 5617 3333 5690 qui
3357 5633 3462 5675 non
3485 5635 3617 5679 can-
