3932 6188
400 299 496 354 771

1044 289 1105 344 Β.
1144 287 1398 344 ηΑΒΑΝι
1438 289 1655 345 MAURI
1696 289 2010 342 ARClllEP.
2055 287 2359 343 MOGUNT.
2402 287 2683 343 OPERUM
2724 285 2975 342 PARS'I.

3536 296 3642 351 ττῖ

402 414 564 466 ticum
594 406 786 470 laudis,
813 403 904 459 sed
929 403 1190 473 psalmum
1213 401 1520 470 impropcrii
1545 401 1656 454 sive
1682 400 1965 463 irrisionis,
1999 413 2043 465 Α
2073 415 2176 453 non
2208 398 2378 451 solum
2411 414 2507 468 per
2536 397 2712 451 tribus
2743 413 2806 450 ac
2836 396 3069 451 familias
3109 406 3158 451 et
3204 398 3390 454 domos
3409 443 3422 464 ,
3455 418 3641 459 verum

400 501 542 555 inter
570 497 817 552 inimicos
853 493 1052 548 Christi
1096 491 1338 545 excitat?
1375 491 1450 544 De
1486 490 1680 558 quibus
1717 491 1974 558 propheta

397 589 564 644 dixit:
602 586 732 638 Tota
759 583 842 636 die
862 598 976 634 sum
1007 579 1236 648 psalmus
1278 595 1455 631 eorum
1494 576 1700 646 (Thren.
1771 577 1873 642 ιιι).
1914 577 1980 628 Et

399 677 563 730 alibi:
596 673 663 726 In
707 688 787 724 me
829 668 1138 740 psallebant,
1181 667 1271 735 qui
1315 665 1549 718 bibebant
1587 666 1762 718 vinum
1805 663 1975 733 (Psal.

399 764 617 832 vam).
652 761 749 814 llic
788 773 916 827 ergo
954 757 1021 810 ad
1063 755 1415 809 tentationem
1457 753 1779 823 respiciens,
1811 753 1864 808 id
1894 760 1979 807 est

403 851 681 906 tentationi
711 846 1071 909 consentiens,
1099 844 1198 898 sub
1216 844 1434 898 nomine
1454 843 1768 910 habitaculi,
1798 843 1850 896 id
1873 851 1977 906 est,

401 942 500 996 sub
531 938 746 993 nomine
784 933 1173 998 ecclesiastici,
1218 931 1413 1002 ingerit
1442 931 1718 985 tristitiam
1749 946 1812 984 ex
1849 945 1977 984 casu

401 1050 498 1088 suo
527 1031 685 1086 simul
713 1027 1145 1084 cohabitantibus
1167 1039 1347 1078 secum
1376 1023 1677 1092 quibusque
1707 1021 1975 1086 fidelibus,

401 1124 524 1192 quia
571 1120 754 1174 calicis
783 1115 1029 1170 immensi
1080 1128 1264 1168 amore
1298 1112 1556 1181 repletus,
1585 1113 1686 1166 hoc
1722 1119 1806 1165 est
1843 1109 1978 1180 gulze

403 1208 669 1264 illecebris
691 1203 1025 1265 deserviens,
1049 1199 1394 1268 semetipsum
1423 1198 1718 1252 immolavit
1742 1196 1975 1260 diabolo,

407 1312 526 1351 cum
557 1293 798 1348 membra
832 1305 929 1344 sua
968 1287 1189 1342 tradidit
1218 1285 1444 1340 libidini.
1472 1285 1571 1339 Hic
1594 1283 1978 1339 contradictio-

403 1383 490 1436 nis
525 1394 841 1450 responsum
886 1377 954 1431 ab
983 1374 1308 1431 adversariis
1354 1373 1448 1427 Dei
1485 1387 1582 1427 suo
1607 1387 1773 1440 pravo
1815 1385 1980 1440 opere

403 1473 660 1536 efﬁciens,
695 1473 867 1525 muris
894 1468 1082 1523 tetemi
1105 1465 1360 1529 carceris,
1394 1472 1555 1532 atque
1579 1463 1841 1531 angustia:
1858 1477 1980 1533 per-

400 1574 564 1635 petua
592 1561 934 1616 damnatione
959 1557 1308 1625 semetipsum
1331 1555 1639 1623 immerget,
1663 1554 1754 1608 ubi
1776 1555 1983 1609 crucia-

405 1654 552 1707 bitur
577 1651 662 1704 die
691 1665 753 1703 ac
782 1655 975 1703 nocte:
1021 1645 1132 1699 Nec
1170 1643 1291 1696 inde
1315 1643 1477 1709 exiet,
1505 1643 1666 1696 donec
1695 1641 1857 1696 solvat
1885 1659 1979 1696 no-

403 1745 673 1798 vissimum
700 1739 1041 1810 quadrantem
1069 1735 1282 1806 (Matth.
1318 1733 1394 1805 v).

1024 1844 1250 1901 CAPUT
1287 1843 1337 1898 Χ

410 1961 488 2017 De
521 1959 750 2014 secunda
794 1955 1210 2010 dinumeratione
1248 1951 1612 2006 Israelitarum
1634 1993 1648 2017 ,
1683 1968 1800 2022 qua:
1837 1952 1978 2020 facta

483 2039 558 2083 est
604 2043 697 2094 per
742 2022 958 2095 Moysen
1002 2033 1049 2077 et
1092 2021 1408 2075 Eleazarum
1451 2022 1619 2089 ﬁlium
1661 2021 1839 2074 Aaron
1887 2037 1976 2074 sa-

477 2097 718 2152 cerdotis.

475 2208 639 2280 (Car.
670 2203 852 2275 xxvi.)
889 2202 1176 2274 Postquam
1215 2201 1491 2255 noxiorum
1528 2201 1744 2272 sanguis
1779 2203 1978 2272 e/fusus

404 2310 508 2364 est,
540 2299 670 2352 dixit
700 2297 956 2350 Dominus
983 2295 1051 2348 ad
1093 2292 1310 2364 Moysen
1358 2302 1404 2346 et
1456 2292 1771 2346 Eleazarum
1807 2292 1977 2361 filium

406 2391 584 2442 Aaron
617 2386 937 2441 sacerdotem
960 2399 978 2435 :
1012 2383 1299 2436 Numerata
1331 2397 1531 2436 omnem
1558 2397 1813 2434 summam
1839 2381 1980 2449 filio-

410 2493 525 2530 rum
559 2475 726 2529 Israel
747 2515 761 2540 ,
793 2491 823 2527 a
853 2475 1032 2543 viginti
1063 2473 1215 2526 annis
1242 2481 1289 2526 et
1316 2487 1474 2541 supra
1494 2510 1508 2534 ,
1535 2480 1581 2523 et
1605 2486 1695 2539 per
1719 2470 1977 2523 domaret

407 2568 738 2636 cognationes
767 2581 919 2627 suas,
951 2573 1163 2616 cunctos
1184 2603 1198 2627 ,
1231 2562 1321 2632 qui
1349 2569 1563 2630 possunt
1591 2560 1659 2612 ad
1691 2559 1824 2613 bella
1852 2575 1976 2629 pro-

404 2653 602 2708 cedere.
631 2652 800 2724 Igitur
826 2667 924 2721 per
947 2657 1270 2720 przeceptum
1312 2649 1523 2704 Domini
1566 2649 1740 2718 primo
1785 2661 1977 2701 nume-

411 2755 560 2801 ratus
587 2753 671 2799 est
697 2743 944 2814 pepulus.
981 2741 1086 2796 Sed
1114 2741 1366 2810 quoniam
1401 2741 1505 2805 illi,
1541 2740 1634 2809 qui
1665 2740 1841 2808 primo
1873 2738 1981 2793 fue-

410 2844 534 2890 rant
563 2833 754 2890 adsciti
775 2875 790 2900 ,
816 2833 1129 2888 ceciderunt
1153 2839 1374 2901 propter
1401 2830 1858 2900 perseverantiam
1889 2829 1982 2883 de—

407 2924 660 2980 lictorum
679 2965 694 2990 ,
725 2924 991 2979 secundus
1020 2937 1161 2976 nunc
1189 2921 1450 2991 populus,
1483 2920 1576 2989 qui
1607 2919 1663 2973 in
1705 2918 1979 2988 lapsorum

406 3013 585 3068 locum
635 3013 875 3068 rediviva
915 3011 1263 3082 generatione
1308 3009 1600 3074 successit,
1642 3017 1870 3063 vocatur
1912 3007 1981 3062 ad

2077 497 2130 542 et
2159 504 2256 558 per
2286 489 2501 542 nomina
2523 528 2537 552 ,
2573 503 3010 556 unumquemque
3038 489 3195 558 digna
3229 500 3284 543 et
3319 499 3641 562 competenti

2077 580 2357 634 mansione
2390 579 2684 648 dispenset.
2729 578 2868 632 Sunt
2899 588 3080 634 tamen
3116 580 3281 650 aliqui
3323 583 3375 636 in
3409 585 3526 640 istis
3553 589 3645 656 qui

2078 668 2438 721 conditionem
2479 666 2642 720 sortis
2697 666 3142 735 supereminent,
3175 677 3231 722 et
3281 673 3504 726 omnino
3549 689 3647 729 nec

2077 759 2415 812 adducuntur
2453 758 2518 812 ad
2556 769 2779 813 sortem.
2817 756 3018 813 Omnes
3062 759 3292 826 Levitze,
3326 763 3380 816 id
3409 772 3526 828 est,
3559 766 3647 834 qui

2077 847 2284 901 intente
2341 855 2397 901 et
2447 846 2816 900 indesinenter
2880 859 3198 915 permanent
3246 850 3300 903 in
3351 852 3650 907 ministerio

2077 935 2204 998 Dei,
2237 943 2290 988 ct
2320 934 2607 1006 pervigiles
2636 935 2688 988 in
2722 935 2945 989 servitio
2981 933 3099 1002 ejus
3139 939 3395 994 excubias
3424 951 3648 1010 gerunt,

2075 1032 2276 1077 sortem
2304 1024 2446 1077 inter
2471 1033 2697 1078 exteros
2721 1039 2828 1078 non
2854 1025 3142 1093 accipiunt.
3173 1026 3278 1081 Sed
3303 1044 3406 1084 nec
3433 1033 3654 1088 omnino

2077 1119 2131 1172 in
2169 1127 2309 1173 terra
2336 1126 2419 1173 est
2446 1133 2570 1173 sors
2604 1134 2818 1184 eorum,
2850 1120 2944 1173 sed
2976 1119 3089 1188 ipse
3117 1121 3376 1177 Dominus
3402 1140 3525 1180 sors
3554 1128 3652 1192 eis,

2077 1218 2132 1264 et
2161 1209 2450 1264 htcreditas
2480 1224 2600 1264 esse
2625 1218 2980 1264 memoratur.
3012 1210 3118 1264 Per
3143 1213 3242 1266 hos
3282 1214 3358 1268 illi
3405 1217 3543 1272 mihi
3579 1221 3654 1272 vi-

2078 1299 2274 1352 dentur
2321 1299 2581 1363 indicari,
2627 1299 2718 1367 qui
2765 1298 2926 1352 nullis
2965 1314 3191 1369 corpore
3228 1313 3437 1358 natura:
3475 1308 3655 1362 obsta-

2077 1389 2215 1444 culis
2246 1389 2512 1453 hebetati,
2546 1389 2642 1444 sed
2670 1390 2910 1444 omnium
2953 1390 3243 1446 visibilium
3289 1395 3520 1464 gloriam
3567 1416 3654 1454 su-

2077 1480 2346 1550 pergressi
2366 1521 2382 1546 ,
2411 1481 2467 1534 in
2499 1481 2611 1535 sola
2642 1481 2743 1535 sibi
2775 1481 3041 1550 sapientia
3072 1482 3164 1536 Dei
3197 1492 3253 1540 et
3292 1489 3460 1542 verbo
3507 1490 3654 1560 ejus,

2077 1569 2290 1623 vivendi
2322 1585 2480 1624 usum
2509 1569 2936 1639 exercitiumque
2972 1582 3299 1640 posuerunt,
3337 1577 3430 1644 qui
3461 1593 3656 1650 corpo-

2077 1673 2226 1713 reum
2265 1658 2395 1712 nihil
2433 1659 2750 1727 requirunt,
2791 1660 2926 1714 nihil
2967 1662 3196 1718 rationis
3225 1664 3480 1720 alienum.
3517 1669 3655 1723 (30;:-

2006 1791 2053 1849 B
2080 1755 2364 1823 cupierunt
2401 1756 2546 1809 enim
2589 1756 2941 1824 sapientiam,
2983 1759 3375 1828 concupierunt
3419 1773 3660 1820 secreto-

2081 1858 2200 1896 rum
2231 1841 2323 1896 Dei
2353 1843 2677 1912 agnitionem
2707 1861 2720 1897 :
2750 1854 2799 1897 et
2828 1845 2917 1898 ubi
2944 1855 3020 1898 est
3046 1863 3137 1899 cor
3159 1865 3368 1914 eorum,
3401 1852 3471 1904 ibi
3505 1863 3584 1906 est
3613 1863 3660 1908 ct

2083 1931 2360 1984 thesaurus
2399 1947 2577 1985 eorum
2608 1931 2831 2003 (Matth.
2865 1949 2915 1986 vl
2935 1934 2974 2006 ).
3009 1934 3100 1989 lsti
3127 1952 3257 2006 ergo
3285 1939 3657 1998 hzereditatem

2081 2033 2186 2073 non
2239 2020 2440 2074 habent
2491 2021 2545 2074 in
2603 2021 2764 2076 terris
2791 2062 2806 2088 ,
2861 2023 2955 2077 sed
3001 2027 3484 2094 supergrediuntur
3539 2031 3659 2088 cwli

2081 2125 2288 2164 summa
2329 2111 2576 2182 fastigia,
2610 2119 2662 2166 et
2699 2112 2771 2166 ibi
2803 2128 3015 2183 semper
3055 2116 3108 2169 in
3153 2117 3412 2185 Domino,
3445 2136 3661 2192 semper

2083 2199 2134 2252 in
2181 2199 2346 2253 verbo
2383 2200 2529 2270 ejus,
2574 2215 2789 2271 semper
2827 2202 2881 2256 in
2923 2204 3187 2273 sapientia
3217 2208 3353 2262 etin
3379 2210 3662 2268 voluntate

2082 2288 2322 2343 scientia:
2369 2289 2485 2357 ejus
2531 2290 2897 2346 deliciantur?
2926 2293 3025 2348 Hie
3068 2296 3146 2350 eis
3191 2298 3378 2362 cibus,
3415 2302 3525 2356 hoc
3563 2306 3663 2357 erit

2079 2379 2327 2448 poculum
2353 2396 2368 2444 ;
2401 2381 2517 2435 ista:
2545 2381 2776 2447 divitiae,
2808 2383 2913 2437 hoc
2937 2384 3042 2438 erit
3069 2385 3303 2455 signum.
3339 2388 3502 2445 Tales
3533 2407 3662 2463 ergo

2081 2479 2272 2535 erunt,
2319 2481 2373 2524 et
2417 2473 2471 2525 in
2517 2473 2602 2527 his
2645 2483 2807 2528 erunt
2848 2474 2953 2539 illi,
2994 2476 3190 2544 quibus
3226 2477 3518 2537 hazreditas
3552 2484 3662 2553 ipse

2081 2560 2340 2616 Dominus
2387 2562 2513 2617 erit.
2538 2561 2640 2629 Qui
2686 2572 2865 2619 autem
2915 2563 3201 2622 inferiores
3249 2578 3396 2634 sunt,
3446 2586 3549 2628 nec
3598 2577 3663 2629 ad

2082 2651 2244 2706 istum
2286 2653 2625 2722 profectuum
2665 2654 2921 2710 verticem
2950 2667 3344 2725 pervenerunt,
3373 2662 3664 2718 hzeredita—

2083 2750 2190 2796 tem
2233 2750 2391 2798 terrze
2435 2745 2733 2814 accipient,
2782 2744 2909 2800 licet
2953 2745 3296 2802 sublimiores
3335 2749 3568 2818 alicujus
3611 2763 3665 2807 et

2081 2838 2448 2904 potentiores:
2474 2845 2621 2892 terra
2643 2838 2786 2892 enim
2813 2838 3106 2893 viventium
3130 2841 3526 2909 repromittitur
3545 2858 3663 2913 quae

2083 2927 2270 2996 utique
2307 2928 2509 2983 idcirco
2546 2936 2688 2982 terra
2724 2929 3020 2984 viventium
3051 2930 3248 2984 dicitur
3275 2931 3418 3001 quod
3454 2935 3663 2988 nesciat

2083 3027 2328 3072 mortem.
2381 3019 2447 3072 Et
2493 3019 2580 3073 isti
2621 3019 2837 3088 quidem
2884 3021 3066 3090 magni
3107 3029 3162 3075 et
3207 3021 3293 3074 isti
3332 3022 3524 3077 beati:
3572 3025 3663 3079 sed

404 3109 818 3196 {Iumenﬂthfl
856 3101 999 3196 (Antid
1039 3099 1253 3196 (ιθ-,ΗΠΒ
1287 3098 1558 3196 ιιτῑίξτίδυε
1610 3097 1810 3152 diem“)
1856 3111 1977 3196 :10“
2006 3133 2051 3196 ρ
2082 3106 2355 3161 beatiores
2386 3107 2496 3171 illi,
2527 3109 2618 3177 qui
2644 3107 2756 3176 jam
2785 3123 2890 3163 non
2921 3125 3019 3178 per
3053 3110 3330 3179 speculum
3357 3121 3413 3165 et
3443 3114 3498 3167 in
3536 3115 3664 3168 teni-

403 3189 583 3244 fuerat
601 3229 616 3254 ,
647 3191 712 3244 de
737 3189 822 3243 his
846 3186 1064 3241 dicitur.
1094 3187 1286 3240 Postea
1317 3187 1460 3240 enim
1491 3200 1652 3254 quam
1679 3199 1776 3254 per
1801 3185 1976 3240 tribus

402 3289 458 3333 et
487 3279 668 3348 plebes
699 3279 994 3344 domosque
1024 3290 1091 3330 ac
1121 3273 1356 3328 familias
1383 3274 1642 3329 collectus
1671 3282 1758 3328 est
1786 3288 1975 3328 nume-

303 3435 306 3440 _
403 3383 526 3432 rus,
577 3367 708 3422 dicit
754 3365 1012 3419 Dominus
1059 3364 1126 3418 ad
1170 3363 1430 3432 Moysen:
1483 3361 1584 3416 His
1633 3362 1978 3416 distribuetur

405 3468 548 3526 terra
581 3458 635 3510 in
665 3465 886 3519 sortem,
919 3463 967 3507 et
997 3454 1200 3523 exiguis
1233 3453 1476 3524 exiguam
1513 3453 1663 3507 dabis
1692 3453 1976 3507 haeredita-

404 3556 524 3600 tem.
558 3544 616 3598 Si
646 3545 712 3599 de
739 3543 1012 3614 prioribus
1041 3543 1244 3597 dictum
1287 3541 1479 3597 fuisset
1516 3551 1574 3597 et
1599 3542 1726 3611 quia
1748 3541 1832 3596 his
1869 3541 1979 3596 dis-

404 3637 669 3691 tribuetur
719 3643 862 3689 terra
915 3633 972 3688 in
1021 3641 1196 3696 sorte,
1255 3631 1450 3688 falsum
1515 3633 1706 3702 utique
1750 3632 1975 3696 fuisset,

401 3728 527 3797 quia
574 3726 885 3782 ceciderunt
921 3723 994 3778 illi
1035 3723 1088 3778 in
1125 3723 1338 3778 deserto
1370 3731 1592 3792 propter
1627 3722 1820 3776 delicta
1855 3735 1974 3774 sua.

401 3825 553 3890 Quod
582 3839 711 3894 ergo
739 3821 931 3892 primis
959 3837 1065 3876 non
1107 3828 1193 3875 est
1231 3820 1433 3874 dictum
1455 3860 1470 3885 ,
1510 3820 1799 3889 postremis
1841 3819 1975 3873 dici-

406 3924 512 3978 tur,
565 3913 760 3982 quibus
806 3920 861 3965 et
907 3919 1098 3966 cuncta
1143 3925 1263 3978 quae
1308 3909 1715 3978 promittuntur,
1761 3907 1978 3977 impleta

401 4014 546 4061 sunt.
589 4003 715 4058 Hice
769 4009 948 4056 autem
993 4000 1117 4055 nolo
1161 4009 1316 4070 putes
1352 3999 1517 4056 solius
1551 4000 1792 4055 historiae
1829 4007 1980 4053 textu

400 4094 644 4150 concludi
680 4111 694 4147 :
736 4091 991 4162 mysteria
1024 4100 1148 4145 sunt
1171 4130 1185 4155 ,
1223 4105 1342 4159 qua:
1377 4105 1476 4160 per
1513 4090 1648 4160 legis
1686 4089 1976 4158 imaginem

405 4183 838 4238 conscribuntur.
869 4180 1208 4249 Reprobatur
1236 4179 1378 4233 enim
1408 4179 1557 4248 prior
1585 4179 1814 4250 populus
1835 4221 1849 4245 ,
1881 4179 1970 4249 qui

400 4280 486 4324 est
524 4271 575 4324 in
607 4267 1052 4333 circumcisione,
1085 4277 1139 4322 et
1170 4267 1526 4322 introducitur
1556 4267 1821 4322 secundus
1842 4309 1855 4332 ,
1885 4268 1978 4337 qui

403 4371 761 4432 congregatur
797 4376 862 4415 ex
903 4361 1149 4430 gentibus
1179 4379 1191 4412 :
1227 4369 1283 4415 et
1317 4360 1430 4429 ipse
1462 4359 1661 4429 estqui
1692 4360 1978 4415 hatredita-

403 4460 508 4504 tem
543 4450 891 4519 consequitur
927 4457 1226 4518 paternam.
1267 4448 1336 4502 Et
1377 4463 1407 4501 a
1448 4463 1556 4516 quo
1590 4447 1977 4516 consequitur?

404 4543 517 4596 Non
549 4557 577 4595 a
612 4541 820 4612 Moyse,
854 4539 946 4594 sed
975 4539 1042 4592 ab
1069 4536 1214 4592 Jesu.
1248 4537 1382 4590 Nam
1410 4537 1619 4606 Moyses
1645 4537 1855 4590 etiamsi
1886 4536 1976 4588 dat

401 4631 666 4700 aliquibus
694 4631 1085 4692 haereditatem,
1118 4643 1224 4682 non
1253 4629 1345 4682 dat
1380 4628 1518 4680 intra
1543 4626 1854 4691 Iordanem,
1883 4627 1976 4681 sed

401 4734 552 4780 extra
605 4723 912 4779 Iordanem.
965 4723 1066 4777 Dat
1107 4731 1303 4778 terram
1354 4737 1458 4775 non
1509 4720 1760 4774 fluentem
1802 4721 1883 4774 lac
1925 4731 1979 4774 et

403 4813 539 4876 mel,
571 4814 663 4866 sed
690 4815 975 4882 pecoribus
1011 4822 1213 4881 aptam.
1257 4812 1321 4864 Et
1358 4819 1503 4864 muta
1536 4809 1787 4863 animalia
1818 4818 1980 4878 atque

405 4903 803 4957 irrationabiles
853 4905 1128 4973 pecudes,
1181 4901 1375 4956 melius
1420 4916 1579 4970 quam
1630 4900 1979 4956 rationabiles

404 4994 652 5049 homines
687 4994 1013 5047 nutricatur.
1051 4991 1207 5047 Jesus
1241 5007 1370 5046 vero
1398 5007 1550 5046 meus
1571 5031 1586 5055 ,
1617 4992 1854 5046 secundo
1880 5007 1977 5062 po-

403 5085 529 5156 pulo
579 5091 724 5139 terra
763 5137 765 5139 ,
832 5099 991 5153 quam
1038 5084 1161 5148 dat,
1205 5091 1350 5136 terra
1396 5090 1479 5136 est
1529 5083 1672 5138 lacte
1720 5092 1776 5137 et
1821 5083 1980 5138 melle

405 5177 614 5242 fluetus;
648 5173 801 5229 favus
839 5174 946 5228 imo
989 5173 1195 5238 mellis,
1244 5173 1338 5226 sed
1376 5187 1485 5242 pra:
1521 5174 1667 5228 omni
1700 5181 1865 5228 terra.
1910 5174 1980 5229 Et

405 5267 614 5340 Moyses
643 5265 858 5336 quidem
890 5264 1258 5318 lnereditatem
1292 5277 1397 5316 non
1441 5263 1531 5316 dat
1571 5263 1624 5316 in
1666 5262 1833 5327 clero,
1879 5279 1980 5319 nec

403 5367 547 5412 sorte
587 5356 891 5419 distribuit,
923 5369 1022 5408 nec
1062 5361 1240 5423 potest
1269 5368 1366 5421 per
1393 5352 1574 5422 plebes
1611 5361 1667 5406 et
1697 5353 1885 5408 domos
1915 5369 1980 5411 ac

405 5447 634 5502 familias
662 5459 716 5503 et
745 5447 965 5502 nomina
987 5486 1003 5511 ,
1033 5445 1228 5499 merita
1259 5445 1591 5516 singulorum
1625 5445 1805 5500 divina
1833 5456 1980 5502 sorte

405 5553 650 5605 pensare.
695 5540 807 5594 l-loc
847 5539 992 5595 solus
1022 5539 1152 5593 facit
1181 5535 1336 5592 Jesus
1357 5579 1370 5605 ,
1402 5540 1487 5593 cui
1521 5553 1681 5594 omne
1715 5538 1976 5608 judicium

405 5625 563 5678 Pater
611 5630 849 5682 tradidit.
895 5630 1012 5698 Ipse
1057 5630 1162 5683 scit
1208 5630 1474 5697 quomodo
1515 5631 1770 5699 populum
1821 5646 1976 5683 suum

2081 3204 2284 3264 gmate,
2317 3211 2493 3264 neque
2522 3197 2575 3250 in
2618 3197 2933 3252 substantiis
2968 3201 3360 3269 corporalibus,
3401 3203 3496 3256 sed
3527 3202 3664 3258 facie

2079 3281 2148 3337 ad
2186 3282 2381 3338 faciem
2417 3284 2586 3340 Deum
2623 3286 2911 3353 videbunt,
2949 3289 3226 3357 sapientiae
3265 3290 3665 3348 illuminationc

2083 3375 2313 3443 radiati,
2356 3385 2413 3431 et
2442 3377 2592 3432 mirae
2639 3379 2935 3435 divinitatis
2977 3395 3203 3451 capaces
3229 3397 3326 3452 per
3367 3385 3662 3454 puritatem

2081 3464 2263 3518 cordis
2287 3462 2464 3518 efl‘ecti
2484 3507 2498 3531 ,
2530 3467 2943 3538 portionemque
2967 3486 3120 3525 suam
3147 3487 3255 3527 non
3284 3473 3338 3527 in
3368 3485 3626 3530 creatura
3645 3516 3661 3540 ,

2080 3556 2175 3610 sed
2213 3556 2266 3609 in
2294 3565 2538 3612 creatore
2571 3558 2868 3629 habentes,
2895 3564 2984 3632 qui
3010 3572 3093 3619 est
3116 3579 3278 3634 super
3305 3567 3489 3621 omnia
3517 3567 3661 3624 Deus

2081 3644 2397 3700 benedictus
2433 3646 2487 3700 in
2515 3648 2731 3704 saecula.

2155 3734 2383 3790 Locutus
2409 3746 2484 3791 est
2511 3737 2767 3794 Dominus
2793 3741 2861 3794 ad
2887 3741 3102 3812 Mosgen
3127 3744 3305 3798 dicens
3328 3761 3346 3799 :
3371 3745 3502 3800 Istis
3532 3748 3662 3803 divi-

2081 3826 2235 3878 detur
2268 3836 2409 3882 terra
2444 3829 2605 3898 juxta
2652 3847 2924 3888 numerum
2956 3835 3326 3891 vocabulorum
3367 3841 3423 3893 in
3461 3858 3663 3911 posses-

2081 3917 2252 3970 siones
2304 3933 2449 3970 suas.
2504 3915 2757 3974 Pluribus
2811 3922 3068 3991 majorem
3119 3935 3322 3994 partem
3373 3928 3560 3996 dabis,
3613 3942 3659 3986 et

2081 4006 2417 4075 paucioribus
2467 4009 2740 4062 minorem.
2777 4010 3034 4080 Singulis,
3072 4014 3206 4068 sicut
3250 4032 3388 4070 nunc
3419 4023 3656 4074 reccnsiti

2080 4105 2233 4158 sunt,
2268 4097 2510 4150 tradetur
2535 4101 2814 4169 possessio,
2845 4102 2918 4155 ita
2949 4103 3209 4158 duntaxat
3238 4117 3291 4159 ut
3321 4124 3437 4162 sors
3467 4120 3657 4164 terram

2081 4185 2317 4240 tribubus
2347 4187 2548 4241 dividat
2589 4199 2636 4242 et
2678 4190 2916 4259 familiis.
2961 4192 3229 4265 Quidquid
3258 4207 3397 4251 sorte
3427 4202 3657 4270 contige-

2082 4276 2184 4340 rit,
2221 4277 2318 4329 hoc
2356 4276 2435 4330 vel
2469 4277 2644 4347 plures
2674 4281 2924 4349 accipient
2954 4281 3032 4334 vel
3056 4285 3351 4351 pauciores.
3394 4285 3513 4342 Hoc
3545 4300 3624 4343 cst
3644 4329 3657 4349 ,

2081 4365 2222 4433 quod
2253 4364 2438 4428 docet,
2471 4372 2531 4418 ut
2561 4366 2604 4419 si
2645 4382 2750 4436 qua
2783 4367 2957 4422 tribus
2986 4372 3326 4427 numerosior
3349 4374 3583 4431 habetur
3611 4379 3656 4431 in

2079 4455 2324 4525 populis,
2362 4455 2562 4523 majora
2605 4465 2762 4512 terra:
2800 4459 2972 4527 spatia
3015 4462 3294 4517 sortiatur.
3339 4464 3396 4518 Si
3436 4482 3544 4535 qua
3571 4485 3658 4522 au-

2079 4553 2186 4598 tem
2213 4548 2390 4600 minor
2417 4549 2692 4602 hominum
2719 4565 2944 4605 numero
2970 4562 3238 4619 censetur,
3264 4554 3515 4614 breviore
3544 4576 3657 4629 pos-

2079 4635 2319 4690 sessione
2345 4646 2599 4692 contenta
2637 4638 2727 4692 sit.
2767 4639 2874 4694 Sed
2912 4644 3164 4709 quoniam
3204 4654 3362 4700 terra:
3389 4647 3555 4718 hujus
3581 4652 3654 4706 di-

2081 4723 2342 4778 visionem
2371 4726 2848 4798 htcreditatemque
2876 4737 3145 4785 terrenam
3172 4735 3403 4801 speciem
3432 4738 3657 4792 dicimus

2083 4821 2268 4867 tenere
2291 4822 2345 4867 et
2371 4815 2658 4885 imaginem
2687 4816 2990 4872 futurorum
3017 4821 3310 4887 bonorum,
3337 4839 3401 4879 ac
3429 4825 3652 4880 formam

2085 4901 2324 4957 cmlestis
2360 4903 2534 4970 illius,
2573 4922 2691 4976 qua:
2725 4922 2755 4960 a
2797 4907 3040 4964 ﬁdelibus
3073 4920 3127 4964 et
3153 4914 3355 4968 sanctis
3379 4927 3651 4984 operatur.

2079 4998 2368 5052 ostendere
2413 4998 2630 5067 requiro
2666 4999 2718 5052 in
2758 4999 2847 5052 illa
2888 5000 3204 5056 haereditate
3243 5017 3362 5070 quae
3387 5007 3649 5074 speranda

2079 5099 2194 5156 est,
2235 5094 2327 5160 qui
2367 5101 2492 5146 sunt
2525 5092 2743 5162 plures,
2785 5102 2840 5147 et
2864 5094 2954 5162 qui
2984 5102 3111 5148 sunt
3135 5096 3326 5165 pauci,
3353 5105 3410 5150 et
3446 5099 3654 5153 invenio

2081 5181 2155 5236 ibi
2195 5183 2384 5236 beatos
2419 5183 2703 5252 pauciores
2743 5183 2930 5237 haberi
2967 5199 3128 5254 quam
3152 5185 3355 5253 plures.
3398 5185 3537 5241 Nam
3572 5189 3652 5258 qui

2081 5284 2178 5339 per
2217 5269 2359 5323 viam
2398 5270 2562 5324 latam
2595 5279 2650 5324 et
2691 5271 2986 5340 spatiosam
3008 5312 3024 5337 ,
3064 5286 3182 5340 quae
3211 5273 3358 5328 ducit
3388 5274 3459 5328 ad
3486 5276 3652 5345 perdi-

2083 5359 2308 5424 tionem,
2339 5359 2441 5413 iter
2467 5360 2708 5430 egerint,
2748 5359 2900 5414 multi
2938 5360 3230 5426 dicuntur;
3266 5363 3357 5431 qui
3395 5379 3529 5419 vero
3564 5378 3652 5433 per

2076 5461 2280 5507 arctam
2305 5463 2357 5510 et
2382 5464 2662 5524 angustam
2696 5455 2836 5509 viam
2867 5458 3225 5525 porrexerint,
3255 5474 3377 5528 qua:
3403 5461 3554 5516 ducit
3591 5459 3650 5513 ad

2076 5543 2274 5606 vitam,
2313 5545 2466 5613 pauci
2492 5545 2848 5614 appellantur.
2875 5546 2942 5600 Et
2969 5548 3160 5602 iterum
3188 5549 3239 5602 in
3267 5550 3390 5604 aliis
3415 5551 3609 5606 dicitur
3634 5567 3645 5600 :

2078 5633 2246 5696 Quam
2289 5637 2443 5704 pauci
2487 5645 2641 5698 sunt,
2669 5638 2755 5706 qui
2797 5636 3066 5691 salvantur
3105 5638 3340 5709 (Malm.
3376 5657 3465 5695 XIX
3495 5642 3541 5706 )!
3591 5638 3648 5691 Et
