3924 6176
288 285 388 342 773

1006 278 1537 338 ENARRATIONES
1574 279 1642 335 IN
1677 278 1935 336 LIBRUM
1974 279 2434 338 NUMERORUM.
2466 312 2537 324 -
2575 281 2700 338 LIB.
2741 282 2826 338 Ill.

3441 285 3544 338 ττι

290 398 418 449 item
453 393 507 446 in
535 392 656 450 aliis
682 409 694 444 τ
731 389 827 444 Ubi
859 393 1236 462 multiplicatur
1266 395 1513 463 iniquitas
1534 432 1549 457 ,
1582 393 1870 462 refrigescit
1898 395 1947 453 Λ
1973 393 2098 446 dine
2129 393 2471 464 multiplicari
2507 395 2828 461 hiercditas,
2869 403 2924 450 ct
2951 395 3161 467 exiguis
3189 395 3327 462 illis,
3355 397 3544 453 videli—

287 485 522 537 charitas
548 482 826 536 multorum
847 481 1060 552 (Matth.
1093 483 1260 551 xxiv),
1287 497 1393 535 non
1414 497 1731 551 paucorum.
1761 481 1868 535 Sed

289 576 342 627 in
371 589 499 628 arca
524 588 645 643 quae
670 588 698 626 a
726 571 838 627 Noe
863 580 1174 630 constructa
1203 580 1286 628 est
1303 613 1318 636 ,
1348 573 1439 628 ubi
1465 588 1735 628 mensura:
1761 588 1870 627 cte-

289 670 419 722 Iitus
447 667 647 721 dantur
680 666 734 718 in
775 663 1120 719 inferioribus
1160 673 1527 720 trecentorum
1567 663 1867 718 cubitorum

288 759 512 828 ponitur
561 755 875 826 longitudo,
925 762 980 809 et
1029 755 1423 827 quinquaginta
1470 755 1717 810 latitudo.
1768 755 1869 810 Ubi

286 862 424 902 vero
465 853 643 899 textus
671 843 786 912 ejus
827 844 894 898 ad
921 844 1113 899 altiora
1146 845 1459 916 consurgit,
1499 845 1553 900 in
1582 852 1870 916 angustum

290 938 527 1007 cogitur,
563 943 616 990 et
655 950 952 1005 paucorum
988 935 1298 990 cubitorum
1343 937 1688 992 conclusione
1724 936 1872 990 colli-

290 1030 458 1098 gitur,
489 1027 564 1081 ita
604 1035 666 1080 ut
701 1026 988 1081 summitas
1027 1026 1145 1095 ejus
1171 1028 1225 1080 in
1252 1029 1412 1081 unius
1438 1027 1604 1081 cubiti
1635 1027 1869 1096 spatium

292 1127 718 1173 consummetur.
755 1118 1050 1188 Propterea
1087 1118 1230 1188 quod
1271 1119 1325 1173 in
1365 1118 1711 1174 inferioribus
1752 1121 1870 1190 qui-

293 1211 414 1264 dem
439 1210 531 1264 uhi
559 1209 668 1262 lata
698 1219 753 1263 et
779 1210 1016 1279 spatiosa
1047 1211 1387 1265 habebantur
1409 1211 1550 1277 loca,
1577 1211 1660 1266 vel
1683 1211 1871 1269 bestia:

290 1302 378 1357 vel
401 1302 636 1370 pecudes
657 1309 814 1355 erant
838 1301 1058 1368 locatis;
1087 1303 1140 1356 in
1169 1303 1534 1373 superioribus
1557 1320 1686 1360 vero
1711 1319 1866 1371 aves;

293 1391 345 1444 iu
372 1392 600 1457 summis
626 1401 835 1457 autem,
861 1407 982 1462 qua:
1008 1394 1318 1463 angustiora
1347 1403 1401 1449 et
1427 1395 1662 1450 arctiora
1687 1402 1867 1460 erant,

292 1481 366 1534 ibi
399 1481 562 1536 homo
587 1482 927 1538 rationabilis
954 1483 1267 1538 collocatur.
1297 1483 1416 1556 Ipse
1440 1489 1571 1539 vero
1595 1491 1783 1538 vertex
1815 1483 1869 1538 in

287 1589 459 1626 unum
498 1572 772 1644 colligitur
805 1573 1067 1629 cubitum.
1105 1573 1299 1630 Omnia
1323 1575 1469 1630 enim
1494 1575 1562 1630 ad
1584 1576 1868 1630 monadem

289 1662 632 1732 rediguntur.
693 1663 822 1730 Qum
890 1672 1072 1718 tamen
1128 1663 1414 1720 Trinitatis
1467 1674 1867 1719 sacramentum

1973 492 2091 549 cet,
2131 485 2220 553 qui
2263 485 2427 538 etiam
2467 485 2513 539 si
2552 500 2779 540 numero
2817 486 2970 539 multi
3009 496 3162 553 sunt,
3199 487 3325 541 vitae
3361 494 3544 542 tamen

1971 589 2082 628 suae
2120 573 2440 645 indignitate
2473 581 2527 628 et
2562 574 2773 630 vilitate
2811 576 2990 644 exigui
3027 576 3310 640 habentur,
3349 577 3544 645 exigua

1971 665 2262 718 haereditas
2287 665 2434 734 poni.
2466 662 2576 719 Per
2601 675 2825 731 sortem,
2856 667 3058 736 inquit,
3091 667 3188 719 erit
3226 666 3544 722 hazreditatis

1969 750 2289 805 distributio.
2335 751 2449 808 Hoc
2482 754 2696 822 quidem
2733 755 3064 824 pmcipitur.
3107 755 3214 810 Sed
3244 771 3366 810 cum
3387 757 3550 812 venio

1972 844 2040 896 ad
2069 842 2380 914 Scripturas
2399 885 2416 912 ,
2444 845 2602 900 video
2631 847 2806 916 ipsum
2847 846 3065 918 Moysen
3088 889 3102 912 ,
3137 847 3224 902 cui
3261 848 3552 903 mandatur

1971 941 2118 987 sorte
2144 949 2251 988 non
2277 935 2358 988 uti
2386 935 2440 989 in
2480 935 2745 991 divisione
2781 938 3115 992 hereditatis
3152 937 3340 992 Ruben
3359 979 3374 1003 ,
3401 938 3550 1002 Gad,

1970 1031 2024 1078 et
2051 1023 2289 1078 dimidiae
2314 1024 2488 1078 tribus
2515 1024 2782 1080 Manasse.
2813 1024 2921 1079 Sed
2958 1035 3013 1080 et
3044 1024 3202 1080 Iesus
3227 1026 3373 1079 Nave
3398 1035 3553 1080 extra

1971 1123 2175 1168 sortem
2206 1115 2298 1168 dat
2320 1115 2694 1170 haereditatem
2721 1116 2885 1171 tribui
2912 1114 3092 1184 Iudas,
3121 1126 3176 1172 et
3200 1117 3362 1173 Caleb
3395 1128 3551 1172 extra

1971 1210 2176 1258 sortem
2205 1204 2296 1258 dat
2321 1205 2375 1259 in
2405 1204 2547 1259 tribu
2575 1205 2862 1275 Ephraim,
2899 1215 2954 1260 et
2977 1207 3213 1262 dimidiae
3251 1207 3411 1261 tribui
3442 1207 3554 1261 Ma-

1971 1307 2152 1350 nasse.
2177 1293 2236 1350 In
2261 1296 2475 1351 caeteris
2499 1311 2618 1351 sors
2643 1297 2895 1351 mittitur.
2925 1299 2993 1352 Et
3013 1298 3187 1368 prima
3215 1315 3335 1354 sors
3360 1298 3554 1367 Benja-

1970 1384 2081 1438 min
2105 1385 2380 1454 procedit,
2405 1393 2460 1440 et
2482 1385 2605 1441 inde
2621 1385 2732 1454 jam
2759 1387 2995 1442 tribuum
3019 1388 3372 1458 reliquarum.
3398 1389 3556 1444 Unde

1968 1482 2100 1543 puto
2139 1477 2282 1544 quod
2320 1484 2376 1530 et
2413 1476 2502 1529 illa
2544 1478 2693 1548 regni
2734 1479 2994 1533 malorum
3038 1479 3196 1534 beata
3237 1479 3555 1534 haereditate

1968 1573 2128 1618 erunt
2151 1564 2351 1634 aliqui,
2377 1566 2469 1635 qui
2498 1581 2605 1621 non
2628 1567 2846 1622 venient
2871 1567 2940 1622 ad
2964 1575 3166 1622 sortem
3182 1607 3197 1632 ,
3229 1582 3405 1636 neque
3429 1583 3554 1621 cum

1967 1657 2180 1712 caeteris
2217 1659 2466 1728 quamvis
2509 1660 2619 1714 sint
2656 1661 2828 1715 sancti
2867 1669 3262 1728 numerantur;
3309 1661 3405 1716 sed
3447 1662 3555 1715 erit

291 1751 347 1804 in
381 1727 610 1806 numero
642 1727 1010 1807 trecentorum
1038 1752 1344 1808 cubitorum
1367 1753 1629 1823 designat.
1655 1752 1721 1807 Et
1741 1752 1868 1807 huic
1898 1727 1942 1800 Β
1971 1749 2189 1820 egregia
2217 1727 2464 1820 quaedam
2500 1760 2556 1806 et
2587 1753 2787 1807 eximia
2822 1767 3011 1808 eorum
3045 1753 3365 1815 haereditas,
3405 1753 3550 1806 sicut

289 1849 634 1897 sacramento
658 1843 940 1912 proximus
970 1843 1188 1911 ponitur
1212 1843 1394 1908 homo,
1437 1850 1498 1895 ut
1540 1851 1664 1911 pote
1706 1841 1871 1895 ratio-

288 1933 490 1988 nabilis
514 1942 565 1987 et
593 1933 688 1988 Dei
715 1947 906 2003 capax.
935 1931 1041 1988 Sed
1067 1941 1122 1987 et
1148 1931 1293 1998 inde,
1321 1946 1442 2002 quae
1467 1931 1540 1986 sit
1567 1930 1868 1985 dill'erentia

289 2022 436 2076 inter
459 2037 662 2090 paucos
687 2031 740 2077 et
765 2022 981 2087 multos,
1004 2021 1321 2092 colligamus
1346 2021 1562 2076 indicia.
1586 2019 1732 2075 Pone
1755 2036 1870 2074 om-

291 2125 420 2165 nem
444 2111 664 2164 humani
691 2113 902 2182 generis
930 2126 1213 2166 numerum
1239 2119 1296 2165 et
1318 2126 1384 2166 ex
1409 2112 1676 2165 universis
1702 2111 1873 2180 genti-

291 2200 398 2253 bus
437 2200 576 2269 elige
618 2200 821 2255 ﬁdeles.
866 2199 996 2255 Siue
1021 2201 1184 2256 dubio
1207 2202 1492 2270 pauciores
1523 2210 1676 2266 sunt,
1707 2217 1870 2271 quam

295 2298 425 2345 sunt
451 2291 709 2347 universi.
750 2292 886 2346 Tum
911 2291 1105 2346 deinde
1128 2307 1194 2346 ex
1220 2292 1457 2347 ﬁdelium
1482 2307 1708 2348 numero
1734 2293 1872 2363 elige

287 2381 568 2436 meliores.
605 2381 826 2438 Certum
864 2389 949 2437 est
983 2383 1125 2451 quod
1158 2381 1328 2436 multo
1361 2381 1588 2437 inferior
1613 2397 1873 2438 numerus

292 2472 613 2527 remanebit.
668 2472 735 2527 Et
783 2472 913 2526 item
959 2486 1024 2527 ex
1073 2472 1203 2541 ipsis
1245 2487 1382 2541 quos
1431 2471 1691 2542 elegeris,
1733 2471 1871 2542 elige

288 2577 506 2617 rursum
532 2561 904 2632 perfectiores.
932 2560 1184 2616 Profecto
1217 2561 1484 2632 reperies,
1515 2569 1720 2630 quanto
1757 2575 1871 2614 am-

287 2650 434 2720 plius
459 2650 706 2720 eligendo
732 2650 1066 2719 processeris
1083 2690 1097 2714 ,
1128 2657 1283 2704 tanto
1309 2649 1534 2718 exiguos
1567 2657 1624 2702 et
1657 2649 1872 2718 paucis-

287 2741 460 2796 simos
506 2737 780 2804 invenies,
821 2753 1101 2809 usquequo
1141 2739 1334 2794 ultimo
1369 2738 1557 2793 venias
1601 2739 1668 2792 ad
1703 2753 1871 2792 unum

289 2830 527 2900 aliquem
566 2829 657 2900 qui
696 2829 1034 2885 conﬁdenter
1066 2829 1254 2884 dicat;
1288 2830 1413 2899 quia
1450 2828 1677 2900 amplius
1711 2845 1870 2899 quam

290 2936 472 2976 omnes
500 2919 580 2974 illi
609 2919 843 2974 laboravi
872 2919 938 2991 (Ι
963 2919 1086 2974 Cor.
1116 2918 1238 2990 xv).
1285 2919 1350 2974 Hi
1391 2935 1520 2990 ergo
1550 2919 1642 2988 qui
1677 2918 1732 2973 in
1767 2919 1871 2974 hoc

289 3010 494 3065 mundo
517 3009 700 3080 plures
726 3015 881 3074 sunt,
907 3008 1027 3078 plus
1051 3015 1214 3062 terra:
1239 3015 1295 3063 et
1317 3007 1440 3078 plus
1465 3021 1739 3078 corporea:
1759 3007 1870 3062 hae-

289 3099 541 3154 reditatis
563 3097 852 3167 accipient.
895 3096 1059 3150 Pauci
1087 3103 1268 3150 autem
1293 3095 1548 3164 exiguum
1574 3094 1776 3164 aliquid
1801 3095 1867 3149 de
1895 3085 1940 3148 C

289 3199 438 3244 terra
482 3196 904 3258 consequentur,
950 3188 1074 3256 quia
1120 3187 1244 3257 plus
1285 3187 1339 3242 in
1382 3186 1609 3243 Domino
1645 3187 1865 3241 habent.

288 3281 396 3334 Alii
426 3289 607 3334 autem
633 3278 770 3333 nihil
802 3279 1024 3333 omnino
1048 3287 1206 3333 terra:
1241 3277 1540 3347 accipient,
1566 3277 1613 3331 si
1649 3277 1742 3347 qui
1783 3277 1867 3332 di-

287 3372 382 3442 gni
411 3369 612 3425 fuerint
638 3368 952 3424 sacerdotes
977 3381 1098 3423 esse
1121 3374 1176 3422 et
1199 3366 1438 3422 ministri
1524 3365 1640 3421 Dei.
1666 3363 1868 3420 Horum

287 3461 438 3515 enim
463 3476 530 3514 ex
555 3460 764 3530 integro
789 3458 904 3527 ipse
925 3457 1184 3512 Dominus
1205 3455 1494 3511 hatreditas
1514 3456 1637 3511 erit.
1663 3455 1729 3509 Et
1749 3456 1871 3524 quis

289 3554 368 3607 ita
406 3553 597 3606 beatus
622 3558 735 3616 est,
764 3558 825 3604 ut
852 3549 996 3604 inter
1017 3563 1220 3619 paucos
1253 3548 1506 3619 exiguum
1536 3555 1695 3601 terrae
1728 3545 1871 3600 acci-

288 3645 442 3714 piat,
470 3643 554 3698 vel
581 3643 722 3698 inter
746 3641 948 3697 electos
972 3641 1287 3696 sacerdotes
1312 3649 1368 3695 et
1393 3640 1672 3694 ministros
1695 3638 1870 3692 solum

291 3737 462 3791 Deum
487 3747 682 3804 capere
705 3731 1036 3787 haereditatis
1057 3737 1204 3786 sorte
1229 3728 1534 3783 mereatur?
1557 3723 1710 3782 Licet
1727 3727 1872 3781 enim

291 3827 398 3896 ipsi
422 3832 644 3895 propter
659 3822 904 3892 iumenta
931 3837 1028 3877 sua
1054 3818 1328 3890 accipiunt
1350 3817 1550 3888 aliquid
1577 3825 1755 3882 terrae,
1779 3817 1873 3871 sed

289 3918 443 3972 illius
470 3923 659 3980 terrae,
699 3930 819 3984 quae
846 3914 1072 3969 urbibus
1106 3912 1359 3982 contigua
1395 3919 1510 3978 est,
1549 3918 1606 3966 et
1636 3911 1875 3966 adhaeret

295 4005 630 4064 civitatibus.
661 4004 846 4059 Potest
870 4014 1048 4058 tamen
1076 4003 1254 4057 adhuc
1277 4007 1333 4056 et
1369 4000 1474 4056 alio
1513 3999 1675 4054 modo
1709 3998 1871 4054 intel-

295 4097 389 4164 ligi
429 4111 610 4150 sermo
641 4097 760 4160 istc,
787 4095 880 4165 qui
910 4095 1064 4159 dicit,
1089 4103 1146 4147 ut
1178 4092 1424 4160 pluribus
1482 4090 1865 4161 multiplicetur

293 4188 602 4241 hwreditas.
617 4186 772 4243 Unus
789 4185 934 4240 enim
948 4185 1146 4254 justus,
1170 4185 1464 4240 secundum
1487 4185 1588 4238 hoc
1613 4184 1756 4252 quod
1776 4197 1868 4238 ac-

288 4291 488 4349 ceptus
516 4287 597 4332 est
633 4292 661 4331 a
693 4277 824 4342 Dt'O,
862 4291 956 4346 pro
976 4275 1220 4344 pluribus
1253 4275 1502 4329 habetur.
1530 4275 1775 4342 Denique
1812 4284 1867 4329 ct

287 4374 554 4438 scriptum
573 4376 670 4421 est:
706 4367 809 4420 Per
826 4383 988 4419 unum
1007 4367 1295 4434 sapientem
1312 4363 1637 4417 habitabitur
1655 4365 1865 4418 civitas:

289 4459 460 4512 tribus
489 4468 663 4511 autem
697 4459 994 4526 iniquorum
1023 4454 1398 4509 desolabsmtur
1418 4451 1613 4520 (Eccli.
1643 4453 1773 4520 ut).
1802 4452 1868 4507 Et

287 4565 434 4602 tlllllS
464 4548 644 4616 justus
663 4563 758 4616 pro
795 4556 906 4601 toto
925 4547 1128 4600 mundo
1153 4551 1458 4614 reputatur:
1483 4543 1652 4613 iniqui
1681 4556 1862 4599 autem

284 4641 454 4694 etiam
477 4639 523 4692 si
543 4637 689 4691 multi
714 4637 1044 4707 suut,exigui
1060 4645 1114 4692 et
1136 4650 1232 4703 pro
1248 4635 1420 4691 nihilo
1436 4634 1864 4705 ducunturapud

286 4731 604 4786 Dominum.
643 4728 728 4783 Est
761 4745 892 4800 ergo
919 4729 1278 4784 etmuititudo
1299 4727 1604 4791 laudabilis,
1625 4727 1865 4782 sicutvi-

285 4820 469 4873 dimus
489 4820 651 4872 etiam
668 4820 732 4872 ad
751 4818 1020 4872 Abraham
1038 4819 1262 4885 dictum,
1290 4831 1414 4872 cum
1433 4817 1714 4871 eduxisset
1733 4831 1859 4870 eum

285 4910 551 4966 Dominus
583 4910 752 4977 foras,
773 4921 827 4967 et
855 4913 993 4966 dixit
1016 4912 1083 4968 ad
1101 4927 1222 4966 eum
1253 4930 1266 4966 :
1299 4909 1517 4979 Respice
1547 4910 1618 4965 ad
1649 4912 1858 4978 ctelstm;

284 5001 330 5053 si
346 5009 495 5068 potes
517 4999 848 5054 dinumerare
870 4999 1073 5077 stellas,
1098 5002 1174 5054 ita
1190 5002 1288 5055 erit
1311 5017 1484 5054 semen
1503 5010 1668 5054 tuum.
1706 5001 1861 5069 (Gen.

285 5094 400 5162 xv).
445 5093 500 5144 in
527 5106 635 5159 quo
663 5102 716 5144 et
749 5092 850 5146 hoc
899 5092 1130 5157 intuere,
1195 5091 1466 5160 quomodo
1505 5090 1684 5160 justus
1721 5092 1868 5148 intus

291 5182 406 5236 cst,
445 5181 502 5227 et
536 5174 590 5226 in
629 5172 976 5227 interioribus
1009 5185 1223 5241 semper
1258 5171 1536 5236 consistit,
1563 5171 1690 5242 quia
1729 5172 1874 5226 intus

290 5265 346 5320 in
372 5261 692 5317 abscondito
716 5268 836 5314 orat
859 5261 1104 5326 Patrem;
1136 5267 1192 5315 et
1215 5262 1392 5317 omnis
1414 5261 1581 5332 gloria
1609 5263 1732 5317 lilia:
1758 5263 1866 5317 Re-

291 5356 375 5428 gis
395 5395 410 5417 ,
440 5353 496 5408 id
523 5359 607 5408 est
625 5393 638 5417 ,
666 5351 858 5406 animae
881 5352 1076 5423 regalis
1096 5392 1110 5416 ,
1138 5352 1462 5408 intrinsecus
1499 5361 1603 5408 est.
1643 5351 1749 5408 Sed
1789 5362 1868 5406 ta-

289 5461 420 5501 men
459 5443 606 5498 Deus
644 5443 825 5496 educit
860 5457 984 5496 eum
1015 5442 1193 5507 foras,
1233 5458 1354 5497 cum
1397 5460 1484 5498 res
1517 5443 1783 5512 postulat,
1813 5453 1870 5499 et

291 5549 514 5589 rursum
539 5531 835 5586 visibilium
861 5533 1002 5587 ratio
1027 5533 1288 5602 deposcit.
1317 5531 1501 5588 Potest
1525 5548 1654 5604 ergo
1677 5541 1733 5588 ct
1763 5533 1866 5589 hoc

292 5624 455 5678 modo
483 5622 666 5679 multis
692 5622 811 5679 istis
835 5623 925 5695 qui
949 5631 1074 5679 sunt
1096 5624 1236 5690 sicut
1261 5623 1428 5680 stellis
1452 5624 1572 5680 (εωιί
1590 5665 1604 5691 ,
1631 5624 1864 5680 multitu-

1973 1838 2077 1893 l‘uit
2109 1838 2278 1894 Caleb
2301 1848 2356 1895 et
2381 1842 2556 1897 tribus
2581 1840 2750 1909 Juda,
2790 1852 2845 1898 et
2879 1841 3008 1898 Jesu
3046 1843 3216 1913 ipsius
3250 1842 3346 1897 ﬁlii
3380 1842 3548 1897 Nave.

1975 1929 2130 1985 Sicut
2167 1929 2228 1984 ﬁt
2255 1931 2400 1985 enim
2420 1973 2434 1998 ,
2460 1933 2611 1986 verbi
2651 1948 2815 1987 causa
2837 1974 2851 1999 ,
2881 1948 3005 1988 cum
3043 1940 3170 2002 post
3204 1932 3448 2002 praelium
3474 1933 3557 1986 via

1973 2017 2218 2074 ctoribus
2259 2021 2552 2089 provincia:
2589 2023 2903 2090 partiuntur
2937 2031 2993 2076 et
3023 2022 3226 2091 spolia,
3266 2032 3322 2077 et
3353 2023 3556 2092 egregii

1973 2109 2173 2178 quique
2206 2118 2261 2164 et
2295 2110 2478 2164 eximii
2514 2109 2805 2165 bellatores
2831 2124 2935 2164 non
2968 2125 3093 2164 cum
3131 2112 3344 2166 caeteris
3370 2111 3557 2164 militi-

1972 2199 2074 2254 bus
2112 2200 2166 2254 in
2193 2200 2456 2256 divisione
2482 2200 2774 2270 spoliorum
2802 2202 3076 2256 ducuntur
3101 2203 3169 2257 ad
3197 2210 3428 2268 sortem,
3459 2203 3556 2256 sed

1973 2290 2179 2358 optima
2209 2305 2434 2358 qumque
2461 2299 2515 2345 et
2538 2293 2808 2361 praecipue
2831 2291 2913 2345 eis
2939 2291 3200 2346 virtutum
3231 2293 3426 2346 merito
3455 2294 3552 2347 de-

1973 2390 2293 2446 cernuntur,
2321 2382 2503 2436 creteri
2532 2397 2660 2436 vero
2687 2389 2914 2437 utuntur
2937 2390 3086 2438 sorte
3111 2382 3226 2438 solo
3249 2384 3368 2454 jure
3389 2383 3558 2437 victo-

1973 2473 2099 2538 rite,
2127 2471 2201 2525 ita
2241 2471 2375 2524 mihi
2400 2472 2611 2526 videtur
2653 2472 2914 2527 Dominus
2938 2488 3093 2528 meus
3117 2473 3274 2528 Jesus
3301 2472 3551 2529 Christus

1973 2561 2238 2616 facturus.
2289 2560 2564 2627 Quosdam
2611 2561 2798 2626 enim,
2851 2576 2992 2632 quos
3038 2563 3144 2617 scit
3193 2562 3555 2618 abundantius

1973 2667 2135 2723 quam
2164 2661 2395 2707 casteros
2420 2651 2726 2716 laborasse,
2754 2660 2809 2706 et
2835 2667 3065 2722 quorum
3091 2661 3241 2723 gesta
3266 2651 3552 2724 magniﬁca

1973 2744 2342 2814 sublimesque
2365 2744 2598 2799 virtutes
2625 2745 2738 2814 ipse
2765 2745 3040 2815 cognoscit
3065 2784 3079 2809 ,
3108 2743 3214 2798 illis
3250 2745 3555 2813 praecipuos

1971 2846 2215 2901 quosque
2239 2833 2470 2888 eximios
2496 2842 2657 2902 atque
2681 2874 2695 2898 ,
2725 2843 2786 2887 ut
2822 2835 2894 2888 ita
2931 2835 3158 2889 audeam
3197 2835 3552 2902 dicere,simi-

1972 2921 2052 2978 les
2073 2923 2174 2978 sibi
2200 2924 2435 2979 honores
2459 2925 2703 2980 decernit
2724 2935 2779 2980 et
2800 2925 3018 2996 glorias.
3046 2927 3128 2981 An
3151 2942 3258 2982 non
3283 2928 3380 2984 tibi
3407 2930 3553 2984 vide-

1973 3024 2062 3070 tur
2084 3016 2260 3072 simile
2289 3016 2490 3086 aliquid
2516 3031 2626 3072 sua!
2665 3017 3023 3073 beatitudinis
3063 3017 3403 3075 charissimis
3438 3021 3552 3076 suis

1970 3103 2218 3160 conferre
2260 3105 2571 3176 discipulis,
2619 3121 2744 3160 cum
2789 3107 2962 3162 dicit?
3009 3105 3206 3174 Pater,
3236 3107 3351 3163 volo
3379 3117 3436 3162 ut
3463 3109 3554 3164 ubi

1969 3210 2084 3249 sum
2110 3211 2236 3266 ego,
2268 3203 2315 3249 et
2353 3195 2440 3250 isti
2477 3197 2581 3250 sint
2621 3212 2822 3250 mecum
2870 3195 3065 3266 (Joan.
3091 3197 3279 3270 xv");
3327 3207 3382 3254 et
3426 3214 3553 3254 cum

1948 3285 2170 3344 iterum
2203 3275 2334 3340 dicit
2363 3299 2378 3339 :
2411 3285 2550 3351 Quia
2589 3284 2828 3341 sedebiiis
2867 3296 2916 3340 et
2952 3304 3038 3341 vos
3075 3305 3232 3358 super
3275 3289 3551 3343 duodecim

1971 3375 2216 3440 thronos,
2237 3375 2543 3445 judicantes
2587 3377 2876 3438 duodecim.
2908 3377 3074 3432 tribus
3116 3377 3288 3432 Israel
3321 3377 3548 3450 (Matth.

1971 3466 2121 3538 nx).
2153 3467 2222 3521 Et
2249 3467 2447 3523 iterum
2473 3485 2487 3521 :
2512 3467 2660 3524 Sicut
2689 3482 2744 3522 tu
2774 3471 2828 3524 in
2856 3487 2953 3534 me,
2987 3469 3172 3535 Pater,
3201 3479 3250 3524 et
3278 3487 3371 3540 ego
3398 3472 3451 3525 in
3481 3481 3550 3535 te,

1971 3565 2026 3606 ut
2053 3564 2101 3607 et
2130 3556 2218 3608 isti
2243 3557 2299 3609 in
2326 3557 2474 3610 nobis
2517 3573 2680 3611 unum
2724 3560 2828 3611 sint
2873 3557 3064 3629 (Joan.
3091 3559 3167 3630 1).
3208 3559 3334 3615 Haec
3367 3563 3550 3616 omnia

1971 3657 2078 3696 non
2114 3649 2259 3697 sorte
2307 3643 2690 3708 decernuntur,
2736 3645 2832 3698 sed
2873 3645 3157 3702 electionis
3192 3649 3550 3717 praerogativa

1971 3732 2242 3788 donantur
2266 3734 2337 3789 ab
2362 3749 2428 3789 eo
2452 3734 2545 3804 qui
2581 3735 2745 3791 corda
2782 3744 2837 3791 et
2858 3745 3070 3793 mentes
3096 3738 3379 3794 hominum
3405 3741 3554 3795 vidt-t

1972 3825 2138 3880 solus.
2169 3824 2270 3891 Qui
2306 3841 2406 3882 nos
2450 3842 2698 3897 quoque,
2740 3829 2907 3884 etiam
2933 3831 2981 3886 si
3004 3847 3112 3887 non
3157 3832 3298 3888 inter
3323 3835 3552 3890 eximios

1971 3927 2024 3974 et
2060 3919 2298 3986 electos,
2337 3931 2500 3991 atque
2538 3922 2693 3990 illos,
2731 3925 2823 3994 qui
2861 3939 3025 3994 supra
3059 3933 3261 3981 sortem
3301 3935 3457 3994 sunt,
3497 3926 3554 3981 in

1973 4019 2174 4067 sortem
2199 4022 2520 4069 sanctorum
2547 4023 2729 4070 tamen
2755 4016 3007 4086 dignetur
3031 4018 3317 4073 adducere.

2593 4126 2820 4183 CAPUT
2861 4128 2951 4182 XI.

2045 4212 2211 4283 (CAP.
2252 4213 2463 4285 xxvu.)
2503 4215 2844 4269 Accesserant
2877 4227 3051 4270 autem
3085 4217 3213 4285 ﬁlia:
3249 4216 3552 4288 Salpltaad,

1972 4299 2071 4368 filii
2103 4299 2294 4364 IIeber,
2323 4301 2422 4369 ﬁlii
2451 4301 2689 4367 Galaad,
2721 4303 2820 4371 ﬁlii
2850 4303 3087 4371 Masltir,
3129 4306 3228 4374 ﬁlii
3270 4307 3517 4362 Manasse
3537 4349 3552 4371 ,

1895 4423 1950 4482 D
1973 4393 2063 4462 qui
2081 4393 2189 4482 fuit
2216 4393 2360 4482 filias
2386 4393 2582 4463 Ioseph
2599 4435 2613 4458 ,
2641 4411 2866 4464 quarum
2891 4408 3010 4450 sunt
3040 4399 3252 4452 nomina
3278 4415 3296 4452 :
3325 4399 3380 4452 Μ
3385 4401 3553 4454 aaclta

1978 4490 2027 4536 et
2059 4481 2210 4548 Noa,
2242 4492 2290 4536 et
2324 4481 2492 4553 Egla,
2523 4493 2572 4537 et
2605 4484 2834 4540 Melo/tta
2858 4528 2872 4552 ,
2913 4499 2960 4542 et
2998 4489 3215 4544 Thersa.
3255 4491 3552 4548 Steterunt-

1978 4587 2077 4641 que
2120 4587 2294 4625 coram
2343 4571 2524 4642 Moyse
2564 4583 2612 4626 et
2655 4575 2915 4632 Eleazaro
2943 4581 3244 4646 sacerdote,
3276 4591 3322 4636 et
3351 4586 3552 4638 cunctis

1977 4661 2301 4731 principibus
2338 4664 2550 4732 populi,
2582 4664 2651 4718 ad
2696 4667 2885 4720 ostium
2924 4667 3249 4724 tabernaculi
3290 4681 3443 4744 atque
3470 4675 3553 4726 di-

1978 4759 2166 4804 :cerunt
2189 4767 2208 4806 :
2239 4749 2402 4805 Pater
2430 4762 2603 4806 noster
2632 4765 2870 4809 mortuus
2896 4767 2970 4810 est
2999 4759 3052 4811 in
3080 4760 3302 4825 deserto,
3332 4777 3424 4815 nec
3451 4762 3551 4831 fuit

1979 4839 2034 4892 in
2076 4839 2329 4894 seditione
2366 4857 2484 4911 qua:
2523 4843 2784 4898 concitata
2815 4855 2887 4899 est
2919 4857 3101 4901 contra
3131 4847 3416 4905 Dominum
3453 4851 3550 4904 sub

1977 4929 2178 4995 Chore,
2220 4929 2310 4984 sed
2335 4931 2391 4984 in
2420 4941 2630 5000 peccato
2659 4950 2754 4987 suo
2785 4945 3022 4990 mortuus
3053 4949 3146 4992 est.
3181 4937 3285 4994 Hic
3317 4956 3420 4994 non
3457 4941 3551 4992 Ita-

1977 5017 2086 5070 buit
2122 5035 2292 5072 mares
2332 5018 2491 5087 ﬁlios.
2524 5020 2633 5073 Cur
2661 5021 2865 5076 tollitur
2895 5041 3082 5080 nomen
3111 5027 3224 5096 ejus
3251 5027 3315 5082 de
3343 5027 3548 5096 familia

1975 5125 2107 5174 sua,
2136 5110 2261 5179 quia
2304 5125 2410 5163 non
2448 5110 2631 5165 habuit
2667 5113 2886 5182 filium?
2912 5115 3048 5171 Date
3090 5119 3236 5173 nobis
3267 5118 3548 5189 possessio-

1974 5213 2090 5251 nem
2119 5199 2255 5253 inter
2290 5210 2534 5271 cognatos
2575 5204 2740 5272 patris
2781 5207 2968 5259 nostri.
3015 5206 3314 5278 Retulitque
3340 5208 3544 5276 Moyses

1975 5305 2189 5343 causam
2233 5307 2412 5345 eorum
2456 5285 2526 5345 ad
2561 5293 2827 5361 judicium
2871 5295 3103 5350 Domini.
3153 5297 3254 5361 Qui
3295 5297 3427 5349 dixit
3475 5295 3544 5350 ad

1972 5395 2091 5432 eum
2114 5393 2132 5430 :
2156 5377 2368 5433 Iustam
2399 5397 2504 5434 rem
2531 5382 2800 5451 postulant
2835 5384 2960 5453 ﬁlia:
3006 5385 3297 5454 Salplzaad.
3346 5384 3427 5438 Da
3470 5388 3545 5440 eis

1971 5468 2346 5537 possessionem
2373 5469 2509 5523 inter
2535 5483 2782 5540 cognatos
2809 5477 2972 5542 patris
3000 5476 3082 5528 sui
3108 5515 3121 5537 ,
3153 5482 3200 5525 et
3226 5475 3272 5526 ei
3298 5473 3352 5528 in
3380 5476 3546 5529 luere-

1971 5558 2134 5611 ditate
2168 5559 2471 5613 succedant.
2511 5559 2636 5616 Haec
2668 5565 2961 5618 secundum
2996 5563 3276 5618 historiam
3308 5567 3434 5635 quid
3463 5569 3544 5621 vi-

1975 5647 2119 5718 goris
2141 5647 2410 5719 habeant,
2439 5651 2690 5708 omnibus
2723 5654 2899 5723 palam
2936 5664 3018 5710 est
3053 5654 3142 5722 qui
3183 5656 3360 5712 sciunt
3400 5659 3545 5730 leges
