3924 6176
474 260 582 317 775

1110 251 1172 305 B.
1215 247 1466 305 RABANI
1506 246 1728 303 MAURI
1763 246 2083 305 ARCHIEP.

2121 239 2433 299 MOGUNT.
2473 238 2757 295 OPERL'M
2801 234 2977 290 PARS
3008 233 3077 287 l.’
3585 242 3670 293 πθ

473 377 610 435 istas
653 385 763 427 non
809 368 983 425 solum
1030 364 1172 436 apud
1217 363 1358 419 ﬁlios
1399 361 1566 416 lsrael
1612 358 1910 423 custodiri,
1960 355 2057 410 sed
2086 362 2135 419 Α
2163 353 2257 408 Sin
2295 362 2469 405 autem
2501 367 2592 403 nec
2616 359 2832 419 patruos
2873 345 3153 436 habuerit,
3193 344 3398 436 dabitur
3439 347 3676 405 Ιιωνεάίηιε

474 478 667 523 onmes
701 460 982 523 homines,
1028 455 1120 525 qui
1160 461 1341 508 tamen
1390 452 1600 521 legibus
1642 448 1851 502 vivunt.
1898 446 2053 502 Unde

478 560 705 626 apparet
731 549 876 621 quod
904 548 1130 602 libertas
1156 544 1389 598 ﬁliarum
1416 538 1685 610 Salpbaad
1702 578 1719 603 ,
1743 553 1850 593 non
1879 536 2052 626 solum

476 625 611 718 ipsis
647 642 1020 699 [nereditatem
1054 636 1315 699 contulit,
1349 634 1444 689 sed
1466 642 1520 687 et
1544 638 1807 703 perpetua
1836 625 2054 718 vivendi

471 717 602 808 jura
643 734 882 792 secundo
907 731 1073 786 dedit.
1108 727 1267 782 Vides
1292 732 1495 795 quanta
1520 723 1592 778 sit
1614 721 1779 777 etiam
1816 717 2056 773 historize

480 831 651 900 ipsius
676 827 883 882 utilitas
906 823 958 877 in
982 822 1100 892 lege
1126 819 1241 874 Dei.
1271 817 1403 884 Quis
1429 823 1609 885 potest
1630 814 1777 882 leges
1802 811 1935 865 istas
1958 808 2058 863 ali-

477 921 694 992 quando
720 916 1034 979 dissolvere,
1062 913 1259 982 quibus
1285 910 1571 965 universus
1598 907 1769 960 utitur
1790 902 2059 959 mundus?

481 1010 589 1066 Sed
612 1021 789 1064 tamen
814 1018 1122 1075 quaeramus
1143 1017 1244 1057 nos
1265 999 1534 1070 quomodo
1556 997 1719 1052 etiam
1745 993 2062 1065 spiritaliter

480 1100 831 1156 :ediﬁcemur.
857 1095 1044 1149 Potest
1062 1092 1206 1147 enim
1233 1090 1352 1144 ﬁeri
1376 1097 1434 1142 ut
1456 1102 1631 1156 neque
1651 1086 1775 1141 ﬁliae
1798 1084 1929 1138 mihi
1955 1082 2063 1136 sint

482 1191 777 1247 secundum
811 1199 1052 1248 carnem,
1091 1195 1270 1251 neque
1306 1177 1511 1248 aliquid
1547 1176 1713 1239 ruris,
1753 1172 1908 1241 cujus
1943 1169 2063 1240 capi

482 1279 658 1352 possit
689 1275 1021 1337 hmrcditas;
1060 1272 1192 1342 quid
1226 1269 1403 1340 ergo?
1444 1266 1591 1322 Nihil
1629 1264 1772 1335 apud
1809 1278 1933 1317 eum
1971 1260 2064 1330 qui

491 1368 806 1441 huiusmodi
831 1376 916 1422 est
936 1365 1023 1420 lex
1048 1364 1153 1419 ista
1177 1361 1510 1433 operabitur,
1533 1369 1590 1414 et
1615 1357 1723 1412 erit
1747 1354 1907 1410 alicui
1933 1352 2067 1409 otio-

486 1478 606 1517 sum
640 1459 786 1530 quod
815 1457 997 1512 divina
1042 1469 1175 1509 voce
1212 1450 1485 1507 sancitum
1534 1446 1659 1503 est?
1704 1444 2069 1514 Requiramus

481 1573 614 1630 ergo
656 1556 820 1611 etiam
864 1551 1007 1622 apud
1051 1547 1347 1620 spiritalem
1395 1545 1602 1616 legem,
1647 1556 1769 1612 qua“:
1807 1540 1917 1595 sint
1952 1538 2070 1593 istae

487 1650 613 1705 ﬁlia:
637 1648 875 1717 quinque
892 1685 908 1710 ,
933 1657 1164 1714 quarum
1188 1640 1354 1695 etiam
1375 1678 1391 1703 ,
1425 1636 1470 1691 si
1497 1642 1655 1705 pater
1678 1642 1928 1689 mortuus
1955 1631 2071 1686 fue-

490 1742 565 1796 rit
588 1753 689 1809 pro
729 1720 910 1804 aliquo
935 1739 1193 1802 peccato,
1231 1729 1363 1800 ipsa:
1394 1725 1764 1781 btereditatem
1804 1737 1870 1778 es
1905 1720 2072 1775 verbo

489 1830 587 1886 Dei
633 1827 869 1897 capiant.
918 1823 978 1878 ln
1027 1818 1397 1896 superioribus
1430 1830 1554 1870 cum
1593 1814 1660 1870 de
1698 1809 2071 1882 spiritualibus

487 1906 618 1990 ﬁliis
644 1926 1008 1973 tractaremus
1032 1952 1048 1977 ,
1076 1910 1308 1965 virtutes
1348 1904 1515 1960 animi
1552 1912 1608 1959 et
1633 1916 1826 1959 sensus
1869 1899 2070 1955 mentis

490 2008 632 2079 ﬁlios
676 2005 977 2062 docuimus.
1021 2000 1375 2067 Consequens
1418 1994 1534 2050 sine
1577 1992 1738 2049 dubio
1779 1999 1835 2047 et
1878 2004 2074 2046 conve-

492 2098 653 2153 niens
681 2096 935 2159 videtur,
967 2091 1134 2146 etiam
1168 2087 1310 2157 ﬁlias
1343 2099 1508 2156 opera
1543 2098 1663 2153 quae
1699 2080 1943 2151 corporis
1973 2079 2075 2134 mi-

491 2185 717 2242 nisterio
744 2182 1031 2253 explentur
1055 2180 1323 2249 accipere.
1350 2177 1476 2233 Ideo
1504 2177 1734 2246 denique
1756 2183 1812 2229 et
1835 2175 2077 2245 quinque

487 2275 570 2330 eis
626 2286 886 2328 numerus
941 2269 1276 2325 ascribitur:
1331 2267 1573 2337 quinque
1630 2266 1777 2321 enim
1827 2262 2075 2333 corporei

490 2379 684 2420 sensus
713 2369 871 2428 sunt,
897 2360 1096 2430 quibus
1124 2372 1286 2413 omne
1311 2371 1448 2426 opus
1472 2355 1722 2424 expletur
1747 2353 1801 2408 in
1826 2367 2073 2423 corpore.

491 2451 615 2508 latae
642 2465 771 2521 ergo
802 2449 1041 2519 quinque
1071 2446 1195 2500 ﬁliae
1220 2485 1236 2512 ,
1272 2445 1327 2500 id
1359 2453 1443 2499 est
1465 2484 1481 2510 ,
1522 2457 1749 2513 Operum
1781 2440 2071 2512 perfectio,

385 2577 392 2583 -
494 2541 663 2597 etiam
693 2540 739 2594 si
766 2547 921 2608 patre
947 2536 1215 2605 orbentur.
1236 2543 1293 2590 et
1321 2540 1641 2590 remaneant
1663 2533 1942 2603 orphanaa,
1966 2546 2076 2587 non

500 2640 682 2688 tamen
710 2628 1036 2699 abjiciuntur
1061 2630 1130 2683 ab
1153 2627 1496 2694 haereditate,
1522 2640 1698 2697 neque
1722 2625 2081 2681 exeluduntur

497 2738 530 2778 a
560 2736 750 2792 regno,
780 2718 876 2775 sed
903 2718 959 2773 in
988 2717 1168 2773 medio
1194 2716 1366 2787 plebis
1395 2715 1492 2771 Dei
1518 2717 1822 2787 portionem
1849 2714 2081 2770 haeredi-

502 2811 632 2866 tatis
666 2808 961 2879 accipiunt.
996 2806 1070 2861 At
1098 2806 1245 2863 enim
1287 2807 1600 2871 videamus,
1635 2806 1758 2877 quis
1796 2814 1882 2862 est
1924 2813 2082 2876 pater

504 2916 729 2968 earum,
758 2900 851 2971 qui
888 2906 1136 2954 mortuus
1165 2897 1247 2953 eis
1281 2896 1499 2953 dicitur.
1540 2896 1845 2968 Salphaad,
1883 2895 2079 2966 inquit.

500 2991 773 3064 Salpbaad
793 2997 974 3046 autem
991 2990 1381 3060 interpretatur
1393 2988 1577 3043 umbra
1589 2990 1645 3043 in
1659 3005 1749 3042 ore
1772 2988 1906 3058 ejus.
1922 2987 2085 3042 Pater

498 3098 727 3155 operum
753 3082 1057 3138 intellectus
1079 3091 1182 3136 est.
1213 3080 1368 3150 Saepe
1392 3095 1523 3152 ergo
1545 3081 1743 3136 accidit
1760 3120 1775 3145 ,
1804 3079 1947 3149 quod
1972 3095 2082 3136 non

498 3174 659 3245 pauci
691 3173 832 3226 inter
859 3169 1059 3226 fratres
1090 3177 1312 3225 nostros
1352 3179 1513 3235 sunt,
1547 3170 1603 3222 in
1631 3167 1829 3238 quibus
1861 3167 2079 3223 intelle-

448 3315 452 3319 _
501 3270 623 3316 ctus
651 3261 815 3314 altior
847 3267 903 3314 et
940 3258 1263 3328 profundior
1296 3258 1479 3312 nullus
1513 3264 1631 3322 est,
1662 3257 1756 3312 sed
1791 3266 1877 3311 est
1910 3257 1964 3311 in
2000 3257 2081 3312 eis

504 3365 696 3406 sensus
737 3356 1002 3403 mortuus.
1037 3348 1242 3404 Tamen
1289 3349 1335 3403 si
1376 3347 1625 3416 genuerit
1668 3347 1837 3414 ﬁlias,
1877 3348 1932 3403 id
1965 3356 2080 3416 est,

506 3454 675 3511 opera
710 3437 1033 3504 ministerii,
1088 3422 1251 3508 opera
1285 3437 1666 3507 obsequiorum
1686 3478 1701 3505 ,
1735 3453 1899 3508 opera
1932 3453 2085 3493 man-

507 3534 759 3589 datorum
805 3531 933 3596 Dei,
986 3530 1360 3586 luereditatem
1409 3538 1568 3585 ternae
1612 3545 1735 3585 cum
1784 3529 1939 3600 plebe
1988 3530 2085 3586 Dei

508 3620 879 3691 consequitur.
918 3618 1033 3673 Non
1065 3620 1267 3688 poterit
1301 3618 1518 3689 quidem
1567 3619 1711 3675 inter
1755 3635 1851 3675 eos
1897 3635 2087 3675 nume-

508 3710 654 3776 rari,
683 3724 914 3780 quorum
943 3710 1120 3780 portio
1145 3709 1407 3766 Dominus
1436 3726 1543 3766 non
1575 3720 1691 3777 est,
1723 3727 1951 3781 quorum
1978 3712 2088 3766 bae-

514 3803 717 3858 reditas
744 3802 887 3858 Deus
920 3810 1023 3856 est.
1057 3802 1175 3856 Non
1200 3811 1380 3872 potest
1404 3804 1459 3857 in
1490 3804 1863 3858 ministrorum
1904 3813 1960 3859 et
1995 3819 2083 3859 sa-

512 3893 792 3950 cerdotum
823 3908 1049 3948 numero
1080 3895 1280 3964 suscipi
1309 3912 1325 3961 ;
1357 3896 1412 3949 in
1447 3896 1659 3965 plebeio
1685 3903 1868 3951 tamen
1897 3896 2089 3951 ordine

512 3982 886 4038 beereditatem
922 3992 1082 4038 teme
1133 3984 1566 4052 repromissionis
1622 3985 1870 4053 accipiet.
1930 3983 2091 4038 Multi

513 4075 655 4128 enim
703 4082 826 4126 sunt
875 4072 1074 4137 uocati,
1127 4073 1282 4142 pauci
1332 4088 1450 4126 rero
1493 4072 1644 4127 electi
1691 4072 1923 4144 (Matth.
1952 4073 2085 4145 xx).

516 4162 835 4220 Ostenditur
860 4170 1043 4217 tamen
1076 4170 1132 4217 et
1160 4177 1325 4217 causa
1357 4177 1423 4218 ex
1456 4163 1624 4233 ipsius
1654 4164 1890 4218 nominis
1921 4164 2091 4218 inter-

511 4251 854 4324 pretatione,
898 4250 1023 4320 quia
1063 4251 1167 4307 iste
1212 4249 1481 4321 Salphaad
1520 4268 1626 4308 non
1671 4254 1909 4323 potuerit
1953 4253 2091 4309 ﬁlios

510 4354 818 4413 generare,
868 4340 962 4395 sed
1007 4338 1166 4395 ﬁlias.
1212 4339 1604 4412 Interpretatur
1640 4343 1818 4408 enim,
1857 4351 1915 4397 ut
1949 4324 2090 4397 dixi—

516 4446 638 4486 mus
657 4471 671 4496 ,
704 4429 887 4485 umbra
914 4430 968 4484 in
996 4446 1084 4484 ore
1109 4431 1246 4501 ejus.
1278 4431 1441 4487 Vides
1469 4432 1723 4502 quoniam
1751 4434 1795 4488 si
1825 4433 1946 4502 quis
1975 4448 2095 4486 um-

513 4522 668 4577 bram
707 4522 843 4593 legis
875 4522 1039 4578 habet
1073 4524 1127 4577 in
1159 4537 1283 4588 ore,
1331 4531 1386 4579 et
1429 4541 1540 4580 non
1586 4527 1759 4594 ipsam
1802 4525 2094 4594 imaginem

514 4627 730 4677 rerum,
778 4612 870 4668 hic
915 4614 1041 4683 quia
1090 4612 1223 4667 nihil
1271 4614 1544 4683 spiritale,
1591 4615 1725 4668 nihil
1767 4613 2094 4685 profundum

515 4698 793 4755 intellectu
828 4704 1029 4757 sentire
1064 4712 1280 4772 potest,
1320 4704 1415 4759 sed
1461 4704 1574 4759 sola
1618 4704 1808 4759 umbra
1857 4705 1993 4776 legis
2040 4705 2095 4760 in

518 4802 615 4843 ore
646 4787 762 4857 ejus
793 4800 911 4858 est,
950 4808 1142 4849 sensus
1172 4795 1325 4849 vivos
1360 4803 1416 4849 et
1452 4794 1723 4864 Spiritales
1768 4809 1873 4850 non
1919 4803 2099 4864 potest

520 4890 866 4944 regenerare,
895 4894 1221 4950 regenerare
1250 4891 1430 4938 tamen
1460 4891 1638 4952 ροιεει
1665 4899 1828 4953 Opera
1859 4892 1915 4938 et
1942 4893 2097 4941 actus

518 4979 641 5035 qua:
665 4975 790 5020 sunt
810 4969 1154 5037 simplicioris
1176 4974 1300 5029 vitae
1325 4974 1644 5030 ministeria.
1676 4975 1743 5030 Et
1770 4976 1892 5032 ideo
1914 4984 2099 5032 osten-

519 5053 603 5111 dit
628 5056 682 5110 in
719 5056 804 5111 his
828 5057 1115 5115 clementia
1141 5062 1259 5129 Dei,
1291 5065 1417 5133 quia
1448 5065 1846 5122 innocentiores
1873 5069 2095 5141 quique,

523 5146 687 5202 etiam
717 5148 763 5203 si
793 5163 956 5205 sensu
985 5151 1270 5222 deﬁciant,
1302 5156 1502 5213 habent
1532 5166 1711 5213 tamen
1739 5173 1904 5228 opera
1935 5160 2094 5227 bona,

525 5253 632 5295 non
662 5240 1019 5296 excluduntur
1046 5242 1115 5298 ab
1140 5245 1454 5302 haereditate
1482 5259 1814 5307 sanctorum.

594 5328 769 5386 Homo
802 5348 921 5385 cum
955 5342 1192 5390 mortuus
1237 5336 1395 5406 fuerit
1430 5338 1624 5411 absque
1660 5340 1771 5408 ﬁlio
1793 5382 1809 5407 ,
1836 5342 1905 5396 ad
1934 5341 2101 5410 filiam

527 5421 642 5489 eius
669 5422 911 5477 transibit
941 5423 1239 5481 htereditas.
1274 5426 1334 5483 Si
1359 5428 1528 5498 filiam
1567 5447 1669 5484 non
1697 5432 1969 5495 habuerit,
2006 5432 2104 5485 ha-

533 5514 663 5567 bebit
693 5532 1012 5572 successores
1041 5518 1232 5587 fratres
1252 5538 1392 5576 suos.
1425 5520 1581 5587 Quod
1606 5523 1652 5577 si
1687 5535 1735 5577 et
1764 5525 1955 5594 fratres
1999 5541 2105 5578 non

529 5598 795 5683 habuerit,
841 5607 1035 5663 dabitis
1069 5608 1426 5667 hwreditalem
1478 5613 1732 5682 fratribus
1765 5617 1930 5685 patris
1965 5616 2106 5684 ejus.

2150 443 2232 495 his
2271 443 2359 511 qui
2416 441 2463 493 ei
2519 439 2746 509 proximi
2784 445 2927 491 sunt.
2976 434 3194 505 Eritque
3235 435 3328 488 hoc
3385 435 3498 504 filiis
3536 438 3676 493 lsraet

2151 541 2389 584 sanctum
2415 528 2525 599 lege
2546 538 2816 598 perpetua,
2841 528 2973 579 sicut
2995 525 3234 596 prwcepit
3259 525 3497 581 Dominus
3516 528 3675 600 Moysi.

2153 619 2381 673 Ponitur
2409 618 2494 670 lex
2527 617 2594 671 de
2623 616 2969 670 successione
2998 633 3012 667 ε
3046 621 3107 667 ιιι
3133 613 3306 683 primo
3332 613 3493 680 ﬁlius,
3520 617 3680 674 deinde

2155 707 2262 762 ﬁlia
2292 705 2530 761 secundo
2559 706 2612 759 in
2644 704 2765 759 loco
2812 704 3100 768 succedat,
3135 704 3292 758 tertio
3319 703 3495 770 frater,
3522 721 3680 776 quarto

2154 797 2326 868 patris
2360 795 2569 850 frater-
2590 795 2823 862 Quintus
2857 809 2992 849 vero
3029 795 3229 863 gradus
3259 803 3456 849 eertum
3486 797 3679 866 aliquem

2156 904 2265 944 non
2292 886 2539 957 designat
2563 902 2577 951 ;
2607 885 2704 941 sed
2725 886 2972 955 quisquis
3001 884 3076 939 illi
3104 885 3447 954 propiuquior
3471 885 3611 942 fuerit
3631 905 3681 943 ex

2159 978 2305 1034 omni
2333 977 2559 1042 familia,
2595 984 2655 1030 ut
2688 976 2802 1044 ipse
2848 975 3125 1029 succedat.
3160 974 3219 1027 In
3255 975 3337 1028 bis
3375 982 3475 1027 tam
3519 976 3686 1047 integer

2161 1076 2215 1122 et
2250 1066 2524 1137 perfectus
2561 1074 2646 1121 est
2683 1066 2925 1121 historia:
2956 1081 3185 1132 sensus,
3215 1075 3275 1120 ut
3301 1066 3428 1120 nihil
3456 1068 3687 1136 requirere

2166 1158 2415 1213 videatur
2446 1159 2807 1213 extrinsecus.
2837 1158 3041 1212 Tamen
3072 1158 3118 1213 si
3151 1158 3242 1226 qui
3271 1159 3403 1213 bene
3432 1159 3481 1212 in
3513 1161 3690 1227 spirita-

2164 1251 2305 1306 libus
2325 1250 2534 1322 legibus
2555 1252 2802 1306 eruditus
2824 1258 2929 1315 est,
2955 1258 3013 1304 et
3032 1250 3274 1320 pleniore
3291 1251 3689 1305 scientiazlumiue

2167 1343 2414 1397 radiatus
2444 1382 2458 1407 ,
2499 1341 2589 1397 ille
2623 1350 2803 1411 potest
2838 1342 3138 1413 intelligere
3172 1343 3411 1397 diversos
3443 1343 3562 1397 istos
3598 1358 3691 1396 suc-

2167 1435 2477 1491 cessionum
2527 1435 2748 1506 gradus.
2797 1435 2869 1489 Et
2908 1436 3180 1504 quomodo
3214 1436 3415 1505 primus
3447 1437 3511 1491 sit
3539 1451 3692 1491 conse-

2170 1526 2406 1596 quentiae
2453 1524 2693 1580 cmlestis
2741 1525 3109 1592 hatreditatis,
3150 1526 3348 1594 gradus
3389 1526 3619 1580 doctrina:
3651 1532 3692 1578 et

2174 1615 2418 1670 scientia:
2464 1616 2692 1680 merito,
2741 1615 2835 1686 qui
2879 1623 2965 1671 est
3007 1616 3282 1675 masculus
3312 1616 3480 1681 ﬁlius;
3511 1631 3691 1686 operum

2099 1701 2145 1760 B
2172 1703 2566 1774 prinrogativa,
2617 1719 2739 1774 quae
2787 1712 2872 1759 est
2924 1704 3075 1771 ﬁlia;
3129 1706 3321 1760 tertius
3362 1704 3694 1774 eompassionis

2181 1793 2412 1863 alicujus
2442 1804 2497 1849 et
2534 1794 2856 1852 imitationis
2887 1814 2901 1850 :
2940 1803 3164 1867 propter
3187 1798 3328 1867 quod
3363 1804 3416 1851 et
3450 1796 3598 1852 frater
3622 1812 3696 1851 no-

2176 1887 2434 1941 minatur.
2473 1884 2613 1942 Sunt
2665 1888 2812 1943 enim
2847 1888 3123 1954 nonnulli,
3171 1889 3263 1959 qui
3306 1896 3484 1959 sponte
3524 1888 3695 1958 quidem

2175 1994 2273 2034 sua
2304 1987 2361 2034 et
2391 1979 2615 2050 proprio
2649 1978 2929 2035 intellectu
2962 1979 3099 2034 nibi'l
3129 1989 3334 2051 agunt;
3367 1981 3515 2051 positi
3549 1989 3691 2035 tamen

2177 2068 2323 2123 inter
2357 2067 2587 2135 fratres,
2626 2084 2695 2123 ex
2735 2068 3039 2125 imitatione
3067 2081 3385 2127 casterorum
3410 2087 3469 2127 ea
3497 2071 3700 2126 videntur

2177 2173 2341 2229 agere
2376 2174 2497 2229 quae
2530 2166 2586 2214 et
2619 2158 2697 2214 illi
2732 2169 2902 2230 agunt
2937 2162 3031 2231 qui
3069 2162 3346 2218 intellectu
3380 2163 3577 2234 proprio
3612 2177 3701 2215 mo-

2177 2259 2395 2304 ventur.
2431 2249 2598 2324 Datur
2624 2265 2756 2321 ergo
2780 2251 2949 2306 etiam
2979 2252 3098 2308 istis
3124 2252 3436 2319 haereditas,
3468 2254 3555 2308 sub
3579 2252 3701 2306 titulo

2180 2335 2415 2394 fraterni
2448 2339 2705 2395 nominis.
2743 2338 2956 2396 Gradus
2990 2357 3119 2398 vero
3164 2352 3417 2412 quartus,
3441 2358 3582 2414 quem
3618 2343 3702 2396 ira-

2184 2435 2323 2482 trem
2364 2429 2537 2498 patris
2574 2430 2849 2497 nominat,
2888 2440 3071 2501 potest
3104 2432 3356 2491 fortassis
3390 2435 3593 2505 intelligi
3635 2433 3704 2489 ille

2183 2518 2325 2574 ordo
2360 2518 2670 2585 hominum,
2707 2520 2798 2589 qui
2837 2521 3024 2576 audita
3061 2538 3093 2576 a
3124 2525 3371 2592 patribus
3411 2533 3463 2579 et
3503 2531 3704 2578 veterum

2184 2607 2498 2663 narratione
2528 2619 2775 2680 suscepta
2796 2650 2811 2676 ,
2842 2620 3111 2669 conantur
3138 2613 3364 2684 implere
3383 2655 3399 2681 ,
3426 2622 3475 2670 et
3502 2630 3593 2670 non
3618 2622 3703 2668 tam

2183 2697 2425 2768 propriis
2459 2699 2711 2755 sensibus
2746 2701 2876 2756 moti
2896 2741 2911 2767 ,
2948 2716 3053 2758 nec
3083 2717 3153 2759 ex
3190 2705 3465 2775 praesentis
3493 2704 3705 2760 doctrina:

2186 2786 2671 2848 commotionibus"
2697 2792 2954 2859 excitati,
2991 2807 3160 2864 quam
3197 2805 3435 2852 veterum
3466 2796 3541 2851 vel
3569 2795 3703 2852 tradi-

2188 2884 2370 2950 tione,
2411 2883 2497 2938 vel
2534 2885 2927 2941 consuetudine
2956 2886 3073 2942 sola
3112 2887 3384 2956 instituti,
3418 2889 3532 2945 boni
3562 2897 3705 2942 tamen

2189 2972 2395 3043 aliquid
2421 2981 2636 3044 gerunt.
2668 2974 2902 3031 Ultimus
2926 2992 3055 3033 vero
3083 2981 3287 3050 gradus
3312 2981 3488 3036 scribit
3513 2980 3616 3045 ille,
3637 2979 3708 3049 qui

2111 3046 2155 3108 Ο
2187 3063 2429 3135 quolibet
2464 3073 2626 3134 pacto
2660 3065 2747 3122 his
2784 3068 3068 3136 proximus
3087 3046 3301 3138 fuerit,
3333 3072 3479 3142 quasi
3511 3046 3706 3127 diceret:

2185 3153 2312 3209 Sive
2334 3156 2644 3223 occasione,
2670 3156 2785 3211 sive
2809 3157 3043 3214 veritate
3064 3160 3350 3227 doctrinae,
3377 3162 3419 3217 si
3444 3161 3525 3231 qui
3550 3156 3709 3229 aliquid

2183 3245 2312 3300 boni
2352 3244 2615 3313 fecerint,
2660 3261 2768 3303 non
2800 3249 2998 3318 peribit
3026 3250 3154 3305 boni
3186 3254 3365 3322 operis
3399 3267 3613 3314 merces,
3638 3249 3710 3304 sed

2185 3335 2452 3408 largiente
2481 3338 2733 3405 Domino,
2763 3338 2940 3395 locum
2970 3341 3315 3399 hmreditatis
3352 3344 3576 3413 accipiet.
3613 3340 3712 3396 llaec

2190 3427 2410 3496 quidem
2442 3441 2474 3480 a
2501 3428 2658 3483 nobis
2682 3429 2942 3484 audacter
2969 3429 3227 3488 fortassis
3247 3441 3553 3504 praesumpta
3570 3471 3583 3495 ,
3606 3437 3650 3484 et
3670 3429 3710 3480 in

2192 3517 2429 3572 medium
2470 3518 2683 3587 prolata
2720 3519 3043 3588 videantur;
3082 3538 3196 3578 non
3238 3532 3414 3579 tamen
3451 3522 3546 3577 erit
3566 3520 3712 3575 absur-

2187 3603 2315 3669 dum
2337 3645 2354 3671 ,
2382 3605 2429 3661 si
2471 3607 2808 3675 spiritalibus
2846 3610 3112 3680 spiritalia
3157 3621 3547 3685 prmponentes,
3573 3623 3713 3665 secre-

2188 3692 2348 3747 tioris
2377 3708 2473 3749 eos
2503 3694 2875 3767 intelligentia
2913 3700 3266 3759 aamulatores
3293 3702 3597 3773 cupidosque
3620 3696 3712 3752 red—

2189 3785 2403 3840 damus.

2780 3900 3010 3959 CAPUT
3045 3905 3161 3961 XII.

2194 4003 2295 4087 Ubi
2319 4005 2527 4087 Moyses
2558 4008 2615 4087 in
2637 4018 2862 4087 montem
2886 4015 3172 4071 ascendere
3192 4017 3425 4087 jubetur,
3447 4026 3492 4072 et
3519 4010 3711 4087 pradiri—

2263 4086 2353 4129 tur
2379 4079 2593 4156 ei_quod
2614 4095 2720 4136 non
2745 4082 2802 4134 in
2832 4092 3026 4156 terram
3059 4079 3472 4156 repromissionis
3503 4079 3712 4154 ingredie-

2266 4155 2391 4210 tur;
2414 4146 2675 4219 Jesusque
2701 4167 2796 4220 pro
2817 4169 2878 4206 eo
2903 4153 3016 4208 dua;
3039 4146 3222 4227 populi
3250 4146 3580 4213 constituitur.

2266 4259 2448 4333 (lstn.)
2467 4259 2613 4316 Dixit
2622 4279 2830 4336 quoque
2842 4264 3100 4323 Dominus
3112 4271 3185 4323 ad
3198 4269 3415 4341 Moysen
3431 4262 3659 4321 :Ascende
3677 4261 3715 4311 in

2119 4394 2172 4454 Β
2197 4364 2424 4404 montem
2452 4351 2611 4404 istum
2638 4353 2876 4420 Abarim,
2922 4365 2971 4411 et
3017 4360 3372 4431 contemplare
3414 4358 3528 4413 inde
3548 4366 3716 4409 terram.

2196 4454 2357 4509 quam
2381 4440 2605 4496 daturus
2624 4458 2740 4496 sum
2771 4444 2898 4512 ﬁliis
2925 4445 3115 4502 Israel.
3143 4448 3381 4521 Cumque
3402 4447 3571 4504 videris
3602 4456 3718 4499 eam,

2197 4527 2296 4581 ibis
2336 4538 2384 4581 et
2410 4537 2468 4582 tu
2506 4530 2577 4583 ad
2618 4531 2868 4601 populum
2907 4524 3086 4602 tuum',
3132 4538 3269 4592 sicut
3314 4540 3405 4592 ivit
3446 4537 3594 4607 frater
3630 4540 3718 4583 laus

2198 4621 2401 4685 Aaron,
2425 4619 2551 4689 quia
2580 4620 2874 4689 offendistis
2889 4625 3037 4679 mein
3065 4626 3273 4681 deserto
3304 4626 3416 4690 Sin,
3429 4627 3479 4679 in
3504 4616 3717 4677 contradi-

2198 4709 2369 4762 ctione
2394 4708 2762 4777 multitudinis,
2781 4728 2874 4767 nec
2894 4716 3229 4785 sanctiﬁcare
3248 4733 3333 4772 me
3354 4714 3568 4772 voluistis
3585 4722 3717 4764 coram

2197 4799 2275 4852 eis
2298 4815 2455 4869 super
2477 4816 2662 4871 aquas.
2688 4800 2790 4856 Har
2803 4814 2926 4858 sunt
2946 4822 3099 4876 aqua
3125 4805 3564 4866 contradictionis,
3583 4801 3627 4853 in
3649 4796 3719 4850 Ca-

2204 4889 2295 4943 des
2323 4888 2516 4943 deserti
2546 4889 2665 4944 Sin.
2703 4890 2840 4946 Vide
2862 4908 2994 4965 ergo
3022 4896 3200 4965 primo
3239 4896 3477 4952 omnium
3507 4882 3720 4961 ίῙυοωοάο

2203 4978 2497 5049 perfectus,
2530 4982 2624 5050 qui
2654 4991 2709 5037 et
2731 4983 2925 5040 beatus
2943 4996 3047 5052 est,
3070 5001 3191 5049 _non
3221 4988 3278 5043 in
3307 4987 3445 5042 valle
3464 4999 3553 5040 nec
3578 4982 3623 5034 in
3653 4974 3721 5029 ali-

2204 5084 2312 5139 qua
2341 5079 2499 5125 terra:
2530 5070 2883 5139 plauitie,aut
2907 5076 2961 5130 in
2990 5077 3127 5133 colle
3155 5077 3358 5148 aliquo,
3379 5078 3467 5134 sed
3491 5076 3541 5131 in
3564 5074 3717 5127 monte,

2207 5160 2264 5216 id
2287 5168 2391 5226 est,
2425 5160 2481 5215 in
2504 5160 2616 5218 alto
2643 5172 2700 5220 et
2722 5166 2891 5222 arduo
2926 5168 3240 5241 defungitur
3282 5170 3418 5225 loco.
3445 5168 3566 5223 Vitae
3604 5171 3719 5216 ωωι

2206 5266 2314 5322 que
2328 5250 2443 5320 ejus
2454 5258 2848 5314 consummatio
2873 5267 2930 5314 et
2949 5260 3211 5330 perfectio
3233 5261 3461 5317 habetur
3477 5259 3525 5314 in
3538 5248 3718 5311 excelso.

2205 5342 2314 5398 Sed
2344 5343 2397 5396 in
2423 5344 2597 5400 oculis
2623 5347 2738 5402 suis
2762 5351 3009 5406 contueri
3052 5349 3280 5420 jubetur
3322 5364 3527 5407 omnem
3563 5351 3720 5400 terram

2205 5431 2666 5500 repromissionis,
2708 5446 2765 5491 et
2814 5439 3101 5511 diligenter
3143 5455 3213 5495 ex
3267 5438 3516 5496 eminenti
3565 5431 3723 5489 ratione

2206 5528 2401 5575 cuncta
2432 5526 2760 5595 perspicere.
2799 5528 3094 5600 Oportebat
3125 5533 3273 5588 enim
3314 5542 3565 5588 summam
3589 5517 3724 5594 per“?

2207 5610 2405 5666 ctionis
2433 5624 2792 5675 consecutum
2823 5621 2957 5677 nihil
2988 5622 3331 5696 incognitum
3358 5631 3631 5677 remanere,
3653 5604 3721 5662 βοά
