3932 6188
289 308 396 364 777

1003 301 1542 359 ENARRATIONES
1578 301 1644 358 IN
1681 301 1938 360 LIBRUM
1982 301 2444 360 NUMERORUM.
2487 335 2557 344 —-
2593 303 2720 359 LIB.
2764 307 2846 362 III.

3449 314 3552 369 ’ΠΒ

284 427 610 476 cunctorum
642 429 762 484 qua:
786 414 1040 469 videntur
1062 423 1116 470 et
1151 415 1446 470 audiuntur
1494 407 1695 472 habere
1738 419 1876 472 noti-
1899 427 1950 484 Α
1978 419 2092 475 Dei.
2136 418 2240 473 Sed
2284 418 2500 472 interim
2544 417 2820 474 videamus
2868 419 3036 492 Moysi
3079 425 3548 493 magniﬁcentiam.

284 509 440 564 tiam.
465 505 548 562 Ob
577 505 680 560 hoc
706 503 892 569 credo,
919 513 981 557 ut
1013 505 1252 559 omnium
1281 505 1372 574 qui
1397 507 1449 559 in
1476 521 1641 560 carne
1667 509 1874 577 positus

282 595 558 667 corporali
589 594 754 662 cmpit
779 601 1024 664 aspectu,
1055 593 1109 648 in
1139 594 1330 663 spiritu
1359 595 1581 652 ell‘ectus
1601 638 1615 662 ,
1647 608 1702 652 et
1732 597 1874 652 nulla

284 694 474 740 mente
512 685 576 738 ad
621 683 889 738 auditoria
926 691 984 738 et
1017 685 1396 754 discipulatum
1438 689 1716 759 sapientiae
1749 707 1874 761 pro-

281 790 512 846 perans,
537 773 802 828 velociter
837 788 1026 828 eorum
1061 777 1301 830 rationes
1328 790 1650 848 assequatur
1676 789 1730 833 et
1758 797 1882 834 cau-

281 882 404 922 sas.
435 866 566 920 Nam
595 865 727 934 quid
755 864 1031 920 videbitur
1059 865 1336 933 utilitatis,
1365 876 1427 922 ut
1457 871 1762 925 discessuro
1813 871 1878 924 de

282 956 513 1021 saeculo,
541 963 598 1010 et
655 954 818 1008 tinem
875 955 1002 1009 vita:
1053 955 1215 1026 hujus
1261 959 1510 1026 protinus
1559 969 1874 1030 accepturo,

283 1045 651 1100 ostendantur
678 1053 838 1099 terra:
877 1044 1016 1110 loca,
1045 1061 1277 1114 quorum
1327 1063 1428 1102 nec
1471 1048 1712 1104 laborem
1761 1067 1882 1121 per—

285 1149 550 1204 pessurus
575 1141 738 1196 esset,
771 1147 872 1188 nec
908 1135 1140 1204 gratiam
1169 1139 1558 1206 suscepturus?
1605 1139 1881 1196 Perterret

286 1239 424 1278 sane
462 1237 552 1279 me
589 1239 770 1278 sermo
809 1225 900 1294 qui
931 1228 1210 1294 sequitur,
1234 1237 1290 1282 et
1316 1229 1384 1282 ad
1418 1230 1704 1285 dicendum
1735 1233 1881 1286 timi-

285 1313 422 1365 dum
455 1311 634 1365 reddit
657 1327 721 1366 ac
748 1313 1037 1381 trepidum,
1067 1315 1212 1384 quod
1239 1317 1306 1370 de
1351 1333 1550 1388 magno
1575 1319 1668 1375 illo
1702 1320 1882 1392 Moyse

286 1401 498 1455 famulo
530 1411 586 1455 et
621 1403 797 1456 amico
828 1401 946 1468 Dei,
972 1405 1056 1458 cui
1081 1405 1221 1462 facie
1246 1408 1314 1462 ad
1343 1407 1535 1464 faciem
1561 1411 1773 1468 loeutus
1799 1422 1882 1468 est

288 1493 458 1558 Deus,
477 1507 575 1562 per
593 1508 754 1563 quem
787 1493 940 1564 signa
963 1503 1017 1548 et
1043 1497 1272 1552 virtutes
1295 1499 1539 1556 mirifica:
1561 1512 1884 1573 perpetratae

287 1591 442 1649 sunt,
468 1589 578 1634 tam
620 1586 828 1653 gravia,
864 1591 972 1638 tam
1022 1586 1326 1655 periculosa
1373 1590 1701 1648 referuntur.
1745 1593 1885 1662 Quid

285 1673 442 1726 enim
468 1672 601 1726 dicit
628 1675 679 1727 ei
714 1673 891 1729 Deus?
918 1674 988 1728 Et
1013 1681 1310 1748 apponeris,
1334 1682 1528 1752 inquit,
1545 1686 1614 1737 ad
1637 1686 1885 1756 populant

1977 509 2314 564 Recessurus
2339 509 2405 563 de
2435 508 2630 563 smculo
2652 519 2773 563 orat
2795 507 2987 575 Deum,
3020 521 3078 566 ut
3106 515 3385 582 provideat
3409 519 3554 588 judi-

1977 616 2093 656 cem
2122 600 2321 672 populo
2347 601 2532 656 dicens
2564 619 2576 654 :
2613 599 2897 654 Provideat
2919 602 3058 656 Deus
3087 606 3364 674 spirituum
3386 612 3556 664 omnis

1977 691 2152 745 carnis
2197 691 2476 756 hominem,
2501 691 2593 761 qui
2626 692 2692 746 sit
2732 709 2888 764 super
2916 694 3300 750 multitudinem
3325 698 3480 764 lianc,
3509 712 3560 756 et

1977 783 2138 852 possit
2177 783 2318 836 exire
2347 792 2394 836 et
2422 783 2622 836 intrare
2650 799 2742 853 per
2768 800 2874 850 eos,
2907 793 2956 837 et
2985 785 3202 840 educere
3223 786 3342 842 illos
3373 790 3450 844 vel
3479 793 3562 845 in-

1979 873 2288 940 troducere,
2311 891 2374 928 ne
2401 875 2468 928 sit
2501 873 2724 945 papulas
2769 875 2980 930 Domini
3033 877 3168 930 sicut
3207 895 3322 934 oves
3369 881 3560 952 absque

1979 974 2202 1035 pastore.
2229 964 2370 1032 Quid
2393 965 2530 1036 agis,
2559 980 2592 1018 ο
2627 964 2868 1036 Moyses?
2911 965 3161 1038 Nunquid
3202 969 3294 1024 lilii
3329 971 3426 1025 tibi
3455 988 3563 1025 non

1982 1065 2127 1122 sunt,
2152 1055 2361 1112 Gerson
2387 1064 2442 1112 et
2468 1055 2734 1112 Eleazar?
2763 1058 2872 1112 Aut
2899 1060 2943 1113 si
2982 1059 3184 1130 aliquid
3211 1061 3279 1116 de
3305 1063 3436 1131 ipsis
3465 1063 3564 1118 du-

1981 1147 2142 1210 bitas,
2173 1161 2276 1201 non
2313 1154 2438 1200 sunt
2471 1146 2564 1200 lilii
2599 1146 2784 1202 fratris
2831 1150 3012 1220 magni
3065 1159 3118 1205 et
3170 1153 3372 1223 egregii
3427 1153 3568 1208 viri?

1983 1237 2262 1304 Quomodo
2285 1253 2392 1290 non
2417 1253 2541 1292 oras
2563 1238 2733 1292 Deum
2761 1255 2860 1309 pro
2887 1240 3039 1310 ipsis,
3071 1251 3129 1296 ut
3151 1257 3244 1298 eos
3269 1246 3567 1300 constituat

1981 1330 2178 1402 populo
2209 1330 2409 1385 duces?
2459 1329 2566 1386 Se‘d
2613 1332 2824 1386 discant
2859 1333 3215 1388 ecclesiarum
3258 1337 3563 1408 principes,

1984 1435 2326 1475 successores
2345 1420 2448 1475 sibi
2471 1435 2578 1475 non
2607 1435 2701 1475 eos
2729 1421 2821 1490 qui
2852 1424 3323 1494 consanguinitate
3352 1428 3566 1499 generis

1977 1509 2152 1578 juncti
2183 1519 2330 1576 sunt,
2355 1526 2452 1566 nec
2486 1511 2579 1580 qui
2618 1512 2800 1566 c.rnis
2833 1513 3241 1583 propinquitate
3290 1517 3573 1572 sociantur

1987 1609 2314 1657 testamento
2370 1603 2624 1674 signare,
2673 1619 2848 1675 neque
2898 1605 3306 1662 hazreditarium
3353 1611 3572 1666 tradere

1989 1692 2374 1762 principatum,
2406 1693 2502 1747 sed
2555 1693 2762 1748 referre
2811 1695 2879 1750 ad
2901 1693 3168 1762 judicium
3199 1697 3330 1765 Dei;
3369 1707 3426 1754 et
3465 1717 3570 1754 non

287 1769 511 1814 tuamet
537 1771 615 1826 tu,
637 1763 771 1815 sicut
798 1773 848 1816 et
886 1766 1087 1834 positus
1131 1779 1206 1821 cst
1252 1769 1432 1825 Aaron
1477 1772 1644 1842 frater
1684 1786 1804 1830 tuus
1831 1777 1885 1831 in

1989 1783 2189 1854 eligere
2217 1783 2365 1837 illum
2401 1799 2563 1854 quem
2607 1784 2876 1840 humanus
2927 1789 3276 1843 commendat
3323 1788 3572 1854 allectus,

287 1862 473 1905 monte
494 1851 632 1906 Hor.
661 1854 729 1908 Et
756 1857 910 1924 quasi
934 1871 1152 1912 causam
1183 1863 1374 1918 mortis
1400 1879 1674 1934 exponens
1703 1869 1836 1924 dicit
1866 1888 1880 1923 :

294 1944 669 2018 Propterquod
698 1953 1009 2020 transgressi
1030 1956 1152 2009 estis
1180 1957 1578 2015 uerbummeum
1605 1964 1658 2017 in
1681 1964 1884 2021 deserto

289 2036 416 2102 Sin,
435 2051 558 2091 cum
591 2041 794 2094 restitit
824 2040 1109 2116 Synagoga
1132 2061 1198 2102 ne
1225 2063 1310 2103 me
1339 2052 1730 2110 sanetilicaret.
1759 2057 1885 2112 Non

287 2142 376 2180 me
400 2129 775 2197 sanctiﬁcastis
804 2133 858 2186 in
891 2151 1028 2205 aqua
1055 2151 1235 2191 coram
1258 2140 1353 2192 eis.
1381 2140 1526 2213 Ergo
1549 2152 1605 2198 et
1633 2144 1688 2199 in
1727 2145 1886 2217 culpa

288 2225 382 2271 est
407 2219 577 2272 etiam
605 2219 840 2292 Moyses,
869 2225 1034 2278 etiam
1058 2227 1174 2298 ipse
1200 2234 1650 2301 transgressionis
1676 2236 1884 2293 crimen

293 2311 556 2377 incurrit,
586 2313 748 2368 etiam
780 2315 897 2386 ipse
939 2316 1118 2374 factus
1153 2330 1238 2376 est
1263 2325 1364 2378 sub
1397 2335 1640 2394 peccato.
1681 2329 1888 2386 Idcirco

290 2403 491 2470 credo,
515 2417 639 2459 cum
667 2405 863 2462 ﬁducia
891 2409 1109 2465 dicebat
1132 2411 1423 2482 Apostolus
1451 2435 1466 2470 :
1495 2417 1632 2484 Quia
1657 2423 1888 2491 regnavit

289 2513 441 2552 mors
470 2497 535 2550 ab
563 2498 734 2552 Adam
764 2518 926 2572 usque
953 2503 1022 2557 ad
1050 2505 1288 2576 Moysen.
1309 2509 1537 2565 Accessit
1567 2513 1704 2566 enim
1727 2531 1888 2584 usque

286 2589 362 2642 ad
387 2588 625 2660 Moysen,
645 2601 694 2645 et
721 2609 812 2646 nec
836 2595 934 2663 ipsi
957 2599 1183 2666 pepercit
1206 2599 1383 2670 (Rom.
1409 2604 1486 2674 v).
1525 2604 1591 2658 Et
1621 2606 1740 2662 ideo
1768 2608 1887 2678 opi-

289 2698 401 2737 nor
437 2683 673 2751 dicebat,
697 2687 819 2756 quia
871 2698 1140 2757 peccatum
1183 2691 1416 2747 introivit
1463 2695 1516 2748 in
1553 2695 1691 2750 hunc
1734 2715 1888 2752 mun-

289 2775 447 2840 dum,
475 2785 524 2829 et
567 2793 659 2846 per
696 2788 968 2847 peccatum
998 2796 1164 2848 mors,
1190 2783 1244 2836 in
1273 2802 1376 2854 quo
1421 2803 1598 2845 omnes
1644 2805 1890 2860 peccare-

294 2877 424 2920 runt
455 2867 631 2939 (Rom.
676 2869 792 2942 vn).
840 2871 907 2925 Et
951 2872 1150 2928 iterum
1187 2892 1199 2928 :
1239 2872 1510 2932 Conclusit
1539 2867 1680 2935 Deus
1711 2899 1886 2938 omnes

293 2959 396 3016 sub
421 2969 658 3030 peccato,
693 2971 746 3014 ut
777 2964 1019 3018 omnibus
1052 2965 1379 3022 miseratur.
1407 2967 1511 3024 Sed
1543 2973 1743 3041 gratias
1774 2972 1887 3029 Deo

294 3057 482 3101 nostra
501 3047 632 3103 Jesu
655 3048 889 3117 Christo,
919 3054 1008 3122 qui
1033 3071 1124 3108 nos
1145 3055 1382 3110 liberavit
1411 3057 1476 3112 de
1501 3075 1715 3130 corpore
1746 3079 1888 3116 mor-

1985 1873 2081 1927 sed
2107 1871 2202 1928 Dei
2227 1871 2434 1942 judicio
2460 1882 2628 1930 totum
2673 1877 2739 1930 de
2780 1879 3112 1934 successoris
3145 1880 3410 1936 electione
3451 1897 3575 1952 per-

1987 1965 2222 2021 mittere.
2249 1964 2502 2038 Nunquid
2533 1983 2640 2022 non
2672 1977 2886 2038 poterat
2911 1967 3126 2042 Moyses
3152 1971 3352 2043 eligere
3367 1973 3576 2044 princi-

1985 2071 2107 2127 pem
2134 2055 2423 2126 pupulo,et
2449 2072 2578 2112 vero
2596 2056 2803 2126 judicio
2829 2059 3049 2131 eligere,
3067 2070 3121 2115 et
3154 2071 3300 2116 recta
3314 2061 3575 2134 justach

1987 2149 2280 2212 sententia,
2303 2147 2371 2202 ad
2397 2163 2558 2218 quem
2589 2149 2801 2204 dixerat
2832 2147 2976 2206 Deus
3008 2169 3021 2205 :
3055 2151 3206 2224 Elige
3247 2153 3574 2224 presbyteros

1985 2239 2206 2310 populo,
2232 2257 2361 2310 quos
2397 2249 2454 2294 tu
2478 2241 2587 2310 ipse
2607 2242 2709 2295 scis
2733 2243 3060 2316 presbyteros
3089 2225 3238 2298 esse?
3261 2243 3448 2313 (Num.
3485 2245 3573 2314 tt.)

1987 2339 2044 2384 et
2085 2331 2250 2402 elegit
2289 2331 2455 2398 tales,
2488 2333 2540 2386 in
2577 2332 2776 2402 quibus
2803 2333 3066 2390 continuo
3101 2335 3322 2399 dicitur,
3351 2335 3576 2404 spiritus

1990 2421 2335 2490 requiescere
2399 2428 2454 2478 et
2500 2422 2828 2492 prophetare
2875 2437 3086 2479 omnes.
3146 2423 3278 2492 Quis
3320 2440 3451 2496 ergo
3499 2426 3576 2480 ita

1985 2513 2164 2582 potuit
2188 2513 2387 2585 eligere
2412 2515 2710 2584 principem
2741 2515 2945 2584 populi,
2974 2524 3033 2570 ut
3079 2515 3290 2588 Moyses
3321 2517 3578 2586 poterat?

1989 2602 2098 2658 Sed
2125 2604 2228 2657 hoc
2262 2618 2368 2658 non
2400 2601 2550 2658 facit.
2579 2602 2696 2658 Non
2742 2603 2922 2674 elegit.
2959 2603 3076 2660 Non
3107 2607 3288 2660 audet.
3334 2606 3444 2661 Cur
3469 2623 3576 2661 non

1988 2691 2188 2746 audet?
2219 2690 2299 2746 Ne
2337 2692 2574 2762 posteris
2605 2694 3048 2763 praesumptionis
3079 2695 3350 2764 relinquat
3393 2711 3577 2751 exem-

1991 2781 2156 2849 plum.
2189 2781 2298 2837 Sed
2329 2783 2572 2838 ausculta
2609 2785 2752 2852 quod
2795 2783 2928 2838 dicit
2983 2802 2995 2837 :
3042 2784 3350 2851 Provideat,
3379 2787 3572 2856 inquit,

1989 2869 2253 2928 Dominus
2284 2869 2427 2928 Deus
2465 2873 2741 2928 hominem
2765 2889 2928 2944 super
2957 2889 3282 2947 synagogam
3305 2876 3464 2942 hanc,
3483 2877 3576 2946 qui

1990 2965 2304 3036 egrediatur
2331 2974 2457 3020 aute
2485 2965 2681 3022 faciem
2712 2981 2900 3021 eorum
2920 3007 2935 3034 ,
2962 2977 3017 3022 et
3065 2969 3156 3037 qui
3206 2969 3575 3040 ingrediatur,

1989 3067 2045 3115 et
2070 3058 2165 3130 qui
2185 3057 2451 3128 producat
2477 3072 2594 3122 eos,
2626 3065 2682 3111 et
2710 3056 2803 3126 qui
2845 3059 3091 3112 reducat.
3137 3057 3195 3112 Si
3231 3073 3362 3128 ergo
3394 3067 3578 3114 tantus

291 3145 364 3197 tis
399 3142 586 3214 hujus,
613 3153 669 3198 ut
700 3145 790 3201 ubi
815 3147 1100 3203 abundarit
1153 3162 1425 3220 peccatum
1449 3193 1463 3219 ,
1489 3156 1887 3226 superabunda-
1913 3129 1960 3194 α
1991 3129 2178 3207 illeiac
2209 3149 2336 3206 talis
2357 3147 2568 3220 Moyses
2595 3163 2704 3204 non
2732 3148 3002 3218 permittit
3020 3147 3230 3216 judicio
3259 3164 3359 3204 suo
3388 3150 3454 3205 de
3483 3151 3578 3206 eli-

295 3243 379 3288 ret
407 3244 458 3292 α
496 3238 668 3306 gratia
709 3237 889 3308 (Rom.
921 3241 1014 3312 ii).
1059 3241 1190 3296 Nam
1238 3243 1449 3315 Moyses
1487 3249 1757 3318 quomodo
1786 3251 1885 3304 ali-

295 3341 462 3396 quem
490 3327 722 3384 liberare
756 3331 1026 3400 potuisset
1051 3349 1080 3386 a
1120 3337 1390 3404 peccatis,
1419 3353 1542 3392 cum
1575 3340 1737 3394 etiam
1785 3341 1886 3411 ipsi

296 3419 556 3474 dicatur:
591 3420 694 3488 Qui
735 3425 1046 3494 transgressi
1077 3427 1199 3480 estis
1248 3429 1458 3483 verbum
1489 3447 1659 3484 meum
1697 3433 1753 3484 in
1793 3433 1886 3486 de-

293 3522 439 3567 serto
469 3512 588 3579 Sin,
611 3524 660 3568 et
683 3532 786 3569 non
814 3533 893 3570 me
921 3518 1291 3588 sancti/icastis
1321 3521 1376 3576 in
1397 3537 1533 3592 aqua
1557 3539 1733 3576 coram
1761 3521 1888 3592 [iliis

297 3602 477 3657 Israel
493 3604 518 3656 ?
539 3603 610 3659 Ut
639 3605 983 3662 manifestum
1008 3609 1077 3663 sit
1101 3611 1374 3676 euntibus,
1403 3611 1545 3682 quod
1577 3612 1666 3664 ille
1693 3611 1888 3666 debeat

297 3693 452 3750 solus
481 3695 688 3764 requiri
727 3698 819 3766 qui
861 3698 1006 3752 solus
1036 3709 1319 3768 peccatum
1349 3716 1454 3755 non
1491 3700 1637 3766 fecit,
1662 3717 1763 3757 nec
1809 3703 1890 3756 in-

296 3794 498 3840 ventus
527 3795 612 3841 est
652 3787 806 3842 dolus
837 3789 890 3841 in
925 3803 1020 3842 ore
1059 3788 1195 3858 ejus.
1243 3789 1447 3845 Tamen
1494 3791 1622 3846 illud
1675 3802 1891 3862 oportet

301 3879 648 3935 considerari
686 3883 999 3954 mysterium
1022 3925 1036 3950 ,
1059 3885 1184 3955 quia
1213 3901 1311 3940 nec
1339 3886 1722 3953 sacerdotium,
1747 3888 1891 3959 quod

299 3971 616 4026 institutum
642 3981 742 4036 est,
769 3973 926 4044 cujus
952 3989 1236 4044 personam
1287 3976 1508 4048 gerebat
1553 3978 1754 4044 Aaron,
1790 3995 1890 4034 nec

299 4062 420 4132 ipsa
450 4061 558 4127 lex,
589 4060 744 4130 cujus
777 4079 1063 4134 personam
1102 4065 1323 4136 gerebat
1371 4067 1601 4138 Moyses,
1647 4068 1891 4123 introdu-

299 4157 437 4204 cunt
463 4148 718 4220 pupulum
743 4149 837 4204 Dei
863 4151 917 4204 in
933 4158 1143 4231 terram
1171 4153 1504 4209 haereditatis
1533 4165 1774 4224 mter-nae,
1795 4157 1890 4212 sed

299 4240 487 4306 Iesus,
519 4242 570 4294 in
597 4256 704 4312 quo
735 4252 893 4315 typus
921 4253 1041 4298 erat
1066 4244 1276 4300 Domini
1303 4245 1434 4302 Jesu
1462 4247 1683 4313 Christi,
1709 4249 1760 4304 id
1786 4258 1888 4315 est,

300 4332 482 4404 gratia
511 4346 610 4400 per
632 4331 815 4387 fidem.
839 4333 907 4387 Et
923 4333 1105 4387 Aaron
1123 4336 1338 4406 quidem
1357 4345 1482 4390 ante
1503 4337 1788 4393 defunctus
1809 4346 1894 4392 est

299 4437 472 4493 quam
503 4421 668 4476 lsrael
693 4422 748 4475 in
777 4422 1010 4492 aliquam
1034 4432 1244 4493 partem
1271 4431 1426 4478 terrae
1459 4426 1893 4495 repromissionis

298 4515 561 4570 intraret.
587 4512 766 4585 Moyse
795 4515 971 4568 adhuc
991 4515 1226 4580 vivente,
1245 4525 1402 4586 capta
1429 4523 1512 4570 est
1536 4524 1676 4569 terra
1703 4515 1897 4570 Amor-

301 4606 582 4658 rlurorum
597 4613 760 4674 atque
776 4619 1060 4674 possessa;
1095 4604 1187 4658 sed
1215 4605 1504 4660 lordancm
1537 4620 1658 4658 cum
1683 4605 1763 4659 eis
1790 4621 1897 4660 non

299 4705 397 4750 est
431 4696 667 4750 transire
715 4697 1031 4765 permissus.
1079 4695 1159 4749 Ex
1208 4696 1386 4766 aliqua
1435 4697 1578 4750 enim
1608 4705 1782 4766 parte,
1811 4697 1896 4751 lex

301 4788 633 4842 observatur
664 4785 717 4840 in
769 4785 873 4840 ﬁde
901 4786 1233 4841 Christiana.
1264 4787 1341 4841 lbi
1377 4787 1520 4842 enim
1553 4797 1678 4841 sunt
1729 4788 1896 4842 etiam

299 4885 582 4949 pratccpta
641 4892 762 4946 qua:
807 4878 1074 4947 hodieque
1124 4879 1420 4932 observare
1474 4877 1767 4932 Christiani
1817 4878 1900 4948 ju-

300 4969 523 5023 bemur.
569 4967 943 5022 Sacerdotium
990 4982 1118 5022 vero
1171 4968 1298 5022 illud
1349 4977 1404 5023 et
1455 4969 1722 5030 sacriﬁcia
1781 4967 1898 5022 nul-

303 5057 421 5113 lam
457 5067 687 5132 partem
742 5065 930 5112 tenent
990 5059 1148 5113 hodie
1196 5058 1320 5112 fidei
1382 5059 1745 5123 Christianae,
1793 5057 1898 5112 nisi

298 5143 464 5220 quod
503 5148 557 5202 in
609 5148 816 5202 umbris
870 5147 1174 5203 futurorum
1233 5158 1354 5203 acta
1396 5158 1558 5220 atque
1625 5158 1898 5204 transacta

300 5247 460 5296 sunt.
487 5238 620 5294 Cum
648 5254 778 5293 vero
806 5241 1070 5295 ambobus
1107 5240 1386 5304 fratribus,
1414 5229 1471 5294 id
1505 5249 1608 5306 est,
1639 5240 1820 5295 Aaron
1843 5249 1900 5296 et

301 5330 482 5402 Moysi
509 5331 728 5397 dicitur,
757 5340 818 5384 ut
858 5343 1198 5402 apponuntur
1221 5332 1288 5387 ad
1309 5333 1566 5402 pepulum
1589 5349 1767 5398 suum,
1784 5349 1899 5386 ma-

297 5421 569 5478 nifestum
606 5430 692 5476 est
720 5437 828 5476 non
864 5437 986 5476 esse
1014 5422 1069 5476 in
1106 5421 1225 5477 illos
1256 5423 1391 5476 iram
1423 5422 1548 5487 Dei,
1575 5437 1694 5493 qua:
1741 5438 1898 5494 sepa-

295 5521 403 5571 rat
429 5527 460 5566 a
481 5528 612 5583 pace
636 5525 840 5568 sancta:
869 5515 1149 5569 societatis
1188 5524 1424 5568 :eternm.
1473 5513 1624 5568 Unde
1667 5515 1896 5570 manife-

292 5613 492 5660 statur
519 5619 625 5657 non
671 5602 842 5657 solum
873 5603 1070 5669 oﬂicia,
1097 5603 1192 5658 sed
1234 5604 1396 5658 etiam
1445 5612 1646 5656 mortes
1708 5597 1914 5657 eorum'

293 5701 464 5769 signa
497 5697 664 5754 fuisse
709 5697 1040 5760 futurorum,
1065 5715 1170 5754 non
1201 5697 1463 5768 supplicia
1509 5695 1898 5767 indignationis

636 5791 908 5851 I’ATROL.
955 5788 1179 5850 CVIII.

1921 4474 1973 4533 D

1989 3240 2167 3312 gendo
2194 3239 2439 3310 principe
2459 3238 2678 3310 pepuli,
2709 3239 2776 3294 de
2811 3239 3194 3294 constituendo
3239 3254 3579 3305 successore,

1989 3334 2112 3404 quis
2161 3332 2268 3386 erit
2303 3331 2398 3401 qui
2427 3331 2627 3386 audeat
2655 3330 2740 3385 vel
2764 3345 2828 3386 ex
2863 3330 3020 3402 plebe
3049 3347 3169 3402 qua:
3205 3347 3347 3402 satpe
3379 3332 3584 3386 clamo-

1990 3427 2143 3482 ribus
2175 3427 2244 3480 ad
2281 3427 2516 3498 gratiam
2546 3434 2640 3480 aut
2669 3427 2738 3481 ad
2773 3426 3017 3496 praelium
3065 3426 3298 3482 fortasse
3343 3429 3578 3483 excitata

1989 3516 2194 3572 moveri
2225 3515 2382 3580 solet,
2408 3516 2494 3570 vel
2536 3531 2604 3570 ex
2649 3516 2781 3585 ipsis
2826 3516 2990 3570 etiam
3032 3517 3410 3572 sacerdotibus
3457 3519 3580 3587 quis

1988 3607 2096 3662 erit
2113 3606 2205 3676 qui
2230 3621 2289 3659 se
2310 3606 2376 3659 ad
2401 3605 2506 3659 hoc
2528 3605 2780 3658 idonemn
2807 3604 3016 3672 jutlicet
3033 3645 3048 3669 ,
3080 3607 3184 3660 nisi
3216 3607 3261 3659 si
3287 3607 3376 3660 cui
3400 3611 3578 3660 oranti

1990 3707 2044 3752 et
2086 3697 2292 3768 petenti
2327 3712 2358 3750 a
2393 3696 2622 3751 Domino
2664 3697 2972 3751 reveletur?
3021 3697 3175 3752 Sicut
3221 3707 3276 3753 et
3319 3697 3579 3752 Dominus

1991 3789 2124 3844 dicit
2155 3788 2222 3841 ad
2253 3786 2473 3858 Moysen
2521 3804 2534 3840 :
2575 3785 2672 3839 Tol
2684 3786 2722 3840 ‘e
2748 3786 2912 3840 Josue
2949 3785 3120 3856 [ilium
3147 3787 3298 3852 Nan,
3328 3787 3493 3840 virum
3526 3789 3580 3842 in

1988 3895 2089 3950 quo
2111 3887 2184 3932 est
2207 3867 2420 3948 spiritus
2448 3875 2563 3942 Dei,
2593 3886 2639 3930 et
2668 3893 2802 3948 pone
2847 3893 3060 3931 manum
3083 3885 3227 3932 luant
3251 3895 3408 3950 super
3436 3897 3575 3936 eunt.

1993 3969 2096 4034 Qui
2129 3967 2285 4023 stabit
2317 3983 2494 4020 coram
2526 3967 2785 4021 Eleazaro
2836 3969 3104 4022 sacerdote
3145 3979 3194 4023 et
3231 3970 3371 4022 omni
3403 3969 3580 4022 multi-

1991 4058 2148 4122 dt'ne;
2199 4065 2246 4110 et
2302 4055 2450 4109 dabis
2503 4056 2552 4109 ei
2604 4065 2863 4127 praacepta
2940 4059 3142 4112 cunctis
3187 4058 3498 4122 ridentibus,
3531 4069 3580 4110 et

1989 4155 2191 4216 partem
2218 4143 2400 4215 gloria:
2442 4153 2568 4208 tum,
2593 4153 2651 4196 ut
2700 4146 2885 4198 audiat
2926 4161 3046 4199 eum
3101 4147 3268 4200 omnis
3313 4163 3580 4216 synagoga

1991 4235 2224 4304 filiorum
2286 4233 2476 4287 lsrael.
2532 4231 2640 4285 Pro
2692 4233 2808 4297 hoc,
2860 4235 2906 4288 si
2965 4235 3092 4304 quid
3141 4235 3400 4305 agendum
3457 4239 3578 4299 erit,

1992 4324 2223 4379 Eleazar
2281 4324 2526 4376 sacerdos
2579 4321 2812 4376 consulet
2870 4321 3178 4376 Dominum.
3238 4324 3318 4376 Ad
3372 4325 3578 4378 verbum

1997 4415 2112 4485 ejus
2176 4414 2472 4486 egredietur
2520 4414 2667 4485 ipse,
2725 4423 2772 4467 et
2837 4430 3012 4468 omnes
3069 4415 3168 4483 ﬁlii
3233 4414 3403 4469 lsrael
3463 4415 3581 4470 cani

1999 4527 2098 4576 eo,
2154 4520 2202 4564 et
2265 4519 2454 4563 ca'tera
2513 4508 2816 4562 multitudo.
2879 4509 3049 4564 Audis
3107 4510 3385 4564 evidenter
3436 4511 3582 4564 orli-

1999 4601 2274 4656 nationem
2297 4600 2559 4670 principis
2583 4600 2766 4670 populi
2791 4609 2902 4655 tam
2924 4601 3210 4656 manifeste
3232 4601 3580 4672 descriptam,

1999 4701 2060 4746 ut
2093 4706 2231 4762 pene
2272 4689 2610 4761 expositione
2640 4705 2748 4746 non
2781 4699 2953 4761 egeat.
2983 4689 3138 4744 Nulla
3169 4691 3258 4746 hic
3282 4692 3464 4763 populi
3491 4709 3585 4748 ac-

2001 4783 2272 4846 clamatio,
2313 4783 2457 4836 nulla
2487 4782 2979 4854 consanguinitatis
3005 4782 3164 4847 ratio,
3189 4767 3342 4836 nulla.
3368 4786 3586 4854 propin-

2000 4875 2222 4945 quitatis
2249 4873 2427 4928 habita
2445 4871 2826 4942 contemplatio
2852 4880 2955 4926 est.
2981 4872 3306 4943 Propinquis
3329 4889 3584 4944 agrorum

1999 4975 2053 5020 et
2079 4966 2405 5036 praediorum
2431 4964 2764 5033 relinquatur
2789 4962 3097 5018 haereditas.
3122 4962 3455 5018 Gubernatio
3491 4978 3586 5032 pom
3675 5003 3680 5009 .

1999 5057 2109 5127 puli
2147 5056 2224 5110 illi
2266 5056 2508 5109 tradatur
2534 5069 2692 5123 quem
2727 5052 2869 5108 Deus
2901 5053 3086 5124 elegit,
3117 5053 3322 5107 homini
3373 5051 3586 5107 scilicet

1999 5148 2120 5214 tali,
2141 5148 2232 5218 qui
2255 5147 2444 5212 habet,
2468 5148 2608 5202 sicut
2628 5147 2891 5217 scriptum
2919 5147 3171 5211 audistis,
3201 5147 3253 5200 in
3294 5145 3585 5213 semetipso

2001 5239 2250 5309 spiritum
2278 5239 2393 5304 Dei,
2415 5250 2470 5294 et
2493 5249 2760 5308 praecepta
2789 5236 2883 5294 Dei
2909 5241 2961 5294 in
2985 5247 3276 5309 conspectu
3299 5236 3414 5306 ejus
3435 5244 3580 5298 sunt,

2001 5339 2056 5384 et
2079 5330 2170 5399 qui
2201 5329 2368 5402 Moysi
2395 5330 2552 5383 valde
2580 5340 2740 5384 notus
2765 5340 2820 5384 et
2860 5328 3146 5383 familiaris
3175 5327 3268 5390 sit,
3298 5326 3351 5378 id
3397 5333 3502 5388 est,
3529 5325 3584 5378 in

2001 5435 2109 5490 quo
2141 5419 2216 5474 sit
2241 5419 2461 5474 claritas
2492 5419 2584 5473 Dei
2612 5429 2666 5473 et
2691 5421 2916 5474 scientia
2936 5458 2950 5481 ,
2981 5429 3038 5472 nt
3070 5415 3279 5486 possint
3325 5427 3450 5466 eum
3487 5428 3584 5464 an—

1994 5510 2118 5579 dire
2141 5507 2236 5563 lilii
2259 5508 2442 5563 Israel.
2473 5507 2626 5574 Quod
2652 5518 2832 5562 autem
2863 5509 2997 5562 dicit
3029 5524 3042 5561 :
3081 5503 3243 5582 Dabis
3289 5503 3338 5556 ei
3379 5513 3588 5572 partem.

2000 5600 2328 5672 gloriatum,
2354 5618 2456 5655 non
2489 5600 2566 5654 sic
2587 5599 2958 5670 accipiendum
2986 5605 3090 5660 est,
3133 5611 3198 5650 ac
3251 5594 3295 5650 si
3356 5589 3580 5663 diceret,

2000 5693 2169 5750 facies
2197 5708 2320 5748 eum
2347 5691 2552 5748 socium
2583 5691 2765 5762 gloriae
2797 5700 2919 5746 tuae.
2968 5688 3083 5741 Non
3115 5696 3294 5743 autent
3351 5703 3438 5744 res
3481 5675 3575 5744 hu:

3023 5774 3104 5834 ‘25
