3924 6176
448 299 553 355 779

1098 295 1159 348 B.
1203 293 1457 348 RABANI
1485 294 1710 351 .MAURI
1749 292 2067 348 A'RCillEP.
2111 290 2418 347 MOGL'NT.
2459 289 2746 346 OPERUM
2785 292 2963 348 PARS
3001 293 3040 348 l.
3547 304 3632 360 78‘)

429 407 686 482 jusmodi,
714 404 868 475 quasi
891 403 1162 471 partiliter
1187 402 1374 456 divisa:
1397 402 1735 465 minuuntur,
1764 404 1857 456 sed
1883 411 2010 455 totze
2039 406 2084 464 Λ
2116 409 2164 453 ct
2193 401 2247 453 in
2271 400 2409 452 mari
2427 398 2478 470 (I
2497 397 2617 454 Cor.
2639 400 2718 471 κ),
2737 401 2805 454 ita
2822 401 2955 456 etde
2970 400 3098 456 Iesu
3115 403 3467 475 dicatur,quia
3481 425 3640 470 omnes

435 506 563 554 sunt
606 496 877 559 omnibus,
915 503 1037 547 tota:
1068 492 1293 562 singulis
1331 493 1422 561 qui
1461 507 1648 546 earum
1691 494 1892 547 habent
1937 506 2020 546 so-

436 589 713 644 cietalem.
750 585 857 639 Pro
886 587 1016 648 hoc,
1064 585 1267 652 inquit,
1321 585 1365 637 si
1411 585 1537 654 quid
1594 584 1850 653 agendum
1897 583 2016 646 erit,

440 680 672 735 Eleazar
696 678 940 731 sacerdos
972 677 1204 729 consulet
1234 675 1534 728 Dominum.
1565 676 1645 728 Ad
1670 675 1874 729 verbum
1904 675 2019 744 ejus

439 771 734 841 egredietur
754 779 800 822 et
831 768 1169 838 ingredietur,
1202 775 1308 820 etc.
1341 766 1466 820 llaec
1495 766 1762 820 sententia
1809 765 2022 820 morali-

2123 489 2176 544 in
2206 488 2334 544 Iesu
2363 490 2622 558 baptizati
2648 499 2794 557 sunt,
2827 491 2879 544 in
2908 491 3110 560 Spiritu
3139 504 3318 550 saneto
3343 505 3394 550 et
3417 513 3553 567 aqua.
3574 500 3639 557 Ie-

2123 595 2218 635 sus
2264 593 2500 650 namque
2543 588 2649 644 est,
2681 581 2770 650 qui
2799 582 2991 636 transit
3016 597 3185 651 aquas
3211 583 3474 653 Iordanis;
3516 599 3564 643 et
3599 592 3642 645 iu

2124 668 2258 738 ipsis
2294 668 2691 736 quodammodo
2726 667 2838 735 jam
2879 676 3009 724 tunc
3046 670 3295 743 pOpulum
3325 673 3551 742 baptizat.
3592 678 3645 732 Et

2124 758 2238 828 ipse
2265 767 2351 812 est
2399 758 2492 827 qui
2547 767 2748 812 terram
2796 759 3155 826 hscreditatis,
3186 768 3376 816 terram
3423 774 3643 830 sanctam,

441 869 525 915 ter
571 875 671 914 nos
706 859 945 921 instruit,
975 865 1034 910 ut
1069 856 1316 925 quisquis
1357 856 1586 926 accipiat
1612 865 1936 924 potestatem
1967 855 2022 909 in
2115 851 2358 919 partitur
2389 849 2679 914 universis,
2710 866 2816 904 non
2859 851 3030 920 priori
3055 853 3288 922 populo,
3318 854 3405 908 sed
3431 859 3644 911 secundo.

440 950 640 1021 p0pulo
661 949 772 1011 Dei,
792 948 1088 1002 secundum
1118 947 1488 1017 magisterium
1518 946 1711 1000 divina:
1735 945 1888 1015 legis,
1906 960 2024 1014 quae

447 1042 499 1095 in
529 1040 828 1096 sacerdotis
877 1037 1053 1093 cilicio
1102 1037 1340 1092 maxime
1388 1037 1544 1090 nobis
1595 1037 2021 1099 commendatur,

444 1137 636 1183 cuncta
665 1137 789 1198 agat
819 1136 874 1182 et
895 1135 1091 1182 cuncta
1111 1127 1380 1195 disponat,
1405 1140 1468 1179 ac
1488 1133 1653 1179 totam
1676 1125 1843 1178 vitam
1871 1139 2024 1178 suam

443 1217 653 1286 sibique
675 1217 1088 1270 commissorum
1125 1216 1421 1270 secundum
1456 1213 1571 1281 ejus
1601 1214 1900 1268 doctrinam
1940 1229 2028 1266 or-

446 1311 596 1363 dinet
621 1318 785 1378 atque
807 1315 978 1376 regat.
1011 1305 1165 1361 Unde
1197 1318 1410 1375 quoque
1440 1320 1536 1374 per
1563 1304 1878 1358 Malacbiam
1900 1319 2030 1372 pro-

443 1402 661 1470 phetam
680 1399 905 1453 dicitur:
930 1395 1096 1449 Labia
1118 1396 1403 1449 sacerdotis
1421 1395 1720 1448 custodiunt
1735 1395 2028 1458 scientiam,

444 1503 492 1547 et
520 1493 684 1562 legem
715 1489 991 1561 exquirunt
1015 1488 1079 1542 de
1110 1504 1198 1542 ore
1232 1488 1345 1556 ejus
1365 1488 1538 1558 ,,quia
1568 1487 1783 1555 angelus
1823 1484 2032 1538 Domini

447 1583 772 1636 ea'erci:uum
794 1589 867 1633 est
898 1576 1154 1651 (Malae/1.
1179 1577 1467 1649 tt).Verum
1483 1575 1738 1645 quoniam
1762 1573 2033 1644 mysteriis

446 1680 640 1728 cuncta
668 1670 865 1726 referta
894 1677 1038 1735 sunt,
1072 1684 1180 1724 non
1230 1684 1519 1738 possumus
1545 1683 1664 1736 qua:
1709 1665 2032 1735 pretiosiora

2125 940 2282 994 Prior
2307 940 2451 995 enim
2483 941 2712 1010 populus
2740 951 2964 1011 propter
3001 945 3482 1012 praevaricationem
3521 964 3646 1003 suam

2127 1030 2324 1085 cecidit
2349 1031 2404 1084 in
2433 1031 2668 1086 deserto.
2700 1033 2775 1086 De
2807 1034 3138 1102 temporibus
3171 1033 3294 1088 Iesu
3327 1037 3525 1103 dicitur,
3549 1041 3650 1108 quia

2129 1130 2274 1177 terra
2301 1121 2509 1191 quievit
2535 1138 2565 1175 a
2595 1121 2781 1185 bellis;
2816 1123 2958 1190 quod
3000 1123 3068 1177 de
3101 1122 3265 1194 Moysi
3307 1134 3532 1195 tempore
3567 1129 3651 1182 dici

2131 1230 2236 1268 non
2266 1215 2462 1285 potuit,
2486 1215 2578 1268 sed
2603 1214 2668 1267 de
2692 1212 2818 1267 Iesu
2837 1215 2943 1268 hoc
2969 1214 3169 1268 dicitur
3192 1229 3308 1269 meo
3332 1216 3550 1280 Domino,
3565 1233 3651 1270 nou

2131 1304 2224 1358 illo
2248 1303 2415 1359 Nave.
2450 1304 2626 1373 Atque
2673 1303 2881 1357 utinam
2921 1304 3086 1358 etiam
3128 1319 3246 1358 mea
3300 1313 3436 1359 terra
3461 1317 3609 1360 cesset
3632 1324 3656 1359 ει

2132 1393 2308 1460 bellis,
2333 1404 2389 1451 et
2428 1410 2641 1450 cessare
2665 1395 2879 1463 posset!
2911 1393 2969 1448 Si
3004 1409 3134 1465 ergo
3172 1393 3295 1450 Iesu
3325 1395 3532 1464 principi
3565 1411 3658 1450 meo

2135 1489 2366 1544 ﬁdeliter
2393 1488 2707 1552 militarem,
2740 1487 2785 1541 si
2835 1487 3003 1540 etiam
3053 1501 3274 1556 paream
3322 1487 3528 1541 Domino
3567 1503 3661 1542 uico

2135 1583 2285 1646 Iesu,
2317 1595 2588 1649 nunquam
2626 1595 2754 1634 caro
2781 1594 2900 1633 mea
2937 1579 3182 1648 insurget
3224 1579 3492 1634 adversum
3536 1581 3663 1649 spiri-

2137 1683 2250 1728 tum
2282 1688 2485 1738 meum,
2516 1686 2615 1726 nec
2653 1669 3056 1739 impugnabitur
3082 1678 3227 1724 terra
3268 1685 3381 1724 mea
3410 1671 3472 1723 ab
3509 1671 3664 1724 adver-

449 1775 578 1819 sunt
606 1762 878 1829 omittere,
909 1763 1073 1818 etiam
1103 1762 1149 1815 si
1177 1762 1292 1815 haec
1319 1775 1441 1830 quae
1470 1759 1764 1815 secundum
1795 1758 2032 1812 litteram

2138 1766 2293 1821 sariis
2329 1763 2578 1832 gentibus
2623 1763 2854 1817 diversis
2895 1761 3104 1816 scilicet
3127 1762 3558 1831 concupiscentiis
3586 1761 3666 1816 Sti-

448 1854 798 1918 tuandantur,
829 1851 1134 1906 necessaria
1172 1851 1458 1905 videantur
1485 1860 1543 1906 et
1574 1848 1745 1903 utilia.
1772 1846 2034 1902 Conside-

447 1955 634 1996 remus
663 1955 794 2012 ergo
822 1955 942 2009 quae
971 1939 1041 1994 sit
1076 1938 1244 2010 Moysi
1281 1953 1449 1993 mors.
1497 1936 1650 1992 Finis
1701 1937 1821 1992 sine
1869 1934 2034 1990 dubio

447 2029 602 2102 legis.
636 2029 744 2085 Sed
770 2030 904 2100 legis
934 2029 1079 2084 illius
1097 2045 1218 2099 quae
1233 2029 1529 2084 secundum
1552 2027 1790 2080 litteram
1813 2023 2030 2080 dicitur.

451 2122 585 2192 Quis
611 2129 792 2177 autem
820 2121 942 2177 linis
971 2121 1125 2192 ejus?
1172 2121 1268 2176 Est
1295 2117 1685 2176 sacriﬁciorum
1713 2117 1919 2172 scilicet
1948 2116 2034 2170 in-

451 2216 720 2287 terruptio
749 2256 765 2282 ,
815 2225 1248 2285 cmterorumque
1307 2228 1429 2283 quae
1481 2209 1641 2266 simili
1689 2208 2035 2264 observantia

451 2311 780 2365 mandantur
805 2310 857 2365 in
888 2307 1026 2380 lege.
1060 2307 1187 2363 Hazc
1214 2323 1344 2378 ergo
1395 2307 1486 2360 ubi
1535 2305 1695 2360 ﬁnem
1741 2302 2035 2372 accipiunt,

450 2397 611 2454 Iesus
667 2399 898 2469 suscipit
943 2398 1325 2469 principatum.
1379 2395 1530 2450 Finis
1576 2394 1722 2451 enim
1773 2391 1928 2462 legis,
1970 2391 2040 2444 ad

443 2487 714 2556 justitiam
757 2490 901 2543 onmi
951 2490 1210 2543 credenti.
1265 2489 1330 2541 Et
1368 2487 1505 2542 sicut
1549 2486 1616 2541 de
1656 2484 1930 2554 prioribus
1960 2482 2044 2536 di-

451 2589 597 2634 ctum
632 2580 874 2651 est,quia
897 2597 1071 2633 omnes
1095 2581 1148 2633 in
1175 2579 1355 2650 Moyse
1377 2577 1625 2648 buptizati
1647 2583 1787 2640 sunt,
1815 2576 1871 2629 in
1912 2573 2045 2627 nube

2136 1855 2358 1910 mulata.
2390 1853 2620 1910 Oremus
2645 1866 2836 1907 omnes
2857 1859 2916 1905 ut
2941 1849 3099 1905 Iesus
3148 1858 3335 1918 regnet
3379 1865 3526 1921 super
3569 1863 3666 1911 nos,

2146 1957 2194 2006 at
2221 1956 2401 2003 cesset
2436 1954 2580 2000 terra
2615 1952 2802 1999 nostra
2845 1959 2875 1998 a
2924 1941 3100 2007 bellis,
3130 1950 3305 1997 cesset
3341 1941 3406 1994 ab
3441 1942 3669 2010 impugna-

2137 2038 2374 2094 tionibus
2401 2035 2701 2094 carnalium
2730 2033 3144 2089 desideriorum.
3171 2033 3239 2088 Et
3265 2047 3382 2088 cum
3405 2033 3499 2086 ista
3527 2045 3668 2086 cessa-

2137 2129 2339 2193 verint,
2371 2135 2499 2182 tunc
2526 2125 2894 2194 unusquisque
2920 2124 3223 2193 requiescet
3247 2123 3343 2178 sub
3370 2122 3473 2177 vite
3500 2135 3600 2184 sua,
3623 2130 3667 2174 et

2141 2219 2240 2274 sub
2271 2218 2375 2273 ﬁcu
2398 2232 2514 2282 sua,
2544 2225 2597 2271 et
2625 2217 2726 2271 sub
2756 2215 2894 2269 oliva
2925 2229 3043 2270 sua.
3080 2212 3196 2268 Sub
3241 2214 3522 2268 velamento
3552 2211 3671 2266 enim

2143 2307 2322 2362 Patris
2361 2315 2416 2362 et
2447 2305 2566 2361 Filii
2589 2313 2646 2361 et
2674 2304 2908 2376 Spiritus
2953 2304 3126 2360 sancti
3186 2303 3479 2373 requiescet
3505 2302 3670 2363 anima,

2145 2414 2265 2468 qute
2299 2413 2487 2467 pacem
2518 2399 2573 2452 in
2602 2413 2664 2453 se
2708 2398 3112 2468 recuperaverit
3153 2395 3336 2454 carnis
3383 2403 3436 2451 et
3470 2395 3672 2466 spiritus,

2148 2492 2346 2546 Amen.
3664 2481 3678 2490 ·

454 2691 3664 2730 ___________________________________________.__.____

1640 2817 1934 2899 LIBER
2007 2814 2509 2911 QUARTUS.

1849 2975 2204 2992 “*—

959 3042 1186 3100 CAPUT
1228 3042 1515 3098 PRIMUM.

458 3183 538 3238 De
565 3180 782 3252 singm'is
803 3177 1088 3252 specialius
1116 3175 1506 3252 sacriﬁciorum
1538 3193 1654 3252 quia
1682 3178 2038 3252 oﬁ‘erebautur

529 3246 752 3306 Domino
794 3246 859 3300 in
896 3248 1053 3300 variis
1103 3246 1492 3315 festivitatibus,
1541 3247 1638 3299 hoc
1691 3258 1789 3307 est,
1819 3248 2036 3301 sabbato

530 3319 913 3380 Kalendarum,
934 3316 1120 3369 mensis
1147 3316 1326 3385 primi,
1345 3326 1390 3367 et
1421 3317 1610 3369 mensis
1631 3317 2031 3386 primitivorum,

528 3401 575 3446 et
614 3389 804 3442 mensis
833 3385 1055 3456 septimi.

529 3499 679 3571 (αλιι.
713 3495 927 3566 xxviii.)
979 3495 1125 3550 Dixit
1165 3512 1367 3566 quoque
1393 3495 1647 3550 Dominus
1675 3495 1744 3549 ad
1777 3495 1991 3567 Moysen
2013 3511 2037 3552 :

460 3587 699 3658 l’ra'cipe
740 3585 866 3654 ﬁliis
912 3583 1103 3648 Israel,
1135 3594 1182 3637 et
1234 3583 1373 3638 dices
1408 3584 1477 3636 ad
1511 3600 1598 3638 eos
1645 3597 1663 3635 .'
1707 3582 2035 3640 Oblationem

456 3696 643 3740 meum,
669 3689 715 3732 et
747 3694 907 3748 panes
930 3685 975 3730 et
1003 3677 1270 3730 incensum
1301 3676 1478 3729 odoris
1517 3677 1834 3742 suavissimi,
1856 3679 2037 3747 offerte

459 3787 551 3840 per
575 3779 810 3837 tempora
840 3784 959 3819 sua.
999 3764 1130 3819 Ilcrc
1159 3775 1278 3819 sunt
1310 3766 1572 3834 sacriﬁcia
1596 3782 1713 3836 qua:
1735 3769 1924 3836 offerre
1948 3768 2040 3823 de-

458 3860 610 3912 betis.
656 3857 830 3926 Agnos
863 3855 1137 3908 anniculos
1167 3855 1534 3908 immaculatos
1559 3857 1690 3910 duos
1724 3857 1954 3927 quotidie
1982 3860 2038 3912 in

459 3945 822 3999 holocaustum
851 3943 1241 4012 sempiternum.
1285 3943 1457 3996 Unum
1505 3946 1730 4013 o/I‘eretis
1777 3963 1961 4014 mane,
1989 3957 2037 4001 et

463 4034 689 4087 alterunt
719 4031 786 4084 ad
818 4047 1103 4101 vesperum.
1129 4031 1397 4084 Decimam
1440 4044 1641 4101 partem
1682 4034 1799 4104 cpiti
1828 4035 2034 4101 similcr,

459 4143 579 4198 qua:
606 4140 882 4194 conspersa
907 4123 972 4176 sit
1007 4121 1118 4175 oleo
1148 4121 1461 4192 purissimo,
1489 4133 1537 4177 et
1576 4124 1762 4178 habeat
1796 4137 2040 4196 quartam

456 4226 660 4286 partem
693 4214 804 4267 Itin.
837 4211 1217 4266 IIolocaustum
1237 4211 1366 4281 juge
1399 4222 1472 4266 est
1503 4213 1642 4284 quod
1691 4214 1947 4269 oblulistis
1985 4217 2038 4270 in

456 4317 630 4360 monte
660 4303 831 4370 Sinai,
861 4305 914 4357 in
945 4303 1156 4356 odorem
1183 4303 1547 4358 suavissimum
1585 4303 1781 4358 incensi
1804 4305 2035 4370 Domini,

2138 3037 2207 3090 ad
2242 3034 2610 3104 ScenOpegi:e,
2645 3032 2907 3102 aliasque,
2933 3033 3000 3087 de
3029 3033 3234 3103 quibus
3261 3032 3580 3103 prtecipitur;
3599 3029 3677 3085 sed

2065 3144 2109 3207 ρ
2141 3125 2281 3178 banc
2313 3124 2542 3193 primam
2572 3121 2781 3191 posuit,
2811 3120 2863 3174 in
2901 3137 3005 3190 qua
3049 3122 3381 3198 sacriﬁcium
3418 3122 3678 3177 iudesiuens

2137 3211 2362 3281 jubetur
2400 3209 2602 3274 offerri,
2637 3225 2744 3280 quo
2787 3209 2995 3264 scilicet
3033 3219 3297 3281 agnoscat
3333 3210 3562 3281 quisquis
3593 3205 3681 3260 vult

2143 3319 2264 3358 esse
2290 3302 2561 3372 perfectus
2589 3310 2645 3356 et
2672 3309 2915 3368 sanctus,
2943 3302 3086 3370 quod
3128 3317 3242 3356 non
3285 3301 3554 3372 aliquando
3593 3295 3682 3368 qni-

2146 3397 2269 3452 dem
2293 3396 2498 3467 agenda
2525 3403 2609 3449 est
2629 3393 2758 3458 Deo,
2784 3394 3074 3463 aliquando
3093 3409 3204 3448 non
3227 3395 3425 3466 agenda
3443 3390 3681 3451 festivitas,

2143 3487 2238 3542 sed
2269 3501 2482 3554 semper
2510 3493 2565 3539 et
2596 3485 2962 3539 indesinenter
2978 3483 3163 3553 justus
3202 3499 3359 3556 agere
3389 3485 3534 3539 debet
3568 3480 3680 3534 diem

2144 3575 2358 3631 festum.
2395 3572 2734 3628 Sacriﬁcium
2767 3586 3000 3641 namque
3022 3571 3168 3640 quod
3201 3573 3549 3628 indesinenter
3566 3577 3612 3624 et
3639 3566 3680 3619 in

2146 3665 2431 3721 matutinis
2461 3673 2515 3718 et
2565 3663 2617 3717 in
2665 3663 2994 3732 vespertinis
3045 3665 3340 3718 mandatur
3385 3661 3570 3724 oﬂerri,
3603 3660 3688 3712 hoc

2144 3758 2371 3824 indicat,
2405 3766 2464 3812 ut
2491 3757 2544 3811 in
2578 3755 2695 3826 lege
2727 3769 2791 3809 ac
2819 3753 3117 3824 prophetis,
3132 3756 3229 3823 qui
3261 3741 3566 3809 matutinum
3583 3759 3687 3804 teut-

2140 3865 2242 3920 pus
2263 3848 2576 3913 ostendunt,
2598 3855 2652 3900 et
2673 3847 2726 3901 in
2756 3845 3068 3917 evangelica
3090 3846 3342 3901 doctrina
3368 3859 3481 3916 qua:
3507 3854 3683 3910 vesper-

2142 3941 2336 4005 tinum,
2359 3938 2412 3994 id
2440 3948 2545 4003 est,
2581 3940 2633 3993 in
2663 3952 2886 4006 vespera
2917 3937 3099 3991 mundi
3147 3937 3448 3992 Salvatoris
3491 3929 3683 3989 ostendit

2145 4030 2433 4083 adventum
2461 4070 2474 4094 ,
2531 4027 2854 4082 indesinenti
2902 4027 3205 4083 intentione
3251 4029 3567 4100 persisteret.
3601 4021 3683 4075 llas

2145 4132 2277 4188 ergo
2299 4117 2433 4171 tales
2460 4115 2780 4171 festivitates
2803 4116 3063 4170 Dominus
3091 4117 3231 4173 dicit
3257 4136 3271 4174 τ
3295 4119 3364 4173 Et
3392 4111 3681 4172 observabitis

2143 4208 2254 4262 dies
2307 4207 2465 4276 festos
2519 4223 2680 4260 meos.
2721 4207 2847 4262 Dies
2895 4222 3025 4278 ergo
3078 4206 3252 4264 festus
3301 4208 3506 4265 Domini
3540 4201 3682 4266 est,si

2144 4299 2194 4355 ei
2223 4296 2548 4354 sacriﬁcium
2599 4295 2968 4351 indesinenter
2994 4295 3320 4363 olferamus,
3345 4299 3390 4354 si
3417 4298 3525 4351 sine
3549 4295 3681 4348 inter-

457 4392 690 4464 singulos
741 4409 902 4462 agnos
958 4392 1012 4444 in
1057 4392 1360 4444 sanctuario
1401 4391 1631 4448 Domino
1656 4412 1674 4458 ;
1713 4393 2037 4466 alterumque
2064 4389 2116 4448 D
2145 4392 2402 4446 missione
2429 4405 2667 4454 oremus,
2697 4389 2772 4442 ita
2799 4395 2859 4442 ut
2885 4390 3146 4444 ascendat
3172 4392 3350 4446 oratio
3379 4398 3548 4445 nostra
3573 4385 3685 4439 sicut

461 4502 657 4554 agnum
704 4485 945 4539 similiter
992 4485 1218 4554 o/feretis
1276 4484 1345 4537 ad
1385 4502 1687 4555 vesperam,
1720 4487 1880 4556 juxta
1928 4505 2038 4541 om-

461 4591 578 4628 nem
629 4576 784 4627 ritum
826 4573 1075 4643 sacriﬁcii
1116 4574 1360 4626 matutini
1387 4584 1436 4628 et
1473 4575 1872 4646 libamentorum
1902 4578 2035 4646 ejus,

461 4662 772 4716 oblationem
835 4663 1131 4717 suavissimi
1196 4662 1374 4716 odoris
1428 4641 1659 4716 Domini.
1717 4663 1850 4731 Quia
1911 4680 2040 4735 ergo

465 4752 722 4803 festorum
789 4751 932 4821 leges
995 4751 1257 4805 habemus
1321 4750 1374 4803 in
1437 4753 1720 4813 manibus,
1786 4760 1843 4806 et
1917 4753 2042 4808 inde

461 4833 606 4892 nunc
675 4855 853 4894 sermo
908 4849 1010 4906 est,
1072 4842 1411 4911 requiramus
1470 4842 1774 4911 diligentius
1831 4845 1920 4913 qui
1971 4846 2043 4899 sit

463 4929 597 4982 ordo
621 4925 994 4995 festivitatum,
1029 4939 1089 4985 ut
1120 4945 1183 4985 ex
1237 4932 1369 4999 ipsis
1404 4932 1684 4986 ordinibus
1731 4941 1788 4987 et
1834 4934 2044 4988 sacriﬁ-

464 5021 670 5075 ciorum
700 5022 806 5075 ritu
830 5021 1084 5092 colligere
1111 5023 1400 5090 possimus,
1420 5023 1652 5092 qualiter
1674 5027 2041 5095 unusquisque

462 5125 530 5164 es
570 5109 682 5165 suis
710 5110 919 5166 actibus
941 5118 996 5164 et
1023 5112 1526 5166 conversationibus
1555 5113 1778 5180 sanctis,
1808 5115 1917 5169 Deo
1959 5115 2040 5170 fe-

465 5202 758 5258 stivitatem
797 5201 972 5271 possit
1018 5216 1232 5271 parare.
1273 5201 1454 5256 Prima
1507 5217 1636 5272 ergo
1664 5213 1749 5259 est
1778 5203 2042 5261 festivitas

467 5293 582 5356 Dei,
606 5309 725 5364 qua:
756 5292 1055 5364 appellatur
1085 5293 1414 5348 indesiueus.
1443 5293 1519 5347 De
1545 5294 1632 5349 liis
1663 5296 1803 5349 enim
1828 5296 2045 5349 manda-

469 5394 575 5449 tur,
603 5399 721 5454 quze
747 5383 1114 5438 indesinenter
1137 5393 1191 5438 et
1234 5385 1351 5439 sine
1392 5384 1496 5438 ulla
1547 5400 1770 5456 prorsus
1818 5387 2048 5441 interru-

466 5474 650 5541 ptione
688 5474 967 5528 matutinis
995 5483 1050 5528 et
1073 5475 1396 5545 vespertinis
1421 5475 1700 5531 sacriﬁciis
1722 5475 2043 5531 oll‘eruntur.

470 5561 517 5616 Μ
558 5566 727 5619 iulans
753 5566 914 5637 igitur
938 5563 1309 5629 festivitatem,
1337 5582 1443 5620 non
1460 5553 1655 5637 'primo
1685 5570 1866 5624 statim
1897 5572 2044 5626 venit

471 5656 537 5707 "aJ
565 5655 907 5713 festivitatem
943 5657 1184 5725 Pasehce,
1203 5674 1376 5727 neque
1403 5659 1470 5713 ad
1496 5659 1846 5729 Azymorum,
1871 5676 2044 5730 neque

2145 4486 2198 4540 in
2230 4492 2524 4554 conspectu
2548 4483 2665 4553 ejus
2695 4497 2873 4547 mane,
2898 4489 2954 4538 et
2975 4482 3210 4539 elevatio
3231 4496 3484 4539 manuum
3515 4483 3685 4532 nostra-

2144 4593 2261 4630 rum
2293 4575 2389 4629 ﬁat
2409 4575 2460 4629 ei
2483 4572 2804 4628 sacriﬁcium
2827 4574 3215 4644 vespertinum.
3249 4573 3348 4632 Est
3373 4575 3526 4646 igitur
3545 4569 3686 4641 prima

2141 4666 2456 4721 solemnitas
2495 4663 2640 4734 jugis
2690 4663 2942 4720 sacriﬁcii
2984 4664 3364 4729 indesinentis,
3400 4679 3512 4734 qua:
3538 4677 3562 4714 a
3601 4653 3686 4711 cul—

2143 4757 2350 4810 toribus
2377 4754 2650 4825 Evangelii
2680 4768 2744 4808 eo
2772 4754 2962 4818 modo,
2989 4771 3096 4824 quo
3141 4771 3308 4825 supra
3359 4751 3682 4824 exposuimus,

2143 4848 2304 4902 debet
2328 4847 2554 4916 expleri.
2590 4845 2695 4901 Sed
2728 4847 2981 4915 quoniam
3005 4849 3148 4903 sicut
3171 4848 3516 4919 pr0pheticus
3541 4850 3686 4896 sermo

2143 4936 2438 5005 perdocuit,
2490 4937 2606 4991 dies
2656 4935 2777 4991 festi
2825 4947 3172 5006 peccatorum
3233 4946 3604 4994 convertuntur
3645 4929 3687 4984 in

2144 5025 2367 5090 luctum,
2392 5033 2446 5079 et
2471 5026 2684 5080 cantica
2729 5042 2916 5083 eorum
2967 5030 3017 5083 in
3064 5029 3364 5099 planctum,
3392 5036 3584 5083 certum
3623 5024 3688 5073 est
3759 5067 3766 5076 .

2144 5117 2269 5186 quia
2299 5117 2391 5186 qui
2426 5127 2617 5186 peccat
2652 5126 2706 5173 et
2753 5121 2865 5190 agit
2890 5120 3004 5175 dies
3035 5123 3268 5190 peccati,
3298 5135 3458 5191 agere
3485 5113 3580 5172 nou
3609 5125 3687 5180 po-

2145 5215 2250 5261 test
2275 5207 2413 5261 diem
2445 5206 2675 5274 festum;
2706 5215 2763 5265 et
2784 5209 2903 5264 ideo
2930 5210 3035 5266 illis
3063 5211 3255 5266 diebus
3283 5212 3479 5280 quibus
3508 5211 3686 5277 peccat.

2144 5295 2339 5354 oﬁ'erre
2366 5315 2472 5356 non
2497 5307 2677 5370 potest
2721 5302 3047 5357 sacriﬁcium
3100 5303 3207 5357 Deo
3255 5302 3577 5363 indesinens,
3612 5289 3688 5349 sed

2147 5389 2234 5444 ille
2253 5387 2445 5446 oll‘erre
2468 5400 2664 5460 potest,
2683 5393 2775 5462 qui
2793 5393 3158 5448 indesinenter
3178 5394 3419 5449 custodit
3439 5389 3688 5460 justitiam.

2146 5490 2201 5534 et
2226 5489 2515 5535 conservat
2542 5483 2889 5552 semetipsum
2933 5498 2963 5536 a
3005 5491 3247 5553 peccato.
3282 5482 3398 5549 Qua
3429 5482 3511 5536 die
3539 5485 3688 5531 autem

2150 5574 2496 5644 interrumpit
2529 5584 2584 5629 et
2628 5575 2962 5642 peccaverit,
2991 5586 3192 5629 certum
3234 5585 3340 5639 est,
3374 5573 3512 5643 quod
3543 5571 3588 5623 in
3620 5563 3692 5618 illa

2149 5663 2235 5718 die
2263 5679 2367 5718 non
2398 5664 2555 5719 oﬁert
2584 5665 2909 5720 sacriﬁcium
2938 5666 3248 5722 indesinens
3279 5667 3411 5722 Deo.
3457 5657 3596 5730 Quod
3619 5667 3693 5709 au-
