  <div class='ocr_page' id='page_1' title='image "/cluster/home/n/w/nwhite01/storage/ocr_20150623/108/hvd.32044054759733/396.png"; bbox 0 0 3932 6188; ppageno 0'>
   <div class='ocr_carea' id='block_1_1' title="bbox 305 317 406 372">
    <p class='ocr_par' dir='ltr' id='par_1_1' title="bbox 305 317 406 372">
     <span class='ocr_line' id='line_1_1' title="bbox 305 317 406 372; baseline 0 0"><span class='ocrx_word' id='word_1_1' title='bbox 305 317 406 372; x_wconf 79' lang='lat'><strong>781</strong></span> 
     </span>
    </p>
   </div>
   <div class='ocr_carea' id='block_1_2' title="bbox 1017 306 2848 367">
    <p class='ocr_par' dir='ltr' id='par_1_2' title="bbox 1017 306 2848 367">
     <span class='ocr_line' id='line_1_2' title="bbox 1017 306 2848 367; baseline -0.001 -1"><span class='ocrx_word' id='word_1_2' title='bbox 1017 309 1548 366; x_wconf 77' lang='lat' dir='ltr'><strong>ENARRATIONES</strong></span> <span class='ocrx_word' id='word_1_3' title='bbox 1581 310 1651 365; x_wconf 82' lang='lat' dir='ltr'><strong>IN</strong></span> <span class='ocrx_word' id='word_1_4' title='bbox 1691 306 1950 366; x_wconf 81' lang='lat' dir='ltr'><strong>LIBRUM</strong></span> <span class='ocrx_word' id='word_1_5' title='bbox 1987 307 2450 365; x_wconf 78' lang='lat' dir='ltr'><strong>NUMERORUM.</strong></span> <span class='ocrx_word' id='word_1_6' title='bbox 2488 339 2558 351; x_wconf 88' lang='lat'><strong>—-</strong></span> <span class='ocrx_word' id='word_1_7' title='bbox 2594 310 2718 366; x_wconf 85' lang='lat' dir='ltr'><strong>LIB.</strong></span> <span class='ocrx_word' id='word_1_8' title='bbox 2762 311 2848 367; x_wconf 77' lang='lat' dir='ltr'><strong>iV.</strong></span> 
     </span>
    </p>
   </div>
   <div class='ocr_carea' id='block_1_3' title="bbox 3459 315 3562 369">
    <p class='ocr_par' dir='ltr' id='par_1_3' title="bbox 3459 315 3562 369">
     <span class='ocr_line' id='line_1_3' title="bbox 3459 315 3562 369; baseline 0.029 -3"><span class='ocrx_word' id='word_1_9' title='bbox 3459 315 3562 369; x_wconf 67' lang='lat'><strong>78?.</strong></span> 
     </span>
    </p>
   </div>
   <div class='ocr_carea' id='block_1_4' title="bbox 302 418 3563 495">
    <p class='ocr_par' dir='ltr' id='par_1_4' title="bbox 302 418 3563 495">
     <span class='ocr_line' id='line_1_4' title="bbox 302 418 3563 495; baseline -0.001 -12"><span class='ocrx_word' id='word_1_10' title='bbox 302 439 420 484; x_wconf 79' lang='lat' dir='ltr'><strong>tem</strong></span> <span class='ocrx_word' id='word_1_11' title='bbox 449 428 586 480; x_wconf 90' lang='lat' dir='ltr'><strong>duos</strong></span> <span class='ocrx_word' id='word_1_12' title='bbox 613 437 781 495; x_wconf 85' lang='lat' dir='ltr'><strong>agnos</strong></span> <span class='ocrx_word' id='word_1_13' title='bbox 809 423 1186 479; x_wconf 87' lang='lat' dir='ltr'><strong>immaculatos</strong></span> <span class='ocrx_word' id='word_1_14' title='bbox 1231 423 1384 493; x_wconf 85' lang='lat' dir='ltr'><strong>jubet</strong></span> <span class='ocrx_word' id='word_1_15' title='bbox 1424 423 1662 492; x_wconf 89' lang='lat' dir='ltr'><strong>quotidie</strong></span> <span class='ocrx_word' id='word_1_16' title='bbox 1702 418 1886 479; x_wconf 73' lang='lat' dir='ltr'><strong>oll&#39;crri</strong></span> <span class='ocrx_word' id='word_1_17' title='bbox 1914 419 1968 480; x_wconf 74' lang='grc' dir='ltr'><strong>Α</strong></span> <span class='ocrx_word' id='word_1_18' title='bbox 1993 418 2234 486; x_wconf 87' lang='lat' dir='ltr'><strong>sabbata,</strong></span> <span class='ocrx_word' id='word_1_19' title='bbox 2262 421 2403 476; x_wconf 90' lang='lat' dir='ltr'><strong>ultra</strong></span> <span class='ocrx_word' id='word_1_20' title='bbox 2425 422 2570 482; x_wconf 87' lang='lat' dir='ltr'><strong>hunc</strong></span> <span class='ocrx_word' id='word_1_21' title='bbox 2590 424 2848 480; x_wconf 90' lang='lat' dir='ltr'><strong>mundum</strong></span> <span class='ocrx_word' id='word_1_22' title='bbox 2880 433 2962 479; x_wconf 87' lang='lat' dir='ltr'><strong>est</strong></span> <span class='ocrx_word' id='word_1_23' title='bbox 2983 438 3107 479; x_wconf 89' lang='lat' dir='ltr'><strong>vera</strong></span> <span class='ocrx_word' id='word_1_24' title='bbox 3139 425 3348 481; x_wconf 87' lang='lat' dir='ltr'><strong>sabbati</strong></span> <span class='ocrx_word' id='word_1_25' title='bbox 3377 427 3563 482; x_wconf 83' lang='lat' dir='ltr'><strong>obser-</strong></span> 
     </span>
    </p>
   </div>
   <div class='ocr_carea' id='block_1_5' title="bbox 308 510 1889 583">
    <p class='ocr_par' dir='ltr' id='par_1_5' title="bbox 308 510 1889 583">
     <span class='ocr_line' id='line_1_5' title="bbox 308 510 1889 583; baseline -0.003 -13"><span class='ocrx_word' id='word_1_26' title='bbox 308 517 364 571; x_wconf 88' lang='lat' dir='ltr'><strong>in</strong></span> <span class='ocrx_word' id='word_1_27' title='bbox 388 516 786 577; x_wconf 88' lang='lat' dir='ltr'><strong>holocaustum,</strong></span> <span class='ocrx_word' id='word_1_28' title='bbox 812 528 978 568; x_wconf 89' lang='lat' dir='ltr'><strong>unum</strong></span> <span class='ocrx_word' id='word_1_29' title='bbox 1016 529 1174 570; x_wconf 89' lang='lat' dir='ltr'><strong>mane</strong></span> <span class='ocrx_word' id='word_1_30' title='bbox 1205 522 1259 568; x_wconf 88' lang='lat' dir='ltr'><strong>et</strong></span> <span class='ocrx_word' id='word_1_31' title='bbox 1283 513 1512 568; x_wconf 89' lang='lat' dir='ltr'><strong>alterum</strong></span> <span class='ocrx_word' id='word_1_32' title='bbox 1539 527 1784 583; x_wconf 79' lang='lat' dir='ltr'><strong>vespere,</strong></span> <span class='ocrx_word' id='word_1_33' title='bbox 1813 510 1889 566; x_wconf 91' lang='lat' dir='ltr'><strong>si-</strong></span> 
     </span>
    </p>
   </div>
   <div class='ocr_carea' id='block_1_6' title="bbox 305 603 1892 676">
    <p class='ocr_par' dir='ltr' id='par_1_6' title="bbox 305 603 1892 676">
     <span class='ocr_line' id='line_1_6' title="bbox 305 603 1892 676; baseline -0.003 -17"><span class='ocrx_word' id='word_1_34' title='bbox 305 605 532 676; x_wconf 89' lang='lat' dir='ltr'><strong>gniﬁcat</strong></span> <span class='ocrx_word' id='word_1_35' title='bbox 558 604 698 673; x_wconf 88' lang='lat' dir='ltr'><strong>quod</strong></span> <span class='ocrx_word' id='word_1_36' title='bbox 722 603 1087 658; x_wconf 75' lang='lat' dir='ltr'><strong>innocentiam</strong></span> <span class='ocrx_word' id='word_1_37' title='bbox 1109 604 1287 673; x_wconf 88' lang='lat' dir='ltr'><strong>operis</strong></span> <span class='ocrx_word' id='word_1_38' title='bbox 1310 618 1415 658; x_wconf 92' lang='lat' dir='ltr'><strong>non</strong></span> <span class='ocrx_word' id='word_1_39' title='bbox 1440 603 1634 667; x_wconf 92' lang='lat' dir='ltr'><strong>solum,</strong></span> <span class='ocrx_word' id='word_1_40' title='bbox 1660 603 1754 659; x_wconf 91' lang='lat' dir='ltr'><strong>sed</strong></span> <span class='ocrx_word' id='word_1_41' title='bbox 1774 616 1892 656; x_wconf 87' lang='lat' dir='ltr'><strong>oor-</strong></span> 
     </span>
    </p>
   </div>
   <div class='ocr_carea' id='block_1_7' title="bbox 305 693 1890 764">
    <p class='ocr_par' dir='ltr' id='par_1_7' title="bbox 305 693 1890 764">
     <span class='ocr_line' id='line_1_7' title="bbox 305 693 1890 764; baseline -0.003 -14"><span class='ocrx_word' id='word_1_42' title='bbox 305 695 396 750; x_wconf 89' lang='lat' dir='ltr'><strong>dis</strong></span> <span class='ocrx_word' id='word_1_43' title='bbox 419 704 527 751; x_wconf 89' lang='lat' dir='ltr'><strong>tam</strong></span> <span class='ocrx_word' id='word_1_44' title='bbox 558 695 613 750; x_wconf 88' lang='lat' dir='ltr'><strong>in</strong></span> <span class='ocrx_word' id='word_1_45' title='bbox 636 694 793 752; x_wconf 86' lang='lat' dir='ltr'><strong>initio</strong></span> <span class='ocrx_word' id='word_1_46' title='bbox 817 693 1246 748; x_wconf 68' lang='lat' dir='ltr'><strong>conversationis</strong></span> <span class='ocrx_word' id='word_1_47' title='bbox 1273 701 1504 758; x_wconf 71' lang='lat' dir='ltr'><strong>nostrae,</strong></span> <span class='ocrx_word' id='word_1_48' title='bbox 1534 709 1696 764; x_wconf 86' lang='lat' dir='ltr'><strong>quam</strong></span> <span class='ocrx_word' id='word_1_49' title='bbox 1726 693 1890 747; x_wconf 88' lang='lat' dir='ltr'><strong>etiam</strong></span> 
     </span>
    </p>
   </div>
   <div class='ocr_carea' id='block_1_8' title="bbox 299 780 1893 852">
    <p class='ocr_par' dir='ltr' id='par_1_8' title="bbox 299 780 1893 852">
     <span class='ocr_line' id='line_1_8' title="bbox 299 780 1893 852; baseline 0 -14"><span class='ocrx_word' id='word_1_50' title='bbox 299 785 367 838; x_wconf 78' lang='lat' dir='ltr'><strong>in</strong></span> <span class='ocrx_word' id='word_1_51' title='bbox 397 784 504 838; x_wconf 90' lang='lat' dir='ltr'><strong>ﬁne</strong></span> <span class='ocrx_word' id='word_1_52' title='bbox 528 784 636 838; x_wconf 89' lang='lat' dir='ltr'><strong>Deo</strong></span> <span class='ocrx_word' id='word_1_53' title='bbox 657 797 754 851; x_wconf 90' lang='lat' dir='ltr'><strong>per</strong></span> <span class='ocrx_word' id='word_1_54' title='bbox 779 783 958 852; x_wconf 84' lang='lat' dir='ltr'><strong>ignem</strong></span> <span class='ocrx_word' id='word_1_55' title='bbox 988 783 1270 837; x_wconf 88' lang='lat' dir='ltr'><strong>charitatis</strong></span> <span class='ocrx_word' id='word_1_56' title='bbox 1289 790 1450 852; x_wconf 88' lang='lat' dir='ltr'><strong>atque</strong></span> <span class='ocrx_word' id='word_1_57' title='bbox 1476 782 1743 838; x_wconf 73' lang='lat' dir='ltr'><strong>fervorem</strong></span> <span class='ocrx_word' id='word_1_58' title='bbox 1773 780 1893 850; x_wconf 87' lang='lat' dir='ltr'><strong>Spi-</strong></span> 
     </span>
    </p>
   </div>
   <div class='ocr_carea' id='block_1_9' title="bbox 301 870 1891 942">
    <p class='ocr_par' dir='ltr' id='par_1_9' title="bbox 301 870 1891 942">
     <span class='ocr_line' id='line_1_9' title="bbox 301 870 1891 942; baseline -0.002 -14"><span class='ocrx_word' id='word_1_59' title='bbox 301 873 456 934; x_wconf 72' lang='lat' dir='ltr'><strong>ritus</strong></span> <span class='ocrx_word' id='word_1_60' title='bbox 469 872 641 928; x_wconf 90' lang='lat' dir='ltr'><strong>sancti</strong></span> <span class='ocrx_word' id='word_1_61' title='bbox 657 871 911 926; x_wconf 82' lang='lat' dir='ltr'><strong>exhibere</strong></span> <span class='ocrx_word' id='word_1_62' title='bbox 929 870 1188 926; x_wconf 86' lang='lat' dir='ltr'><strong>debemus</strong></span> <span class='ocrx_word' id='word_1_63' title='bbox 1208 889 1220 924; x_wconf 89' lang='lat'><strong>:</strong></span> <span class='ocrx_word' id='word_1_64' title='bbox 1241 871 1364 941; x_wconf 90' lang='lat' dir='ltr'><strong>quia</strong></span> <span class='ocrx_word' id='word_1_65' title='bbox 1377 873 1469 942; x_wconf 90' lang='lat' dir='ltr'><strong>qui</strong></span> <span class='ocrx_word' id='word_1_66' title='bbox 1486 870 1891 940; x_wconf 87' lang='lat' dir='ltr'><strong>perseveraverit</strong></span> 
     </span>
    </p>
   </div>
   <div class='ocr_carea' id='block_1_10' title="bbox 303 963 1895 1039">
    <p class='ocr_par' dir='ltr' id='par_1_10' title="bbox 303 963 1895 1039">
     <span class='ocr_line' id='line_1_10' title="bbox 303 963 1895 1039; baseline -0.005 -13"><span class='ocrx_word' id='word_1_67' title='bbox 303 983 477 1038; x_wconf 67' lang='lat' dir='ltr'><strong>usque</strong></span> <span class='ocrx_word' id='word_1_68' title='bbox 499 967 552 1021; x_wconf 83' lang='lat' dir='ltr'><strong>in</strong></span> <span class='ocrx_word' id='word_1_69' title='bbox 575 967 751 1035; x_wconf 81' lang='lat' dir='ltr'><strong>ﬁnem,</strong></span> <span class='ocrx_word' id='word_1_70' title='bbox 768 967 852 1019; x_wconf 85' lang='lat' dir='ltr'><strong>hic</strong></span> <span class='ocrx_word' id='word_1_71' title='bbox 874 966 1049 1022; x_wconf 86' lang='lat' dir='ltr'><strong>salvus</strong></span> <span class='ocrx_word' id='word_1_72' title='bbox 1069 969 1165 1023; x_wconf 88' lang='lat' dir='ltr'><strong>erit</strong></span> <span class='ocrx_word' id='word_1_73' title='bbox 1192 967 1406 1039; x_wconf 77' lang='lat' dir='ltr'><strong>(Matth.</strong></span> <span class='ocrx_word' id='word_1_74' title='bbox 1422 963 1592 1038; x_wconf 76' lang='lat' dir='ltr'><strong>xxrv).</strong></span> <span class='ocrx_word' id='word_1_75' title='bbox 1615 964 1895 1034; x_wconf 82' lang='lat' dir='ltr'><strong>Simulque</strong></span> 
     </span>
    </p>
   </div>
   <div class='ocr_carea' id='block_1_11' title="bbox 299 1056 1892 1126">
    <p class='ocr_par' dir='ltr' id='par_1_11' title="bbox 299 1056 1892 1126">
     <span class='ocr_line' id='line_1_11' title="bbox 299 1056 1892 1126; baseline -0.001 -13"><span class='ocrx_word' id='word_1_76' title='bbox 299 1057 522 1113; x_wconf 86' lang='lat' dir='ltr'><strong>decima</strong></span> <span class='ocrx_word' id='word_1_77' title='bbox 561 1070 690 1124; x_wconf 88' lang='lat' dir='ltr'><strong>pars</strong></span> <span class='ocrx_word' id='word_1_78' title='bbox 728 1056 852 1125; x_wconf 88' lang='lat' dir='ltr'><strong>ephi</strong></span> <span class='ocrx_word' id='word_1_79' title='bbox 891 1057 1082 1112; x_wconf 72' lang='lat' dir='ltr'><strong>simila:</strong></span> <span class='ocrx_word' id='word_1_80' title='bbox 1130 1072 1420 1126; x_wconf 83' lang='lat' dir='ltr'><strong>conspersa</strong></span> <span class='ocrx_word' id='word_1_81' title='bbox 1455 1056 1574 1112; x_wconf 90' lang='lat' dir='ltr'><strong>oleo</strong></span> <span class='ocrx_word' id='word_1_82' title='bbox 1603 1056 1892 1126; x_wconf 91' lang='lat' dir='ltr'><strong>purissimo</strong></span> 
     </span>
    </p>
   </div>
   <div class='ocr_carea' id='block_1_12' title="bbox 307 1144 1894 1220">
    <p class='ocr_par' dir='ltr' id='par_1_12' title="bbox 307 1144 1894 1220">
     <span class='ocr_line' id='line_1_12' title="bbox 307 1144 1894 1220; baseline 0 -20"><span class='ocrx_word' id='word_1_83' title='bbox 307 1161 436 1200; x_wconf 90' lang='lat' dir='ltr'><strong>cum</strong></span> <span class='ocrx_word' id='word_1_84' title='bbox 465 1146 587 1216; x_wconf 87' lang='lat' dir='ltr'><strong>agni</strong></span> <span class='ocrx_word' id='word_1_85' title='bbox 615 1145 884 1202; x_wconf 86' lang='lat' dir='ltr'><strong>oblatione</strong></span> <span class='ocrx_word' id='word_1_86' title='bbox 906 1144 1089 1203; x_wconf 80' lang='lat' dir='ltr'><strong>offerri</strong></span> <span class='ocrx_word' id='word_1_87' title='bbox 1114 1146 1446 1220; x_wconf 65' lang='lat' dir='ltr'><strong>praecipitur,</strong></span> <span class='ocrx_word' id='word_1_88' title='bbox 1471 1152 1525 1200; x_wconf 91' lang='lat' dir='ltr'><strong>et</strong></span> <span class='ocrx_word' id='word_1_89' title='bbox 1555 1145 1608 1200; x_wconf 90' lang='lat' dir='ltr'><strong>in</strong></span> <span class='ocrx_word' id='word_1_90' title='bbox 1637 1144 1894 1200; x_wconf 83' lang='lat' dir='ltr'><strong>libamine</strong></span> 
     </span>
    </p>
   </div>
   <div class='ocr_carea' id='block_1_13' title="bbox 309 1237 1894 1308">
    <p class='ocr_par' dir='ltr' id='par_1_13' title="bbox 309 1237 1894 1308">
     <span class='ocr_line' id='line_1_13' title="bbox 309 1237 1894 1308; baseline 0.001 -19"><span class='ocrx_word' id='word_1_91' title='bbox 309 1237 423 1290; x_wconf 84' lang='lat' dir='ltr'><strong>vini</strong></span> <span class='ocrx_word' id='word_1_92' title='bbox 465 1244 656 1306; x_wconf 89' lang='lat' dir='ltr'><strong>quarta</strong></span> <span class='ocrx_word' id='word_1_93' title='bbox 683 1252 811 1307; x_wconf 88' lang='lat' dir='ltr'><strong>pars</strong></span> <span class='ocrx_word' id='word_1_94' title='bbox 845 1252 1116 1292; x_wconf 67' lang='lat' dir='ltr'><strong>mensurae</strong></span> <span class='ocrx_word' id='word_1_95' title='bbox 1141 1238 1256 1302; x_wconf 89' lang='lat' dir='ltr'><strong>hin,</strong></span> <span class='ocrx_word' id='word_1_96' title='bbox 1280 1239 1408 1308; x_wconf 87' lang='lat' dir='ltr'><strong>quia</strong></span> <span class='ocrx_word' id='word_1_97' title='bbox 1441 1238 1556 1306; x_wconf 89' lang='lat' dir='ltr'><strong>ipsa</strong></span> <span class='ocrx_word' id='word_1_98' title='bbox 1583 1237 1894 1292; x_wconf 71' lang='lat' dir='ltr'><strong>innocentia</strong></span> 
     </span>
    </p>
   </div>
   <div class='ocr_carea' id='block_1_14' title="bbox 306 1328 1893 1399">
    <p class='ocr_par' dir='ltr' id='par_1_14' title="bbox 306 1328 1893 1399">
     <span class='ocr_line' id='line_1_14' title="bbox 306 1328 1893 1399; baseline 0.002 -18"><span class='ocrx_word' id='word_1_99' title='bbox 306 1337 446 1382; x_wconf 81' lang='lat' dir='ltr'><strong>tunc</strong></span> <span class='ocrx_word' id='word_1_100' title='bbox 490 1336 644 1399; x_wconf 89' lang='lat' dir='ltr'><strong>grata</strong></span> <span class='ocrx_word' id='word_1_101' title='bbox 697 1336 752 1385; x_wconf 89' lang='lat' dir='ltr'><strong>et</strong></span> <span class='ocrx_word' id='word_1_102' title='bbox 795 1328 1145 1398; x_wconf 87' lang='lat' dir='ltr'><strong>acceptabilis</strong></span> <span class='ocrx_word' id='word_1_103' title='bbox 1189 1328 1295 1386; x_wconf 86' lang='lat' dir='ltr'><strong>erit</strong></span> <span class='ocrx_word' id='word_1_104' title='bbox 1338 1328 1469 1394; x_wconf 84' lang='lat' dir='ltr'><strong>Deo,</strong></span> <span class='ocrx_word' id='word_1_105' title='bbox 1502 1329 1548 1384; x_wconf 90' lang='lat' dir='ltr'><strong>si</strong></span> <span class='ocrx_word' id='word_1_106' title='bbox 1599 1329 1893 1384; x_wconf 87' lang='lat' dir='ltr'><strong>secundum</strong></span> 
     </span>
    </p>
   </div>
   <div class='ocr_carea' id='block_1_15' title="bbox 309 1417 1894 1490">
    <p class='ocr_par' dir='ltr' id='par_1_15' title="bbox 309 1417 1894 1490">
     <span class='ocr_line' id='line_1_15' title="bbox 309 1417 1894 1490; baseline 0.001 -18"><span class='ocrx_word' id='word_1_107' title='bbox 309 1418 598 1473; x_wconf 74' lang='lat' dir='ltr'><strong>scientiam</strong></span> <span class='ocrx_word' id='word_1_108' title='bbox 628 1418 824 1474; x_wconf 82' lang='lat' dir='ltr'><strong>divinae</strong></span> <span class='ocrx_word' id='word_1_109' title='bbox 871 1417 1005 1490; x_wconf 84' lang='lat' dir='ltr'><strong>legis</strong></span> <span class='ocrx_word' id='word_1_110' title='bbox 1051 1425 1213 1488; x_wconf 90' lang='lat' dir='ltr'><strong>atque</strong></span> <span class='ocrx_word' id='word_1_111' title='bbox 1259 1418 1581 1488; x_wconf 84' lang='lat' dir='ltr'><strong>evangelicae</strong></span> <span class='ocrx_word' id='word_1_112' title='bbox 1637 1418 1894 1474; x_wconf 77' lang='lat' dir='ltr'><strong>doctrina:</strong></span> 
     </span>
    </p>
   </div>
   <div class='ocr_carea' id='block_1_16' title="bbox 303 1508 1893 1578">
    <p class='ocr_par' dir='ltr' id='par_1_16' title="bbox 303 1508 1893 1578">
     <span class='ocr_line' id='line_1_16' title="bbox 303 1508 1893 1578; baseline 0.003 -18"><span class='ocrx_word' id='word_1_113' title='bbox 303 1509 488 1578; x_wconf 78' lang='lat' dir='ltr'><strong>gratia</strong></span> <span class='ocrx_word' id='word_1_114' title='bbox 544 1515 838 1576; x_wconf 87' lang='lat' dir='ltr'><strong>temperata</strong></span> <span class='ocrx_word' id='word_1_115' title='bbox 885 1510 1111 1564; x_wconf 85' lang='lat' dir='ltr'><strong>honeste</strong></span> <span class='ocrx_word' id='word_1_116' title='bbox 1167 1508 1496 1575; x_wconf 83' lang='lat' dir='ltr'><strong>adhibetur,</strong></span> <span class='ocrx_word' id='word_1_117' title='bbox 1549 1517 1893 1564; x_wconf 83' lang='lat' dir='ltr'><strong>monstrante</strong></span> 
     </span>
    </p>
   </div>
   <div class='ocr_carea' id='block_1_17' title="bbox 307 1598 1891 1666">
    <p class='ocr_par' dir='ltr' id='par_1_17' title="bbox 307 1598 1891 1666">
     <span class='ocr_line' id='line_1_17' title="bbox 307 1598 1891 1666; baseline 0 -12"><span class='ocrx_word' id='word_1_118' title='bbox 307 1599 420 1654; x_wconf 83' lang='lat' dir='ltr'><strong>hoc</strong></span> <span class='ocrx_word' id='word_1_119' title='bbox 438 1598 714 1666; x_wconf 83' lang='lat' dir='ltr'><strong>Scriptura</strong></span> <span class='ocrx_word' id='word_1_120' title='bbox 737 1607 793 1652; x_wconf 91' lang='lat' dir='ltr'><strong>et</strong></span> <span class='ocrx_word' id='word_1_121' title='bbox 813 1600 1026 1654; x_wconf 87' lang='lat' dir='ltr'><strong>dicente</strong></span> <span class='ocrx_word' id='word_1_122' title='bbox 1048 1619 1063 1653; x_wconf 82' lang='lat'><strong><em>:</em></strong></span> <span class='ocrx_word' id='word_1_123' title='bbox 1091 1599 1348 1654; x_wconf 89' lang='lat' dir='ltr'><strong>Innocens</strong></span> <span class='ocrx_word' id='word_1_124' title='bbox 1369 1600 1607 1655; x_wconf 86' lang='lat' dir='ltr'><strong>manibus</strong></span> <span class='ocrx_word' id='word_1_125' title='bbox 1629 1610 1676 1655; x_wconf 88' lang='lat' dir='ltr'><strong>et</strong></span> <span class='ocrx_word' id='word_1_126' title='bbox 1695 1601 1891 1658; x_wconf 84' lang='lat' dir='ltr'><strong>mundo</strong></span> 
     </span>
    </p>
   </div>
   <div class='ocr_carea' id='block_1_18' title="bbox 305 1687 1891 1759">
    <p class='ocr_par' dir='ltr' id='par_1_18' title="bbox 305 1687 1891 1759">
     <span class='ocr_line' id='line_1_18' title="bbox 305 1687 1891 1759; baseline 0.003 -20"><span class='ocrx_word' id='word_1_127' title='bbox 305 1687 493 1750; x_wconf 87' lang='lat' dir='ltr'><strong>corde,</strong></span> <span class='ocrx_word' id='word_1_128' title='bbox 518 1688 604 1757; x_wconf 84' lang='lat' dir='ltr'><strong>qui</strong></span> <span class='ocrx_word' id='word_1_129' title='bbox 635 1703 737 1740; x_wconf 84' lang='lat' dir='ltr'><strong>non</strong></span> <span class='ocrx_word' id='word_1_130' title='bbox 771 1690 967 1759; x_wconf 79' lang='lat' dir='ltr'><strong>accepit</strong></span> <span class='ocrx_word' id='word_1_131' title='bbox 1014 1689 1069 1743; x_wconf 87' lang='lat' dir='ltr'><strong>in</strong></span> <span class='ocrx_word' id='word_1_132' title='bbox 1117 1706 1248 1742; x_wconf 87' lang='lat' dir='ltr'><strong>vano</strong></span> <span class='ocrx_word' id='word_1_133' title='bbox 1294 1691 1527 1742; x_wconf 86' lang='lat' dir='ltr'><strong>animam</strong></span> <span class='ocrx_word' id='word_1_134' title='bbox 1574 1707 1724 1744; x_wconf 84' lang='lat' dir='ltr'><strong>suam</strong></span> <span class='ocrx_word' id='word_1_135' title='bbox 1752 1707 1772 1744; x_wconf 90' lang='lat'><strong><em>:</em></strong></span> <span class='ocrx_word' id='word_1_136' title='bbox 1799 1707 1891 1744; x_wconf 87' lang='lat' dir='ltr'><strong>nec</strong></span> 
     </span>
    </p>
   </div>
   <div class='ocr_carea' id='block_1_19' title="bbox 1993 510 3562 588">
    <p class='ocr_par' dir='ltr' id='par_1_19' title="bbox 1993 510 3562 588">
     <span class='ocr_line' id='line_1_19' title="bbox 1993 510 3562 588; baseline 0.006 -24"><span class='ocrx_word' id='word_1_137' title='bbox 1993 511 2156 575; x_wconf 87' lang='lat' dir='ltr'><strong>vatio.</strong></span> <span class='ocrx_word' id='word_1_138' title='bbox 2199 510 2350 578; x_wconf 88' lang='lat' dir='ltr'><strong>Quod</strong></span> <span class='ocrx_word' id='word_1_139' title='bbox 2379 512 2522 567; x_wconf 88' lang='lat' dir='ltr'><strong>enim</strong></span> <span class='ocrx_word' id='word_1_140' title='bbox 2554 515 2820 583; x_wconf 86' lang='lat' dir='ltr'><strong>scriptum</strong></span> <span class='ocrx_word' id='word_1_141' title='bbox 2852 525 2935 572; x_wconf 87' lang='lat' dir='ltr'><strong>est</strong></span> <span class='ocrx_word' id='word_1_142' title='bbox 2965 516 3017 570; x_wconf 92' lang='lat' dir='ltr'><strong>in</strong></span> <span class='ocrx_word' id='word_1_143' title='bbox 3053 514 3268 580; x_wconf 84' lang='lat' dir='ltr'><strong>Genesi,</strong></span> <span class='ocrx_word' id='word_1_144' title='bbox 3313 520 3436 588; x_wconf 84' lang='lat' dir='ltr'><strong>quia</strong></span> <span class='ocrx_word' id='word_1_145' title='bbox 3479 536 3562 574; x_wconf 83' lang='lat' dir='ltr'><strong>re-</strong></span> 
     </span>
    </p>
   </div>
   <div class='ocr_carea' id='block_1_20' title="bbox 1990 599 3562 677">
    <p class='ocr_par' dir='ltr' id='par_1_20' title="bbox 1990 599 3562 677">
     <span class='ocr_line' id='line_1_20' title="bbox 1990 599 3562 677; baseline 0.008 -29"><span class='ocrx_word' id='word_1_146' title='bbox 1990 599 2183 668; x_wconf 78' lang='lat' dir='ltr'><strong>quievit</strong></span> <span class='ocrx_word' id='word_1_147' title='bbox 2228 599 2370 652; x_wconf 80' lang='lat' dir='ltr'><strong>Deus</strong></span> <span class='ocrx_word' id='word_1_148' title='bbox 2403 599 2495 655; x_wconf 85' lang='lat' dir='ltr'><strong>die</strong></span> <span class='ocrx_word' id='word_1_149' title='bbox 2520 599 2724 653; x_wconf 77' lang='lat' dir='ltr'><strong>sabbati</strong></span> <span class='ocrx_word' id='word_1_150' title='bbox 2751 599 2814 652; x_wconf 89' lang='lat' dir='ltr'><strong>ab</strong></span> <span class='ocrx_word' id='word_1_151' title='bbox 2862 601 3101 669; x_wconf 84' lang='lat' dir='ltr'><strong>operibus</strong></span> <span class='ocrx_word' id='word_1_152' title='bbox 3138 603 3247 659; x_wconf 72' lang='lat' dir='ltr'><strong>suis</strong></span> <span class='ocrx_word' id='word_1_153' title='bbox 3291 601 3442 676; x_wconf 84' lang='lat' dir='ltr'><strong>(Gen.</strong></span> <span class='ocrx_word' id='word_1_154' title='bbox 3477 606 3562 677; x_wconf 81' lang='lat' dir='ltr'><strong>lt),</strong></span> 
     </span>
    </p>
   </div>
   <div class='ocr_carea' id='block_1_21' title="bbox 1992 687 3559 762">
    <p class='ocr_par' dir='ltr' id='par_1_21' title="bbox 1992 687 3559 762">
     <span class='ocr_line' id='line_1_21' title="bbox 1992 687 3559 762; baseline 0.006 -22"><span class='ocrx_word' id='word_1_155' title='bbox 1992 702 2098 740; x_wconf 89' lang='lat' dir='ltr'><strong>non</strong></span> <span class='ocrx_word' id='word_1_156' title='bbox 2122 687 2366 743; x_wconf 85' lang='lat' dir='ltr'><strong>videmus</strong></span> <span class='ocrx_word' id='word_1_157' title='bbox 2390 688 2474 742; x_wconf 89' lang='lat' dir='ltr'><strong>vel</strong></span> <span class='ocrx_word' id='word_1_158' title='bbox 2512 697 2639 742; x_wconf 91' lang='lat' dir='ltr'><strong>tunc</strong></span> <span class='ocrx_word' id='word_1_159' title='bbox 2690 688 2889 744; x_wconf 90' lang='lat' dir='ltr'><strong>factum</strong></span> <span class='ocrx_word' id='word_1_160' title='bbox 2921 703 3041 748; x_wconf 83' lang='lat' dir='ltr'><strong>esse</strong></span> <span class='ocrx_word' id='word_1_161' title='bbox 3088 690 3144 744; x_wconf 89' lang='lat' dir='ltr'><strong>in</strong></span> <span class='ocrx_word' id='word_1_162' title='bbox 3181 691 3268 745; x_wconf 85' lang='lat' dir='ltr'><strong>die</strong></span> <span class='ocrx_word' id='word_1_163' title='bbox 3313 694 3559 762; x_wconf 87' lang='lat' dir='ltr'><strong>septima,</strong></span> 
     </span>
    </p>
   </div>
   <div class='ocr_carea' id='block_1_22' title="bbox 1994 775 3561 850">
    <p class='ocr_par' dir='ltr' id='par_1_22' title="bbox 1994 775 3561 850">
     <span class='ocr_line' id='line_1_22' title="bbox 1994 775 3561 850; baseline 0.006 -21"><span class='ocrx_word' id='word_1_164' title='bbox 1994 775 2076 830; x_wconf 86' lang='lat' dir='ltr'><strong>vel</strong></span> <span class='ocrx_word' id='word_1_165' title='bbox 2099 778 2260 831; x_wconf 89' lang='lat' dir='ltr'><strong>etiam</strong></span> <span class='ocrx_word' id='word_1_166' title='bbox 2309 793 2454 836; x_wconf 87' lang='lat' dir='ltr'><strong>nunc</strong></span> <span class='ocrx_word' id='word_1_167' title='bbox 2494 779 2631 832; x_wconf 87' lang='lat' dir='ltr'><strong>ﬁeri.</strong></span> <span class='ocrx_word' id='word_1_168' title='bbox 2669 777 2898 850; x_wconf 86' lang='lat' dir='ltr'><strong>Semper</strong></span> <span class='ocrx_word' id='word_1_169' title='bbox 2921 779 3066 834; x_wconf 89' lang='lat' dir='ltr'><strong>enim</strong></span> <span class='ocrx_word' id='word_1_170' title='bbox 3112 780 3283 844; x_wconf 86' lang='lat' dir='ltr'><strong>Deum</strong></span> <span class='ocrx_word' id='word_1_171' title='bbox 3317 782 3561 839; x_wconf 83' lang='lat' dir='ltr'><strong>videmus</strong></span> 
     </span>
    </p>
   </div>
   <div class='ocr_carea' id='block_1_23' title="bbox 1992 870 3566 943">
    <p class='ocr_par' dir='ltr' id='par_1_23' title="bbox 1992 870 3566 943">
     <span class='ocr_line' id='line_1_23' title="bbox 1992 870 3566 943; baseline 0.001 -17"><span class='ocrx_word' id='word_1_172' title='bbox 1992 870 2226 938; x_wconf 87' lang='lat' dir='ltr'><strong>Operari,</strong></span> <span class='ocrx_word' id='word_1_173' title='bbox 2260 879 2315 927; x_wconf 88' lang='lat' dir='ltr'><strong>et</strong></span> <span class='ocrx_word' id='word_1_174' title='bbox 2339 883 2441 924; x_wconf 88' lang='lat' dir='ltr'><strong>nec</strong></span> <span class='ocrx_word' id='word_1_175' title='bbox 2469 871 2754 924; x_wconf 86' lang='lat' dir='ltr'><strong>sabbatum</strong></span> <span class='ocrx_word' id='word_1_176' title='bbox 2775 880 2877 937; x_wconf 91' lang='lat' dir='ltr'><strong>est,</strong></span> <span class='ocrx_word' id='word_1_177' title='bbox 2913 872 2966 924; x_wconf 89' lang='lat' dir='ltr'><strong>iu</strong></span> <span class='ocrx_word' id='word_1_178' title='bbox 2998 887 3106 940; x_wconf 89' lang='lat' dir='ltr'><strong>quo</strong></span> <span class='ocrx_word' id='word_1_179' title='bbox 3132 887 3238 925; x_wconf 87' lang='lat' dir='ltr'><strong>non</strong></span> <span class='ocrx_word' id='word_1_180' title='bbox 3277 873 3420 928; x_wconf 89' lang='lat' dir='ltr'><strong>Deus</strong></span> <span class='ocrx_word' id='word_1_181' title='bbox 3441 889 3566 943; x_wconf 85' lang='lat' dir='ltr'><strong>0pc-</strong></span> 
     </span>
    </p>
   </div>
   <div class='ocr_carea' id='block_1_24' title="bbox 1994 961 3568 1034">
    <p class='ocr_par' dir='ltr' id='par_1_24' title="bbox 1994 961 3568 1034">
     <span class='ocr_line' id='line_1_24' title="bbox 1994 961 3568 1034; baseline 0.004 -21"><span class='ocrx_word' id='word_1_182' title='bbox 1994 968 2163 1025; x_wconf 90' lang='lat' dir='ltr'><strong>retur,</strong></span> <span class='ocrx_word' id='word_1_183' title='bbox 2194 961 2248 1014; x_wconf 90' lang='lat' dir='ltr'><strong>in</strong></span> <span class='ocrx_word' id='word_1_184' title='bbox 2278 976 2384 1031; x_wconf 88' lang='lat' dir='ltr'><strong>quo</strong></span> <span class='ocrx_word' id='word_1_185' title='bbox 2407 977 2511 1015; x_wconf 92' lang='lat' dir='ltr'><strong>non</strong></span> <span class='ocrx_word' id='word_1_186' title='bbox 2533 963 2795 1032; x_wconf 88' lang='lat' dir='ltr'><strong>producat</strong></span> <span class='ocrx_word' id='word_1_187' title='bbox 2825 962 2992 1017; x_wconf 91' lang='lat' dir='ltr'><strong>solem</strong></span> <span class='ocrx_word' id='word_1_188' title='bbox 3021 978 3176 1018; x_wconf 90' lang='lat' dir='ltr'><strong>suum</strong></span> <span class='ocrx_word' id='word_1_189' title='bbox 3204 979 3368 1034; x_wconf 88' lang='lat' dir='ltr'><strong>super</strong></span> <span class='ocrx_word' id='word_1_190' title='bbox 3396 963 3568 1020; x_wconf 92' lang='lat' dir='ltr'><strong>bonos</strong></span> 
     </span>
    </p>
   </div>
   <div class='ocr_carea' id='block_1_25' title="bbox 1991 1051 3568 1130">
    <p class='ocr_par' dir='ltr' id='par_1_25' title="bbox 1991 1051 3568 1130">
     <span class='ocr_line' id='line_1_25' title="bbox 1991 1051 3568 1130; baseline 0.008 -28"><span class='ocrx_word' id='word_1_191' title='bbox 1991 1056 2048 1103; x_wconf 86' lang='lat' dir='ltr'><strong>et</strong></span> <span class='ocrx_word' id='word_1_192' title='bbox 2080 1051 2271 1117; x_wconf 88' lang='lat' dir='ltr'><strong>malos,</strong></span> <span class='ocrx_word' id='word_1_193' title='bbox 2294 1062 2349 1106; x_wconf 90' lang='lat' dir='ltr'><strong>et</strong></span> <span class='ocrx_word' id='word_1_194' title='bbox 2381 1055 2532 1124; x_wconf 79' lang='lat' dir='ltr'><strong>pluat</strong></span> <span class='ocrx_word' id='word_1_195' title='bbox 2568 1072 2729 1128; x_wconf 82' lang='lat' dir='ltr'><strong>super</strong></span> <span class='ocrx_word' id='word_1_196' title='bbox 2749 1057 2929 1126; x_wconf 84' lang='lat' dir='ltr'><strong>justos</strong></span> <span class='ocrx_word' id='word_1_197' title='bbox 2957 1065 3011 1111; x_wconf 89' lang='lat' dir='ltr'><strong>et</strong></span> <span class='ocrx_word' id='word_1_198' title='bbox 3039 1058 3298 1128; x_wconf 90' lang='lat' dir='ltr'><strong>injustos;</strong></span> <span class='ocrx_word' id='word_1_199' title='bbox 3331 1075 3438 1120; x_wconf 86' lang='lat' dir='ltr'><strong>non</strong></span> <span class='ocrx_word' id='word_1_200' title='bbox 3463 1075 3568 1130; x_wconf 86' lang='lat' dir='ltr'><strong>quo</strong></span> 
     </span>
    </p>
   </div>
   <div class='ocr_carea' id='block_1_26' title="bbox 1993 1143 3570 1213">
    <p class='ocr_par' dir='ltr' id='par_1_26' title="bbox 1993 1143 3570 1213">
     <span class='ocr_line' id='line_1_26' title="bbox 1993 1143 3570 1213; baseline 0.008 -21"><span class='ocrx_word' id='word_1_201' title='bbox 1993 1154 2100 1193; x_wconf 91' lang='lat' dir='ltr'><strong>non</strong></span> <span class='ocrx_word' id='word_1_202' title='bbox 2128 1143 2392 1211; x_wconf 88' lang='lat' dir='ltr'><strong>producat</strong></span> <span class='ocrx_word' id='word_1_203' title='bbox 2424 1145 2478 1198; x_wconf 91' lang='lat' dir='ltr'><strong>in</strong></span> <span class='ocrx_word' id='word_1_204' title='bbox 2519 1145 2792 1201; x_wconf 84' lang='lat' dir='ltr'><strong>montibus</strong></span> <span class='ocrx_word' id='word_1_205' title='bbox 2821 1146 3001 1201; x_wconf 88' lang='lat' dir='ltr'><strong>fenum</strong></span> <span class='ocrx_word' id='word_1_206' title='bbox 3022 1188 3037 1213; x_wconf 93' lang='lat'><strong>,</strong></span> <span class='ocrx_word' id='word_1_207' title='bbox 3065 1157 3121 1202; x_wconf 90' lang='lat' dir='ltr'><strong>et</strong></span> <span class='ocrx_word' id='word_1_208' title='bbox 3148 1149 3371 1202; x_wconf 82' lang='lat' dir='ltr'><strong>herbam</strong></span> <span class='ocrx_word' id='word_1_209' title='bbox 3397 1151 3570 1204; x_wconf 86' lang='lat' dir='ltr'><strong>servi-</strong></span> 
     </span>
    </p>
   </div>
   <div class='ocr_carea' id='block_1_27' title="bbox 1994 1233 3569 1307">
    <p class='ocr_par' dir='ltr' id='par_1_27' title="bbox 1994 1233 3569 1307">
     <span class='ocr_line' id='line_1_27' title="bbox 1994 1233 3569 1307; baseline 0.008 -22"><span class='ocrx_word' id='word_1_210' title='bbox 1994 1233 2096 1286; x_wconf 90' lang='lat' dir='ltr'><strong>tuti</strong></span> <span class='ocrx_word' id='word_1_211' title='bbox 2123 1234 2436 1302; x_wconf 90' lang='lat' dir='ltr'><strong>hominum;</strong></span> <span class='ocrx_word' id='word_1_212' title='bbox 2464 1238 2519 1292; x_wconf 89' lang='lat' dir='ltr'><strong>in</strong></span> <span class='ocrx_word' id='word_1_213' title='bbox 2547 1253 2653 1307; x_wconf 90' lang='lat' dir='ltr'><strong>quo</strong></span> <span class='ocrx_word' id='word_1_214' title='bbox 2682 1253 2789 1294; x_wconf 93' lang='lat' dir='ltr'><strong>non</strong></span> <span class='ocrx_word' id='word_1_215' title='bbox 2815 1240 3083 1307; x_wconf 87' lang='lat' dir='ltr'><strong>percutiat</strong></span> <span class='ocrx_word' id='word_1_216' title='bbox 3102 1246 3158 1294; x_wconf 91' lang='lat' dir='ltr'><strong>et</strong></span> <span class='ocrx_word' id='word_1_217' title='bbox 3181 1249 3368 1304; x_wconf 89' lang='lat' dir='ltr'><strong>sanet;</strong></span> <span class='ocrx_word' id='word_1_218' title='bbox 3397 1242 3569 1296; x_wconf 91' lang='lat' dir='ltr'><strong>dedu-</strong></span> 
     </span>
    </p>
   </div>
   <div class='ocr_carea' id='block_1_28' title="bbox 1988 1324 3570 1398">
    <p class='ocr_par' dir='ltr' id='par_1_28' title="bbox 1988 1324 3570 1398">
     <span class='ocr_line' id='line_1_28' title="bbox 1988 1324 3570 1398; baseline 0.006 -22"><span class='ocrx_word' id='word_1_219' title='bbox 1988 1331 2081 1377; x_wconf 88' lang='lat' dir='ltr'><strong>cat</strong></span> <span class='ocrx_word' id='word_1_220' title='bbox 2106 1324 2174 1378; x_wconf 90' lang='lat' dir='ltr'><strong>ad</strong></span> <span class='ocrx_word' id='word_1_221' title='bbox 2207 1325 2499 1392; x_wconf 84' lang='lat' dir='ltr'><strong>infernum,</strong></span> <span class='ocrx_word' id='word_1_222' title='bbox 2532 1337 2588 1381; x_wconf 90' lang='lat' dir='ltr'><strong>et</strong></span> <span class='ocrx_word' id='word_1_223' title='bbox 2616 1329 2872 1394; x_wconf 87' lang='lat' dir='ltr'><strong>reducat;</strong></span> <span class='ocrx_word' id='word_1_224' title='bbox 2920 1329 2973 1382; x_wconf 91' lang='lat' dir='ltr'><strong>in</strong></span> <span class='ocrx_word' id='word_1_225' title='bbox 2999 1346 3107 1398; x_wconf 91' lang='lat' dir='ltr'><strong>quo</strong></span> <span class='ocrx_word' id='word_1_226' title='bbox 3133 1346 3239 1384; x_wconf 90' lang='lat' dir='ltr'><strong>non</strong></span> <span class='ocrx_word' id='word_1_227' title='bbox 3270 1332 3482 1386; x_wconf 88' lang='lat' dir='ltr'><strong>occidat</strong></span> <span class='ocrx_word' id='word_1_228' title='bbox 3515 1342 3570 1386; x_wconf 92' lang='lat' dir='ltr'><strong>et</strong></span> 
     </span>
    </p>
   </div>
   <div class='ocr_carea' id='block_1_29' title="bbox 1990 1414 3565 1492">
    <p class='ocr_par' dir='ltr' id='par_1_29' title="bbox 1990 1414 3565 1492">
     <span class='ocr_line' id='line_1_29' title="bbox 1990 1414 3565 1492; baseline 0.004 -22"><span class='ocrx_word' id='word_1_229' title='bbox 1990 1414 2175 1472; x_wconf 84' lang='lat' dir='ltr'><strong>vivere</strong></span> <span class='ocrx_word' id='word_1_230' title='bbox 2203 1415 2386 1472; x_wconf 80' lang='lat' dir='ltr'><strong>faciat.</strong></span> <span class='ocrx_word' id='word_1_231' title='bbox 2422 1417 2574 1472; x_wconf 88' lang='lat' dir='ltr'><strong>Unde</strong></span> <span class='ocrx_word' id='word_1_232' title='bbox 2604 1427 2658 1472; x_wconf 86' lang='lat' dir='ltr'><strong>et</strong></span> <span class='ocrx_word' id='word_1_233' title='bbox 2694 1419 2956 1473; x_wconf 87' lang='lat' dir='ltr'><strong>Dominus</strong></span> <span class='ocrx_word' id='word_1_234' title='bbox 2995 1420 3053 1472; x_wconf 89' lang='lat' dir='ltr'><strong>in</strong></span> <span class='ocrx_word' id='word_1_235' title='bbox 3086 1420 3412 1492; x_wconf 80' lang='lat' dir='ltr'><strong>Evangeliis,</strong></span> <span class='ocrx_word' id='word_1_236' title='bbox 3445 1438 3565 1476; x_wconf 93' lang='lat' dir='ltr'><strong>cum</strong></span> 
     </span>
    </p>
   </div>
   <div class='ocr_carea' id='block_1_30' title="bbox 1990 1502 3570 1579">
    <p class='ocr_par' dir='ltr' id='par_1_30' title="bbox 1990 1502 3570 1579">
     <span class='ocr_line' id='line_1_30' title="bbox 1990 1502 3570 1579; baseline 0.006 -22"><span class='ocrx_word' id='word_1_237' title='bbox 1990 1502 2158 1559; x_wconf 67' lang='lat' dir='ltr'><strong>Judaei</strong></span> <span class='ocrx_word' id='word_1_238' title='bbox 2181 1509 2596 1574; x_wconf 67' lang='lat' dir='ltr'><strong>prtescriberent</strong></span> <span class='ocrx_word' id='word_1_239' title='bbox 2631 1510 2732 1564; x_wconf 88' lang='lat' dir='ltr'><strong>sibi</strong></span> <span class='ocrx_word' id='word_1_240' title='bbox 2766 1510 2830 1564; x_wconf 92' lang='lat' dir='ltr'><strong>de</strong></span> <span class='ocrx_word' id='word_1_241' title='bbox 2858 1511 3172 1579; x_wconf 89' lang='lat' dir='ltr'><strong>operatione</strong></span> <span class='ocrx_word' id='word_1_242' title='bbox 3208 1519 3262 1566; x_wconf 92' lang='lat' dir='ltr'><strong>et</strong></span> <span class='ocrx_word' id='word_1_243' title='bbox 3287 1511 3570 1566; x_wconf 88' lang='lat' dir='ltr'><strong>curatione</strong></span> 
     </span>
    </p>
   </div>
   <div class='ocr_carea' id='block_1_31' title="bbox 1991 1598 3571 1675">
    <p class='ocr_par' dir='ltr' id='par_1_31' title="bbox 1991 1598 3571 1675">
     <span class='ocr_line' id='line_1_31' title="bbox 1991 1598 3571 1675; baseline 0.001 -19"><span class='ocrx_word' id='word_1_244' title='bbox 1991 1598 2222 1664; x_wconf 78' lang='lat' dir='ltr'><strong>sabbati,</strong></span> <span class='ocrx_word' id='word_1_245' title='bbox 2249 1602 2526 1671; x_wconf 87' lang='lat' dir='ltr'><strong>respondit</strong></span> <span class='ocrx_word' id='word_1_246' title='bbox 2548 1602 2628 1657; x_wconf 84' lang='lat' dir='ltr'><strong>eis</strong></span> <span class='ocrx_word' id='word_1_247' title='bbox 2653 1619 2666 1656; x_wconf 87' lang='lat'><strong>:</strong></span> <span class='ocrx_word' id='word_1_248' title='bbox 2701 1599 2867 1656; x_wconf 89' lang='lat' dir='ltr'><strong>Pater</strong></span> <span class='ocrx_word' id='word_1_249' title='bbox 2908 1619 3053 1656; x_wconf 89' lang='lat' dir='ltr'><strong>meus</strong></span> <span class='ocrx_word' id='word_1_250' title='bbox 3084 1619 3246 1675; x_wconf 88' lang='lat' dir='ltr'><strong>usque</strong></span> <span class='ocrx_word' id='word_1_251' title='bbox 3266 1603 3419 1670; x_wconf 86' lang='lat' dir='ltr'><strong>modo</strong></span> <span class='ocrx_word' id='word_1_252' title='bbox 3447 1620 3571 1674; x_wconf 86' lang='lat' dir='ltr'><strong>ope-</strong></span> 
     </span>
    </p>
   </div>
   <div class='ocr_carea' id='block_1_32' title="bbox 1995 1690 3568 1764">
    <p class='ocr_par' dir='ltr' id='par_1_32' title="bbox 1995 1690 3568 1764">
     <span class='ocr_line' id='line_1_32' title="bbox 1995 1690 3568 1764; baseline 0.005 -24"><span class='ocrx_word' id='word_1_253' title='bbox 1995 1697 2164 1754; x_wconf 83' lang='lat' dir='ltr'><strong>ratur,</strong></span> <span class='ocrx_word' id='word_1_254' title='bbox 2189 1698 2237 1742; x_wconf 90' lang='lat' dir='ltr'><strong>et</strong></span> <span class='ocrx_word' id='word_1_255' title='bbox 2265 1707 2356 1760; x_wconf 89' lang='lat' dir='ltr'><strong>ego</strong></span> <span class='ocrx_word' id='word_1_256' title='bbox 2379 1707 2562 1760; x_wconf 87' lang='lat' dir='ltr'><strong>operor</strong></span> <span class='ocrx_word' id='word_1_257' title='bbox 2588 1690 2770 1762; x_wconf 83' lang='lat' dir='ltr'><strong>(Joan.</strong></span> <span class='ocrx_word' id='word_1_258' title='bbox 2795 1690 2872 1764; x_wconf 83' lang='lat' dir='ltr'><strong>v).</strong></span> <span class='ocrx_word' id='word_1_259' title='bbox 2903 1691 3210 1747; x_wconf 87' lang='lat' dir='ltr'><strong>Ostendens</strong></span> <span class='ocrx_word' id='word_1_260' title='bbox 3241 1707 3338 1762; x_wconf 81' lang='lat' dir='ltr'><strong>per</strong></span> <span class='ocrx_word' id='word_1_261' title='bbox 3371 1693 3488 1747; x_wconf 63' lang='lat' dir='ltr'><strong>huic</strong></span> <span class='ocrx_word' id='word_1_262' title='bbox 3514 1694 3568 1748; x_wconf 91' lang='lat' dir='ltr'><strong>in</strong></span> 
     </span>
    </p>
   </div>
   <div class='ocr_carea' id='block_1_33' title="bbox 298 1758 3572 1852">
    <p class='ocr_par' dir='ltr' id='par_1_33' title="bbox 298 1758 3572 1852">
     <span class='ocr_line' id='line_1_33' title="bbox 298 1758 3572 1852; baseline 0.004 -26"><span class='ocrx_word' id='word_1_263' title='bbox 298 1774 508 1844; x_wconf 83' lang='lat' dir='ltr'><strong>juravit</strong></span> <span class='ocrx_word' id='word_1_264' title='bbox 536 1775 588 1828; x_wconf 82' lang='lat' dir='ltr'><strong>in</strong></span> <span class='ocrx_word' id='word_1_265' title='bbox 611 1774 732 1828; x_wconf 88' lang='lat' dir='ltr'><strong>dolo</strong></span> <span class='ocrx_word' id='word_1_266' title='bbox 758 1777 998 1846; x_wconf 77' lang='lat' dir='ltr'><strong>proximo</strong></span> <span class='ocrx_word' id='word_1_267' title='bbox 1021 1793 1116 1830; x_wconf 84' lang='lat' dir='ltr'><strong>suo</strong></span> <span class='ocrx_word' id='word_1_268' title='bbox 1143 1775 1314 1848; x_wconf 87' lang='lat' dir='ltr'><strong>(Psal.</strong></span> <span class='ocrx_word' id='word_1_269' title='bbox 1345 1776 1529 1848; x_wconf 82' lang='lat' dir='ltr'><strong>xxiii).</strong></span> <span class='ocrx_word' id='word_1_270' title='bbox 1562 1777 1690 1844; x_wconf 82' lang='lat' dir='ltr'><strong>Quae</strong></span> <span class='ocrx_word' id='word_1_271' title='bbox 1712 1788 1892 1833; x_wconf 86' lang='lat' dir='ltr'><strong>autem</strong></span> <span class='ocrx_word' id='word_1_272' title='bbox 1920 1758 1970 1819; x_wconf 82' lang='grc' dir='ltr'><strong>Β</strong></span> <span class='ocrx_word' id='word_1_273' title='bbox 1998 1777 2144 1832; x_wconf 85' lang='lat' dir='ltr'><strong>nullo</strong></span> <span class='ocrx_word' id='word_1_274' title='bbox 2178 1758 2339 1847; x_wconf 83' lang='lat' dir='ltr'><strong>hujus</strong></span> <span class='ocrx_word' id='word_1_275' title='bbox 2371 1758 2552 1836; x_wconf 56' lang='lat' dir='ltr'><strong>saeculi</strong></span> <span class='ocrx_word' id='word_1_276' title='bbox 2588 1758 2813 1838; x_wconf 85' lang='lat' dir='ltr'><strong>sabbato</strong></span> <span class='ocrx_word' id='word_1_277' title='bbox 2829 1758 3185 1852; x_wconf 72' lang='lat' dir='ltr'><strong>requiescere</strong></span> <span class='ocrx_word' id='word_1_278' title='bbox 3211 1758 3381 1837; x_wconf 78' lang='lat' dir='ltr'><strong>Deum</strong></span> <span class='ocrx_word' id='word_1_279' title='bbox 3408 1800 3437 1837; x_wconf 90' lang='lat' dir='ltr'><strong>a</strong></span> <span class='ocrx_word' id='word_1_280' title='bbox 3463 1785 3572 1839; x_wconf 87' lang='lat' dir='ltr'><strong>dis-</strong></span> 
     </span>
    </p>
   </div>
   <div class='ocr_carea' id='block_1_34' title="bbox 299 1868 1894 1940">
    <p class='ocr_par' dir='ltr' id='par_1_34' title="bbox 299 1868 1894 1940">
     <span class='ocr_line' id='line_1_34' title="bbox 299 1868 1894 1940; baseline 0.002 -19"><span class='ocrx_word' id='word_1_281' title='bbox 299 1868 388 1921; x_wconf 80' lang='lat' dir='ltr'><strong>sit</strong></span> <span class='ocrx_word' id='word_1_282' title='bbox 432 1882 681 1922; x_wconf 89' lang='lat' dir='ltr'><strong>mensura</strong></span> <span class='ocrx_word' id='word_1_283' title='bbox 722 1868 846 1939; x_wconf 90' lang='lat' dir='ltr'><strong>ephi</strong></span> <span class='ocrx_word' id='word_1_284' title='bbox 901 1869 1014 1924; x_wconf 89' lang='lat' dir='ltr'><strong>sive</strong></span> <span class='ocrx_word' id='word_1_285' title='bbox 1073 1869 1198 1936; x_wconf 90' lang='lat' dir='ltr'><strong>hin,</strong></span> <span class='ocrx_word' id='word_1_286' title='bbox 1243 1868 1298 1922; x_wconf 92' lang='lat' dir='ltr'><strong>in</strong></span> <span class='ocrx_word' id='word_1_287' title='bbox 1363 1869 1734 1940; x_wconf 85' lang='lat' dir='ltr'><strong>superioribus</strong></span> <span class='ocrx_word' id='word_1_288' title='bbox 1780 1868 1894 1938; x_wconf 88' lang='lat' dir='ltr'><strong>jam</strong></span> 
     </span>
    </p>
   </div>
   <div class='ocr_carea' id='block_1_35' title="bbox 311 1956 662 2011">
    <p class='ocr_par' dir='ltr' id='par_1_35' title="bbox 311 1956 662 2011">
     <span class='ocr_line' id='line_1_35' title="bbox 311 1956 662 2011; baseline -0.006 -1"><span class='ocrx_word' id='word_1_289' title='bbox 311 1956 521 2011; x_wconf 86' lang='lat' dir='ltr'><strong>dictum</strong></span> <span class='ocrx_word' id='word_1_290' title='bbox 559 1964 662 2010; x_wconf 89' lang='lat' dir='ltr'><strong>est.</strong></span> 
     </span>
    </p>
   </div>
   <div class='ocr_carea' id='block_1_36' title="bbox 384 2046 1899 2121">
    <p class='ocr_par' dir='ltr' id='par_1_36' title="bbox 384 2046 1899 2121">
     <span class='ocr_line' id='line_1_36' title="bbox 384 2046 1899 2121; baseline 0.006 -22"><span class='ocrx_word' id='word_1_291' title='bbox 384 2046 483 2100; x_wconf 86' lang='lat' dir='ltr'><strong>Die</strong></span> <span class='ocrx_word' id='word_1_292' title='bbox 509 2057 682 2100; x_wconf 88' lang='lat' dir='ltr'><strong>autem</strong></span> <span class='ocrx_word' id='word_1_293' title='bbox 720 2047 925 2102; x_wconf 79' lang='lat' dir='ltr'><strong>sabbati</strong></span> <span class='ocrx_word' id='word_1_294' title='bbox 973 2050 1202 2119; x_wconf 73' lang='lat' dir='ltr'><strong>offeretis</strong></span> <span class='ocrx_word' id='word_1_295' title='bbox 1250 2051 1382 2106; x_wconf 85' lang='lat' dir='ltr'><strong>duos</strong></span> <span class='ocrx_word' id='word_1_296' title='bbox 1417 2067 1578 2121; x_wconf 85' lang='lat' dir='ltr'><strong>agnos</strong></span> <span class='ocrx_word' id='word_1_297' title='bbox 1625 2049 1899 2108; x_wconf 83' lang='lat' dir='ltr'><strong>anniculos</strong></span> 
     </span>
    </p>
   </div>
   <div class='ocr_carea' id='block_1_37' title="bbox 299 2138 1895 2212">
    <p class='ocr_par' dir='ltr' id='par_1_37' title="bbox 299 2138 1895 2212">
     <span class='ocr_line' id='line_1_37' title="bbox 299 2138 1895 2212; baseline 0.004 -22"><span class='ocrx_word' id='word_1_298' title='bbox 299 2138 695 2204; x_wconf 77' lang='lat' dir='ltr'><strong>immaculatos,</strong></span> <span class='ocrx_word' id='word_1_299' title='bbox 715 2150 762 2194; x_wconf 89' lang='lat' dir='ltr'><strong>et</strong></span> <span class='ocrx_word' id='word_1_300' title='bbox 782 2140 919 2198; x_wconf 85' lang='lat' dir='ltr'><strong>duas</strong></span> <span class='ocrx_word' id='word_1_301' title='bbox 941 2141 1168 2195; x_wconf 81' lang='lat' dir='ltr'><strong>decimas</strong></span> <span class='ocrx_word' id='word_1_302' title='bbox 1187 2141 1376 2196; x_wconf 71' lang='lat' dir='ltr'><strong>simila:</strong></span> <span class='ocrx_word' id='word_1_303' title='bbox 1398 2140 1510 2196; x_wconf 89' lang='lat' dir='ltr'><strong>oleo</strong></span> <span class='ocrx_word' id='word_1_304' title='bbox 1526 2157 1818 2212; x_wconf 78' lang='lat' dir='ltr'><strong>conspersa:</strong></span> <span class='ocrx_word' id='word_1_305' title='bbox 1837 2141 1895 2196; x_wconf 90' lang='lat' dir='ltr'><strong>in</strong></span> 
     </span>
    </p>
   </div>
   <div class='ocr_carea' id='block_1_38' title="bbox 305 2231 1896 2302">
    <p class='ocr_par' dir='ltr' id='par_1_38' title="bbox 305 2231 1896 2302">
     <span class='ocr_line' id='line_1_38' title="bbox 305 2231 1896 2302; baseline 0.003 -21"><span class='ocrx_word' id='word_1_306' title='bbox 305 2231 576 2299; x_wconf 78' lang='lat' dir='ltr'><strong>sacriﬁcio</strong></span> <span class='ocrx_word' id='word_1_307' title='bbox 591 2248 610 2296; x_wconf 91' lang='lat'><strong><em>;</em></strong></span> <span class='ocrx_word' id='word_1_308' title='bbox 639 2241 687 2286; x_wconf 84' lang='lat' dir='ltr'><strong>et</strong></span> <span class='ocrx_word' id='word_1_309' title='bbox 713 2231 818 2284; x_wconf 89' lang='lat' dir='ltr'><strong>liba</strong></span> <span class='ocrx_word' id='word_1_310' title='bbox 851 2248 968 2301; x_wconf 75' lang='lat' dir='ltr'><strong>qua:</strong></span> <span class='ocrx_word' id='word_1_311' title='bbox 997 2232 1094 2285; x_wconf 86' lang='lat' dir='ltr'><strong>rite</strong></span> <span class='ocrx_word' id='word_1_312' title='bbox 1120 2231 1416 2302; x_wconf 78' lang='lat' dir='ltr'><strong>funduntur</strong></span> <span class='ocrx_word' id='word_1_313' title='bbox 1431 2247 1525 2302; x_wconf 86' lang='lat' dir='ltr'><strong>per</strong></span> <span class='ocrx_word' id='word_1_314' title='bbox 1541 2231 1749 2302; x_wconf 85' lang='lat' dir='ltr'><strong>singula</strong></span> <span class='ocrx_word' id='word_1_315' title='bbox 1777 2231 1896 2295; x_wconf 87' lang='lat' dir='ltr'><strong>sab-_</strong></span> 
     </span>
    </p>
   </div>
   <div class='ocr_carea' id='block_1_39' title="bbox 309 2321 1895 2393">
    <p class='ocr_par' dir='ltr' id='par_1_39' title="bbox 309 2321 1895 2393">
     <span class='ocr_line' id='line_1_39' title="bbox 309 2321 1895 2393; baseline 0.001 -19"><span class='ocrx_word' id='word_1_316' title='bbox 309 2321 433 2375; x_wconf 87' lang='lat' dir='ltr'><strong>bata</strong></span> <span class='ocrx_word' id='word_1_317' title='bbox 462 2323 518 2376; x_wconf 91' lang='lat' dir='ltr'><strong>in</strong></span> <span class='ocrx_word' id='word_1_318' title='bbox 541 2321 904 2377; x_wconf 87' lang='lat' dir='ltr'><strong>holocaustum</strong></span> <span class='ocrx_word' id='word_1_319' title='bbox 951 2323 1339 2393; x_wconf 80' lang='lat' dir='ltr'><strong>sempiternum.</strong></span> <span class='ocrx_word' id='word_1_320' title='bbox 1398 2321 1528 2389; x_wconf 70' lang='lat' dir='ltr'><strong>Quae</strong></span> <span class='ocrx_word' id='word_1_321' title='bbox 1572 2330 1657 2377; x_wconf 89' lang='lat' dir='ltr'><strong>est</strong></span> <span class='ocrx_word' id='word_1_322' title='bbox 1711 2330 1895 2376; x_wconf 88' lang='lat' dir='ltr'><strong>autem</strong></span> 
     </span>
    </p>
   </div>
   <div class='ocr_carea' id='block_1_40' title="bbox 300 2410 1889 2483">
    <p class='ocr_par' dir='ltr' id='par_1_40' title="bbox 300 2410 1889 2483">
     <span class='ocr_line' id='line_1_40' title="bbox 300 2410 1889 2483; baseline -0.001 -16"><span class='ocrx_word' id='word_1_323' title='bbox 300 2412 583 2468; x_wconf 80' lang='lat' dir='ltr'><strong>festivitas</strong></span> <span class='ocrx_word' id='word_1_324' title='bbox 628 2413 860 2478; x_wconf 89' lang='lat' dir='ltr'><strong>sabbati,</strong></span> <span class='ocrx_word' id='word_1_325' title='bbox 891 2413 992 2467; x_wconf 89' lang='lat' dir='ltr'><strong>nisi</strong></span> <span class='ocrx_word' id='word_1_326' title='bbox 1034 2411 1124 2467; x_wconf 91' lang='lat' dir='ltr'><strong>illa</strong></span> <span class='ocrx_word' id='word_1_327' title='bbox 1160 2413 1226 2467; x_wconf 90' lang='lat' dir='ltr'><strong>de</strong></span> <span class='ocrx_word' id='word_1_328' title='bbox 1257 2427 1360 2483; x_wconf 90' lang='lat' dir='ltr'><strong>qua</strong></span> <span class='ocrx_word' id='word_1_329' title='bbox 1395 2411 1686 2480; x_wconf 80' lang='lat' dir='ltr'><strong>Apostolus</strong></span> <span class='ocrx_word' id='word_1_330' title='bbox 1713 2410 1846 2466; x_wconf 90' lang='lat' dir='ltr'><strong>dicit</strong></span> <span class='ocrx_word' id='word_1_331' title='bbox 1875 2429 1889 2465; x_wconf 73' lang='grc' dir='ltr'>ε</span> 
     </span>
    </p>
   </div>
   <div class='ocr_carea' id='block_1_41' title="bbox 308 2501 1890 2575">
    <p class='ocr_par' dir='ltr' id='par_1_41' title="bbox 308 2501 1890 2575">
     <span class='ocr_line' id='line_1_41' title="bbox 308 2501 1890 2575; baseline 0.001 -19"><span class='ocrx_word' id='word_1_332' title='bbox 308 2501 648 2574; x_wconf 75' lang='lat' dir='ltr'><strong>Relinquitur</strong></span> <span class='ocrx_word' id='word_1_333' title='bbox 675 2520 798 2574; x_wconf 86' lang='lat' dir='ltr'><strong>ergo</strong></span> <span class='ocrx_word' id='word_1_334' title='bbox 843 2503 1191 2558; x_wconf 86' lang='lat' dir='ltr'><strong>sabbatismus</strong></span> <span class='ocrx_word' id='word_1_335' title='bbox 1248 2502 1435 2575; x_wconf 85' lang='lat' dir='ltr'><strong>(Hebr.</strong></span> <span class='ocrx_word' id='word_1_336' title='bbox 1485 2503 1593 2575; x_wconf 85' lang='lat' dir='ltr'><strong>tv),</strong></span> <span class='ocrx_word' id='word_1_337' title='bbox 1623 2505 1727 2559; x_wconf 90' lang='lat' dir='ltr'><strong>hoc</strong></span> <span class='ocrx_word' id='word_1_338' title='bbox 1765 2511 1890 2571; x_wconf 88' lang='lat' dir='ltr'><strong>est,</strong></span> 
     </span>
    </p>
   </div>
   <div class='ocr_carea' id='block_1_42' title="bbox 313 2595 1894 2669">
    <p class='ocr_par' dir='ltr' id='par_1_42' title="bbox 313 2595 1894 2669">
     <span class='ocr_line' id='line_1_42' title="bbox 313 2595 1894 2669; baseline 0.005 -19"><span class='ocrx_word' id='word_1_339' title='bbox 313 2595 527 2650; x_wconf 88' lang='lat' dir='ltr'><strong>sabbati</strong></span> <span class='ocrx_word' id='word_1_340' title='bbox 556 2597 867 2652; x_wconf 85' lang='lat' dir='ltr'><strong>observatio</strong></span> <span class='ocrx_word' id='word_1_341' title='bbox 897 2597 1095 2668; x_wconf 90' lang='lat' dir='ltr'><strong>populo</strong></span> <span class='ocrx_word' id='word_1_342' title='bbox 1145 2597 1276 2652; x_wconf 87' lang='lat' dir='ltr'><strong>Dei?</strong></span> <span class='ocrx_word' id='word_1_343' title='bbox 1329 2597 1715 2668; x_wconf 82' lang='lat' dir='ltr'><strong>Relinquentes</strong></span> <span class='ocrx_word' id='word_1_344' title='bbox 1763 2611 1894 2669; x_wconf 81' lang='lat' dir='ltr'><strong>ergo</strong></span> 
     </span>
    </p>
   </div>
   <div class='ocr_carea' id='block_1_43' title="bbox 303 2683 1895 2756">
    <p class='ocr_par' dir='ltr' id='par_1_43' title="bbox 303 2683 1895 2756">
     <span class='ocr_line' id='line_1_43' title="bbox 303 2683 1895 2756; baseline 0.001 -18"><span class='ocrx_word' id='word_1_345' title='bbox 303 2683 572 2740; x_wconf 79' lang='lat' dir='ltr'><strong>Judalcas</strong></span> <span class='ocrx_word' id='word_1_346' title='bbox 595 2687 807 2741; x_wconf 89' lang='lat' dir='ltr'><strong>sabbati</strong></span> <span class='ocrx_word' id='word_1_347' title='bbox 851 2686 1278 2752; x_wconf 87' lang='lat' dir='ltr'><strong>observationes,</strong></span> <span class='ocrx_word' id='word_1_348' title='bbox 1309 2686 1484 2756; x_wconf 90' lang='lat' dir='ltr'><strong>qualis</strong></span> <span class='ocrx_word' id='word_1_349' title='bbox 1541 2701 1660 2748; x_wconf 89' lang='lat' dir='ltr'><strong>esse</strong></span> <span class='ocrx_word' id='word_1_350' title='bbox 1701 2687 1895 2746; x_wconf 87' lang='lat' dir='ltr'><strong>debeat</strong></span> 
     </span>
    </p>
   </div>
   <div class='ocr_carea' id='block_1_44' title="bbox 309 2776 1892 2844">
    <p class='ocr_par' dir='ltr' id='par_1_44' title="bbox 309 2776 1892 2844">
     <span class='ocr_line' id='line_1_44' title="bbox 309 2776 1892 2844; baseline 0.002 -13"><span class='ocrx_word' id='word_1_351' title='bbox 309 2776 625 2832; x_wconf 80' lang='lat' dir='ltr'><strong>Christiano</strong></span> <span class='ocrx_word' id='word_1_352' title='bbox 651 2778 862 2833; x_wconf 89' lang='lat' dir='ltr'><strong>sabbati</strong></span> <span class='ocrx_word' id='word_1_353' title='bbox 890 2779 1220 2844; x_wconf 87' lang='lat' dir='ltr'><strong>observatio,</strong></span> <span class='ocrx_word' id='word_1_354' title='bbox 1237 2779 1533 2833; x_wconf 87' lang='lat' dir='ltr'><strong>videamus.</strong></span> <span class='ocrx_word' id='word_1_355' title='bbox 1557 2779 1654 2832; x_wconf 89' lang='lat' dir='ltr'><strong>Die</strong></span> <span class='ocrx_word' id='word_1_356' title='bbox 1680 2779 1892 2834; x_wconf 87' lang='lat' dir='ltr'><strong>sabbati</strong></span> 
     </span>
    </p>
   </div>
   <div class='ocr_carea' id='block_1_45' title="bbox 313 2865 1892 2938">
    <p class='ocr_par' dir='ltr' id='par_1_45' title="bbox 313 2865 1892 2938">
     <span class='ocr_line' id='line_1_45' title="bbox 313 2865 1892 2938; baseline 0.002 -18"><span class='ocrx_word' id='word_1_357' title='bbox 313 2866 450 2921; x_wconf 86' lang='lat' dir='ltr'><strong>nihil</strong></span> <span class='ocrx_word' id='word_1_358' title='bbox 471 2882 533 2922; x_wconf 84' lang='lat' dir='ltr'><strong>ex</strong></span> <span class='ocrx_word' id='word_1_359' title='bbox 555 2867 737 2922; x_wconf 90' lang='lat' dir='ltr'><strong>mundi</strong></span> <span class='ocrx_word' id='word_1_360' title='bbox 759 2869 967 2923; x_wconf 91' lang='lat' dir='ltr'><strong>actibus</strong></span> <span class='ocrx_word' id='word_1_361' title='bbox 981 2876 1193 2937; x_wconf 88' lang='lat' dir='ltr'><strong>oportet</strong></span> <span class='ocrx_word' id='word_1_362' title='bbox 1206 2868 1440 2937; x_wconf 89' lang='lat' dir='ltr'><strong>operari.</strong></span> <span class='ocrx_word' id='word_1_363' title='bbox 1459 2865 1515 2922; x_wconf 91' lang='lat' dir='ltr'><strong>Si</strong></span> <span class='ocrx_word' id='word_1_364' title='bbox 1531 2881 1660 2938; x_wconf 85' lang='lat' dir='ltr'><strong>ergo</strong></span> <span class='ocrx_word' id='word_1_365' title='bbox 1675 2867 1892 2923; x_wconf 80' lang='lat' dir='ltr'><strong>desinas</strong></span> 
     </span>
    </p>
   </div>
   <div class='ocr_carea' id='block_1_46' title="bbox 313 2956 1890 3028">
    <p class='ocr_par' dir='ltr' id='par_1_46' title="bbox 313 2956 1890 3028">
     <span class='ocr_line' id='line_1_46' title="bbox 313 2956 1890 3028; baseline 0.002 -19"><span class='ocrx_word' id='word_1_366' title='bbox 313 2956 383 3009; x_wconf 88' lang='lat' dir='ltr'><strong>ab</strong></span> <span class='ocrx_word' id='word_1_367' title='bbox 403 2957 654 3011; x_wconf 89' lang='lat' dir='ltr'><strong>omnibus</strong></span> <span class='ocrx_word' id='word_1_368' title='bbox 677 2958 1025 3013; x_wconf 79' lang='lat' dir='ltr'><strong>saecularibus</strong></span> <span class='ocrx_word' id='word_1_369' title='bbox 1045 2957 1318 3028; x_wconf 86' lang='lat' dir='ltr'><strong>Operibus,</strong></span> <span class='ocrx_word' id='word_1_370' title='bbox 1335 2966 1389 3012; x_wconf 92' lang='lat' dir='ltr'><strong>et</strong></span> <span class='ocrx_word' id='word_1_371' title='bbox 1404 2957 1535 3012; x_wconf 90' lang='lat' dir='ltr'><strong>nihil</strong></span> <span class='ocrx_word' id='word_1_372' title='bbox 1558 2959 1890 3013; x_wconf 87' lang='lat' dir='ltr'><strong>mundanum</strong></span> 
     </span>
    </p>
   </div>
   <div class='ocr_carea' id='block_1_47' title="bbox 307 3047 1890 3120">
    <p class='ocr_par' dir='ltr' id='par_1_47' title="bbox 307 3047 1890 3120">
     <span class='ocr_line' id='line_1_47' title="bbox 307 3047 1890 3120; baseline 0.003 -21"><span class='ocrx_word' id='word_1_373' title='bbox 307 3061 496 3115; x_wconf 74' lang='lat' dir='ltr'><strong>geras,</strong></span> <span class='ocrx_word' id='word_1_374' title='bbox 529 3047 622 3101; x_wconf 90' lang='lat' dir='ltr'><strong>sed</strong></span> <span class='ocrx_word' id='word_1_375' title='bbox 656 3048 989 3116; x_wconf 83' lang='lat' dir='ltr'><strong>spiritalibus</strong></span> <span class='ocrx_word' id='word_1_376' title='bbox 1016 3048 1270 3120; x_wconf 91' lang='lat' dir='ltr'><strong>operibus</strong></span> <span class='ocrx_word' id='word_1_377' title='bbox 1299 3062 1479 3114; x_wconf 89' lang='lat' dir='ltr'><strong>vaces,</strong></span> <span class='ocrx_word' id='word_1_378' title='bbox 1509 3047 1576 3103; x_wconf 88' lang='lat' dir='ltr'><strong>ad</strong></span> <span class='ocrx_word' id='word_1_379' title='bbox 1607 3048 1890 3104; x_wconf 89' lang='lat' dir='ltr'><strong>ecclesiam</strong></span> 
     </span>
    </p>
   </div>
   <div class='ocr_carea' id='block_1_48' title="bbox 315 3138 1894 3205">
    <p class='ocr_par' dir='ltr' id='par_1_48' title="bbox 315 3138 1894 3205">
     <span class='ocr_line' id='line_1_48' title="bbox 315 3138 1894 3205; baseline 0.002 -14"><span class='ocrx_word' id='word_1_380' title='bbox 315 3138 549 3205; x_wconf 79' lang='lat' dir='ltr'><strong>venias,</strong></span> <span class='ocrx_word' id='word_1_381' title='bbox 599 3139 920 3194; x_wconf 86' lang='lat' dir='ltr'><strong>lectionibus</strong></span> <span class='ocrx_word' id='word_1_382' title='bbox 973 3140 1170 3195; x_wconf 88' lang='lat' dir='ltr'><strong>divinis</strong></span> <span class='ocrx_word' id='word_1_383' title='bbox 1225 3150 1280 3196; x_wconf 91' lang='lat' dir='ltr'><strong>et</strong></span> <span class='ocrx_word' id='word_1_384' title='bbox 1339 3142 1655 3197; x_wconf 78' lang='lat' dir='ltr'><strong>tractatibus</strong></span> <span class='ocrx_word' id='word_1_385' title='bbox 1707 3156 1894 3196; x_wconf 91' lang='lat' dir='ltr'><strong>aurem</strong></span> 
     </span>
    </p>
   </div>
   <div class='ocr_carea' id='block_1_49' title="bbox 314 3231 1897 3306">
    <p class='ocr_par' dir='ltr' id='par_1_49' title="bbox 314 3231 1897 3306">
     <span class='ocr_line' id='line_1_49' title="bbox 314 3231 1897 3306; baseline 0.003 -22"><span class='ocrx_word' id='word_1_386' title='bbox 314 3231 558 3300; x_wconf 62' lang='lat' dir='ltr'><strong>praebeas</strong></span> <span class='ocrx_word' id='word_1_387' title='bbox 577 3271 591 3296; x_wconf 87' lang='lat'><strong>,</strong></span> <span class='ocrx_word' id='word_1_388' title='bbox 625 3232 691 3287; x_wconf 90' lang='lat' dir='ltr'><strong>de</strong></span> <span class='ocrx_word' id='word_1_389' title='bbox 719 3232 1029 3288; x_wconf 80' lang='lat' dir='ltr'><strong>cmlestibus</strong></span> <span class='ocrx_word' id='word_1_390' title='bbox 1057 3235 1259 3306; x_wconf 80' lang='lat' dir='ltr'><strong>cogites</strong></span> <span class='ocrx_word' id='word_1_391' title='bbox 1277 3275 1294 3300; x_wconf 93' lang='lat'><strong>,</strong></span> <span class='ocrx_word' id='word_1_392' title='bbox 1345 3235 1411 3290; x_wconf 91' lang='lat' dir='ltr'><strong>de</strong></span> <span class='ocrx_word' id='word_1_393' title='bbox 1430 3234 1608 3289; x_wconf 81' lang='lat' dir='ltr'><strong>futura</strong></span> <span class='ocrx_word' id='word_1_394' title='bbox 1631 3250 1726 3306; x_wconf 90' lang='lat' dir='ltr'><strong>spe</strong></span> <span class='ocrx_word' id='word_1_395' title='bbox 1751 3234 1897 3291; x_wconf 86' lang='lat' dir='ltr'><strong>solli-</strong></span> 
     </span>
    </p>
   </div>
   <div class='ocr_carea' id='block_1_50' title="bbox 312 3320 1895 3400">
    <p class='ocr_par' dir='ltr' id='par_1_50' title="bbox 312 3320 1895 3400">
     <span class='ocr_line' id='line_1_50' title="bbox 312 3320 1895 3400; baseline 0.006 -26"><span class='ocrx_word' id='word_1_396' title='bbox 312 3320 617 3376; x_wconf 79' lang='lat' dir='ltr'><strong>citudinem</strong></span> <span class='ocrx_word' id='word_1_397' title='bbox 667 3339 857 3394; x_wconf 85' lang='lat' dir='ltr'><strong>geras,</strong></span> <span class='ocrx_word' id='word_1_398' title='bbox 915 3332 1198 3380; x_wconf 90' lang='lat' dir='ltr'><strong>venturum</strong></span> <span class='ocrx_word' id='word_1_399' title='bbox 1244 3327 1506 3397; x_wconf 87' lang='lat' dir='ltr'><strong>judicium</strong></span> <span class='ocrx_word' id='word_1_400' title='bbox 1557 3343 1669 3400; x_wconf 67' lang='lat' dir='ltr'><strong>pra:</strong></span> <span class='ocrx_word' id='word_1_401' title='bbox 1722 3327 1895 3383; x_wconf 90' lang='lat' dir='ltr'><strong>oculis</strong></span> 
     </span>
    </p>
   </div>
   <div class='ocr_carea' id='block_1_51' title="bbox 317 3410 1896 3484">
    <p class='ocr_par' dir='ltr' id='par_1_51' title="bbox 317 3410 1896 3484">
     <span class='ocr_line' id='line_1_51' title="bbox 317 3410 1896 3484; baseline 0.003 -17"><span class='ocrx_word' id='word_1_402' title='bbox 317 3411 556 3478; x_wconf 85' lang='lat' dir='ltr'><strong>habeas,</strong></span> <span class='ocrx_word' id='word_1_403' title='bbox 597 3429 702 3467; x_wconf 92' lang='lat' dir='ltr'><strong>non</strong></span> <span class='ocrx_word' id='word_1_404' title='bbox 724 3410 988 3483; x_wconf 85' lang='lat' dir='ltr'><strong>respicias</strong></span> <span class='ocrx_word' id='word_1_405' title='bbox 1023 3415 1089 3469; x_wconf 90' lang='lat' dir='ltr'><strong>ad</strong></span> <span class='ocrx_word' id='word_1_406' title='bbox 1115 3417 1403 3484; x_wconf 69' lang='lat' dir='ltr'><strong>praesentia</strong></span> <span class='ocrx_word' id='word_1_407' title='bbox 1448 3428 1503 3472; x_wconf 92' lang='lat' dir='ltr'><strong>et</strong></span> <span class='ocrx_word' id='word_1_408' title='bbox 1530 3417 1781 3483; x_wconf 69' lang='lat' dir='ltr'><strong>visibilis,</strong></span> <span class='ocrx_word' id='word_1_409' title='bbox 1799 3417 1896 3472; x_wconf 92' lang='lat' dir='ltr'><strong>sed</strong></span> 
     </span>
    </p>
   </div>
   <div class='ocr_carea' id='block_1_52' title="bbox 313 3507 1894 3567">
    <p class='ocr_par' dir='ltr' id='par_1_52' title="bbox 313 3507 1894 3567">
     <span class='ocr_line' id='line_1_52' title="bbox 313 3507 1894 3567; baseline 0.004 -8"><span class='ocrx_word' id='word_1_410' title='bbox 313 3507 389 3560; x_wconf 83' lang='lat' dir='ltr'><strong>ad</strong></span> <span class='ocrx_word' id='word_1_411' title='bbox 419 3507 706 3561; x_wconf 84' lang='lat' dir='ltr'><strong>invisibilia</strong></span> <span class='ocrx_word' id='word_1_412' title='bbox 736 3516 788 3562; x_wconf 88' lang='lat' dir='ltr'><strong>et</strong></span> <span class='ocrx_word' id='word_1_413' title='bbox 812 3509 990 3562; x_wconf 90' lang='lat' dir='ltr'><strong>futura</strong></span> <span class='ocrx_word' id='word_1_414' title='bbox 1024 3526 1036 3562; x_wconf 90' lang='lat'><strong>:</strong></span> <span class='ocrx_word' id='word_1_415' title='bbox 1077 3509 1192 3565; x_wconf 64' lang='lat' dir='ltr'><strong>haec</strong></span> <span class='ocrx_word' id='word_1_416' title='bbox 1212 3519 1295 3564; x_wconf 90' lang='lat' dir='ltr'><strong>est</strong></span> <span class='ocrx_word' id='word_1_417' title='bbox 1334 3511 1642 3567; x_wconf 85' lang='lat' dir='ltr'><strong>observatio</strong></span> <span class='ocrx_word' id='word_1_418' title='bbox 1682 3511 1894 3566; x_wconf 90' lang='lat' dir='ltr'><strong>sabbati</strong></span> 
     </span>
    </p>
   </div>
   <div class='ocr_carea' id='block_1_53' title="bbox 319 3597 1897 3658">
    <p class='ocr_par' dir='ltr' id='par_1_53' title="bbox 319 3597 1897 3658">
     <span class='ocr_line' id='line_1_53' title="bbox 319 3597 1897 3658; baseline 0.002 -6"><span class='ocrx_word' id='word_1_419' title='bbox 319 3597 650 3654; x_wconf 88' lang='lat' dir='ltr'><strong>Christiano.</strong></span> <span class='ocrx_word' id='word_1_420' title='bbox 677 3597 779 3653; x_wconf 90' lang='lat' dir='ltr'><strong>Sed</strong></span> <span class='ocrx_word' id='word_1_421' title='bbox 802 3599 916 3653; x_wconf 77' lang='lat' dir='ltr'><strong>lucc</strong></span> <span class='ocrx_word' id='word_1_422' title='bbox 937 3599 1104 3653; x_wconf 65' lang='lat' dir='ltr'><strong>Judaei</strong></span> <span class='ocrx_word' id='word_1_423' title='bbox 1127 3601 1420 3656; x_wconf 89' lang='lat' dir='ltr'><strong>observare</strong></span> <span class='ocrx_word' id='word_1_424' title='bbox 1439 3601 1715 3658; x_wconf 84' lang='lat' dir='ltr'><strong>deberent.</strong></span> <span class='ocrx_word' id='word_1_425' title='bbox 1741 3601 1897 3655; x_wconf 86' lang='lat' dir='ltr'><strong>Deni-</strong></span> 
     </span>
    </p>
   </div>
   <div class='ocr_carea' id='block_1_54' title="bbox 233 3689 1896 3761">
    <p class='ocr_par' dir='ltr' id='par_1_54' title="bbox 233 3689 1896 3761">
     <span class='ocr_line' id='line_1_54' title="bbox 233 3689 1896 3761; baseline 0.002 -19"><span class='ocrx_word' id='word_1_426' title='bbox 233 3707 244 3714; x_wconf 77' lang='grc'><em>’</em></span> <span class='ocrx_word' id='word_1_427' title='bbox 317 3704 424 3759; x_wconf 85' lang='lat' dir='ltr'><strong>que</strong></span> <span class='ocrx_word' id='word_1_428' title='bbox 454 3689 618 3743; x_wconf 90' lang='lat' dir='ltr'><strong>etiam</strong></span> <span class='ocrx_word' id='word_1_429' title='bbox 635 3689 774 3758; x_wconf 88' lang='lat' dir='ltr'><strong>apud</strong></span> <span class='ocrx_word' id='word_1_430' title='bbox 794 3691 1020 3760; x_wconf 88' lang='lat' dir='ltr'><strong>ipsos,si</strong></span> <span class='ocrx_word' id='word_1_431' title='bbox 1050 3690 1222 3756; x_wconf 84' lang='lat' dir='ltr'><strong>faber,</strong></span> <span class='ocrx_word' id='word_1_432' title='bbox 1255 3692 1300 3746; x_wconf 91' lang='lat' dir='ltr'><strong>si</strong></span> <span class='ocrx_word' id='word_1_433' title='bbox 1341 3700 1598 3757; x_wconf 89' lang='lat' dir='ltr'><strong>structor,</strong></span> <span class='ocrx_word' id='word_1_434' title='bbox 1630 3700 1688 3747; x_wconf 91' lang='lat' dir='ltr'><strong>et</strong></span> <span class='ocrx_word' id='word_1_435' title='bbox 1727 3693 1772 3746; x_wconf 90' lang='lat' dir='ltr'><strong>si</strong></span> <span class='ocrx_word' id='word_1_436' title='bbox 1803 3693 1896 3761; x_wconf 90' lang='lat' dir='ltr'><strong>qui</strong></span> 
     </span>
    </p>
   </div>
   <div class='ocr_carea' id='block_1_55' title="bbox 320 3778 1891 3849">
    <p class='ocr_par' dir='ltr' id='par_1_55' title="bbox 320 3778 1891 3849">
     <span class='ocr_line' id='line_1_55' title="bbox 320 3778 1891 3849; baseline 0.001 -15"><span class='ocrx_word' id='word_1_437' title='bbox 320 3778 623 3848; x_wconf 86' lang='lat' dir='ltr'><strong>hujusmodi</strong></span> <span class='ocrx_word' id='word_1_438' title='bbox 652 3780 901 3848; x_wconf 91' lang='lat' dir='ltr'><strong>opiﬁcum</strong></span> <span class='ocrx_word' id='word_1_439' title='bbox 931 3779 1112 3844; x_wconf 87' lang='lat' dir='ltr'><strong>fuerit,</strong></span> <span class='ocrx_word' id='word_1_440' title='bbox 1140 3781 1348 3834; x_wconf 89' lang='lat' dir='ltr'><strong>oriatur</strong></span> <span class='ocrx_word' id='word_1_441' title='bbox 1397 3782 1450 3834; x_wconf 91' lang='lat' dir='ltr'><strong>in</strong></span> <span class='ocrx_word' id='word_1_442' title='bbox 1509 3781 1598 3836; x_wconf 87' lang='lat' dir='ltr'><strong>die</strong></span> <span class='ocrx_word' id='word_1_443' title='bbox 1645 3783 1891 3849; x_wconf 88' lang='lat' dir='ltr'><strong>sabbati;</strong></span> 
     </span>
    </p>
   </div>
   <div class='ocr_carea' id='block_1_56' title="bbox 319 3868 1897 3939">
    <p class='ocr_par' dir='ltr' id='par_1_56' title="bbox 319 3868 1897 3939">
     <span class='ocr_line' id='line_1_56' title="bbox 319 3868 1897 3939; baseline 0.003 -17"><span class='ocrx_word' id='word_1_444' title='bbox 319 3868 494 3924; x_wconf 88' lang='lat' dir='ltr'><strong>lector</strong></span> <span class='ocrx_word' id='word_1_445' title='bbox 535 3878 716 3924; x_wconf 84' lang='lat' dir='ltr'><strong>autem</strong></span> <span class='ocrx_word' id='word_1_446' title='bbox 755 3870 949 3924; x_wconf 77' lang='lat' dir='ltr'><strong>divina:</strong></span> <span class='ocrx_word' id='word_1_447' title='bbox 978 3871 1109 3939; x_wconf 85' lang='lat' dir='ltr'><strong>legis</strong></span> <span class='ocrx_word' id='word_1_448' title='bbox 1133 3880 1188 3924; x_wconf 91' lang='lat' dir='ltr'><strong>et</strong></span> <span class='ocrx_word' id='word_1_449' title='bbox 1215 3871 1407 3924; x_wconf 91' lang='lat' dir='ltr'><strong>doctor</strong></span> <span class='ocrx_word' id='word_1_450' title='bbox 1446 3885 1550 3926; x_wconf 90' lang='lat' dir='ltr'><strong>non</strong></span> <span class='ocrx_word' id='word_1_451' title='bbox 1599 3871 1798 3934; x_wconf 87' lang='lat' dir='ltr'><strong>desinit</strong></span> <span class='ocrx_word' id='word_1_452' title='bbox 1827 3874 1897 3928; x_wconf 89' lang='lat' dir='ltr'><strong>ab</strong></span> 
     </span>
    </p>
   </div>
   <div class='ocr_carea' id='block_1_57' title="bbox 325 3962 1898 4031">
    <p class='ocr_par' dir='ltr' id='par_1_57' title="bbox 325 3962 1898 4031">
     <span class='ocr_line' id='line_1_57' title="bbox 325 3962 1898 4031; baseline 0.003 -16"><span class='ocrx_word' id='word_1_453' title='bbox 325 3977 487 4031; x_wconf 88' lang='lat' dir='ltr'><strong>opere</strong></span> <span class='ocrx_word' id='word_1_454' title='bbox 523 3977 641 4026; x_wconf 91' lang='lat' dir='ltr'><strong>suo,</strong></span> <span class='ocrx_word' id='word_1_455' title='bbox 666 3968 720 4016; x_wconf 84' lang='lat' dir='ltr'><strong>et</strong></span> <span class='ocrx_word' id='word_1_456' title='bbox 751 3969 928 4016; x_wconf 91' lang='lat' dir='ltr'><strong>tamen</strong></span> <span class='ocrx_word' id='word_1_457' title='bbox 971 3963 1252 4016; x_wconf 88' lang='lat' dir='ltr'><strong>sabbatum</strong></span> <span class='ocrx_word' id='word_1_458' title='bbox 1281 3977 1386 4016; x_wconf 90' lang='lat' dir='ltr'><strong>non</strong></span> <span class='ocrx_word' id='word_1_459' title='bbox 1415 3964 1770 4018; x_wconf 87' lang='lat' dir='ltr'><strong>contaminat.</strong></span> <span class='ocrx_word' id='word_1_460' title='bbox 1806 3962 1898 4019; x_wconf 92' lang='lat' dir='ltr'><strong>Sic</strong></span> 
     </span>
    </p>
   </div>
   <div class='ocr_carea' id='block_1_58' title="bbox 319 4053 1896 4125">
    <p class='ocr_par' dir='ltr' id='par_1_58' title="bbox 319 4053 1896 4125">
     <span class='ocr_line' id='line_1_58' title="bbox 319 4053 1896 4125; baseline 0.001 -17"><span class='ocrx_word' id='word_1_461' title='bbox 319 4053 466 4108; x_wconf 89' lang='lat' dir='ltr'><strong>enim</strong></span> <span class='ocrx_word' id='word_1_462' title='bbox 498 4053 628 4108; x_wconf 82' lang='lat' dir='ltr'><strong>dicit</strong></span> <span class='ocrx_word' id='word_1_463' title='bbox 658 4053 724 4107; x_wconf 92' lang='lat' dir='ltr'><strong>ad</strong></span> <span class='ocrx_word' id='word_1_464' title='bbox 769 4068 864 4108; x_wconf 90' lang='lat' dir='ltr'><strong>eos</strong></span> <span class='ocrx_word' id='word_1_465' title='bbox 897 4071 909 4106; x_wconf 89' lang='lat'>:</span> <span class='ocrx_word' id='word_1_466' title='bbox 937 4053 1040 4106; x_wconf 85' lang='lat' dir='ltr'><strong>Aut</strong></span> <span class='ocrx_word' id='word_1_467' title='bbox 1072 4070 1175 4107; x_wconf 89' lang='lat' dir='ltr'><strong>non</strong></span> <span class='ocrx_word' id='word_1_468' title='bbox 1204 4053 1419 4124; x_wconf 86' lang='lat' dir='ltr'><strong>legistis,</strong></span> <span class='ocrx_word' id='word_1_469' title='bbox 1445 4055 1568 4125; x_wconf 87' lang='lat' dir='ltr'><strong>quia</strong></span> <span class='ocrx_word' id='word_1_470' title='bbox 1601 4056 1896 4110; x_wconf 81' lang='lat' dir='ltr'><strong>sacerdotes</strong></span> 
     </span>
    </p>
   </div>
   <div class='ocr_carea' id='block_1_59' title="bbox 318 4142 1898 4214">
    <p class='ocr_par' dir='ltr' id='par_1_59' title="bbox 318 4142 1898 4214">
     <span class='ocr_line' id='line_1_59' title="bbox 318 4142 1898 4214; baseline 0.002 -17"><span class='ocrx_word' id='word_1_471' title='bbox 318 4144 376 4198; x_wconf 87' lang='lat' dir='ltr'><strong>in</strong></span> <span class='ocrx_word' id='word_1_472' title='bbox 424 4143 613 4214; x_wconf 88' lang='lat' dir='ltr'><strong>templo</strong></span> <span class='ocrx_word' id='word_1_473' title='bbox 668 4143 942 4198; x_wconf 87' lang='lat' dir='ltr'><strong>sabbatum</strong></span> <span class='ocrx_word' id='word_1_474' title='bbox 996 4142 1212 4208; x_wconf 85' lang='lat' dir='ltr'><strong>violant,</strong></span> <span class='ocrx_word' id='word_1_475' title='bbox 1258 4153 1304 4197; x_wconf 88' lang='lat' dir='ltr'><strong>et</strong></span> <span class='ocrx_word' id='word_1_476' title='bbox 1363 4144 1473 4198; x_wconf 85' lang='lat' dir='ltr'><strong>sine</strong></span> <span class='ocrx_word' id='word_1_477' title='bbox 1513 4146 1730 4198; x_wconf 83' lang='lat' dir='ltr'><strong>crimine</strong></span> <span class='ocrx_word' id='word_1_478' title='bbox 1776 4154 1898 4210; x_wconf 82' lang='lat' dir='ltr'><strong>sunt</strong></span> 
     </span>
    </p>
   </div>
   <div class='ocr_carea' id='block_1_60' title="bbox 320 4233 1900 4306">
    <p class='ocr_par' dir='ltr' id='par_1_60' title="bbox 320 4233 1900 4306">
     <span class='ocr_line' id='line_1_60' title="bbox 320 4233 1900 4306; baseline 0.002 -18"><span class='ocrx_word' id='word_1_479' title='bbox 320 4233 537 4306; x_wconf 76' lang='lat' dir='ltr'><strong>(Matth.</strong></span> <span class='ocrx_word' id='word_1_480' title='bbox 574 4233 712 4305; x_wconf 89' lang='lat' dir='ltr'><strong>xu)?</strong></span> <span class='ocrx_word' id='word_1_481' title='bbox 736 4234 836 4301; x_wconf 90' lang='lat' dir='ltr'><strong>Qui</strong></span> <span class='ocrx_word' id='word_1_482' title='bbox 881 4248 1010 4302; x_wconf 87' lang='lat' dir='ltr'><strong>ergo</strong></span> <span class='ocrx_word' id='word_1_483' title='bbox 1033 4242 1212 4288; x_wconf 89' lang='lat' dir='ltr'><strong>cessat</strong></span> <span class='ocrx_word' id='word_1_484' title='bbox 1250 4235 1318 4288; x_wconf 89' lang='lat' dir='ltr'><strong>ab</strong></span> <span class='ocrx_word' id='word_1_485' title='bbox 1343 4235 1600 4304; x_wconf 89' lang='lat' dir='ltr'><strong>operibus</strong></span> <span class='ocrx_word' id='word_1_486' title='bbox 1638 4236 1816 4291; x_wconf 73' lang='lat' dir='ltr'><strong>saeculi</strong></span> <span class='ocrx_word' id='word_1_487' title='bbox 1844 4244 1900 4292; x_wconf 89' lang='lat' dir='ltr'><strong>et</strong></span> 
     </span>
    </p>
   </div>
   <div class='ocr_carea' id='block_1_61' title="bbox 319 4323 1897 4394">
    <p class='ocr_par' dir='ltr' id='par_1_61' title="bbox 319 4323 1897 4394">
     <span class='ocr_line' id='line_1_61' title="bbox 319 4323 1897 4394; baseline 0.001 -16"><span class='ocrx_word' id='word_1_488' title='bbox 319 4323 656 4394; x_wconf 87' lang='lat' dir='ltr'><strong>spiritalibus</strong></span> <span class='ocrx_word' id='word_1_489' title='bbox 701 4325 912 4379; x_wconf 87' lang='lat' dir='ltr'><strong>actibus</strong></span> <span class='ocrx_word' id='word_1_490' title='bbox 942 4333 1118 4388; x_wconf 82' lang='lat' dir='ltr'><strong>vacat,</strong></span> <span class='ocrx_word' id='word_1_491' title='bbox 1162 4323 1265 4379; x_wconf 88' lang='lat' dir='ltr'><strong>iste</strong></span> <span class='ocrx_word' id='word_1_492' title='bbox 1307 4334 1392 4379; x_wconf 89' lang='lat' dir='ltr'><strong>est</strong></span> <span class='ocrx_word' id='word_1_493' title='bbox 1435 4326 1528 4394; x_wconf 91' lang='lat' dir='ltr'><strong>qui</strong></span> <span class='ocrx_word' id='word_1_494' title='bbox 1564 4325 1897 4381; x_wconf 88' lang='lat' dir='ltr'><strong>sacriﬁcium</strong></span> 
     </span>
    </p>
   </div>
   <div class='ocr_carea' id='block_1_62' title="bbox 317 4413 1970 4495">
    <p class='ocr_par' dir='ltr' id='par_1_62' title="bbox 317 4413 1970 4495">
     <span class='ocr_line' id='line_1_62' title="bbox 317 4413 1970 4495; baseline 0.002 -26"><span class='ocrx_word' id='word_1_495' title='bbox 317 4416 532 4469; x_wconf 83' lang='lat' dir='ltr'><strong>sabbati</strong></span> <span class='ocrx_word' id='word_1_496' title='bbox 554 4424 608 4470; x_wconf 90' lang='lat' dir='ltr'><strong>et</strong></span> <span class='ocrx_word' id='word_1_497' title='bbox 636 4415 778 4470; x_wconf 85' lang='lat' dir='ltr'><strong>diem</strong></span> <span class='ocrx_word' id='word_1_498' title='bbox 807 4413 1006 4470; x_wconf 86' lang='lat' dir='ltr'><strong>festum</strong></span> <span class='ocrx_word' id='word_1_499' title='bbox 1039 4415 1150 4486; x_wconf 87' lang='lat' dir='ltr'><strong>agit</strong></span> <span class='ocrx_word' id='word_1_500' title='bbox 1175 4417 1545 4482; x_wconf 88' lang='lat' dir='ltr'><strong>sabbatorum,</strong></span> <span class='ocrx_word' id='word_1_501' title='bbox 1569 4431 1743 4487; x_wconf 89' lang='lat' dir='ltr'><strong>neque</strong></span> <span class='ocrx_word' id='word_1_502' title='bbox 1762 4434 1893 4473; x_wconf 92' lang='lat' dir='ltr'><strong>one-</strong></span> <span class='ocrx_word' id='word_1_503' title='bbox 1918 4437 1970 4495; x_wconf 82' lang='lat' dir='ltr'><strong>D</strong></span> 
     </span>
    </p>
   </div>
   <div class='ocr_carea' id='block_1_63' title="bbox 319 4506 1885 4578">
    <p class='ocr_par' dir='ltr' id='par_1_63' title="bbox 319 4506 1885 4578">
     <span class='ocr_line' id='line_1_63' title="bbox 319 4506 1885 4578; baseline 0.003 -20"><span class='ocrx_word' id='word_1_504' title='bbox 319 4520 378 4559; x_wconf 89' lang='lat' dir='ltr'><strong>ra</strong></span> <span class='ocrx_word' id='word_1_505' title='bbox 409 4513 590 4575; x_wconf 90' lang='lat' dir='ltr'><strong>portat</strong></span> <span class='ocrx_word' id='word_1_506' title='bbox 619 4506 673 4560; x_wconf 89' lang='lat' dir='ltr'><strong>in</strong></span> <span class='ocrx_word' id='word_1_507' title='bbox 704 4507 811 4560; x_wconf 86' lang='lat' dir='ltr'><strong>via.</strong></span> <span class='ocrx_word' id='word_1_508' title='bbox 861 4506 1009 4562; x_wconf 87' lang='lat' dir='ltr'><strong>Onus</strong></span> <span class='ocrx_word' id='word_1_509' title='bbox 1060 4507 1204 4561; x_wconf 90' lang='lat' dir='ltr'><strong>enim</strong></span> <span class='ocrx_word' id='word_1_510' title='bbox 1251 4514 1338 4561; x_wconf 91' lang='lat' dir='ltr'><strong>est</strong></span> <span class='ocrx_word' id='word_1_511' title='bbox 1375 4521 1538 4564; x_wconf 85' lang='lat' dir='ltr'><strong>omne</strong></span> <span class='ocrx_word' id='word_1_512' title='bbox 1584 4518 1885 4578; x_wconf 87' lang='lat' dir='ltr'><strong>peccatum.</strong></span> 
     </span>
    </p>
   </div>
   <div class='ocr_carea' id='block_1_64' title="bbox 318 4595 1892 4668">
    <p class='ocr_par' dir='ltr' id='par_1_64' title="bbox 318 4595 1892 4668">
     <span class='ocr_line' id='line_1_64' title="bbox 318 4595 1892 4668; baseline 0.001 -15"><span class='ocrx_word' id='word_1_513' title='bbox 318 4597 779 4665; x_wconf 85' lang='lat' dir='ltr'><strong>Quemadmodum</strong></span> <span class='ocrx_word' id='word_1_514' title='bbox 807 4599 938 4653; x_wconf 88' lang='lat' dir='ltr'><strong>dicit</strong></span> <span class='ocrx_word' id='word_1_515' title='bbox 959 4608 1013 4651; x_wconf 91' lang='lat' dir='ltr'><strong>et</strong></span> <span class='ocrx_word' id='word_1_516' title='bbox 1042 4597 1313 4666; x_wconf 86' lang='lat' dir='ltr'><strong>Propheta</strong></span> <span class='ocrx_word' id='word_1_517' title='bbox 1345 4615 1358 4650; x_wconf 89' lang='lat'><strong>:</strong></span> <span class='ocrx_word' id='word_1_518' title='bbox 1391 4595 1538 4652; x_wconf 86' lang='lat' dir='ltr'><strong>Sicut</strong></span> <span class='ocrx_word' id='word_1_519' title='bbox 1581 4615 1712 4652; x_wconf 87' lang='lat' dir='ltr'><strong>onus</strong></span> <span class='ocrx_word' id='word_1_520' title='bbox 1735 4615 1892 4668; x_wconf 87' lang='lat' dir='ltr'><strong>grave</strong></span> 
     </span>
    </p>
   </div>
   <div class='ocr_carea' id='block_1_65' title="bbox 315 4685 1891 4760">
    <p class='ocr_par' dir='ltr' id='par_1_65' title="bbox 315 4685 1891 4760">
     <span class='ocr_line' id='line_1_65' title="bbox 315 4685 1891 4760; baseline 0.002 -21"><span class='ocrx_word' id='word_1_521' title='bbox 315 4696 548 4758; x_wconf 75' lang='lat' dir='ltr'><strong>gravata:</strong></span> <span class='ocrx_word' id='word_1_522' title='bbox 601 4697 721 4742; x_wconf 78' lang='lat' dir='ltr'><strong>sunt</strong></span> <span class='ocrx_word' id='word_1_523' title='bbox 765 4705 921 4757; x_wconf 87' lang='lat' dir='ltr'><strong>super</strong></span> <span class='ocrx_word' id='word_1_524' title='bbox 962 4704 1043 4742; x_wconf 88' lang='lat' dir='ltr'><strong>me</strong></span> <span class='ocrx_word' id='word_1_525' title='bbox 1093 4685 1264 4760; x_wconf 83' lang='lat' dir='ltr'><strong>(Psal.</strong></span> <span class='ocrx_word' id='word_1_526' title='bbox 1317 4687 1490 4757; x_wconf 79' lang='lat' dir='ltr'><strong>xxxi).</strong></span> <span class='ocrx_word' id='word_1_527' title='bbox 1521 4685 1708 4756; x_wconf 81' lang='lat' dir='ltr'><strong>Neque</strong></span> <span class='ocrx_word' id='word_1_528' title='bbox 1746 4687 1891 4742; x_wconf 90' lang='lat' dir='ltr'><strong>enim</strong></span> 
     </span>
    </p>
   </div>
   <div class='ocr_carea' id='block_1_66' title="bbox 318 4777 1886 4848">
    <p class='ocr_par' dir='ltr' id='par_1_66' title="bbox 318 4777 1886 4848">
     <span class='ocr_line' id='line_1_66' title="bbox 318 4777 1886 4848; baseline 0.001 -17"><span class='ocrx_word' id='word_1_529' title='bbox 318 4777 499 4847; x_wconf 82' lang='lat' dir='ltr'><strong>ignem</strong></span> <span class='ocrx_word' id='word_1_530' title='bbox 523 4778 785 4832; x_wconf 82' lang='lat' dir='ltr'><strong>accendit.</strong></span> <span class='ocrx_word' id='word_1_531' title='bbox 809 4777 963 4832; x_wconf 92' lang='lat' dir='ltr'><strong>lllum</strong></span> <span class='ocrx_word' id='word_1_532' title='bbox 993 4777 1200 4833; x_wconf 87' lang='lat' dir='ltr'><strong>scilicet</strong></span> <span class='ocrx_word' id='word_1_533' title='bbox 1226 4778 1402 4848; x_wconf 83' lang='lat' dir='ltr'><strong>ignem</strong></span> <span class='ocrx_word' id='word_1_534' title='bbox 1425 4777 1492 4831; x_wconf 84' lang='lat' dir='ltr'><strong>de</strong></span> <span class='ocrx_word' id='word_1_535' title='bbox 1513 4791 1621 4848; x_wconf 89' lang='lat' dir='ltr'><strong>quo</strong></span> <span class='ocrx_word' id='word_1_536' title='bbox 1646 4778 1844 4832; x_wconf 88' lang='lat' dir='ltr'><strong>dicitur</strong></span> <span class='ocrx_word' id='word_1_537' title='bbox 1875 4796 1886 4832; x_wconf 96' lang='lat'>:</span> 
     </span>
    </p>
   </div>
   <div class='ocr_carea' id='block_1_67' title="bbox 320 4867 1892 4939">
    <p class='ocr_par' dir='ltr' id='par_1_67' title="bbox 320 4867 1892 4939">
     <span class='ocr_line' id='line_1_67' title="bbox 320 4867 1892 4939; baseline 0.001 -18"><span class='ocrx_word' id='word_1_538' title='bbox 320 4867 402 4922; x_wconf 84' lang='lat' dir='ltr'><strong>Ite</strong></span> <span class='ocrx_word' id='word_1_539' title='bbox 429 4869 485 4921; x_wconf 89' lang='lat' dir='ltr'><strong>in</strong></span> <span class='ocrx_word' id='word_1_540' title='bbox 515 4867 710 4922; x_wconf 82' lang='lat' dir='ltr'><strong>lumine</strong></span> <span class='ocrx_word' id='word_1_541' title='bbox 746 4869 880 4939; x_wconf 84' lang='lat' dir='ltr'><strong>ignis</strong></span> <span class='ocrx_word' id='word_1_542' title='bbox 919 4869 1090 4935; x_wconf 86' lang='lat' dir='ltr'><strong>vestri,</strong></span> <span class='ocrx_word' id='word_1_543' title='bbox 1119 4877 1167 4923; x_wconf 87' lang='lat' dir='ltr'><strong>et</strong></span> <span class='ocrx_word' id='word_1_544' title='bbox 1195 4869 1250 4922; x_wconf 75' lang='lat' dir='ltr'><strong>in</strong></span> <span class='ocrx_word' id='word_1_545' title='bbox 1282 4870 1495 4938; x_wconf 83' lang='lat' dir='ltr'><strong>ﬂamma</strong></span> <span class='ocrx_word' id='word_1_546' title='bbox 1522 4885 1679 4938; x_wconf 89' lang='lat' dir='ltr'><strong>quam</strong></span> <span class='ocrx_word' id='word_1_547' title='bbox 1709 4885 1892 4923; x_wconf 79' lang='lat' dir='ltr'><strong>accen-</strong></span> 
     </span>
    </p>
   </div>
   <div class='ocr_carea' id='block_1_68' title="bbox 318 4959 1887 5030">
    <p class='ocr_par' dir='ltr' id='par_1_68' title="bbox 318 4959 1887 5030">
     <span class='ocr_line' id='line_1_68' title="bbox 318 4959 1887 5030; baseline 0.001 -18"><span class='ocrx_word' id='word_1_548' title='bbox 318 4959 492 5013; x_wconf 83' lang='lat' dir='ltr'><strong>distis.</strong></span> <span class='ocrx_word' id='word_1_549' title='bbox 530 4959 588 5013; x_wconf 91' lang='lat' dir='ltr'><strong>lu</strong></span> <span class='ocrx_word' id='word_1_550' title='bbox 639 4960 863 5014; x_wconf 87' lang='lat' dir='ltr'><strong>sabbato</strong></span> <span class='ocrx_word' id='word_1_551' title='bbox 909 4961 1281 5030; x_wconf 86' lang='lat' dir='ltr'><strong>unusquisque</strong></span> <span class='ocrx_word' id='word_1_552' title='bbox 1311 4961 1496 5015; x_wconf 88' lang='lat' dir='ltr'><strong>sedeat</strong></span> <span class='ocrx_word' id='word_1_553' title='bbox 1525 4959 1726 5015; x_wconf 92' lang='lat' dir='ltr'><strong>inloco</strong></span> <span class='ocrx_word' id='word_1_554' title='bbox 1769 4975 1887 5026; x_wconf 89' lang='lat' dir='ltr'><strong>suo,</strong></span> 
     </span>
    </p>
   </div>
   <div class='ocr_carea' id='block_1_69' title="bbox 317 5049 1892 5121">
    <p class='ocr_par' dir='ltr' id='par_1_69' title="bbox 317 5049 1892 5121">
     <span class='ocr_line' id='line_1_69' title="bbox 317 5049 1892 5121; baseline 0 -17"><span class='ocrx_word' id='word_1_555' title='bbox 317 5057 375 5104; x_wconf 88' lang='lat' dir='ltr'><strong>et</strong></span> <span class='ocrx_word' id='word_1_556' title='bbox 419 5065 526 5104; x_wconf 88' lang='lat' dir='ltr'><strong>non</strong></span> <span class='ocrx_word' id='word_1_557' title='bbox 557 5058 716 5103; x_wconf 80' lang='lat' dir='ltr'><strong>exeat</strong></span> <span class='ocrx_word' id='word_1_558' title='bbox 746 5051 888 5105; x_wconf 90' lang='lat' dir='ltr'><strong>inde.</strong></span> <span class='ocrx_word' id='word_1_559' title='bbox 913 5049 1045 5116; x_wconf 88' lang='lat' dir='ltr'><strong>Quis</strong></span> <span class='ocrx_word' id='word_1_560' title='bbox 1066 5066 1195 5120; x_wconf 89' lang='lat' dir='ltr'><strong>ergo</strong></span> <span class='ocrx_word' id='word_1_561' title='bbox 1221 5058 1304 5104; x_wconf 89' lang='lat' dir='ltr'><strong>est</strong></span> <span class='ocrx_word' id='word_1_562' title='bbox 1333 5050 1483 5105; x_wconf 91' lang='lat' dir='ltr'><strong>locus</strong></span> <span class='ocrx_word' id='word_1_563' title='bbox 1532 5051 1648 5121; x_wconf 88' lang='lat' dir='ltr'><strong>ejus</strong></span> <span class='ocrx_word' id='word_1_564' title='bbox 1695 5051 1892 5105; x_wconf 76' lang='lat' dir='ltr'><strong>anima:</strong></span> 
     </span>
    </p>
   </div>
   <div class='ocr_carea' id='block_1_70' title="bbox 320 5137 1887 5214">
    <p class='ocr_par' dir='ltr' id='par_1_70' title="bbox 320 5137 1887 5214">
     <span class='ocr_line' id='line_1_70' title="bbox 320 5137 1887 5214; baseline 0 -20"><span class='ocrx_word' id='word_1_565' title='bbox 320 5138 618 5210; x_wconf 81' lang='lat' dir='ltr'><strong>spiritalis?</strong></span> <span class='ocrx_word' id='word_1_566' title='bbox 662 5137 876 5193; x_wconf 74' lang='lat' dir='ltr'><strong>Iustitia</strong></span> <span class='ocrx_word' id='word_1_567' title='bbox 926 5139 1078 5214; x_wconf 87' lang='lat' dir='ltr'><strong>locus</strong></span> <span class='ocrx_word' id='word_1_568' title='bbox 1126 5138 1260 5208; x_wconf 83' lang='lat' dir='ltr'><strong>ejus,</strong></span> <span class='ocrx_word' id='word_1_569' title='bbox 1327 5140 1551 5207; x_wconf 83' lang='lat' dir='ltr'><strong>veritas,</strong></span> <span class='ocrx_word' id='word_1_570' title='bbox 1601 5141 1887 5211; x_wconf 86' lang='lat' dir='ltr'><strong>sapientia,</strong></span> 
     </span>
    </p>
   </div>
   <div class='ocr_carea' id='block_1_71' title="bbox 320 5229 1891 5299">
    <p class='ocr_par' dir='ltr' id='par_1_71' title="bbox 320 5229 1891 5299">
     <span class='ocr_line' id='line_1_71' title="bbox 320 5229 1891 5299; baseline 0 -15"><span class='ocrx_word' id='word_1_571' title='bbox 320 5229 700 5293; x_wconf 87' lang='lat' dir='ltr'><strong>sanctiﬁcatio,</strong></span> <span class='ocrx_word' id='word_1_572' title='bbox 728 5237 782 5283; x_wconf 94' lang='lat' dir='ltr'><strong>et</strong></span> <span class='ocrx_word' id='word_1_573' title='bbox 803 5230 983 5284; x_wconf 90' lang='lat' dir='ltr'><strong>omnia</strong></span> <span class='ocrx_word' id='word_1_574' title='bbox 1024 5244 1144 5299; x_wconf 81' lang='lat' dir='ltr'><strong>qua:</strong></span> <span class='ocrx_word' id='word_1_575' title='bbox 1182 5229 1430 5284; x_wconf 88' lang='lat' dir='ltr'><strong>Christus</strong></span> <span class='ocrx_word' id='word_1_576' title='bbox 1459 5236 1561 5293; x_wconf 90' lang='lat' dir='ltr'><strong>est,</strong></span> <span class='ocrx_word' id='word_1_577' title='bbox 1595 5229 1746 5284; x_wconf 91' lang='lat' dir='ltr'><strong>locus</strong></span> <span class='ocrx_word' id='word_1_578' title='bbox 1774 5230 1891 5284; x_wconf 89' lang='lat' dir='ltr'><strong>aui-</strong></span> 
     </span>
    </p>
   </div>
   <div class='ocr_carea' id='block_1_72' title="bbox 320 5322 1888 5392">
    <p class='ocr_par' dir='ltr' id='par_1_72' title="bbox 320 5322 1888 5392">
     <span class='ocr_line' id='line_1_72' title="bbox 320 5322 1888 5392; baseline -0.002 -14"><span class='ocrx_word' id='word_1_579' title='bbox 320 5339 422 5378; x_wconf 75' lang='lat' dir='ltr'><strong>mze</strong></span> <span class='ocrx_word' id='word_1_580' title='bbox 438 5331 546 5379; x_wconf 86' lang='lat' dir='ltr'><strong>est.</strong></span> <span class='ocrx_word' id='word_1_581' title='bbox 577 5323 655 5378; x_wconf 79' lang='lat' dir='ltr'><strong>Ex</strong></span> <span class='ocrx_word' id='word_1_582' title='bbox 679 5337 786 5392; x_wconf 90' lang='lat' dir='ltr'><strong>quo</strong></span> <span class='ocrx_word' id='word_1_583' title='bbox 809 5323 926 5377; x_wconf 92' lang='lat' dir='ltr'><strong>loco</strong></span> <span class='ocrx_word' id='word_1_584' title='bbox 954 5337 1072 5378; x_wconf 83' lang='lat' dir='ltr'><strong>eam</strong></span> <span class='ocrx_word' id='word_1_585' title='bbox 1107 5337 1214 5376; x_wconf 89' lang='lat' dir='ltr'><strong>non</strong></span> <span class='ocrx_word' id='word_1_586' title='bbox 1241 5329 1453 5390; x_wconf 89' lang='lat' dir='ltr'><strong>oportet</strong></span> <span class='ocrx_word' id='word_1_587' title='bbox 1477 5322 1647 5386; x_wconf 82' lang='lat' dir='ltr'><strong>exire,</strong></span> <span class='ocrx_word' id='word_1_588' title='bbox 1671 5329 1733 5375; x_wconf 87' lang='lat' dir='ltr'><strong>ut.</strong></span> <span class='ocrx_word' id='word_1_589' title='bbox 1757 5336 1888 5376; x_wconf 88' lang='lat' dir='ltr'><strong>vera</strong></span> 
     </span>
    </p>
   </div>
   <div class='ocr_carea' id='block_1_73' title="bbox 320 5410 1891 5478">
    <p class='ocr_par' dir='ltr' id='par_1_73' title="bbox 320 5410 1891 5478">
     <span class='ocr_line' id='line_1_73' title="bbox 320 5410 1891 5478; baseline -0.003 -8"><span class='ocrx_word' id='word_1_590' title='bbox 320 5415 545 5472; x_wconf 85' lang='lat' dir='ltr'><strong>sabbata</strong></span> <span class='ocrx_word' id='word_1_591' title='bbox 586 5414 877 5478; x_wconf 88' lang='lat' dir='ltr'><strong>custodiat,</strong></span> <span class='ocrx_word' id='word_1_592' title='bbox 907 5422 964 5467; x_wconf 90' lang='lat' dir='ltr'><strong>et</strong></span> <span class='ocrx_word' id='word_1_593' title='bbox 987 5413 1126 5467; x_wconf 90' lang='lat' dir='ltr'><strong>diem</strong></span> <span class='ocrx_word' id='word_1_594' title='bbox 1156 5410 1352 5467; x_wconf 90' lang='lat' dir='ltr'><strong>festum</strong></span> <span class='ocrx_word' id='word_1_595' title='bbox 1386 5412 1439 5465; x_wconf 91' lang='lat' dir='ltr'><strong>in</strong></span> <span class='ocrx_word' id='word_1_596' title='bbox 1467 5411 1750 5467; x_wconf 84' lang='lat' dir='ltr'><strong>sacriﬁciis</strong></span> <span class='ocrx_word' id='word_1_597' title='bbox 1775 5412 1891 5466; x_wconf 83' lang='lat' dir='ltr'><strong>exi-</strong></span> 
     </span>
    </p>
   </div>
   <div class='ocr_carea' id='block_1_74' title="bbox 320 5502 1890 5579">
    <p class='ocr_par' dir='ltr' id='par_1_74' title="bbox 320 5502 1890 5579">
     <span class='ocr_line' id='line_1_74' title="bbox 320 5502 1890 5579; baseline -0.003 -19"><span class='ocrx_word' id='word_1_598' title='bbox 320 5516 410 5577; x_wconf 86' lang='lat' dir='ltr'><strong>gat</strong></span> <span class='ocrx_word' id='word_1_599' title='bbox 433 5505 808 5562; x_wconf 82' lang='lat' dir='ltr'><strong>sabbatorum.</strong></span> <span class='ocrx_word' id='word_1_600' title='bbox 839 5505 932 5560; x_wconf 89' lang='lat' dir='ltr'><strong>Sic</strong></span> <span class='ocrx_word' id='word_1_601' title='bbox 976 5514 1029 5559; x_wconf 89' lang='lat' dir='ltr'><strong>et</strong></span> <span class='ocrx_word' id='word_1_602' title='bbox 1063 5503 1322 5560; x_wconf 88' lang='lat' dir='ltr'><strong>Dominus</strong></span> <span class='ocrx_word' id='word_1_603' title='bbox 1353 5502 1605 5557; x_wconf 87' lang='lat' dir='ltr'><strong>dicebat:</strong></span> <span class='ocrx_word' id='word_1_604' title='bbox 1640 5502 1744 5568; x_wconf 83' lang='lat' dir='ltr'><strong>Qui</strong></span> <span class='ocrx_word' id='word_1_605' title='bbox 1778 5519 1890 5579; x_wconf 46' lang='lat' dir='ltr'><strong>ma:</strong></span> 
     </span>
    </p>
   </div>
   <div class='ocr_carea' id='block_1_75' title="bbox 323 5591 1892 5665">
    <p class='ocr_par' dir='ltr' id='par_1_75' title="bbox 323 5591 1892 5665">
     <span class='ocr_line' id='line_1_75' title="bbox 323 5591 1892 5665; baseline -0.003 -15"><span class='ocrx_word' id='word_1_606' title='bbox 323 5606 402 5650; x_wconf 74' lang='lat' dir='ltr'><strong>ut</strong></span> <span class='ocrx_word' id='word_1_607' title='bbox 435 5597 490 5649; x_wconf 82' lang='lat' dir='ltr'><strong>in</strong></span> <span class='ocrx_word' id='word_1_608' title='bbox 523 5613 622 5657; x_wconf 77' lang='lat' dir='ltr'><strong>me,</strong></span> <span class='ocrx_word' id='word_1_609' title='bbox 649 5605 698 5648; x_wconf 89' lang='lat' dir='ltr'><strong>et</strong></span> <span class='ocrx_word' id='word_1_610' title='bbox 724 5611 815 5665; x_wconf 86' lang='lat' dir='ltr'><strong>ego</strong></span> <span class='ocrx_word' id='word_1_611' title='bbox 855 5595 988 5648; x_wconf 85' lang='lat' dir='ltr'><strong>ineo</strong></span> <span class='ocrx_word' id='word_1_612' title='bbox 1015 5593 1194 5663; x_wconf 84' lang='lat' dir='ltr'><strong>(Joan.</strong></span> <span class='ocrx_word' id='word_1_613' title='bbox 1234 5593 1330 5662; x_wconf 83' lang='lat' dir='ltr'><strong>vi).</strong></span> <span class='ocrx_word' id='word_1_614' title='bbox 1363 5591 1515 5659; x_wconf 85' lang='lat' dir='ltr'><strong>Quod</strong></span> <span class='ocrx_word' id='word_1_615' title='bbox 1551 5599 1731 5647; x_wconf 88' lang='lat' dir='ltr'><strong>autem</strong></span> <span class='ocrx_word' id='word_1_616' title='bbox 1753 5593 1892 5646; x_wconf 83' lang='lat' dir='ltr'><strong>dixi-</strong></span> 
     </span>
    </p>
   </div>
   <div class='ocr_carea' id='block_1_76' title="bbox 324 5682 1890 5752">
    <p class='ocr_par' dir='ltr' id='par_1_76' title="bbox 324 5682 1890 5752">
     <span class='ocr_line' id='line_1_76' title="bbox 324 5682 1890 5752; baseline -0.004 -10"><span class='ocrx_word' id='word_1_617' title='bbox 324 5701 445 5742; x_wconf 86' lang='lat' dir='ltr'><strong>mus</strong></span> <span class='ocrx_word' id='word_1_618' title='bbox 464 5700 590 5740; x_wconf 81' lang='lat' dir='ltr'><strong>vera</strong></span> <span class='ocrx_word' id='word_1_619' title='bbox 613 5684 860 5748; x_wconf 83' lang='lat' dir='ltr'><strong>sabbata,</strong></span> <span class='ocrx_word' id='word_1_620' title='bbox 891 5684 932 5738; x_wconf 89' lang='lat' dir='ltr'><strong>si</strong></span> <span class='ocrx_word' id='word_1_621' title='bbox 957 5682 1119 5737; x_wconf 85' lang='lat' dir='ltr'><strong>altius</strong></span> <span class='ocrx_word' id='word_1_622' title='bbox 1141 5691 1449 5752; x_wconf 85' lang='lat' dir='ltr'><strong>repetamus</strong></span> <span class='ocrx_word' id='word_1_623' title='bbox 1474 5697 1593 5752; x_wconf 68' lang='lat' dir='ltr'><strong>quae</strong></span> <span class='ocrx_word' id='word_1_624' title='bbox 1630 5682 1739 5738; x_wconf 90' lang='lat' dir='ltr'><strong>sint</strong></span> <span class='ocrx_word' id='word_1_625' title='bbox 1763 5697 1890 5736; x_wconf 89' lang='lat' dir='ltr'><strong>vera</strong></span> 
     </span>
    </p>
   </div>
   <div class='ocr_carea' id='block_1_77' title="bbox 1995 1871 3571 1945">
    <p class='ocr_par' dir='ltr' id='par_1_77' title="bbox 1995 1871 3571 1945">
     <span class='ocr_line' id='line_1_77' title="bbox 1995 1871 3571 1945; baseline 0.004 -23"><span class='ocrx_word' id='word_1_626' title='bbox 1995 1871 2405 1944; x_wconf 82' lang='lat' dir='ltr'><strong>pensationibus</strong></span> <span class='ocrx_word' id='word_1_627' title='bbox 2428 1873 2638 1939; x_wconf 89' lang='lat' dir='ltr'><strong>mundi,</strong></span> <span class='ocrx_word' id='word_1_628' title='bbox 2670 1882 2724 1927; x_wconf 88' lang='lat' dir='ltr'><strong>et</strong></span> <span class='ocrx_word' id='word_1_629' title='bbox 2743 1889 2773 1926; x_wconf 90' lang='lat' dir='ltr'><strong>a</strong></span> <span class='ocrx_word' id='word_1_630' title='bbox 2796 1875 3197 1944; x_wconf 84' lang='lat' dir='ltr'><strong>provisionibus</strong></span> <span class='ocrx_word' id='word_1_631' title='bbox 3225 1875 3439 1945; x_wconf 86' lang='lat' dir='ltr'><strong>generis</strong></span> <span class='ocrx_word' id='word_1_632' title='bbox 3469 1876 3571 1929; x_wconf 92' lang='lat' dir='ltr'><strong>hu-</strong></span> 
     </span>
    </p>
   </div>
   <div class='ocr_carea' id='block_1_78' title="bbox 1997 1958 3569 2032">
    <p class='ocr_par' dir='ltr' id='par_1_78' title="bbox 1997 1958 3569 2032">
     <span class='ocr_line' id='line_1_78' title="bbox 1997 1958 3569 2032; baseline 0.004 -21"><span class='ocrx_word' id='word_1_633' title='bbox 1997 1958 2166 2012; x_wconf 89' lang='lat' dir='ltr'><strong>mani.</strong></span> <span class='ocrx_word' id='word_1_634' title='bbox 2198 1958 2336 2015; x_wconf 83' lang='lat' dir='ltr'><strong>Nam</strong></span> <span class='ocrx_word' id='word_1_635' title='bbox 2360 1969 2642 2016; x_wconf 89' lang='lat' dir='ltr'><strong>creaturas</strong></span> <span class='ocrx_word' id='word_1_636' title='bbox 2667 1963 2886 2032; x_wconf 89' lang='lat' dir='ltr'><strong>quidem</strong></span> <span class='ocrx_word' id='word_1_637' title='bbox 2914 1963 3046 2019; x_wconf 71' lang='lat' dir='ltr'><strong>fecit</strong></span> <span class='ocrx_word' id='word_1_638' title='bbox 3066 1979 3129 2020; x_wconf 89' lang='lat' dir='ltr'><strong>ex</strong></span> <span class='ocrx_word' id='word_1_639' title='bbox 3159 1965 3337 2028; x_wconf 88' lang='lat' dir='ltr'><strong>initio,</strong></span> <span class='ocrx_word' id='word_1_640' title='bbox 3368 1973 3423 2018; x_wconf 90' lang='lat' dir='ltr'><strong>et</strong></span> <span class='ocrx_word' id='word_1_641' title='bbox 3446 1965 3569 2020; x_wconf 89' lang='lat' dir='ltr'><strong>sub-</strong></span> 
     </span>
    </p>
   </div>
   <div class='ocr_carea' id='block_1_79' title="bbox 1995 2048 3568 2124">
    <p class='ocr_par' dir='ltr' id='par_1_79' title="bbox 1995 2048 3568 2124">
     <span class='ocr_line' id='line_1_79' title="bbox 1995 2048 3568 2124; baseline 0.005 -23"><span class='ocrx_word' id='word_1_642' title='bbox 1995 2048 2229 2105; x_wconf 81' lang='lat' dir='ltr'><strong>stantias</strong></span> <span class='ocrx_word' id='word_1_643' title='bbox 2257 2050 2484 2118; x_wconf 87' lang='lat' dir='ltr'><strong>protulit</strong></span> <span class='ocrx_word' id='word_1_644' title='bbox 2506 2060 2738 2119; x_wconf 86' lang='lat' dir='ltr'><strong>quantas</strong></span> <span class='ocrx_word' id='word_1_645' title='bbox 2770 2053 2874 2108; x_wconf 91' lang='lat' dir='ltr'><strong>sibi</strong></span> <span class='ocrx_word' id='word_1_646' title='bbox 2901 2055 3125 2113; x_wconf 88' lang='lat' dir='ltr'><strong>sciebat.</strong></span> <span class='ocrx_word' id='word_1_647' title='bbox 3147 2062 3206 2108; x_wconf 91' lang='lat' dir='ltr'><strong>ut</strong></span> <span class='ocrx_word' id='word_1_648' title='bbox 3233 2063 3357 2124; x_wconf 88' lang='lat' dir='ltr'><strong>pote</strong></span> <span class='ocrx_word' id='word_1_649' title='bbox 3386 2071 3568 2110; x_wconf 90' lang='lat' dir='ltr'><strong>rerum</strong></span> 
     </span>
    </p>
   </div>
   <div class='ocr_carea' id='block_1_80' title="bbox 1996 2135 3568 2212">
    <p class='ocr_par' dir='ltr' id='par_1_80' title="bbox 1996 2135 3568 2212">
     <span class='ocr_line' id='line_1_80' title="bbox 1996 2135 3568 2212; baseline 0.004 -21"><span class='ocrx_word' id='word_1_650' title='bbox 1996 2137 2264 2203; x_wconf 92' lang='lat' dir='ltr'><strong>conditor,</strong></span> <span class='ocrx_word' id='word_1_651' title='bbox 2281 2135 2344 2191; x_wconf 87' lang='lat' dir='ltr'><strong>ad</strong></span> <span class='ocrx_word' id='word_1_652' title='bbox 2362 2139 2748 2209; x_wconf 89' lang='lat' dir='ltr'><strong>perfectionem</strong></span> <span class='ocrx_word' id='word_1_653' title='bbox 2774 2143 2959 2196; x_wconf 90' lang='lat' dir='ltr'><strong>mundi</strong></span> <span class='ocrx_word' id='word_1_654' title='bbox 2987 2157 3145 2212; x_wconf 86' lang='lat' dir='ltr'><strong>posse</strong></span> <span class='ocrx_word' id='word_1_655' title='bbox 3171 2143 3438 2198; x_wconf 79' lang='lat' dir='ltr'><strong>sufﬁcere.</strong></span> <span class='ocrx_word' id='word_1_656' title='bbox 3462 2143 3568 2198; x_wconf 90' lang='lat' dir='ltr'><strong>Sed</strong></span> 
     </span>
    </p>
   </div>
   <div class='ocr_carea' id='block_1_81' title="bbox 1996 2229 3570 2308">
    <p class='ocr_par' dir='ltr' id='par_1_81' title="bbox 1996 2229 3570 2308">
     <span class='ocr_line' id='line_1_81' title="bbox 1996 2229 3570 2308; baseline 0.006 -28"><span class='ocrx_word' id='word_1_657' title='bbox 1996 2241 2168 2296; x_wconf 90' lang='lat' dir='ltr'><strong>usque</strong></span> <span class='ocrx_word' id='word_1_658' title='bbox 2193 2229 2260 2282; x_wconf 86' lang='lat' dir='ltr'><strong>ad</strong></span> <span class='ocrx_word' id='word_1_659' title='bbox 2294 2232 2810 2286; x_wconf 89' lang='lat' dir='ltr'><strong>consummationem</strong></span> <span class='ocrx_word' id='word_1_660' title='bbox 2840 2232 3042 2298; x_wconf 73' lang='lat' dir='ltr'><strong>saeculi,</strong></span> <span class='ocrx_word' id='word_1_661' title='bbox 3077 2234 3146 2288; x_wconf 89' lang='lat' dir='ltr'><strong>ab</strong></span> <span class='ocrx_word' id='word_1_662' title='bbox 3177 2249 3363 2292; x_wconf 89' lang='lat' dir='ltr'><strong>earum</strong></span> <span class='ocrx_word' id='word_1_663' title='bbox 3389 2237 3570 2308; x_wconf 86' lang='lat' dir='ltr'><strong>provi-</strong></span> 
     </span>
    </p>
   </div>
   <div class='ocr_carea' id='block_1_82' title="bbox 2001 2317 3569 2396">
    <p class='ocr_par' dir='ltr' id='par_1_82' title="bbox 2001 2317 3569 2396">
     <span class='ocr_line' id='line_1_82' title="bbox 2001 2317 3569 2396; baseline 0.006 -24"><span class='ocrx_word' id='word_1_664' title='bbox 2001 2317 2155 2373; x_wconf 88' lang='lat' dir='ltr'><strong>sione</strong></span> <span class='ocrx_word' id='word_1_665' title='bbox 2198 2327 2253 2374; x_wconf 90' lang='lat' dir='ltr'><strong>et</strong></span> <span class='ocrx_word' id='word_1_666' title='bbox 2278 2319 2678 2392; x_wconf 90' lang='lat' dir='ltr'><strong>dispensatione</strong></span> <span class='ocrx_word' id='word_1_667' title='bbox 2711 2339 2818 2377; x_wconf 90' lang='lat' dir='ltr'><strong>non</strong></span> <span class='ocrx_word' id='word_1_668' title='bbox 2849 2332 3044 2378; x_wconf 88' lang='lat' dir='ltr'><strong>cessat.</strong></span> <span class='ocrx_word' id='word_1_669' title='bbox 3076 2325 3143 2378; x_wconf 87' lang='lat' dir='ltr'><strong>Et</strong></span> <span class='ocrx_word' id='word_1_670' title='bbox 3183 2325 3291 2378; x_wconf 91' lang='lat' dir='ltr'><strong>erit</strong></span> <span class='ocrx_word' id='word_1_671' title='bbox 3321 2341 3451 2396; x_wconf 90' lang='lat' dir='ltr'><strong>ergo</strong></span> <span class='ocrx_word' id='word_1_672' title='bbox 3479 2342 3569 2381; x_wconf 88' lang='lat' dir='ltr'><strong>ve—</strong></span> 
     </span>
    </p>
   </div>
   <div class='ocr_carea' id='block_1_83' title="bbox 1996 2409 3568 2480">
    <p class='ocr_par' dir='ltr' id='par_1_83' title="bbox 1996 2409 3568 2480">
     <span class='ocr_line' id='line_1_83' title="bbox 1996 2409 3568 2480; baseline 0.006 -20"><span class='ocrx_word' id='word_1_673' title='bbox 1996 2422 2117 2462; x_wconf 89' lang='lat' dir='ltr'><strong>rum</strong></span> <span class='ocrx_word' id='word_1_674' title='bbox 2160 2409 2448 2464; x_wconf 85' lang='lat' dir='ltr'><strong>sabbatum</strong></span> <span class='ocrx_word' id='word_1_675' title='bbox 2477 2411 2530 2464; x_wconf 91' lang='lat' dir='ltr'><strong>in</strong></span> <span class='ocrx_word' id='word_1_676' title='bbox 2572 2425 2679 2480; x_wconf 91' lang='lat' dir='ltr'><strong>quo</strong></span> <span class='ocrx_word' id='word_1_677' title='bbox 2709 2411 3011 2480; x_wconf 89' lang='lat' dir='ltr'><strong>requiescet</strong></span> <span class='ocrx_word' id='word_1_678' title='bbox 3041 2412 3184 2468; x_wconf 89' lang='lat' dir='ltr'><strong>Deus</strong></span> <span class='ocrx_word' id='word_1_679' title='bbox 3225 2415 3293 2468; x_wconf 90' lang='lat' dir='ltr'><strong>ab</strong></span> <span class='ocrx_word' id='word_1_680' title='bbox 3318 2416 3568 2470; x_wconf 87' lang='lat' dir='ltr'><strong>omnibus</strong></span> 
     </span>
    </p>
   </div>
   <div class='ocr_carea' id='block_1_84' title="bbox 1995 2501 3562 2572">
    <p class='ocr_par' dir='ltr' id='par_1_84' title="bbox 1995 2501 3562 2572">
     <span class='ocr_line' id='line_1_84' title="bbox 1995 2501 3562 2572; baseline 0.004 -18"><span class='ocrx_word' id='word_1_681' title='bbox 1995 2501 2252 2572; x_wconf 88' lang='lat' dir='ltr'><strong>operibus</strong></span> <span class='ocrx_word' id='word_1_682' title='bbox 2277 2502 2411 2568; x_wconf 86' lang='lat' dir='ltr'><strong>suis,</strong></span> <span class='ocrx_word' id='word_1_683' title='bbox 2453 2502 2708 2557; x_wconf 83' lang='lat' dir='ltr'><strong>saeculum</strong></span> <span class='ocrx_word' id='word_1_684' title='bbox 2745 2513 3055 2570; x_wconf 81' lang='lat' dir='ltr'><strong>venturum,</strong></span> <span class='ocrx_word' id='word_1_685' title='bbox 3086 2510 3214 2560; x_wconf 90' lang='lat' dir='ltr'><strong>tunc</strong></span> <span class='ocrx_word' id='word_1_686' title='bbox 3260 2522 3384 2560; x_wconf 90' lang='lat' dir='ltr'><strong>cum</strong></span> <span class='ocrx_word' id='word_1_687' title='bbox 3411 2507 3562 2561; x_wconf 78' lang='lat' dir='ltr'><strong>aufu~</strong></span> 
     </span>
    </p>
   </div>
   <div class='ocr_carea' id='block_1_85' title="bbox 1994 2589 3568 2662">
    <p class='ocr_par' dir='ltr' id='par_1_85' title="bbox 1994 2589 3568 2662">
     <span class='ocr_line' id='line_1_85' title="bbox 1994 2589 3568 2662; baseline 0.005 -19"><span class='ocrx_word' id='word_1_688' title='bbox 1994 2589 2108 2658; x_wconf 85' lang='lat' dir='ltr'><strong>giet</strong></span> <span class='ocrx_word' id='word_1_689' title='bbox 2133 2590 2303 2656; x_wconf 91' lang='lat' dir='ltr'><strong>dolor,</strong></span> <span class='ocrx_word' id='word_1_690' title='bbox 2331 2601 2388 2645; x_wconf 90' lang='lat' dir='ltr'><strong>et</strong></span> <span class='ocrx_word' id='word_1_691' title='bbox 2431 2592 2676 2657; x_wconf 87' lang='lat' dir='ltr'><strong>tristitia,</strong></span> <span class='ocrx_word' id='word_1_692' title='bbox 2714 2601 2770 2646; x_wconf 90' lang='lat' dir='ltr'><strong>et</strong></span> <span class='ocrx_word' id='word_1_693' title='bbox 2798 2593 3050 2662; x_wconf 88' lang='lat' dir='ltr'><strong>gemitus,</strong></span> <span class='ocrx_word' id='word_1_694' title='bbox 3093 2601 3148 2647; x_wconf 90' lang='lat' dir='ltr'><strong>et</strong></span> <span class='ocrx_word' id='word_1_695' title='bbox 3175 2594 3279 2650; x_wconf 84' lang='lat' dir='ltr'><strong>erit</strong></span> <span class='ocrx_word' id='word_1_696' title='bbox 3305 2596 3485 2650; x_wconf 88' lang='lat' dir='ltr'><strong>omnia</strong></span> <span class='ocrx_word' id='word_1_697' title='bbox 3515 2606 3568 2651; x_wconf 88' lang='lat' dir='ltr'><strong>et</strong></span> 
     </span>
    </p>
   </div>
   <div class='ocr_carea' id='block_1_86' title="bbox 1996 2677 3569 2752">
    <p class='ocr_par' dir='ltr' id='par_1_86' title="bbox 1996 2677 3569 2752">
     <span class='ocr_line' id='line_1_86' title="bbox 1996 2677 3569 2752; baseline 0.006 -20"><span class='ocrx_word' id='word_1_698' title='bbox 1996 2677 2051 2733; x_wconf 88' lang='lat' dir='ltr'><strong>in</strong></span> <span class='ocrx_word' id='word_1_699' title='bbox 2097 2681 2348 2738; x_wconf 77' lang='lat' dir='ltr'><strong>erunibus</strong></span> <span class='ocrx_word' id='word_1_700' title='bbox 2393 2681 2552 2736; x_wconf 90' lang='lat' dir='ltr'><strong>Deus.</strong></span> <span class='ocrx_word' id='word_1_701' title='bbox 2584 2683 2643 2736; x_wconf 91' lang='lat' dir='ltr'><strong>ln</strong></span> <span class='ocrx_word' id='word_1_702' title='bbox 2682 2697 2788 2752; x_wconf 90' lang='lat' dir='ltr'><strong>quo</strong></span> <span class='ocrx_word' id='word_1_703' title='bbox 2833 2685 3059 2739; x_wconf 86' lang='lat' dir='ltr'><strong>sabbato</strong></span> <span class='ocrx_word' id='word_1_704' title='bbox 3105 2688 3367 2741; x_wconf 85' lang='lat' dir='ltr'><strong>concedat</strong></span> <span class='ocrx_word' id='word_1_705' title='bbox 3404 2688 3569 2741; x_wconf 91' lang='lat' dir='ltr'><strong>etiam</strong></span> 
     </span>
    </p>
   </div>
   <div class='ocr_carea' id='block_1_87' title="bbox 1997 2770 3569 2846">
    <p class='ocr_par' dir='ltr' id='par_1_87' title="bbox 1997 2770 3569 2846">
     <span class='ocr_line' id='line_1_87' title="bbox 1997 2770 3569 2846; baseline 0.005 -23"><span class='ocrx_word' id='word_1_706' title='bbox 1997 2770 2153 2824; x_wconf 87' lang='lat' dir='ltr'><strong>nobis</strong></span> <span class='ocrx_word' id='word_1_707' title='bbox 2187 2771 2330 2825; x_wconf 86' lang='lat' dir='ltr'><strong>Deus</strong></span> <span class='ocrx_word' id='word_1_708' title='bbox 2359 2773 2501 2826; x_wconf 91' lang='lat' dir='ltr'><strong>diem</strong></span> <span class='ocrx_word' id='word_1_709' title='bbox 2546 2771 2744 2826; x_wconf 86' lang='lat' dir='ltr'><strong>festum</strong></span> <span class='ocrx_word' id='word_1_710' title='bbox 2770 2788 2932 2844; x_wconf 86' lang='lat' dir='ltr'><strong>agere</strong></span> <span class='ocrx_word' id='word_1_711' title='bbox 2963 2790 3167 2841; x_wconf 88' lang='lat' dir='ltr'><strong>secum,</strong></span> <span class='ocrx_word' id='word_1_712' title='bbox 3201 2791 3321 2830; x_wconf 92' lang='lat' dir='ltr'><strong>cum</strong></span> <span class='ocrx_word' id='word_1_713' title='bbox 3360 2777 3569 2846; x_wconf 86' lang='lat' dir='ltr'><strong>angelis</strong></span> 
     </span>
    </p>
   </div>
   <div class='ocr_carea' id='block_1_88' title="bbox 1995 2863 3569 2934">
    <p class='ocr_par' dir='ltr' id='par_1_88' title="bbox 1995 2863 3569 2934">
     <span class='ocr_line' id='line_1_88' title="bbox 1995 2863 3569 2934; baseline 0.003 -16"><span class='ocrx_word' id='word_1_714' title='bbox 1995 2863 2198 2918; x_wconf 75' lang='lat' dir='ltr'><strong>Sanctis</strong></span> <span class='ocrx_word' id='word_1_715' title='bbox 2227 2863 2364 2918; x_wconf 85' lang='lat' dir='ltr'><strong>festa</strong></span> <span class='ocrx_word' id='word_1_716' title='bbox 2385 2865 2687 2930; x_wconf 87' lang='lat' dir='ltr'><strong>celebrare,</strong></span> <span class='ocrx_word' id='word_1_717' title='bbox 2710 2865 2998 2920; x_wconf 72' lang='lat' dir='ltr'><strong>offerentes</strong></span> <span class='ocrx_word' id='word_1_718' title='bbox 3020 2867 3345 2922; x_wconf 88' lang='lat' dir='ltr'><strong>sacriﬁcium</strong></span> <span class='ocrx_word' id='word_1_719' title='bbox 3368 2868 3569 2934; x_wconf 88' lang='lat' dir='ltr'><strong>laudis,</strong></span> 
     </span>
    </p>
   </div>
   <div class='ocr_carea' id='block_1_89' title="bbox 1993 2953 3571 3024">
    <p class='ocr_par' dir='ltr' id='par_1_89' title="bbox 1993 2953 3571 3024">
     <span class='ocr_line' id='line_1_89' title="bbox 1993 2953 3571 3024; baseline 0.003 -14"><span class='ocrx_word' id='word_1_720' title='bbox 1993 2959 2052 3010; x_wconf 85' lang='lat' dir='ltr'><strong>et</strong></span> <span class='ocrx_word' id='word_1_721' title='bbox 2101 2953 2390 3024; x_wconf 82' lang='lat' dir='ltr'><strong>reddentes</strong></span> <span class='ocrx_word' id='word_1_722' title='bbox 2428 2954 2706 3010; x_wconf 86' lang='lat' dir='ltr'><strong>Altissimo</strong></span> <span class='ocrx_word' id='word_1_723' title='bbox 2747 2964 2870 3010; x_wconf 87' lang='lat' dir='ltr'><strong>vota</strong></span> <span class='ocrx_word' id='word_1_724' title='bbox 2902 2965 3107 3011; x_wconf 90' lang='lat' dir='ltr'><strong>nostra.</strong></span> <span class='ocrx_word' id='word_1_725' title='bbox 3139 2957 3289 3012; x_wconf 89' lang='lat' dir='ltr'><strong>Tunc</strong></span> <span class='ocrx_word' id='word_1_726' title='bbox 3326 2957 3571 3014; x_wconf 88' lang='lat' dir='ltr'><strong>fortassis</strong></span> 
     </span>
    </p>
   </div>
   <div class='ocr_carea' id='block_1_90' title="bbox 1997 3041 3572 3119">
    <p class='ocr_par' dir='ltr' id='par_1_90' title="bbox 1997 3041 3572 3119">
     <span class='ocr_line' id='line_1_90' title="bbox 1997 3041 3572 3119; baseline 0.006 -25"><span class='ocrx_word' id='word_1_727' title='bbox 1997 3048 2052 3094; x_wconf 88' lang='lat' dir='ltr'><strong>et</strong></span> <span class='ocrx_word' id='word_1_728' title='bbox 2076 3041 2401 3099; x_wconf 80' lang='lat' dir='ltr'><strong>sacriﬁcium</strong></span> <span class='ocrx_word' id='word_1_729' title='bbox 2431 3053 2672 3099; x_wconf 90' lang='lat' dir='ltr'><strong>nostrum</strong></span> <span class='ocrx_word' id='word_1_730' title='bbox 2705 3045 3039 3113; x_wconf 85' lang='lat' dir='ltr'><strong>indesinens,</strong></span> <span class='ocrx_word' id='word_1_731' title='bbox 3070 3047 3134 3102; x_wconf 94' lang='lat' dir='ltr'><strong>de</strong></span> <span class='ocrx_word' id='word_1_732' title='bbox 3158 3064 3263 3118; x_wconf 89' lang='lat' dir='ltr'><strong>quo</strong></span> <span class='ocrx_word' id='word_1_733' title='bbox 3291 3063 3450 3119; x_wconf 87' lang='lat' dir='ltr'><strong>supra</strong></span> <span class='ocrx_word' id='word_1_734' title='bbox 3476 3065 3572 3106; x_wconf 81' lang='lat' dir='ltr'><strong>ex-</strong></span> 
     </span>
    </p>
   </div>
   <div class='ocr_carea' id='block_1_91' title="bbox 1997 3134 3574 3202">
    <p class='ocr_par' dir='ltr' id='par_1_91' title="bbox 1997 3134 3574 3202">
     <span class='ocr_line' id='line_1_91' title="bbox 1997 3134 3574 3202; baseline 0.005 -14"><span class='ocrx_word' id='word_1_735' title='bbox 1997 3134 2299 3202; x_wconf 89' lang='lat' dir='ltr'><strong>posuimus,</strong></span> <span class='ocrx_word' id='word_1_736' title='bbox 2329 3135 2524 3190; x_wconf 92' lang='lat' dir='ltr'><strong>melius</strong></span> <span class='ocrx_word' id='word_1_737' title='bbox 2553 3135 2831 3191; x_wconf 75' lang='lat' dir='ltr'><strong>oﬂ‘eretur.</strong></span> <span class='ocrx_word' id='word_1_738' title='bbox 2865 3136 3018 3192; x_wconf 90' lang='lat' dir='ltr'><strong>Tunc</strong></span> <span class='ocrx_word' id='word_1_739' title='bbox 3038 3138 3183 3191; x_wconf 90' lang='lat' dir='ltr'><strong>enim</strong></span> <span class='ocrx_word' id='word_1_740' title='bbox 3206 3139 3397 3193; x_wconf 90' lang='lat' dir='ltr'><strong>melius</strong></span> <span class='ocrx_word' id='word_1_741' title='bbox 3425 3138 3574 3196; x_wconf 83' lang='lat' dir='ltr'><strong>inde-</strong></span> 
     </span>
    </p>
   </div>
   <div class='ocr_carea' id='block_1_92' title="bbox 1999 3225 3574 3294">
    <p class='ocr_par' dir='ltr' id='par_1_92' title="bbox 1999 3225 3574 3294">
     <span class='ocr_line' id='line_1_92' title="bbox 1999 3225 3574 3294; baseline 0.004 -15"><span class='ocrx_word' id='word_1_742' title='bbox 1999 3225 2244 3279; x_wconf 86' lang='lat' dir='ltr'><strong>sinenter</strong></span> <span class='ocrx_word' id='word_1_743' title='bbox 2261 3225 2522 3280; x_wconf 86' lang='lat' dir='ltr'><strong>assistere</strong></span> <span class='ocrx_word' id='word_1_744' title='bbox 2545 3227 2748 3294; x_wconf 90' lang='lat' dir='ltr'><strong>poterit</strong></span> <span class='ocrx_word' id='word_1_745' title='bbox 2771 3225 2934 3292; x_wconf 89' lang='lat' dir='ltr'><strong>Deus,</strong></span> <span class='ocrx_word' id='word_1_746' title='bbox 2967 3235 3023 3280; x_wconf 91' lang='lat' dir='ltr'><strong>et</strong></span> <span class='ocrx_word' id='word_1_747' title='bbox 3050 3226 3377 3282; x_wconf 85' lang='lat' dir='ltr'><strong>sacriﬁcium</strong></span> <span class='ocrx_word' id='word_1_748' title='bbox 3400 3229 3574 3286; x_wconf 82' lang='lat' dir='ltr'><strong>laudis</strong></span> 
     </span>
    </p>
   </div>
   <div class='ocr_carea' id='block_1_93' title="bbox 1997 3315 3575 3387">
    <p class='ocr_par' dir='ltr' id='par_1_93' title="bbox 1997 3315 3575 3387">
     <span class='ocr_line' id='line_1_93' title="bbox 1997 3315 3575 3387; baseline 0.003 -18"><span class='ocrx_word' id='word_1_749' title='bbox 1997 3330 2095 3386; x_wconf 90' lang='lat' dir='ltr'><strong>per</strong></span> <span class='ocrx_word' id='word_1_750' title='bbox 2131 3315 2440 3385; x_wconf 88' lang='lat' dir='ltr'><strong>pontiﬁcem</strong></span> <span class='ocrx_word' id='word_1_751' title='bbox 2485 3332 2760 3387; x_wconf 85' lang='lat' dir='ltr'><strong>magnum,</strong></span> <span class='ocrx_word' id='word_1_752' title='bbox 2793 3317 2881 3387; x_wconf 88' lang='lat' dir='ltr'><strong>qui</strong></span> <span class='ocrx_word' id='word_1_753' title='bbox 2925 3327 3005 3371; x_wconf 85' lang='lat' dir='ltr'><strong>est</strong></span> <span class='ocrx_word' id='word_1_754' title='bbox 3047 3319 3290 3372; x_wconf 81' lang='lat' dir='ltr'><strong>sacerdos</strong></span> <span class='ocrx_word' id='word_1_755' title='bbox 3341 3320 3396 3374; x_wconf 88' lang='lat' dir='ltr'><strong>in</strong></span> <span class='ocrx_word' id='word_1_756' title='bbox 3425 3329 3575 3374; x_wconf 81' lang='lat' dir='ltr'><strong>teter-</strong></span> 
     </span>
    </p>
   </div>
   <div class='ocr_carea' id='block_1_94' title="bbox 1998 3407 3570 3484">
    <p class='ocr_par' dir='ltr' id='par_1_94' title="bbox 1998 3407 3570 3484">
     <span class='ocr_line' id='line_1_94' title="bbox 1998 3407 3570 3484; baseline 0.004 -24"><span class='ocrx_word' id='word_1_757' title='bbox 1998 3424 2123 3461; x_wconf 88' lang='lat' dir='ltr'><strong>num</strong></span> <span class='ocrx_word' id='word_1_758' title='bbox 2169 3408 2452 3484; x_wconf 81' lang='lat' dir='ltr'><strong>secundum</strong></span> <span class='ocrx_word' id='word_1_759' title='bbox 2506 3408 2742 3461; x_wconf 85' lang='lat' dir='ltr'><strong>ordinem</strong></span> <span class='ocrx_word' id='word_1_760' title='bbox 2785 3407 3162 3464; x_wconf 79' lang='lat' dir='ltr'><strong>Melchisedech</strong></span> <span class='ocrx_word' id='word_1_761' title='bbox 3209 3408 3380 3481; x_wconf 88' lang='lat' dir='ltr'><strong>(Psal.</strong></span> <span class='ocrx_word' id='word_1_762' title='bbox 3436 3412 3570 3484; x_wconf 80' lang='lat' dir='ltr'><strong>etx).</strong></span> 
     </span>
    </p>
   </div>
   <div class='ocr_carea' id='block_1_95' title="bbox 2001 3482 3574 3572">
    <p class='ocr_par' dir='ltr' id='par_1_95' title="bbox 2001 3482 3574 3572">
     <span class='ocr_line' id='line_1_95' title="bbox 2001 3482 3574 3572; baseline 0.004 -18"><span class='ocrx_word' id='word_1_763' title='bbox 2001 3482 2226 3555; x_wconf 78' lang='lat' dir='ltr'><strong>Sabbati</strong></span> <span class='ocrx_word' id='word_1_764' title='bbox 2252 3515 2384 3571; x_wconf 87' lang='lat' dir='ltr'><strong>ergo</strong></span> <span class='ocrx_word' id='word_1_765' title='bbox 2425 3500 2645 3565; x_wconf 89' lang='lat' dir='ltr'><strong>oblatio,</strong></span> <span class='ocrx_word' id='word_1_766' title='bbox 2672 3501 2778 3554; x_wconf 89' lang='lat' dir='ltr'><strong>duo</strong></span> <span class='ocrx_word' id='word_1_767' title='bbox 2806 3509 2933 3555; x_wconf 85' lang='lat' dir='ltr'><strong>sunt</strong></span> <span class='ocrx_word' id='word_1_768' title='bbox 2975 3503 3097 3572; x_wconf 88' lang='lat' dir='ltr'><strong>agni</strong></span> <span class='ocrx_word' id='word_1_769' title='bbox 3125 3504 3358 3558; x_wconf 88' lang='lat' dir='ltr'><strong>anniculi</strong></span> <span class='ocrx_word' id='word_1_770' title='bbox 3382 3482 3574 3560; x_wconf 84' lang='lat' dir='ltr'><strong>imma-</strong></span> 
     </span>
    </p>
   </div>
   <div class='ocr_carea' id='block_1_96' title="bbox 1998 3591 3574 3662">
    <p class='ocr_par' dir='ltr' id='par_1_96' title="bbox 1998 3591 3574 3662">
     <span class='ocr_line' id='line_1_96' title="bbox 1998 3591 3574 3662; baseline 0.002 -15"><span class='ocrx_word' id='word_1_771' title='bbox 1998 3591 2184 3655; x_wconf 90' lang='lat' dir='ltr'><strong>culati,</strong></span> <span class='ocrx_word' id='word_1_772' title='bbox 2219 3600 2275 3646; x_wconf 90' lang='lat' dir='ltr'><strong>et</strong></span> <span class='ocrx_word' id='word_1_773' title='bbox 2299 3592 2418 3646; x_wconf 71' lang='lat' dir='ltr'><strong>dua:</strong></span> <span class='ocrx_word' id='word_1_774' title='bbox 2447 3591 2670 3645; x_wconf 64' lang='lat' dir='ltr'><strong>decimae</strong></span> <span class='ocrx_word' id='word_1_775' title='bbox 2711 3591 2902 3645; x_wconf 68' lang='lat' dir='ltr'><strong>similae</strong></span> <span class='ocrx_word' id='word_1_776' title='bbox 2929 3592 3048 3646; x_wconf 90' lang='lat' dir='ltr'><strong>oleo</strong></span> <span class='ocrx_word' id='word_1_777' title='bbox 3073 3608 3374 3662; x_wconf 71' lang='lat' dir='ltr'><strong>conspersa:</strong></span> <span class='ocrx_word' id='word_1_778' title='bbox 3402 3596 3454 3650; x_wconf 94' lang='lat' dir='ltr'><strong>in</strong></span> <span class='ocrx_word' id='word_1_779' title='bbox 3487 3611 3574 3650; x_wconf 90' lang='lat' dir='ltr'><strong>sa-</strong></span> 
     </span>
    </p>
   </div>
   <div class='ocr_carea' id='block_1_97' title="bbox 1997 3681 3574 3752">
    <p class='ocr_par' dir='ltr' id='par_1_97' title="bbox 1997 3681 3574 3752">
     <span class='ocr_line' id='line_1_97' title="bbox 1997 3681 3574 3752; baseline 0.003 -17"><span class='ocrx_word' id='word_1_780' title='bbox 1997 3681 2226 3746; x_wconf 91' lang='lat' dir='ltr'><strong>criﬁcio,</strong></span> <span class='ocrx_word' id='word_1_781' title='bbox 2256 3689 2310 3735; x_wconf 92' lang='lat' dir='ltr'><strong>et</strong></span> <span class='ocrx_word' id='word_1_782' title='bbox 2331 3681 2439 3735; x_wconf 91' lang='lat' dir='ltr'><strong>liba</strong></span> <span class='ocrx_word' id='word_1_783' title='bbox 2466 3697 2587 3751; x_wconf 60' lang='lat' dir='ltr'><strong>quae</strong></span> <span class='ocrx_word' id='word_1_784' title='bbox 2616 3681 2720 3734; x_wconf 84' lang='lat' dir='ltr'><strong>rite</strong></span> <span class='ocrx_word' id='word_1_785' title='bbox 2748 3681 3045 3734; x_wconf 85' lang='lat' dir='ltr'><strong>funduntur</strong></span> <span class='ocrx_word' id='word_1_786' title='bbox 3080 3697 3178 3750; x_wconf 88' lang='lat' dir='ltr'><strong>per</strong></span> <span class='ocrx_word' id='word_1_787' title='bbox 3206 3683 3417 3752; x_wconf 88' lang='lat' dir='ltr'><strong>singula</strong></span> <span class='ocrx_word' id='word_1_788' title='bbox 3449 3687 3574 3740; x_wconf 88' lang='lat' dir='ltr'><strong>sab-</strong></span> 
     </span>
    </p>
   </div>
   <div class='ocr_carea' id='block_1_98' title="bbox 1996 3771 3576 3842">
    <p class='ocr_par' dir='ltr' id='par_1_98' title="bbox 1996 3771 3576 3842">
     <span class='ocr_line' id='line_1_98' title="bbox 1996 3771 3576 3842; baseline 0.001 -14"><span class='ocrx_word' id='word_1_789' title='bbox 1996 3773 2142 3830; x_wconf 85' lang='lat' dir='ltr'><strong>bata.</strong></span> <span class='ocrx_word' id='word_1_790' title='bbox 2168 3771 2298 3838; x_wconf 60' lang='lat' dir='ltr'><strong>Quae</strong></span> <span class='ocrx_word' id='word_1_791' title='bbox 2327 3773 2481 3827; x_wconf 89' lang='lat' dir='ltr'><strong>nobis</strong></span> <span class='ocrx_word' id='word_1_792' title='bbox 2503 3772 2638 3826; x_wconf 91' lang='lat' dir='ltr'><strong>nihil</strong></span> <span class='ocrx_word' id='word_1_793' title='bbox 2658 3773 2802 3827; x_wconf 89' lang='lat' dir='ltr'><strong>aliud</strong></span> <span class='ocrx_word' id='word_1_794' title='bbox 2831 3773 3086 3837; x_wconf 88' lang='lat' dir='ltr'><strong>iunuunt,</strong></span> <span class='ocrx_word' id='word_1_795' title='bbox 3113 3789 3275 3842; x_wconf 88' lang='lat' dir='ltr'><strong>quam</strong></span> <span class='ocrx_word' id='word_1_796' title='bbox 3301 3783 3358 3827; x_wconf 91' lang='lat' dir='ltr'><strong>ut</strong></span> <span class='ocrx_word' id='word_1_797' title='bbox 3404 3775 3576 3829; x_wconf 87' lang='lat' dir='ltr'><strong>sobrie</strong></span> 
     </span>
    </p>
   </div>
   <div class='ocr_carea' id='block_1_99' title="bbox 1997 3863 3570 3935">
    <p class='ocr_par' dir='ltr' id='par_1_99' title="bbox 1997 3863 3570 3935">
     <span class='ocr_line' id='line_1_99' title="bbox 1997 3863 3570 3935; baseline 0.001 -18"><span class='ocrx_word' id='word_1_798' title='bbox 1997 3873 2043 3917; x_wconf 89' lang='lat' dir='ltr'><strong>et</strong></span> <span class='ocrx_word' id='word_1_799' title='bbox 2064 3863 2207 3932; x_wconf 89' lang='lat' dir='ltr'><strong>juste</strong></span> <span class='ocrx_word' id='word_1_800' title='bbox 2235 3872 2285 3916; x_wconf 89' lang='lat' dir='ltr'><strong>et</strong></span> <span class='ocrx_word' id='word_1_801' title='bbox 2320 3863 2402 3933; x_wconf 86' lang='lat' dir='ltr'><strong>pie</strong></span> <span class='ocrx_word' id='word_1_802' title='bbox 2447 3865 2676 3918; x_wconf 81' lang='lat' dir='ltr'><strong>vivamus</strong></span> <span class='ocrx_word' id='word_1_803' title='bbox 2723 3864 2779 3917; x_wconf 88' lang='lat' dir='ltr'><strong>in</strong></span> <span class='ocrx_word' id='word_1_804' title='bbox 2831 3863 2927 3917; x_wconf 82' lang='lat' dir='ltr'><strong>hoc</strong></span> <span class='ocrx_word' id='word_1_805' title='bbox 2963 3863 3180 3930; x_wconf 78' lang='lat' dir='ltr'><strong>steculo,</strong></span> <span class='ocrx_word' id='word_1_806' title='bbox 3216 3875 3570 3935; x_wconf 73' lang='lat' dir='ltr'><strong>exspectantes</strong></span> 
     </span>
    </p>
   </div>
   <div class='ocr_carea' id='block_1_100' title="bbox 1997 3954 3572 4027">
    <p class='ocr_par' dir='ltr' id='par_1_100' title="bbox 1997 3954 3572 4027">
     <span class='ocr_line' id='line_1_100' title="bbox 1997 3954 3572 4027; baseline 0 -19"><span class='ocrx_word' id='word_1_807' title='bbox 1997 3954 2200 4008; x_wconf 86' lang='lat' dir='ltr'><strong>beatam</strong></span> <span class='ocrx_word' id='word_1_808' title='bbox 2227 3971 2391 4024; x_wconf 83' lang='lat' dir='ltr'><strong>spem,</strong></span> <span class='ocrx_word' id='word_1_809' title='bbox 2420 3963 2470 4008; x_wconf 89' lang='lat' dir='ltr'><strong>et</strong></span> <span class='ocrx_word' id='word_1_810' title='bbox 2501 3955 2778 4008; x_wconf 86' lang='lat' dir='ltr'><strong>adventum</strong></span> <span class='ocrx_word' id='word_1_811' title='bbox 2801 3954 2988 4026; x_wconf 77' lang='lat' dir='ltr'><strong>gloria:</strong></span> <span class='ocrx_word' id='word_1_812' title='bbox 3023 3956 3205 4027; x_wconf 87' lang='lat' dir='ltr'><strong>magni</strong></span> <span class='ocrx_word' id='word_1_813' title='bbox 3235 3955 3334 4010; x_wconf 90' lang='lat' dir='ltr'><strong>Dei</strong></span> <span class='ocrx_word' id='word_1_814' title='bbox 3367 3967 3416 4010; x_wconf 90' lang='lat' dir='ltr'><strong>et</strong></span> <span class='ocrx_word' id='word_1_815' title='bbox 3447 3956 3572 4011; x_wconf 88' lang='lat' dir='ltr'><strong>Sal-</strong></span> 
     </span>
    </p>
   </div>
   <div class='ocr_carea' id='block_1_101' title="bbox 1997 4043 3570 4117">
    <p class='ocr_par' dir='ltr' id='par_1_101' title="bbox 1997 4043 3570 4117">
     <span class='ocr_line' id='line_1_101' title="bbox 1997 4043 3570 4117; baseline 0.001 -18"><span class='ocrx_word' id='word_1_816' title='bbox 1997 4047 2190 4099; x_wconf 81' lang='lat' dir='ltr'><strong>uatoris</strong></span> <span class='ocrx_word' id='word_1_817' title='bbox 2214 4046 2377 4100; x_wconf 87' lang='lat' dir='ltr'><strong>nostri</strong></span> <span class='ocrx_word' id='word_1_818' title='bbox 2405 4043 2536 4100; x_wconf 83' lang='lat' dir='ltr'><strong>Jesu</strong></span> <span class='ocrx_word' id='word_1_819' title='bbox 2566 4044 2779 4100; x_wconf 83' lang='lat' dir='ltr'><strong>Christi.</strong></span> <span class='ocrx_word' id='word_1_820' title='bbox 2802 4046 2881 4100; x_wconf 87' lang='lat' dir='ltr'><strong>Ac</strong></span> <span class='ocrx_word' id='word_1_821' title='bbox 2903 4047 3164 4117; x_wconf 89' lang='lat' dir='ltr'><strong>quidquid</strong></span> <span class='ocrx_word' id='word_1_822' title='bbox 3189 4048 3366 4102; x_wconf 88' lang='lat' dir='ltr'><strong>divina</strong></span> <span class='ocrx_word' id='word_1_823' title='bbox 3393 4049 3570 4117; x_wconf 83' lang='lat' dir='ltr'><strong>gratia</strong></span> 
     </span>
    </p>
   </div>
   <div class='ocr_carea' id='block_1_102' title="bbox 1997 4134 3568 4205">
    <p class='ocr_par' dir='ltr' id='par_1_102' title="bbox 1997 4134 3568 4205">
     <span class='ocr_line' id='line_1_102' title="bbox 1997 4134 3568 4205; baseline 0.001 -18"><span class='ocrx_word' id='word_1_824' title='bbox 1997 4149 2306 4204; x_wconf 91' lang='lat' dir='ltr'><strong>possumus,</strong></span> <span class='ocrx_word' id='word_1_825' title='bbox 2331 4143 2570 4205; x_wconf 78' lang='lat' dir='ltr'><strong>paterna:</strong></span> <span class='ocrx_word' id='word_1_826' title='bbox 2595 4134 2794 4204; x_wconf 90' lang='lat' dir='ltr'><strong>quietis</strong></span> <span class='ocrx_word' id='word_1_827' title='bbox 2816 4137 3101 4205; x_wconf 89' lang='lat' dir='ltr'><strong>adeptione</strong></span> <span class='ocrx_word' id='word_1_828' title='bbox 3125 4137 3390 4190; x_wconf 88' lang='lat' dir='ltr'><strong>instanter</strong></span> <span class='ocrx_word' id='word_1_829' title='bbox 3416 4137 3568 4188; x_wconf 88' lang='lat' dir='ltr'><strong>labo-</strong></span> 
     </span>
    </p>
   </div>
   <div class='ocr_carea' id='block_1_103' title="bbox 2000 4224 3567 4293">
    <p class='ocr_par' dir='ltr' id='par_1_103' title="bbox 2000 4224 3567 4293">
     <span class='ocr_line' id='line_1_103' title="bbox 2000 4224 3567 4293; baseline 0.001 -19"><span class='ocrx_word' id='word_1_830' title='bbox 2000 4237 2199 4278; x_wconf 86' lang='lat' dir='ltr'><strong>remus.</strong></span> <span class='ocrx_word' id='word_1_831' title='bbox 2225 4224 2368 4282; x_wconf 87' lang='lat' dir='ltr'><strong>Duos</strong></span> <span class='ocrx_word' id='word_1_832' title='bbox 2388 4239 2554 4293; x_wconf 86' lang='lat' dir='ltr'><strong>agnos</strong></span> <span class='ocrx_word' id='word_1_833' title='bbox 2574 4225 2852 4280; x_wconf 89' lang='lat' dir='ltr'><strong>anniculos</strong></span> <span class='ocrx_word' id='word_1_834' title='bbox 2874 4224 3098 4279; x_wconf 90' lang='lat' dir='ltr'><strong>Domino</strong></span> <span class='ocrx_word' id='word_1_835' title='bbox 3119 4225 3296 4288; x_wconf 86' lang='lat' dir='ltr'><strong>otl&#39;ert,</strong></span> <span class='ocrx_word' id='word_1_836' title='bbox 3320 4224 3410 4293; x_wconf 91' lang='lat' dir='ltr'><strong>qui</strong></span> <span class='ocrx_word' id='word_1_837' title='bbox 3436 4225 3567 4277; x_wconf 88' lang='lat' dir='ltr'><strong>sim-</strong></span> 
     </span>
    </p>
   </div>
   <div class='ocr_carea' id='block_1_104' title="bbox 1997 4312 3572 4383">
    <p class='ocr_par' dir='ltr' id='par_1_104' title="bbox 1997 4312 3572 4383">
     <span class='ocr_line' id='line_1_104' title="bbox 1997 4312 3572 4383; baseline 0 -17"><span class='ocrx_word' id='word_1_838' title='bbox 1997 4313 2292 4383; x_wconf 90' lang='lat' dir='ltr'><strong>plicitatem</strong></span> <span class='ocrx_word' id='word_1_839' title='bbox 2314 4314 2510 4367; x_wconf 89' lang='lat' dir='ltr'><strong>mentis</strong></span> <span class='ocrx_word' id='word_1_840' title='bbox 2537 4321 2701 4382; x_wconf 89' lang='lat' dir='ltr'><strong>atque</strong></span> <span class='ocrx_word' id='word_1_841' title='bbox 2729 4313 3088 4367; x_wconf 88' lang='lat' dir='ltr'><strong>innocentiam</strong></span> <span class='ocrx_word' id='word_1_842' title='bbox 3116 4312 3297 4381; x_wconf 90' lang='lat' dir='ltr'><strong>operis</strong></span> <span class='ocrx_word' id='word_1_843' title='bbox 3315 4352 3330 4377; x_wconf 93' lang='lat'><strong>,</strong></span> <span class='ocrx_word' id='word_1_844' title='bbox 3361 4312 3414 4364; x_wconf 88' lang='lat' dir='ltr'><strong>in</strong></span> <span class='ocrx_word' id='word_1_845' title='bbox 3444 4327 3572 4366; x_wconf 85' lang='lat' dir='ltr'><strong>eon-</strong></span> 
     </span>
    </p>
   </div>
   <div class='ocr_carea' id='block_1_105' title="bbox 1999 4401 3571 4472">
    <p class='ocr_par' dir='ltr' id='par_1_105' title="bbox 1999 4401 3571 4472">
     <span class='ocr_line' id='line_1_105' title="bbox 1999 4401 3571 4472; baseline 0 -15"><span class='ocrx_word' id='word_1_846' title='bbox 1999 4411 2186 4472; x_wconf 91' lang='lat' dir='ltr'><strong>spectu</strong></span> <span class='ocrx_word' id='word_1_847' title='bbox 2207 4402 2506 4457; x_wconf 88' lang='lat' dir='ltr'><strong>divinitatis</strong></span> <span class='ocrx_word' id='word_1_848' title='bbox 2541 4403 2779 4458; x_wconf 80' lang='lat' dir='ltr'><strong>exhibet.</strong></span> <span class='ocrx_word' id='word_1_849' title='bbox 2808 4403 2953 4458; x_wconf 88' lang='lat' dir='ltr'><strong>Duas</strong></span> <span class='ocrx_word' id='word_1_850' title='bbox 2976 4403 3211 4457; x_wconf 89' lang='lat' dir='ltr'><strong>decimas</strong></span> <span class='ocrx_word' id='word_1_851' title='bbox 3236 4401 3426 4456; x_wconf 71' lang='lat' dir='ltr'><strong>similae</strong></span> <span class='ocrx_word' id='word_1_852' title='bbox 3448 4401 3571 4457; x_wconf 92' lang='lat' dir='ltr'><strong>oleo</strong></span> 
     </span>
    </p>
   </div>
   <div class='ocr_carea' id='block_1_106' title="bbox 1997 4491 3568 4564">
    <p class='ocr_par' dir='ltr' id='par_1_106' title="bbox 1997 4491 3568 4564">
     <span class='ocr_line' id='line_1_106' title="bbox 1997 4491 3568 4564; baseline -0.003 -15"><span class='ocrx_word' id='word_1_853' title='bbox 1997 4508 2304 4564; x_wconf 73' lang='lat' dir='ltr'><strong>conspersa:</strong></span> <span class='ocrx_word' id='word_1_854' title='bbox 2331 4493 2386 4546; x_wconf 92' lang='lat' dir='ltr'><strong>in</strong></span> <span class='ocrx_word' id='word_1_855' title='bbox 2418 4493 2686 4548; x_wconf 87' lang='lat' dir='ltr'><strong>sacriﬁcio</strong></span> <span class='ocrx_word' id='word_1_856' title='bbox 2729 4493 2889 4548; x_wconf 90' lang='lat' dir='ltr'><strong>simul</strong></span> <span class='ocrx_word' id='word_1_857' title='bbox 2919 4508 3042 4546; x_wconf 89' lang='lat' dir='ltr'><strong>cum</strong></span> <span class='ocrx_word' id='word_1_858' title='bbox 3087 4491 3430 4546; x_wconf 89' lang='lat' dir='ltr'><strong>libaminibus</strong></span> <span class='ocrx_word' id='word_1_859' title='bbox 3469 4491 3568 4549; x_wconf 84' lang='lat' dir='ltr'><strong>do-</strong></span> 
     </span>
    </p>
   </div>
   <div class='ocr_carea' id='block_1_107' title="bbox 1994 4580 3566 4653">
    <p class='ocr_par' dir='ltr' id='par_1_107' title="bbox 1994 4580 3566 4653">
     <span class='ocr_line' id='line_1_107' title="bbox 1994 4580 3566 4653; baseline -0.001 -16"><span class='ocrx_word' id='word_1_860' title='bbox 1994 4591 2107 4648; x_wconf 86' lang='lat' dir='ltr'><strong>nat,</strong></span> <span class='ocrx_word' id='word_1_861' title='bbox 2145 4583 2237 4652; x_wconf 92' lang='lat' dir='ltr'><strong>qui</strong></span> <span class='ocrx_word' id='word_1_862' title='bbox 2268 4582 2493 4652; x_wconf 88' lang='lat' dir='ltr'><strong>spiritali</strong></span> <span class='ocrx_word' id='word_1_863' title='bbox 2524 4581 2697 4653; x_wconf 88' lang='lat' dir='ltr'><strong>gratia</strong></span> <span class='ocrx_word' id='word_1_864' title='bbox 2740 4581 2998 4651; x_wconf 89' lang='lat' dir='ltr'><strong>repletur,</strong></span> <span class='ocrx_word' id='word_1_865' title='bbox 3032 4580 3314 4636; x_wconf 90' lang='lat' dir='ltr'><strong>scientiam</strong></span> <span class='ocrx_word' id='word_1_866' title='bbox 3337 4581 3566 4636; x_wconf 89' lang='lat' dir='ltr'><strong>duorum</strong></span> 
     </span>
    </p>
   </div>
   <div class='ocr_carea' id='block_1_108' title="bbox 1994 4670 3568 4742">
    <p class='ocr_par' dir='ltr' id='par_1_108' title="bbox 1994 4670 3568 4742">
     <span class='ocr_line' id='line_1_108' title="bbox 1994 4670 3568 4742; baseline 0 -14"><span class='ocrx_word' id='word_1_867' title='bbox 1994 4681 2446 4737; x_wconf 85' lang='lat' dir='ltr'><strong>testamentorum</strong></span> <span class='ocrx_word' id='word_1_868' title='bbox 2467 4671 2671 4742; x_wconf 90' lang='lat' dir='ltr'><strong>Spiritu</strong></span> <span class='ocrx_word' id='word_1_869' title='bbox 2695 4680 2884 4727; x_wconf 90' lang='lat' dir='ltr'><strong>sancto</strong></span> <span class='ocrx_word' id='word_1_870' title='bbox 2907 4670 3154 4737; x_wconf 89' lang='lat' dir='ltr'><strong>docente,</strong></span> <span class='ocrx_word' id='word_1_871' title='bbox 3182 4671 3340 4727; x_wconf 91' lang='lat' dir='ltr'><strong>simul</strong></span> <span class='ocrx_word' id='word_1_872' title='bbox 3364 4672 3568 4738; x_wconf 90' lang='lat' dir='ltr'><strong>verbis,</strong></span> 
     </span>
    </p>
   </div>
   <div class='ocr_carea' id='block_1_109' title="bbox 1995 4763 3568 4836">
    <p class='ocr_par' dir='ltr' id='par_1_109' title="bbox 1995 4763 3568 4836">
     <span class='ocr_line' id='line_1_109' title="bbox 1995 4763 3568 4836; baseline 0.001 -17"><span class='ocrx_word' id='word_1_873' title='bbox 1995 4764 2280 4836; x_wconf 80' lang='lat' dir='ltr'><strong>exemplis,</strong></span> <span class='ocrx_word' id='word_1_874' title='bbox 2332 4764 2668 4819; x_wconf 85' lang='lat' dir='ltr'><strong>auditoribus</strong></span> <span class='ocrx_word' id='word_1_875' title='bbox 2727 4764 2840 4820; x_wconf 90' lang='lat' dir='ltr'><strong>suis</strong></span> <span class='ocrx_word' id='word_1_876' title='bbox 2887 4765 3246 4819; x_wconf 88' lang='lat' dir='ltr'><strong>commendat.</strong></span> <span class='ocrx_word' id='word_1_877' title='bbox 3319 4763 3386 4819; x_wconf 87' lang='lat' dir='ltr'><strong>Et</strong></span> <span class='ocrx_word' id='word_1_878' title='bbox 3451 4764 3568 4820; x_wconf 60' lang='lat' dir='ltr'><strong>haec</strong></span> 
     </span>
    </p>
   </div>
   <div class='ocr_carea' id='block_1_110' title="bbox 1995 4852 3562 4924">
    <p class='ocr_par' dir='ltr' id='par_1_110' title="bbox 1995 4852 3562 4924">
     <span class='ocr_line' id='line_1_110' title="bbox 1995 4852 3562 4924; baseline -0.002 -13"><span class='ocrx_word' id='word_1_879' title='bbox 1995 4856 2200 4918; x_wconf 72' lang='lat' dir='ltr'><strong>omnia,</strong></span> <span class='ocrx_word' id='word_1_880' title='bbox 2227 4863 2286 4908; x_wconf 92' lang='lat' dir='ltr'><strong>ut</strong></span> <span class='ocrx_word' id='word_1_881' title='bbox 2312 4853 2569 4918; x_wconf 81' lang='lat' dir='ltr'><strong>diximus,</strong></span> <span class='ocrx_word' id='word_1_882' title='bbox 2593 4869 2698 4908; x_wconf 90' lang='lat' dir='ltr'><strong>non</strong></span> <span class='ocrx_word' id='word_1_883' title='bbox 2719 4869 2816 4924; x_wconf 92' lang='lat' dir='ltr'><strong>pro</strong></span> <span class='ocrx_word' id='word_1_884' title='bbox 2842 4853 3151 4923; x_wconf 88' lang='lat' dir='ltr'><strong>temporalis</strong></span> <span class='ocrx_word' id='word_1_885' title='bbox 3172 4852 3306 4908; x_wconf 91' lang='lat' dir='ltr'><strong>lucri</strong></span> <span class='ocrx_word' id='word_1_886' title='bbox 3332 4861 3562 4922; x_wconf 68' lang='lat' dir='ltr'><strong>quaestu,</strong></span> 
     </span>
    </p>
   </div>
   <div class='ocr_carea' id='block_1_111' title="bbox 1997 4944 3560 5016">
    <p class='ocr_par' dir='ltr' id='par_1_111' title="bbox 1997 4944 3560 5016">
     <span class='ocr_line' id='line_1_111' title="bbox 1997 4944 3560 5016; baseline -0.002 -16"><span class='ocrx_word' id='word_1_887' title='bbox 1997 4947 2090 5001; x_wconf 90' lang='lat' dir='ltr'><strong>sed</strong></span> <span class='ocrx_word' id='word_1_888' title='bbox 2119 4962 2218 5016; x_wconf 89' lang='lat' dir='ltr'><strong>pro</strong></span> <span class='ocrx_word' id='word_1_889' title='bbox 2251 4955 2468 5001; x_wconf 66' lang='lat' dir='ltr'><strong>internae</strong></span> <span class='ocrx_word' id='word_1_890' title='bbox 2497 4945 2621 4998; x_wconf 76' lang='lat' dir='ltr'><strong>vitae</strong></span> <span class='ocrx_word' id='word_1_891' title='bbox 2649 4944 2932 5014; x_wconf 89' lang='lat' dir='ltr'><strong>adeptione</strong></span> <span class='ocrx_word' id='word_1_892' title='bbox 2960 4945 3265 5014; x_wconf 89' lang='lat' dir='ltr'><strong>expendere</strong></span> <span class='ocrx_word' id='word_1_893' title='bbox 3289 4953 3560 5014; x_wconf 81' lang='lat' dir='ltr'><strong>satagunt.</strong></span> 
     </span>
    </p>
   </div>
   <div class='ocr_carea' id='block_1_112' title="bbox 1997 5033 3563 5104">
    <p class='ocr_par' dir='ltr' id='par_1_112' title="bbox 1997 5033 3563 5104">
     <span class='ocr_line' id='line_1_112' title="bbox 1997 5033 3563 5104; baseline -0.002 -14"><span class='ocrx_word' id='word_1_894' title='bbox 1997 5035 2178 5090; x_wconf 87' lang='lat' dir='ltr'><strong>Tertia</strong></span> <span class='ocrx_word' id='word_1_895' title='bbox 2220 5035 2485 5090; x_wconf 85' lang='lat' dir='ltr'><strong>festivitas</strong></span> <span class='ocrx_word' id='word_1_896' title='bbox 2525 5035 2744 5104; x_wconf 74' lang='lat' dir='ltr'><strong>portitor</strong></span> <span class='ocrx_word' id='word_1_897' title='bbox 2771 5036 3065 5090; x_wconf 72' lang='lat' dir='ltr'><strong>ueomenia:</strong></span> <span class='ocrx_word' id='word_1_898' title='bbox 3091 5035 3228 5101; x_wconf 88' lang='lat' dir='ltr'><strong>dies,</strong></span> <span class='ocrx_word' id='word_1_899' title='bbox 3257 5034 3310 5088; x_wconf 92' lang='lat' dir='ltr'><strong>in</strong></span> <span class='ocrx_word' id='word_1_900' title='bbox 3340 5049 3443 5104; x_wconf 86' lang='lat' dir='ltr'><strong>qua</strong></span> <span class='ocrx_word' id='word_1_901' title='bbox 3479 5033 3563 5087; x_wconf 91' lang='lat' dir='ltr'><strong>of-</strong></span> 
     </span>
    </p>
   </div>
   <div class='ocr_carea' id='block_1_113' title="bbox 1992 5115 3066 5197">
    <p class='ocr_par' dir='ltr' id='par_1_113' title="bbox 1992 5115 3066 5197">
     <span class='ocr_line' id='line_1_113' title="bbox 1992 5115 3066 5197; baseline -0.002 -13"><span class='ocrx_word' id='word_1_902' title='bbox 1992 5115 2168 5184; x_wconf 82' lang='lat' dir='ltr'><strong>fertur</strong></span> <span class='ocrx_word' id='word_1_903' title='bbox 2191 5137 2246 5184; x_wconf 90' lang='lat' dir='ltr'><strong>et</strong></span> <span class='ocrx_word' id='word_1_904' title='bbox 2266 5129 2464 5194; x_wconf 86' lang='lat' dir='ltr'><strong>hostia,</strong></span> <span class='ocrx_word' id='word_1_905' title='bbox 2493 5128 2632 5182; x_wconf 91' lang='lat' dir='ltr'><strong>sicut</strong></span> <span class='ocrx_word' id='word_1_906' title='bbox 2653 5127 2914 5197; x_wconf 81' lang='lat' dir='ltr'><strong>scriptum</strong></span> <span class='ocrx_word' id='word_1_907' title='bbox 2935 5134 3020 5182; x_wconf 90' lang='lat' dir='ltr'><strong>est</strong></span> <span class='ocrx_word' id='word_1_908' title='bbox 3054 5145 3066 5181; x_wconf 90' lang='lat'><strong>:</strong></span> 
     </span>
    </p>
   </div>
   <div class='ocr_carea' id='block_1_114' title="bbox 2065 5211 3566 5283">
    <p class='ocr_par' dir='ltr' id='par_1_114' title="bbox 2065 5211 3566 5283">
     <span class='ocr_line' id='line_1_114' title="bbox 2065 5211 3566 5283; baseline -0.007 -9"><span class='ocrx_word' id='word_1_909' title='bbox 2065 5219 2132 5274; x_wconf 85' lang='lat' dir='ltr'><strong>In</strong></span> <span class='ocrx_word' id='word_1_910' title='bbox 2158 5219 2408 5275; x_wconf 84' lang='lat' dir='ltr'><strong>Kalendis</strong></span> <span class='ocrx_word' id='word_1_911' title='bbox 2442 5229 2633 5281; x_wconf 88' lang='lat' dir='ltr'><strong>autem,</strong></span> <span class='ocrx_word' id='word_1_912' title='bbox 2659 5217 2713 5270; x_wconf 87' lang='lat' dir='ltr'><strong>id</strong></span> <span class='ocrx_word' id='word_1_913' title='bbox 2741 5225 2834 5283; x_wconf 89' lang='lat' dir='ltr'><strong>est,</strong></span> <span class='ocrx_word' id='word_1_914' title='bbox 2860 5218 2915 5272; x_wconf 92' lang='lat' dir='ltr'><strong>in</strong></span> <span class='ocrx_word' id='word_1_915' title='bbox 2935 5217 3187 5272; x_wconf 85' lang='lat' dir='ltr'><strong>mensium</strong></span> <span class='ocrx_word' id='word_1_916' title='bbox 3208 5215 3458 5277; x_wconf 70' lang='lat' dir='ltr'><strong>exordiis,</strong></span> <span class='ocrx_word' id='word_1_917' title='bbox 3483 5211 3566 5280; x_wconf 81' lang='lat' dir='ltr'><strong>of-</strong></span> 
     </span>
    </p>
   </div>
   <div class='ocr_carea' id='block_1_115' title="bbox 1995 5301 3558 5381">
    <p class='ocr_par' dir='ltr' id='par_1_115' title="bbox 1995 5301 3558 5381">
     <span class='ocr_line' id='line_1_115' title="bbox 1995 5301 3558 5381; baseline -0.007 -16"><span class='ocrx_word' id='word_1_918' title='bbox 1995 5311 2174 5381; x_wconf 79' lang='lat' dir='ltr'><strong>feretis</strong></span> <span class='ocrx_word' id='word_1_919' title='bbox 2200 5309 2561 5365; x_wconf 85' lang='lat' dir='ltr'><strong>holocaustum</strong></span> <span class='ocrx_word' id='word_1_920' title='bbox 2586 5308 2832 5378; x_wconf 85' lang='lat' dir='ltr'><strong>Domino,</strong></span> <span class='ocrx_word' id='word_1_921' title='bbox 2855 5307 3043 5362; x_wconf 88' lang='lat' dir='ltr'><strong>vitulos</strong></span> <span class='ocrx_word' id='word_1_922' title='bbox 3067 5307 3131 5360; x_wconf 88' lang='lat' dir='ltr'><strong>de</strong></span> <span class='ocrx_word' id='word_1_923' title='bbox 3153 5313 3383 5358; x_wconf 79' lang='lat' dir='ltr'><strong>armento</strong></span> <span class='ocrx_word' id='word_1_924' title='bbox 3401 5301 3558 5366; x_wconf 79' lang='lat' dir='ltr'><strong>duos,</strong></span> 
     </span>
    </p>
   </div>
   <div class='ocr_carea' id='block_1_116' title="bbox 1989 5389 3559 5470">
    <p class='ocr_par' dir='ltr' id='par_1_116' title="bbox 1989 5389 3559 5470">
     <span class='ocr_line' id='line_1_116' title="bbox 1989 5389 3559 5470; baseline -0.008 -14"><span class='ocrx_word' id='word_1_925' title='bbox 1989 5404 2208 5456; x_wconf 81' lang='lat' dir='ltr'><strong>arietem</strong></span> <span class='ocrx_word' id='word_1_926' title='bbox 2248 5417 2431 5466; x_wconf 87' lang='lat' dir='ltr'><strong>unum,</strong></span> <span class='ocrx_word' id='word_1_927' title='bbox 2465 5416 2625 5470; x_wconf 90' lang='lat' dir='ltr'><strong>agnos</strong></span> <span class='ocrx_word' id='word_1_928' title='bbox 2658 5397 2930 5453; x_wconf 80' lang='lat' dir='ltr'><strong>anniculos</strong></span> <span class='ocrx_word' id='word_1_929' title='bbox 2961 5405 3149 5466; x_wconf 89' lang='lat' dir='ltr'><strong>septem</strong></span> <span class='ocrx_word' id='word_1_930' title='bbox 3176 5389 3559 5452; x_wconf 80' lang='lat' dir='ltr'><strong>immaculatos,</strong></span> 
     </span>
    </p>
   </div>
   <div class='ocr_carea' id='block_1_117' title="bbox 1994 5480 3564 5560">
    <p class='ocr_par' dir='ltr' id='par_1_117' title="bbox 1994 5480 3564 5560">
     <span class='ocr_line' id='line_1_117' title="bbox 1994 5480 3564 5560; baseline -0.007 -13"><span class='ocrx_word' id='word_1_931' title='bbox 1994 5503 2043 5547; x_wconf 90' lang='lat' dir='ltr'><strong>et</strong></span> <span class='ocrx_word' id='word_1_932' title='bbox 2061 5501 2162 5547; x_wconf 87' lang='lat' dir='ltr'><strong>tres</strong></span> <span class='ocrx_word' id='word_1_933' title='bbox 2184 5492 2411 5547; x_wconf 87' lang='lat' dir='ltr'><strong>decimas</strong></span> <span class='ocrx_word' id='word_1_934' title='bbox 2440 5490 2626 5546; x_wconf 78' lang='lat' dir='ltr'><strong>simila:</strong></span> <span class='ocrx_word' id='word_1_935' title='bbox 2647 5503 2936 5560; x_wconf 76' lang='lat' dir='ltr'><strong>conspersa:</strong></span> <span class='ocrx_word' id='word_1_936' title='bbox 2953 5485 3063 5540; x_wconf 88' lang='lat' dir='ltr'><strong>oleo</strong></span> <span class='ocrx_word' id='word_1_937' title='bbox 3077 5499 3170 5554; x_wconf 87' lang='lat' dir='ltr'><strong>per</strong></span> <span class='ocrx_word' id='word_1_938' title='bbox 3181 5480 3410 5552; x_wconf 71' lang='lat' dir='ltr'><strong>singulos</strong></span> <span class='ocrx_word' id='word_1_939' title='bbox 3426 5485 3564 5536; x_wconf 85' lang='lat' dir='ltr'><strong>arie-</strong></span> 
     </span>
    </p>
   </div>
   <div class='ocr_carea' id='block_1_118' title="bbox 1995 5571 3574 5649">
    <p class='ocr_par' dir='ltr' id='par_1_118' title="bbox 1995 5571 3574 5649">
     <span class='ocr_line' id='line_1_118' title="bbox 1995 5571 3574 5649; baseline -0.009 -10"><span class='ocrx_word' id='word_1_940' title='bbox 1995 5595 2102 5649; x_wconf 86' lang='lat' dir='ltr'><strong>tes;</strong></span> <span class='ocrx_word' id='word_1_941' title='bbox 2125 5594 2173 5637; x_wconf 90' lang='lat' dir='ltr'><strong>et</strong></span> <span class='ocrx_word' id='word_1_942' title='bbox 2194 5583 2446 5637; x_wconf 88' lang='lat' dir='ltr'><strong>decimam</strong></span> <span class='ocrx_word' id='word_1_943' title='bbox 2471 5581 2686 5634; x_wconf 67' lang='lat' dir='ltr'><strong>decimae</strong></span> <span class='ocrx_word' id='word_1_944' title='bbox 2704 5577 2891 5632; x_wconf 80' lang='lat' dir='ltr'><strong>simila:</strong></span> <span class='ocrx_word' id='word_1_945' title='bbox 2911 5591 2973 5628; x_wconf 73' lang='lat' dir='ltr'><strong>ex</strong></span> <span class='ocrx_word' id='word_1_946' title='bbox 2994 5573 3104 5627; x_wconf 89' lang='lat' dir='ltr'><strong>oleo</strong></span> <span class='ocrx_word' id='word_1_947' title='bbox 3118 5576 3171 5625; x_wconf 73' lang='lat' dir='ltr'><strong>in</strong></span> <span class='ocrx_word' id='word_1_948' title='bbox 3194 5571 3454 5641; x_wconf 78' lang='lat' dir='ltr'><strong>sacriﬁcio</strong></span> <span class='ocrx_word' id='word_1_949' title='bbox 3473 5589 3574 5642; x_wconf 82' lang='lat' dir='ltr'><strong>per</strong></span> 
     </span>
    </p>
   </div>
   <div class='ocr_carea' id='block_1_119' title="bbox 1999 5663 3576 5746">
    <p class='ocr_par' dir='ltr' id='par_1_119' title="bbox 1999 5663 3576 5746">
     <span class='ocr_line' id='line_1_119' title="bbox 1999 5663 3576 5746; baseline -0.007 -15"><span class='ocrx_word' id='word_1_950' title='bbox 1999 5693 2161 5746; x_wconf 88' lang='lat' dir='ltr'><strong>agnos</strong></span> <span class='ocrx_word' id='word_1_951' title='bbox 2191 5672 2448 5745; x_wconf 87' lang='lat' dir='ltr'><strong>singulos,</strong></span> <span class='ocrx_word' id='word_1_952' title='bbox 2483 5671 2847 5727; x_wconf 87' lang='lat' dir='ltr'><strong>holocaustum</strong></span> <span class='ocrx_word' id='word_1_953' title='bbox 2883 5663 3178 5721; x_wconf 85' lang='lat' dir='ltr'><strong>suavissimi</strong></span> <span class='ocrx_word' id='word_1_954' title='bbox 3215 5663 3390 5720; x_wconf 82' lang='lat' dir='ltr'><strong>odoris</strong></span> <span class='ocrx_word' id='word_1_955' title='bbox 3415 5675 3576 5737; x_wconf 73' lang='lat' dir='ltr'><strong>atque.</strong></span> 
     </span>
    </p>
   </div>
  </div>
