3932 6188
263 382 267 391 ,
340 317 451 372 is;

1016 316 1076 371 Β.
1120 314 1375 369 RABANI
1418 313 1634 369 MAUil
1670 313 1989 367 Alitdlllil’.
2029 310 2335 368 MOGUNI‘.
2378 309 2659 366 Oi’ERUM
2700 309 2880 365 PARS
2918 310 2957 364 Ι.

3507 314 3614 368 766

348 437 550 491 incensi
585 432 824 495 Domino,
848 440 952 485 etc.
987 429 1280 484 Neomeuia
1334 438 1513 483 autem
1566 428 1765 483 dicitur
1789 442 1927 483 nova
1956 432 2006 491 Λ
2034 427 2280 483 ﬁdelibus
2324 437 2618 483 ostensam.
2650 425 2819 480 Oll'ert
2860 441 2988 497 ergo
3023 428 3255 496 quisque
3286 425 3461 480 fidelis
3502 428 3617 481 Deo

350 530 495 584 luna.
536 527 631 581 Est
659 539 789 595 ergo
823 532 877 577 et
910 523 1014 577 ista
1049 521 1336 584 festivitas,
1366 535 1486 573 eum
1527 518 1653 572 luna
1706 521 1932 573 innova—

350 628 456 676 tur.
488 617 634 671 Nova
687 623 867 668 autem
906 611 1121 672 dicitur,
1158 626 1281 664 cum
1339 609 1435 663 soli
1484 609 1729 679 proxima
1765 608 1929 662 fuerit

350 710 560 771 effecta,
609 715 663 761 et
705 704 860 759 valde
890 703 937 757 ei
986 701 1296 770 conjuncta,
1344 701 1415 753 ita
1455 708 1513 753 ut
1544 699 1644 754 sub
1681 700 1930 754 claritate

349 804 469 872 ejus
498 802 684 855 lateat.
719 797 826 853 Sed
872 796 1069 850 mirum
1122 794 1355 848 fortasse
1398 794 1664 856 videatur,
1700 792 1811 845 imo
1846 806 1932 844 su-

354 892 615 963 perfluum
644 889 729 944 lex
771 888 951 942 divina
983 886 1260 939 mandare.
1290 883 1428 951 Quid
1456 883 1600 937 enim
1649 881 1928 949 religionis

352 981 607 1038 conducit
631 980 768 1032 lunae
795 992 976 1041 novre,
1002 977 1053 1029 id
1080 983 1193 1037 est,
1225 991 1345 1029 cum
1378 972 1725 1043 eonjungitur
1745 972 1845 1026 soli
1875 980 1930 1027 et

353 1076 592 1131 adhaeret
620 1072 687 1132 ei,
722 1071 1016 1126 observare
1064 1065 1599 1122 festivitatem?H:ec
1644 1066 1689 1120 si
1736 1079 1935 1119 secun-

354 1168 479 1222 dum
504 1166 737 1218 litteram
766 1162 1197 1222 considerantur,
1227 1176 1330 1213 non
1356 1167 1466 1212 tam
1498 1158 1745 1227 religiosa
1766 1172 1930 1227 quam

354 1256 730 1329 superstitiosa
762 1254 1104 1307 videbuntur.
1136 1250 1243 1305 Sed
1266 1250 1470 1304 sciebat
1494 1247 1768 1317 apostolus
1789 1245 1931 1300 Pau-

356 1352 437 1404 lus
464 1349 589 1418 quia
626 1362 730 1401 non
761 1345 846 1400 his
893 1345 1131 1413 loquitur
1169 1341 1272 1406 lex,
1318 1355 1493 1408 neque
1546 1339 1693 1393 illum
1741 1336 1929 1401 ritum,

353 1440 505 1509 quia
555 1436 755 1491 Judzeis
799 1432 1075 1490 observari
1130 1431 1367 1493 videtur,
1424 1427 1658 1496 Spiritus
1713 1432 1933 1479 sanctus

354 1529 618 1602 praecipit,
659 1536 715 1581 et
741 1526 860 1581 ideo
886 1525 952 1579 ad
1004 1539 1097 1578 eos
1133 1522 1224 1592 qui
1258 1522 1418 1574 fidem
1461 1519 1555 1573 Dei
1582 1522 1933 1587 susceperant

355 1623 570 1677 dicebat
601 1637 613 1673 :
647 1616 813 1671 Nemo
864 1632 983 1687 ergo
1028 1632 1114 1669 vos
1136 1613 1363 1684 judicet,
1390 1620 1480 1664 aut
1522 1611 1576 1663 in
1601 1609 1736 1672 cibo,
1764 1617 1855 1660 aut
1877 1607 1931 1659 in

355 1722 504 1783 potu,
531 1719 621 1765 aut
661 1717 809 1781 parte
842 1707 945 1761 diei
963 1706 1100 1777 festi,
1134 1714 1223 1759 aut
1250 1701 1539 1767 neomeuia,
1563 1711 1653 1754 aut
1676 1700 1889 1754 sabbato
1908 1713 1926 1749 .'

2032 530 2142 574 tres
2168 519 2407 573 decimas
2427 518 2616 572 simila'
2637 518 2758 572 oleo
2793 533 3100 589 conspersa:
3123 518 3177 572 in
3204 518 3477 573 sacriﬁcio
3516 533 3617 587 per

2031 608 2269 679 singulos
2298 607 2513 671 vitulos,
2537 622 2657 661 cum
2695 607 2975 661 scientiam
3010 607 3305 676 spiritalem
3330 607 3385 660 in
3411 617 3618 661 sanctae

2032 699 2312 753 Trinitatis
2339 698 2463 763 ﬁde,
2494 699 2612 753 oleo
2637 698 3207 761 lietitiaailluminatus,
3239 699 3455 770 pariter
3488 714 3611 753 cum

2034 790 2173 844 bono
2198 805 2360 859 opere
2388 790 2625 845 exhibet.
2652 789 2821 845 Oﬁ‘ert
2850 791 2983 845 duas
3013 791 3251 847 decimas
3280 792 3475 846 simila:
3498 792 3614 843 oleo

2034 870 2337 949 conspersre
2372 896 2471 950 per
2498 880 2739 950 singulos
2774 884 2997 946 arietes,
3043 897 3166 935 cum
3194 883 3376 936 studet
3401 881 3615 936 decatu-

2035 988 2158 1042 gum
2190 971 2321 1042 legis
2344 971 2525 1025 sobrio
2544 971 2819 1026 intellectu
2845 989 2897 1025 In
2935 973 3146 1027 duobus
3171 973 3461 1043 prmeeptis
3483 973 3614 1026 eba—

2036 1066 2231 1129 ritatis,
2274 1063 2338 1117 ad
2374 1079 2524 1118 suam
2554 1065 3027 1135 proximorumque
3054 1066 3346 1119 utilitatem
3378 1074 3617 1128 vertere,

2037 1170 2099 1209 ac
2126 1170 2221 1224 per
2261 1170 2383 1209 eum
2437 1164 2603 1209 totam
2649 1156 2815 1209 vitam
2867 1171 3017 1210 suam
3062 1157 3113 1210 in
3141 1172 3359 1212 suavem
3394 1158 3616 1211 odorem

2038 1244 2266 1299 Domino
2313 1243 2583 1301 dedicare.
2635 1246 3044 1315 Oﬁ'ertquoque
3075 1248 3341 1302 decimam
3392 1249 3618 1303 decima:

2037 1335 2229 1389 simila:
2255 1350 2320 1389 ex
2366 1335 2487 1390 oleo
2522 1335 2577 1389 in
2607 1335 2937 1396 sacriﬁcium
2990 1352 3090 1407 per
3128 1353 3296 1408 agnos
3353 1338 3616 1409 singulos,

2037 1442 2159 1481 cum
2195 1426 2592 1497 simplicitatem
2639 1442 2849 1481 morum
2885 1442 3106 1481 suorum
3142 1428 3442 1482 secundum
3476 1426 3621 1482 Scri—

2036 1525 2315 1586 pturarum
2338 1524 2647 1571 sanctarum
2685 1516 2950 1586 regulam,
2975 1518 3148 1587 gratia
3180 1516 3420 1586 Spiritus
3447 1519 3618 1572 sancti

2037 1608 2093 1663 in
2144 1624 2202 1664 se
2249 1617 2530 1678 operante,
2560 1609 2845 1664 instituere
2888 1608 3087 1680 satagit
3114 1616 3168 1664 et
3210 1624 3429 1663 ornare.
3475 1608 3619 1663 Bene

2038 1714 2168 1772 ergo
2215 1702 2271 1755 in
2300 1702 2670 1757 holocaustum
2713 1702 2827 1757 haec
2857 1702 3041 1756 omnia
3091 1703 3321 1757 Domino
3365 1703 3623 1774 jubentur

356 1822 472 1878 qua:
498 1814 617 1859 sunt
658 1805 842 1856 umbra
868 1800 1165 1870 futurorum
1191 1795 1415 1869 (Coloss.
1442 1797 1524 1866 ιι).
1557 1792 1615 1848 Si
1646 1808 1773 1862 ergo
1815 1808 1934 1845 um-
1963 1784 2007 1844 Β
2034 1793 2238 1858 oﬂ'erri,
2261 1796 2387 1863 quia
2410 1808 2475 1849 ea
2496 1793 2607 1848 sola
2631 1794 2927 1849 intentione
2949 1795 3128 1848 omnia
3155 1795 3416 1849 debemus
3441 1809 3620 1865 agere,

356 1897 452 1949 bra
496 1894 799 1948 futurorum
824 1900 907 1946 est
933 1890 1239 1955 sabbatum,
1265 1888 1331 1943 de
1359 1902 1465 1957 quo
1493 1900 1591 1957 pro
1623 1885 1828 1939 viribus
1853 1900 1936 1939 su-

356 2003 453 2058 pra
485 1986 906 2056 esplicavimus,
948 1992 1002 2039 et
1050 1982 1332 2038 neomenia
1388 1982 1579 2036 umbra
1632 1979 1934 2034 futurorum

357 2086 460 2143 est,
494 2085 702 2133 certum
745 2083 828 2130 est
856 2073 982 2145 quia
1013 2081 1067 2126 ct
1092 2081 1301 2127 caetera:
1332 2069 1655 2126 festivitates
1684 2067 1936 2123 similiter

360 2166 563 2223 umbra:
604 2175 730 2222 sunt
759 2165 1083 2219 futurorum.
1120 2162 1226 2218 Sed
1258 2177 1401 2216 nunc
1430 2161 1497 2216 de
1537 2160 1820 2216 neomeuia
1851 2158 1933 2212 vi-

359 2263 602 2316 deamus.
631 2258 875 2315 Diximus
910 2258 1053 2327 quod
1080 2256 1380 2311 neomeniie
1406 2254 1669 2309 festivitas
1696 2251 1935 2323 appella-

361 2363 464 2417 tur,
506 2368 630 2407 cum
681 2351 808 2405 luna
857 2348 1104 2403 innovari
1153 2346 1401 2415 cmperit,
1454 2354 1509 2399 et
1558 2343 1658 2400 soli
1691 2342 1936 2414 proxima

362 2445 505 2508 tieri,
559 2443 880 2514 penitusque
915 2437 1224 2506 conjuncta.
1276 2436 1367 2491 Sol
1409 2433 1633 2505 justitiie
1686 2433 1936 2488 Christus

360 2544 463 2589 est.
494 2533 628 2587 lluic
675 2532 719 2586 si
769 2531 917 2595 luna,
951 2530 1004 2583 id
1032 2536 1136 2592 est,
1173 2527 1413 2582 Ecclesia
1440 2542 1559 2591 sua,
1587 2541 1706 2596 qum
1734 2524 1938 2578 lumine

364 2626 601 2696 repletur
644 2622 831 2692 ipsius,
860 2620 1046 2688 juncta
1076 2619 1337 2684 fuerit,et
1371 2617 1586 2689 penitus
1628 2616 1934 2680 adhmserit,

364 2720 436 2771 ita
488 2725 545 2770 ut
591 2713 886 2769 secundum
938 2712 1159 2766 verbum
1208 2707 1474 2779 Apostoli,
1525 2706 1618 2777 qui
1669 2722 1728 2761 se
1760 2704 1940 2775 jungit

364 2807 492 2870 Deo,
525 2820 663 2858 unus
715 2818 840 2858 cum
888 2816 952 2856 eo
1003 2801 1247 2870 spiritus,
1279 2799 1390 2861 ﬁat,
1426 2807 1554 2854 tunc
1586 2795 1935 2858 festivitatem

362 2899 661 2955 neomeuia:
685 2897 814 2969 agit.
847 2896 999 2950 Tuuc
1025 2893 1168 2949 enim
1201 2908 1337 2948 nova
1373 2891 1622 2956 eﬂieitur,
1646 2905 1766 2944 cum
1792 2886 1939 2956 aLje-

362 2994 498 3050 cerit
521 3002 759 3048 veterem
787 2990 1082 3054 hominem,
1115 2996 1168 3043 et
1191 2988 1377 3042 induta
1406 2984 1571 3040 fuerit
1596 2998 1812 3047 novum,
1846 2979 1938 3051 qui

361 3083 655 3140 secundum
679 3081 847 3136 Deum
869 3088 1084 3135 creatus
1104 3086 1190 3134 est
1210 3093 1224 3132 :
1252 3078 1326 3132 ita
1352 3076 1547 3131 merito
1572 3072 1938 3129 innovationis

362 3173 780 3236 solemnitatem,
808 3186 926 3240 qua:
970 3178 1054 3225 est
1098 3167 1395 3223 neomeuia:
1442 3164 1729 3228 festivitas,
1777 3161 1937 3233 gerit.
1968 3136 2012 3198 (ἶ

364 3262 516 3317 Tune
539 3262 770 3330 denique
798 3267 903 3323 est,
935 3257 1151 3328 quando
1181 3270 1353 3326 neque
1385 3255 1558 3309 videri
1589 3269 1764 3323 neque
1794 3267 1946 3307 com-

361 3350 627 3423 prehendi
664 3348 915 3402 humanis
955 3344 1263 3416 aspectibus
1294 3351 1492 3414 potest.
1548 3342 1743 3396 Anima
1796 3341 1942 3395 enim

365 3458 489 3498 cum
516 3448 682 3495 totam
726 3453 784 3494 se
818 3437 1107 3493 sociaverit
1136 3434 1382 3500 Domino,
1427 3441 1483 3488 et
1517 3433 1570 3487 in
1599 3432 1942 3504 splendorem

366 3534 502 3589 lucis
537 3531 656 3602 ejus
697 3538 810 3585 tota
854 3527 1202 3592 concesserit,
1254 3525 1494 3595 nihilque
1531 3523 1751 3580 omnino
1776 3530 1947 3578 terre-

365 3640 493 3679 num
533 3623 751 3691 cogitat,
791 3619 927 3675 nihil
975 3617 1305 3672 mundanum
1355 3613 1603 3685 requirit,
1636 3627 1737 3667 nec
1763 3611 1943 3667 homi-

367 3717 525 3770 nibus
550 3713 761 3785 placere
793 3710 993 3774 studet,
1022 3707 1116 3762 sed
1145 3715 1311 3761 totam
1342 3719 1399 3759 se
1421 3702 1700 3773 sapientia:
1729 3701 1943 3766 lumini,

368 3818 533 3862 totam
586 3804 754 3860 calori
801 3801 972 3856 sancti
1001 3798 1234 3870 Spiritus
1281 3797 1693 3866 mancipaverit,
1728 3792 1946 3849 subtilis

365 3906 423 3954 et
459 3895 718 3967 spiritalis
754 3893 967 3956 effecta,
1020 3888 1291 3959 quomodo
1316 3886 1466 3941 cerni
1493 3884 1561 3939 ab
1607 3883 1937 3946 hominibus,

367 3997 462 4043 aut
488 3984 737 4041 humanis
774 3990 958 4051 potest
985 3978 1292 4049 aspectibus
1330 3973 1698 4045 apprehendi?
1723 3970 1948 4024 Anima-

370 4082 436 4136 tis
477 4090 708 4146 namque
754 4074 913 4129 homo
944 4070 1263 4139 intelligere,
1292 4067 1600 4122 discernere
1625 4080 1731 4120 non
1761 4068 1943 4134 potest

369 4171 698 4245 spiritalem;
732 4176 785 4223 et
827 4166 947 4221 ideo
972 4162 1284 4234 dignissime
1312 4161 1452 4215 diem
1498 4157 1695 4214 festum
1726 4157 1858 4227 agit,
1893 4163 1948 4210 et

369 4266 601 4322 hostiam
634 4258 931 4316 neomeuia:
956 4254 1201 4317 Domino,
1234 4266 1290 4305 ut
1318 4260 1442 4323 pote
1463 4266 1560 4321 per
1587 4250 1763 4320 ipsum
1796 4251 1948 4305 inno-

369 4365 514 4422 vata,
557 4351 843 4424 jugulabit.
890 4348 947 4403 Si
990 4356 1172 4404 autem
1202 4346 1496 4401 secundum
1528 4344 1838 4415 tropologiae
1865 4358 1948 4397 re-

371 4445 551 4516 gulam
587 4443 709 4514 quis
750 4442 890 4495 scire
932 4436 1162 4493 voluerit
1186 4434 1314 4506 quid
1347 4435 1654 4507 signiﬁcent
1701 4436 1784 4488 Ιιιιὶ
1814 4435 1947 4487 tales

372 4536 671 4591 oblationes
714 4548 832 4602 quae
862 4530 1163 4585 offeruntur
1198 4528 1426 4582 Domino
1454 4527 1509 4581 in
1547 4524 1944 4585 holocaustum,

375 4627 478 4678 hoc
517 4630 621 4688 est,
653 4623 878 4677 duorum
917 4617 1230 4680 vitulorum,
1262 4616 1446 4670 arietis
1473 4614 1652 4677 unius,
1684 4626 1946 4683 agnorum

373 4712 745 4770 auniculorum
772 4717 998 4779 septem,
1041 4715 1096 4761 et
1136 4713 1457 4759 czeterarum
1488 4703 1790 4771 specierum
1828 4716 1949 4771 qua:

374 4803 536 4862 simul
569 4801 897 4870 jubebantur
940 4796 1142 4861 offerri,
1185 4803 1362 4865 potest
1389 4792 1683 4848 secundum
1729 4806 1946 4846 sensum

374 4890 796 4952 orthodoxorum
824 4888 878 4941 in
901 4886 1108 4941 duobus
1134 4883 1317 4938 vitulis
1340 4882 1587 4951 accipere
1616 4878 1741 4935 boni
1771 4883 1950 4951 operis

367 4981 785 5056 jucunditatem,
817 4992 914 5046 per
942 4974 1177 5029 animam
1219 4973 1334 5027 sive
1366 4987 1464 5043 per
1510 4985 1730 5039 corpus,
1779 4973 1949 5041 magi-

378 5076 600 5135 sterium
616 5071 842 5125 duorum
858 5066 1344 5129 Testamentorum,
1364 5064 1417 5117 in
1436 5062 1644 5117 duobus
1664 5065 1950 5134 prmceptis

377 5163 663 5231 charitatis
693 5160 947 5216 decenter
971 5157 1080 5212 Deo
1100 5156 1356 5212 oblatam.
1380 5153 1438 5210 In
1462 5154 1633 5210 ariete
1654 5172 1786 5211 vero
1815 5174 1946 5224 uno,

379 5261 618 5333 regimen
652 5250 948 5322 disciplinae
991 5246 1286 5303 secundum
1330 5246 1591 5302 unitatem
1651 5246 1795 5313 ﬁdei,
1843 5264 1948 5303 non

378 5352 672 5414 enerviter,
696 5346 790 5402 sed
814 5342 1029 5397 fortiter
1067 5347 1230 5408 atque
1268 5337 1518 5391 nobiliter
1545 5339 1865 5394 exhibitum.
1893 5340 1949 5394 ln

380 5447 534 5518 agnis
581 5453 796 5512 quoque
844 5433 1112 5490 anniculis
1160 5439 1363 5501 septem
1412 5432 1787 5495 immaculatis,
1830 5433 1954 5489 sim-

379 5537 674 5605 plicitatem
700 5540 862 5600 atque
891 5523 1357 5581 mansuetudinem
1398 5538 1606 5576 morum
1636 5540 1734 5593 pro
1774 5524 1951 5578 futura

376 5628 437 5680 ἰιι
475 5625 629 5680 cadis
676 5620 861 5689 requie
890 5631 991 5688 per
1032 5616 1258 5686 gratiam
1309 5614 1640 5684 scptiformis
1695 5614 1945 5684 Spiritus,

386 5726 496 5768 tam
532 5712 633 5766 sibi
661 5711 727 5764 ad
749 5709 974 5763 salutem
1002 5721 1162 5775 quam
1199 5703 1316 5758 aliis
1352 5703 1417 5758 ad
1447 5704 1747 5774 exemplum
1794 5707 1892 5760 tite
1921 5723 1948 5758 a

2038 1900 2146 1939 non
2173 1893 2233 1938 ut
2256 1884 2467 1939 laudem
2492 1885 2808 1950 humanam,
2832 1885 2918 1939 vel
2947 1886 3357 1940 retributionem
3387 1900 3624 1954 praesen-

2039 1987 2148 2029 tem
2177 1990 2504 2044 qtueramus,
2530 1975 2623 2029 sed
2645 1984 2705 2029 ut
2724 1976 2966 2030 omnium
2996 1976 3259 2031 bonorum
3288 1976 3466 2030 datori
3494 1976 3621 2040 Deo.

2036 2080 2133 2135 per
2156 2064 2337 2119 omnia
2364 2064 2692 2135 placeamus,
2716 2075 3040 2135 :eternreque
3060 2066 3183 2121 vita:
3211 2067 3623 2119 retributionem

2037 2155 2105 2208 ab
2131 2154 2249 2224 ipso
2274 2166 2681 2210 remuneratore
2713 2154 3016 2224 iustissimo
3044 2155 3095 2210 in
3124 2155 3307 2211 futuro
3335 2157 3619 2227 percipere

2038 2260 2364 2299 mereamur.

2110 2336 2290 2392 Mense
2343 2348 2517 2393 autent
2556 2340 2744 2410 rrimo,
2803 2342 3201 2413 quartadecima
3248 2343 3335 2397 die
3408 2344 3626 2411 mensis,

2043 2427 2217 2484 Phase
2250 2429 2461 2483 Domini
2489 2432 2609 2496 erit,
2640 2442 2686 2485 et
2726 2433 3116 2503 quintudecima
3172 2434 3257 2487 die
3283 2432 3587 2489 solemnitas
3605 2453 3626 2501 ,'

2037 2529 2231 2592 septem
2262 2520 2442 2575 diebus
2472 2531 2742 2577 vescentur
2779 2525 2978 2594 azymis
3010 2538 3027 2575 :
3055 2541 3279 2596 quorum
3319 2525 3430 2579 dies
3459 2528 3628 2595 prima

2040 2611 2348 2666 venerabilis
2392 2622 2439 2666 et
2488 2623 2693 2667 sancta.
2728 2612 2895 2668 Omne
2941 2632 3070 2685 opus
3100 2615 3284 2670 servile
3315 2633 3424 2670 non
3464 2617 3628 2685 facie-

2039 2703 2104 2756 tis
2136 2703 2189 2756 in
2219 2719 2315 2769 ea;
2360 2704 2688 2774 offeretisque
2721 2705 2774 2757 in
2808 2705 3075 2758 incensum
3126 2704 3494 2760 holocaustum
3526 2706 3630 2760 Do-

2040 2794 2201 2856 mino,
2236 2788 2422 2847 vitulos
2451 2793 2516 2847 de
2546 2805 2784 2848 armento
2816 2795 2971 2860 duos,
3004 2797 3219 2850 arietem
3251 2814 3439 2862 unum,
3465 2814 3627 2868 agnos

2041 2883 2316 2937 anniculos
2338 2883 2702 2938 immaculatos
2724 2895 2939 2956 septem,
2958 2898 3003 2941 et
3018 2887 3280 2956 sacriﬁcia
3298 2889 3627 2959 singulorum

2039 2990 2105 3028 ea:
2131 2974 2305 3028 simila
2346 2992 2462 3046 quin
2491 2992 2769 3047 conspersa
2812 2978 2879 3030 sit
2921 2976 3035 3031 oleo
3067 2994 3085 3033 :
3129 2989 3233 3032 tres
3263 2980 3500 3033 decimas
3536 2998 3629 3049 per

2044 3066 2515 3147 singulostitulos,
2549 3077 2595 3120 ct
2625 3069 2759 3122 duas
2795 3070 3025 3124 decimas
3068 3087 3160 3141 per
3196 3072 3436 3137 arietem,
3468 3083 3516 3126 et
3543 3073 3636 3126 de—

2046 3161 2236 3213 cimam
2258 3159 2472 3212 decima'
2486 3177 2580 3230 per
2591 3177 2753 3231 agnos
2768 3161 3024 3232 singulos,
3051 3163 3215 3227 idest,
3230 3174 3428 3228 septem
3448 3181 3633 3234 agnos;

2044 3258 2092 3302 et
2119 3249 2321 3302 hircum
2346 3267 2440 3320 pro
2472 3261 2683 3321 peccato
2708 3270 2893 3319 unum,
2911 3263 2969 3306 ut
2994 3255 3162 3328 capiet
3189 3274 3284 3326 pro
3308 3257 3475 3321 vobis,
3499 3274 3639 3328 priv-

2045 3350 2126 3393 ter
2172 3340 2535 3413 holocaustum
2596 3345 2909 3397 matutinum
2985 3324 3125 3416 qiiod
3177 3324 3380 3417 semper
3442 3324 3635 3416 offere-

2046 3435 2131 3487 tis.
2181 3432 2265 3487 Ita
2312 3434 2517 3503 facietis
2554 3452 2648 3505 per
2685 3435 2919 3507 singulos
2962 3438 3071 3492 dies
3098 3448 3291 3509 septem
3325 3440 3557 3504 dierum,
3581 3440 3637 3494 in

2047 3524 2281 3594 fomitem
2317 3524 2472 3595 ignis,
2529 3535 2578 3579 et
2629 3526 2685 3579 in
2743 3527 2954 3581 odorem
2984 3531 3349 3584 suavissinmm
3387 3531 3667 3597 Domino,’

2046 3615 2136 3686 qui
2186 3624 2362 3685 surget
2417 3615 2481 3669 de
2535 3615 2841 3670 holocausto
2900 3628 2948 3672 et
3007 3619 3229 3673 victimis
3275 3620 3630 3690 singulorum.

2045 3707 2173 3761 Dies
2254 3723 2459 3778 quoque
2529 3708 2775 3777 septimus
2850 3708 3213 3764 celeberrimus
3291 3722 3339 3764 et
3416 3726 3635 3768 sanctus

2045 3800 2145 3853 erit
2198 3799 2363 3853 vobis.
2418 3798 2585 3852 Omne
2629 3817 2758 3871 opus
2804 3800 2988 3855 servile
3043 3818 3146 3855 non
3189 3802 3397 3871 facietis
3450 3804 3505 3857 in
3555 3822 3631 3857 ro.

2048 3890 2253 3957 Quarto
2289 3890 2341 3944 in
2380 3891 2482 3946 hoc
2524 3891 2643 3945 loco
2694 3893 2914 3962 ponitur
2966 3894 3107 3947 inter
3161 3894 3489 3950 festivitates
3542 3895 3632 3948 Dei

2046 3978 2268 4034 Pascha:
2299 3980 2633 4045 solemnitas,
2665 3980 2715 4035 in
2769 3998 2875 4052 qua
2904 3980 3198 4037 festivitate
3226 4000 3403 4054 agnus
3429 3986 3631 4039 oet-iti—

2051 4082 2157 4129 tur.
2187 4073 2243 4128 Si
2274 4074 2506 4139 videtur,
2557 4091 2752 4145 agnum
2801 4090 3011 4141 verum,
3057 4092 3253 4147 agnum
3284 4077 3404 4142 Dei,
3434 4093 3629 4148 agnum

2048 4163 2142 4235 qui
2193 4163 2331 4217 tollit
2372 4173 2593 4233 peccata
2628 4164 2830 4228 mundi,
2864 4173 2919 4219 et
2966 4166 3131 4221 dicito
3160 4166 3283 4237 quia
3311 4167 3516 4236 pascha
3545 4184 3632 4221 no-

2053 4260 2225 4308 strum
2267 4252 2577 4308 immolatus
2608 4263 2691 4309 est
2728 4254 2993 4310 Christus.
3022 4253 3191 4311 Judaii
3237 4258 3444 4311 carnali
3474 4274 3629 4313 seu‘u

2051 4345 2339 4399 cmuedant
2360 4360 2553 4399 carnes
2592 4346 2713 4417 agni
2746 4365 2758 4399 :
2796 4363 2893 4401 nos
2922 4359 3103 4403 autem
3131 4348 3483 4411 comedamus
3510 4369 3630 4405 Car-

2056 4450 2176 4489 nem
2192 4433 2339 4488 verbi
2353 4434 2468 4488 Dei.
2484 4433 2601 4505 Ipse
2615 4435 2759 4491 enim
2777 4435 2912 4492 dixit
2930 4456 2941 4491 :
2965 4436 3085 4492 Nisi
3108 4438 3437 4509 cpmcderitis
3452 4458 3633 4495 carnes

2056 4541 2215 4588 meas,
2233 4540 2335 4578 non
2357 4525 2609 4581 habebitis
2628 4527 2782 4580 vitam
2806 4527 2859 4582 in
2885 4527 3023 4582 vobis
3046 4528 3172 4598 ipsis
3198 4528 3380 4601 (Joan.
3404 4534 3504 4604 vt).
3525 4531 3634 4587 Hoc

2055 4617 2197 4684 quod
2227 4616 2385 4672 modo
2406 4615 2677 4687 loquimur
2700 4632 2891 4673 carnes
2914 4626 3038 4673 sunt
3061 4620 3209 4673 verbi
3233 4616 3350 4684 Dei,
3381 4620 3429 4673 si
3456 4628 3632 4675 tamen

2057 4722 2161 4760 non
2175 4707 2329 4776 quasi
2350 4707 2577 4762 inﬁrmis
2595 4708 2762 4773 olera,
2780 4717 2873 4763 aut
2891 4709 3043 4779 quasi
3064 4711 3245 4779 pueris
3265 4708 3426 4764 lactis
3449 4712 3635 4771 alimo—

2058 4799 2203 4854 niam
2230 4800 2599 4869 praafercmus.
2626 4800 2682 4855 Si
2704 4801 2941 4872 perfecta
2968 4802 3262 4873 loquimur,
3296 4802 3342 4858 si
3386 4805 3633 4867 robusta,

2058 4889 2102 4943 si
2127 4889 2306 4954 fortia,
2339 4891 2383 4945 si
2412 4906 2605 4946 carnes
2635 4891 2789 4946 nobis
2810 4890 2961 4945 verbi
2990 4890 3083 4946 Dei
3108 4892 3433 4963 apponimus
3456 4909 3636 4947 conxe-

2056 4979 2265 5035 dentes.
2296 4980 2394 5035 Ubi
2443 4981 2585 5034 enim
2628 4983 2887 5052 mysticus
2929 4997 3127 5045 sermo.
3174 4981 3266 5037 ubi
3296 4982 3636 5052 dogmaticus

2057 5082 2111 5125 et
2147 5070 2429 5125 Trinitatis
2474 5069 2576 5125 fide
2606 5072 2843 5141 repletus
2882 5070 3157 5143 profertur
3187 5088 3251 5128 ac
3290 5073 3518 5135 solidus,
3548 5073 3635 5125 ubi

2059 5160 2222 5215 futuri
2244 5162 2420 5216 seaculi
2454 5174 2633 5218 amoto
2657 5163 2919 5219 velamine
2958 5164 3168 5227 litteras,
3208 5164 3343 5233 legis
3374 5164 3635 5235 spiritalis

2058 5262 2394 5308 sz'cramenta
2448 5254 2774 5323 panduntur,
2826 5254 2915 5309 ubi
2960 5270 3082 5325 spes
3116 5255 3311 5308 anima:
3348 5255 3540 5308 avulsa
3569 5254 3632 5307 de

2058 5344 2219 5399 terris
2253 5344 2489 5413 jactatur
2520 5346 2572 5399 in
2602 5346 2788 5411 caelos,
2819 5357 2874 5401 et
2919 5347 2972 5401 in
3015 5347 3120 5400 illis
3146 5345 3469 5409 collocatur,
3518 5361 3627 5417 qua-

2055 5437 2237 5491 oculus
2258 5454 2357 5490 non
2382 5437 2526 5501 vidit,
2555 5454 2645 5490 nec
2668 5439 2812 5491 auris
2840 5438 3061 5501 audivit,
3092 5454 3181 5489 nec
3204 5437 3257 5489 in
3286 5454 3379 5488 cor
3408 5433 3627 5488 hominis

2055 5528 2285 5580 ascendit
2332 5524 2383 5597 (Ι
2411 5525 2534 5581 Cor.
2589 5525 2673 5595 It),
2708 5527 2823 5581 liacc
2850 5528 3029 5583 omnia
3064 5542 3257 5581 carnes
3287 5534 3415 5579 sunt
3469 5524 3624 5579 verba

2056 5618 2169 5671 Dei.
2217 5618 2317 5684 Qui
2349 5626 2529 5688 potest
2574 5618 2816 5687 perfecto
2853 5617 3122 5673 intellectu
3164 5618 3313 5672 vesci
3369 5627 3424 5671 et
3466 5613 3610 5671 COI’dt

2052 5709 2359 5778 puriﬁcato,
2390 5708 2478 5763 ille
2512 5725 2648 5763 \‘Cl'tl:
2679 5709 2984 5765 festivitatis
3011 5709 3235 5765 Pascha:
3270 5706 3513 5763 immolat
3538 5721 3589 5761 sa
