3932 6188
316 386 426 443 783

1034 386 1565 444 ENARRATIONES
1600 387 1666 443 IN
1708 387 1963 443 LIBRUM
2000 380 2460 445 NUMERURUM.
2501 422 2572 433 —
2604 393 2731 447 LIB.
2775 390 2862 449 IV.

3468 386 3577 455 7835

315 508 608 570 crificium,
637 513 692 559 et
731 504 873 558 diem
908 503 1106 559 festum
1144 505 1257 575 agit
1275 519 1399 560 cum
1423 505 1533 559 Deo
1554 511 1614 559 et
1638 518 1762 558 eum
1805 516 1903 555 au—
1927 503 1977 563 Α
2008 502 2263 558 teriorem
2290 503 2562 557 hominem
2606 515 2829 559 renovat
2859 507 2924 560 de
2964 506 3048 561 die
3078 507 3130 561 in
3157 508 3319 575 diem,
3348 511 3449 565 iste
3477 512 3576 565 siln'

314 600 458 670 gelis
482 598 618 667 ejus.
658 594 789 650 Post
813 596 955 649 hanc
991 595 1100 649 imo
1125 596 1439 650 continuata
1480 596 1605 651 huic
1636 594 1903 649 festivitas

312 690 568 759 sumitur
615 702 948 758 azymorum,
1002 702 1166 756 quam
1215 688 1411 742 merito
1465 687 1785 752 celebrabis,
1850 688 1898 741 si

312 780 650 836 extermines
689 793 850 833 omne
872 776 1197 833 fermentum
1226 778 1446 832 malitia:
1474 786 1529 833 et
1560 779 1809 847 nequitia:
1831 779 1899 832 ab

310 874 501 928 anima
532 880 642 935 tua,
668 880 722 925 et
750 885 937 941 azyma
980 871 1308 925 sinceritatis
1334 872 1686 942 veritatisque
1709 880 1897 927 custo-

306 964 454 1017 dias.
478 961 660 1030 Neque
681 961 823 1014 enim
844 961 1141 1029 putandum
1158 970 1245 1015 est
1257 961 1681 1031 omnipotentem
1702 962 1894 1027 Deum,

310 1052 464 1119 leges
498 1049 807 1105 hominibus
840 1065 937 1119 pro
965 1050 1233 1105 fermento
1262 1053 1521 1118 scribere,
1556 1062 1611 1109 et
1648 1061 1895 1123 propter-

314 1157 382 1195 ea
420 1142 613 1211 jubere
654 1142 1004 1195 exterminari
1059 1142 1295 1197 animam
1359 1144 1425 1199 de
1461 1146 1676 1214 populo,
1717 1146 1762 1200 si
1789 1161 1895 1215 qua

310 1230 459 1285 forte
486 1246 677 1299 parum
706 1230 909 1300 aliquid
950 1230 1213 1289 fermenti.
1244 1232 1402 1300 hujus
1447 1249 1515 1288 ex
1543 1233 1718 1288 farina
1766 1249 1897 1289 con-

309 1326 490 1395 spersi
534 1325 587 1378 in
613 1325 775 1379 domo
813 1340 909 1379 sua
938 1326 1188 1381 habuisse
1213 1327 1711 1397 deprehenduntur,
1748 1343 1895 1382 eam-

308 1432 421 1485 que
457 1432 644 1470 curam
673 1431 998 1486 magnopere
1031 1416 1198 1471 fuisse
1232 1419 1428 1475 divinae
1457 1421 1747 1489 majestati,
1788 1438 1894 1493 qua

310 1505 568 1558 fet-menti
603 1502 764 1570 hujus
800 1519 962 1559 causa
992 1504 1045 1558 in
1083 1514 1290 1560 tantum
1321 1524 1379 1562 se
1401 1510 1544 1563 dicat
1569 1510 1791 1574 offendi,
1833 1520 1893 1565 ut

306 1599 550 1651 animam
584 1613 747 1666 quam
794 1598 909 1666 ipse
955 1599 1021 1652 ad
1052 1599 1339 1668 imaginem
1385 1609 1440 1655 et
1485 1602 1891 1656 similitudinem

305 1703 469 1741 suam
494 1687 638 1750 fecit,
661 1689 1012 1741 exterminari
1032 1705 1131 1757 pro
1154 1692 1255 1745 hoc
1271 1690 1460 1759 ju‘ueat
1482 1702 1536 1748 et
1555 1696 1746 1748 everti.
1773 1695 1890 1750 Non

304 1779 448 1833 mihi
479 1780 691 1833 videtur
719 1782 833 1833 [nec
861 1781 1059 1835 divinis
1097 1782 1305 1853 legibus
1335 1785 1513 1839 divina
1543 1801 1662 1840 esse
1694 1786 1889 1841 intelli-

2006 596 2228 650 innovat
2254 595 2482 661 novalia,
2513 605 2569 649 et
2608 612 2712 650 non
2739 597 2972 652 seminat
3013 614 3176 668 super
3218 602 3434 671 spinas;
3486 604 3581 657 sed

2003 700 2166 757 super
2192 696 2394 742 terram
2428 686 2648 752 bonam,
2679 704 2800 758 quae
2840 688 3028 743 reddat
3068 691 3119 745 ei
3149 691 3380 746 fructum
3408 695 3575 764 trige-

2003 779 2222 845 simum,
2291 788 2384 832 aut
2433 780 2851 848 sexagesimum,
2897 788 2991 834 aut
3046 782 3421 837 centesimum.
3474 784 3579 838 Istc

1998 887 2132 941 ergo
2155 880 2240 925 cst
2282 870 2374 940 qui
2399 870 2454 924 in
2506 870 2698 940 spiritu
2722 872 2975 937 seminat,
3018 882 3076 927 ct
3119 872 3324 943 colligit
3372 873 3579 931 fructus

2000 961 2241 1030 spiritus.
2294 959 2525 1014 Fructus
2562 968 2744 1014 autem
2776 961 2997 1029 spiritus
3050 963 3282 1030 primum
3333 964 3572 1018 omnium

1999 1060 2084 1106 est
2126 1051 2402 1121 gaudium.
2444 1050 2510 1104 Et
2538 1050 2734 1104 merito
2766 1050 2904 1104 diem
2936 1050 3131 1104 festum
3178 1066 3437 1106 novorum
3466 1051 3575 1106 fru-

1999 1152 2181 1196 etuutn
2194 1142 2327 1211 agit,
2342 1142 2434 1211 qui
2449 1142 2699 1212 gaudium
2715 1142 2887 1196 metit.
2903 1140 3178 1212 Praecipue
3189 1143 3280 1212 qui
3296 1144 3454 1198 simul
3469 1160 3578 1199 me-

2002 1242 2145 1288 tatet
2167 1249 2373 1304 pacem,
2392 1235 2703 1303 patientiam
2725 1246 2781 1290 et
2798 1236 3113 1297 bonitatem,
3133 1244 3187 1289 et
3206 1236 3573 1290 mansuetudi-

1998 1342 2143 1390 nem,
2172 1326 2415 1396 aliosque
2436 1327 2627 1380 horum
2654 1327 2859 1381 similes
2880 1326 3088 1382 fructus
3113 1327 3347 1395 colligat,
3372 1328 3573 1397 dignis-

1992 1416 2132 1471 sime
2164 1430 2421 1471 novorum
2452 1414 2720 1471 fructuum
2749 1413 3096 1469 festivitatem
3122 1416 3351 1470 Domino
3385 1432 3567 1484 agens.

2067 1505 2217 1577 (Car.
2243 1505 2419 1575 nix.)
2450 1504 2644 1559 Mensis
2692 1506 2849 1559 etiam
2886 1504 3287 1573 septimiprima
3331 1506 3442 1559 dies
3480 1522 3569 1559 ve-

1994 1599 2243 1653 nerabilis
2281 1607 2328 1652 et
2367 1607 2547 1652 sancta
2576 1598 2676 1652 erit
2702 1598 2863 1652 vobis.
2896 1597 3061 1652 Omne
3086 1615 3215 1667 opus
3242 1598 3424 1652 seruile
3466 1615 3570 1652 non

1995 1690 2198 1759 facietis
2236 1691 2293 1744 in
2313 1707 2395 1754 ea,
2427 1692 2553 1761 quia
2578 1690 2689 1746 dies
2710 1689 2972 1759 clangoris
3003 1700 3076 1743 est
3100 1699 3147 1742 et
3169 1689 3449 1751 tubarum;
3479 1690 3565 1758 of-

1997 1782 2271 1851 feretisque
2318 1782 2679 1836 holocaustum
2724 1784 2780 1835 in
2809 1783 3021 1835 odorem
3045 1783 3412 1837 suavissimum
3459 1782 3569 1836 Do-

302 1872 514 1940 gvntia,
538 1871 631 1925 sed
665 1871 793 1925 illud
820 1873 993 1941 majus
1021 1883 1105 1927 est
1129 1874 1269 1943 quod
1293 1875 1580 1938 horrescit,
1613 1883 1668 1928 et
1694 1876 1887 1930 merito
1918 1863 1963 1920 Β
1992 1873 2152 1936 mino,
2198 1871 2419 1925 vitulum
2454 1872 2520 1925 de
2582 1882 2820 1926 armento
2872 1888 3056 1935 unum,
3108 1874 3323 1925 arietem
3380 1888 3561 1937 unum,

304 1964 580 2017 horrescit
604 1963 762 2027 Dens,
796 1962 840 2016 si
865 1964 1102 2028 malitiai,
1129 1966 1172 2020 si
1198 1966 1310 2028 iras,
1344 1967 1388 2021 si
1415 1967 1668 2035 nequitiae
1696 1967 1888 2037 spiritu

300 2054 616 2108 inlirmetur
663 2054 864 2119 anima,
914 2064 971 2109 et
1026 2057 1350 2112 intumescat
1401 2059 1469 2111 ad
1498 2057 1718 2127 ﬂagitia.
1763 2058 1889 2114 llaec

302 2159 416 2196 non
458 2143 573 2197 vult
601 2145 837 2199 animam
863 2162 985 2201 esse
1024 2147 1185 2211 Deus,
1230 2156 1284 2201 et
1331 2148 1435 2202 tale
1486 2148 1811 2203 fermentum
1838 2150 1884 2204 si

303 2235 668 2301 abjeeerimns
711 2237 775 2290 de
804 2237 964 2291 domo
992 2239 1187 2292 anima:
1223 2248 1440 2302 nostrae,
1475 2239 1669 2294 merito
1705 2248 1887 2295 exter-

302 2326 653 2379 minabimur.
686 2325 792 2380 Sel
821 2343 889 2381 ne
910 2336 1254 2391 contemnas,
1286 2331 1452 2384 etiam
1479 2331 1522 2383 si
1554 2346 1779 2400 parvam
1804 2331 1885 2385 vi-

300 2419 453 2472 deris
483 2416 624 2472 intra
672 2426 725 2473 te
768 2419 1085 2473 fermentari
1127 2422 1411 2487 malitiam,
1462 2422 1589 2492 quia
1617 2424 1885 2477 modicum

301 2509 620 2571 fermentum
664 2518 828 2562 totum
870 2526 1099 2563 massam
1128 2514 1412 2582 corrumpit
1460 2512 1511 2582 (I
1553 2513 1676 2567 Cor.
1708 2514 1783 2586 v).
1819 2515 1887 2569 Et

301 2599 430 2653 ideo
485 2613 663 2667 neque
715 2600 780 2654 de
836 2615 1004 2670 parvo
1049 2613 1271 2670 peccato
1316 2603 1576 2673 negligas,
1627 2604 1883 2673 quoniam

298 2708 375 2745 ex
396 2707 504 2745 uno
539 2700 761 2761 peccato
800 2702 1089 2762 generatur
1134 2704 1190 2749 et
1238 2694 1402 2749 aliud.
1454 2695 1605 2750 Sient
1630 2698 1777 2751 enim
1813 2712 1882 2752 ex

297 2782 510 2852 justitia
545 2797 836 2852 generamr
870 2783 1102 2853 iustitia,
1144 2799 1209 2839 ex
1251 2787 1501 2839 castitate
1547 2786 1790 2841 castitas.
1824 2786 1883 2841 Si

298 2873 432 2941 quis
471 2873 616 2926 enim
666 2873 843 2941 primo
875 2875 1110 2929 tenuiter
1137 2883 1320 2929 castus
1349 2890 1468 2930 esse
1497 2878 1740 2945 cmperit.
1788 2891 1884 2931 ex-

295 2973 463 3033 cepto
506 2964 775 3019 castitatis
802 2964 1086 3031 fermento,
1127 2968 1369 3035 quotidie
1395 2967 1599 3022 castior
1627 2968 1879 3033 ellicitnr,

298 3054 378 3108 ita
400 3062 459 3107 et
499 3055 593 3124 qui
626 3055 790 3109 semel
841 3056 979 3110 intra
1007 3072 1066 3112 se
1104 3057 1232 3113 licet
1260 3072 1452 3126 parum
1483 3059 1702 3115 malitias
1728 3076 1878 3129 repoo

296 3146 475 3200 suerit
512 3146 856 3212 fermentum,
889 3149 1129 3217 quotidie
1173 3150 1465 3220 semetipso
1495 3152 1723 3221 nequior
1768 3152 1881 3206 eili-

297 3234 446 3287 eitur
497 3251 561 3289 ac
608 3237 865 3291 deterior.
916 3238 982 3292 Et
1007 3238 1130 3294 ideo
1164 3240 1209 3294 si
1240 3241 1324 3295 vis
1348 3256 1508 3311 agere
1555 3257 1873 3312 azymorum

305 3324 653 3381 festivitatem
695 3343 820 3383 cum
869 3330 1002 3394 Deo,
1043 3345 1113 3385 ne
1146 3347 1334 3400 parum
1380 3333 1597 3403 quidem
1659 3335 1880 3391 malitias

298 3417 630 3472 tormentum
664 3419 804 3473 intra
832 3429 883 3474 te
912 3421 1150 3478 residere
1170 3423 1417 3492 patiaris.

378 3506 503 3560 Dies
542 3509 923 3576 primitivornm
972 3513 1150 3576 etiam,
1194 3514 1412 3583 quando
1459 3517 1691 3585 oﬁ'eretis
1718 3534 1881 3573 novas

302 3595 483 3666 fruges
539 3597 784 3664 Domino,
834 3601 1047 3672 expletis
1102 3604 1530 3672 hebdomadibus,
1575 3610 1881 3664 venerabilis

297 3697 351 3741 et
375 3699 557 3742 sancta
601 3690 721 3743 erit.
755 3691 922 3746 Omne
969 3709 1095 3761 opus
1130 3695 1313 3749 servile
1352 3712 1454 3749 non
1480 3697 1683 3766 facietis
1713 3699 1767 3752 in
1797 3716 1879 3762 ea,

301 3778 633 3849 oﬁ'eretisquc
669 3780 1032 3849 holocaustum
1052 3784 1107 3837 in
1129 3784 1339 3838 odorem
1377 3787 1745 3841 suavissimum
1770 3788 1882 3843 De-

302 3867 467 3929 ntino,
509 3866 697 3921 titulos
719 3868 786 3921 de
812 3880 1046 3924 armento
1080 3871 1232 3936 duos,
1263 3873 1476 3927 arietem
1507 3890 1691 3939 unum,
1716 3893 1880 3946 agnos

264 3944 278 3967 ³
298 3956 672 4012 inmaculatos
693 3969 907 4029 septem,
935 3964 1159 4033 atquein
1184 3965 1460 4033 sacriﬁciis
1483 3983 1664 4021 eorum
1692 3968 1882 4023 simila:

299 4044 417 4099 oleo
445 4063 734 4117 conspersa:
763 4058 865 4103 tres
891 4051 1121 4107 decimas
1164 4071 1257 4123 per
1273 4056 1509 4125 singulos
1534 4057 1758 4123 vitulos;
1789 4076 1883 4130 per

300 4136 514 4200 arietes,
540 4136 714 4201 duas;
754 4156 846 4209 per
871 4157 1033 4211 agnos
1069 4144 1323 4200 decimam
1352 4147 1590 4215 decima’,
1614 4153 1705 4221 qui
1723 4152 1882 4207 simul

300 4236 424 4280 sunt
483 4229 605 4296 agni
664 4239 875 4299 septem.
928 4231 1150 4287 Hircum
1209 4253 1414 4308 quoque
1466 4241 1558 4310 qui
1618 4252 1884 4297 mactatur

299 4332 397 4384 pro
452 4318 784 4386 expiatione,
836 4332 1027 4390 prazter
1088 4324 1450 4380 holocaustum
1511 4333 1882 4400 sempiternum

301 4418 348 4460 et
374 4408 480 4461 liba
506 4409 622 4477 ejus
662 4430 681 4465 :
716 4410 1055 4466 immaculata
1084 4414 1310 4482 oﬁcretis
1333 4417 1506 4471 omnia
1529 4435 1647 4473 cum
1674 4420 1884 4473 libatio—

301 4498 455 4551 nibus
492 4498 620 4551 suis.
674 4499 801 4555 Post
826 4502 967 4555 bane
996 4506 1240 4572 sequitur
1259 4516 1413 4559 sexta
1441 4505 1722 4573 festivitas,
1761 4526 1881 4579 qua:

304 4588 506 4641 dicitur
536 4589 828 4656 Novarum,
863 4592 915 4646 id
935 4601 1039 4658 est,
1076 4594 1333 4662 primitias
1368 4596 1434 4651 de
1458 4600 1614 4653 novis
1637 4599 1879 4655 oll‘erun-

304 4686 416 4732 tur.
446 4678 545 4733 Ubi
566 4680 711 4735 enim
734 4683 1032 4739 seminatus
1056 4684 1220 4739 fuerit
1242 4701 1370 4756 ager
1392 4687 1678 4755 diligenter
1701 4690 1883 4744 escul-

305 4780 415 4833 tus.
445 4781 609 4841 atque
646 4774 714 4827 ad
739 4776 1104 4831 maturitatem
1141 4779 1448 4847 pervenerit
1476 4794 1648 4849 seges,
1674 4788 1801 4835 tunc
1828 4782 1881 4836 in

304 4861 579 4917 fructuum
631 4864 961 4932 perfectione
1009 4868 1272 4923 festivitas
1305 4869 1513 4924 Domini
1564 4872 1789 4941 geritur.
1824 4873 1882 4927 Si

306 4968 437 5022 ergo
457 4962 513 5008 et
539 4964 596 5007 tu
623 4956 705 5010 vis
725 4956 995 5012 Novorum
1018 4960 1158 5014 diem
1184 4959 1378 5015 festum
1422 4977 1583 5032 agere
1601 4978 1725 5017 eum
1750 4962 1880 5029 Deo,

308 5044 431 5097 vide
481 5046 752 5112 quomodo
795 5048 1055 5115 semines,
1088 5059 1181 5104 aut
1209 5052 1297 5106 ubi
1325 5054 1582 5120 seminus,
1621 5064 1680 5109 ut
1709 5057 1886 5125 possis

312 5134 447 5188 tales
493 5145 698 5191 metere
724 5137 954 5202 fructus,
980 5155 1046 5194 ex
1077 5142 1271 5210 quibus
1300 5144 1467 5200 laetari
1494 5145 1664 5202 facias
1689 5148 1882 5213 Deum,

309 5231 365 5277 et
392 5239 560 5294 agere
589 5225 730 5281 diem
780 5228 998 5282 festum.
1031 5229 1184 5296 Quod
1206 5233 1365 5287 aliter
1398 5234 1624 5305 implere
1655 5253 1760 5291 non
1788 5254 1883 5306 po-

312 5315 465 5378 teris,
497 5315 601 5369 nisi
652 5318 843 5372 audias
890 5319 1204 5389 Apostolum
1247 5323 1514 5379 dicentem
1547 5344 1559 5378 :
1595 5326 1698 5389 Qui
1733 5327 1890 5380 semi-

312 5414 399 5457 nat
424 5405 480 5458 in
499 5406 711 5474 spiritu.
731 5407 795 5462 de
814 5409 999 5477 spiritu
1024 5421 1172 5464 metet
1201 5412 1356 5466 vitam
1380 5424 1629 5467 (sternam
1653 5413 1737 5484 (ΙΙ
1759 5412 1883 5468 Cor.

312 5494 413 5561 Ix).
443 5494 499 5549 Si
528 5497 609 5551 sic
630 5498 867 5553 semines
890 5508 944 5554 et
964 5501 1046 5555 sic
1061 5511 1253 5565 metas,
1275 5503 1507 5572 denique
1525 5504 1666 5558 diem
1688 5502 1885 5558 festum

313 5600 438 5641 vere
460 5590 578 5657 agis
607 5590 897 5644 Novarum.
940 5591 1229 5662 Propterea
1257 5601 1312 5646 et
1337 5594 1597 5662 propheta
1628 5594 1884 5648 admonet

313 5676 501 5734 dicens
528 5699 542 5732 :
568 5680 592 5734 1
599 5694 820 5737 nnoeate
869 5685 921 5736 in
949 5685 1087 5739 rubis
1117 5685 1344 5746 novalia,
1370 5696 1415 5740 et
1444 5685 1601 5739 nolite
1627 5686 1885 5740 seminare

316 5785 466 5838 super
510 5772 680 5839 spinas
730 5772 945 5828 flerent.
980 5777 1074 5845 tv).
1115 5777 1216 5844 Qui
1243 5792 1371 5846 ergo
1399 5792 1492 5832 cor
1529 5792 1682 5832 suum
1718 5786 1769 5829 et
1799 5778 1878 5831 in-

1990 1978 2157 2032 agnos
2180 1961 2453 2016 anniculos
2480 1962 2844 2015 immaculatos
2873 1972 3085 2032 septem.
3118 1961 3182 2014 Et
3210 1963 3263 2014 in
3287 1962 3563 2031 sacriﬁciis

1991 2068 2171 2107 eorum
2191 2052 2378 2107 simila:
2415 2052 2527 2105 oleo
2551 2069 2843 2122 conspersa:
2869 2062 2973 2107 tres
3007 2054 3236 2107 decimas
3264 2071 3356 2124 per
3378 2055 3563 2123 singu-

1990 2144 2070 2199 los
2097 2144 2302 2200 vitulos.
2327 2142 2471 2199 Duas
2490 2145 2719 2199 decimas
2737 2161 2832 2215 per
2857 2147 3096 2211 arietem,
3121 2162 3279 2200 unam
3306 2146 3562 2200 decimam

1989 2252 2084 2305 per
2105 2251 2298 2305 agnum
2328 2249 2347 2286 :
2366 2237 2457 2305 qui
2483 2234 2641 2288 simul
2675 2244 2796 2289 sunt
2823 2236 2947 2305 agni
2983 2245 3198 2305 septem.
3247 2236 3315 2289 Et
3357 2237 3562 2290 hircum

1988 2345 2085 2398 pro
2130 2338 2340 2399 peccato
2381 2328 2472 2398 qui
2516 2328 2736 2397 o/fertur
2758 2328 2817 2381 in
2862 2329 3156 2398 expiatione
3195 2329 3393 2399 populi,
3426 2344 3563 2397 pra:-

1987 2430 2066 2473 ter
2105 2419 2468 2473 holocaustum
2524 2418 2884 2472 Kalendarum
2923 2435 3045 2472 cum
3092 2418 3369 2487 sacriﬁciis
3415 2421 3558 2484 suis,

1986 2519 2035 2566 et
2062 2509 2425 2564 holocaustum
2456 2508 2823 2577 sempiternum
2851 2524 2971 2561 cum
3015 2507 3348 2561 libationibus
3368 2506 3557 2570 solitis,

1985 2601 2169 2655 iisdem
2203 2601 2528 2655 cwremoniis
2554 2599 2783 2667 oﬁ'eretis
2823 2600 2878 2653 in
2919 2599 3133 2653 odorem
3169 2600 3557 2662 suavissimum,

1984 2693 2254 2745 incensum
2296 2690 2543 2743 Domino.
2595 2688 2746 2743 Tunc
2771 2689 2968 2743 deinde
3013 2689 3259 2758 sequitur
3298 2689 3563 2744 festivitas

1986 2779 2368 2851 Septimarum.
2403 2779 2556 2835 Sicut
2582 2780 2728 2834 enim
2759 2780 2902 2835 inter
2929 2780 3047 2835 dies
3088 2790 3318 2850 septem,
3360 2781 3563 2851 quique

1984 2875 2100 2929 dies
2141 2874 2459 2929 observatur
2507 2874 2812 2939 sabbatum,
2839 2881 2895 2928 et
2936 2882 3022 2930 est
3065 2873 3353 2938 festivitas,
3406 2874 3476 2927 ita
3503 2882 3560 2927 et

1985 2967 2126 3022 inter
2172 2981 2405 3031 menses,
2449 2968 2708 3035 septimus
2738 2966 2941 3036 quique
2990 2966 3212 3031 mensis,
3268 2968 3554 3020 sabbatum

1984 3056 2265 3111 mensium.
2302 3056 2493 3125 Agitur
2539 3071 2668 3127 ergo
2709 3057 2765 3111 in
2816 3071 2884 3111 eo
2918 3057 3186 3112 festivitas
3212 3072 3334 3127 quae
3362 3058 3561 3112 dicitur

1984 3144 2217 3200 Sabbata
2273 3144 2666 3210 Sabbatorum;
2722 3157 2779 3200 et
2816 3145 2877 3200 fit
2913 3148 2968 3200 in
3004 3146 3092 3201 die
3137 3147 3312 3215 prima
3352 3148 3559 3200 mensis

1983 3237 2241 3291 memoria
2277 3236 2549 3299 tubarum,
2599 3237 2703 3290 nisi
2743 3237 2839 3315 qpi
2888 3246 3065 3307 potest
3093 3236 3400 3306 Seripturas
3432 3251 3557 3305 pro.

1981 3330 2226 3401 pbeticas
2249 3338 2304 3383 et
2325 3328 2660 3399 evangelicae
2689 3339 2744 3383 et
2773 3329 3119 3400 apostolicus,
3139 3343 3261 3397 quae
3280 3328 3426 3382 velut
3442 3344 3555 3383 οω-

1983 3421 2102 3476 lcsti
2130 3423 2364 3491 quadam
2388 3430 2682 3490 personant
2712 3422 2860 3486 tuba,
2891 3423 3150 3477 mandare
3180 3421 3473 3488 memoriae,
3502 3430 3558 3475 et

1983 3511 2038 3564 in
2065 3510 2377 3564 thesaurum
2417 3512 2602 3566 cordis
2641 3512 2726 3566 sui
2774 3513 3089 3567 recondere.
3140 3511 3243 3578 Qui
3287 3527 3416 3582 ergo
3436 3512 3555 3566 haec

1982 3598 2131 3663 facit,
2158 3608 2214 3653 et
2240 3600 2294 3653 in
2320 3600 2437 3669 lege
2470 3601 2683 3655 Domini
2708 3605 2998 3657 meditatur
3024 3604 3111 3656 die
3132 3619 3195 3657 ae
3236 3611 3415 3667 nocte,
3454 3604 3558 3657 istc

1982 3688 2330 3744 festivitatem
2377 3692 2515 3759 gerit
2570 3694 2862 3747 memorire.
2900 3693 3009 3748 Sed
3061 3703 3116 3748 et
3156 3695 3201 3748 si
3230 3696 3352 3763 quis
3377 3702 3555 3763 potest

1982 3780 2185 3849 gratias
2219 3780 2337 3834 illas
2372 3781 2606 3851 Spiritus
2637 3784 2810 3838 sancti
2861 3786 3182 3854 promereri,
3232 3786 3430 3855 quibus
3474 3786 3555 3839 in-

1983 3871 2171 3939 spirati
2211 3881 2334 3927 sunt
2357 3875 2653 3944 prophetae,
2680 3882 2737 3930 et
2767 3877 3001 3947 psallens
3021 3878 3205 3933 dicere
3238 3896 3250 3932 :
3289 3878 3474 3932 Canite
3503 3879 3555 3932 in

1983 3962 2140 4017 initio
2166 3966 2369 4020 mensis
2402 3967 2545 4028 tuba,
2592 3968 2648 4020 in
2676 3967 2763 4021 die
2802 3969 2995 4039 insigni
3045 3970 3390 4025 solemnitatis
3442 3972 3557 4041 ejus

1984 4054 2155 4127 (Psal.
2184 4057 2373 4128 Lxxx),
2400 4068 2454 4113 et
2474 4060 2565 4127 qui
2588 4061 2692 4115 scit
2712 4061 2764 4114 in
2796 4061 3018 4130 psalmis
3039 4061 3274 4131 jubilare
3294 4063 3365 4129 ci,
3397 4062 3558 4133 digne

1983 4147 2094 4202 Deo
2129 4148 2239 4217 agit
2270 4148 2666 4204 solemnitatem
2695 4150 2986 4205 Tubarnm.

2056 4238 2268 4292 Decima
2294 4256 2497 4309 quoque
2524 4241 2634 4294 dies
2659 4244 2850 4296 mensis
2870 4245 3027 4313 hujus
3056 4244 3263 4314 septimi
3295 4246 3389 4298 erit
3418 4243 3561 4297 vobis

1983 4337 2162 4381 sancta
2193 4338 2347 4398 atque
2370 4331 2676 4383 uenerabilis
2709 4345 2727 4382 :
2753 4342 2803 4385 et
2827 4334 3073 4402 afﬂigetis
3108 4335 3314 4388 animas
3337 4344 3555 4389 uestras.

1984 4415 2151 4467 Omne
2178 4432 2307 4485 Opus
2331 4417 2516 4469 servile
2558 4435 2661 4471 non
2703 4421 2903 4488 facietis
2924 4423 2979 4474 in
3000 4439 3079 4485 ea,
3108 4423 3437 4493 oﬂ‘cretisqne
3466 4424 3561 4476 ho-

1987 4502 2282 4558 locaustum
2306 4505 2528 4559 Domino
2561 4511 2618 4560 in
2659 4510 2869 4563 odorem
2895 4513 3284 4578 suavissimum,
3334 4512 3560 4567 vitulum

1987 4595 2052 4648 de
2076 4605 2312 4649 armento
2355 4613 2552 4663 unum,
2603 4599 2816 4654 arietem
2854 4617 3039 4667 unum,
3076 4619 3239 4672 agnos
3286 4603 3561 4659 anniculos

1987 4700 2195 4760 septem.
2229 4690 2295 4744 Et
2339 4691 2392 4745 in
2439 4694 2713 4763 sacriﬁciis
2741 4712 2918 4750 eorum
2954 4698 3143 4752 simila:
3172 4698 3283 4753 oleo
3314 4717 3563 4771 consper-

1986 4796 2060 4835 sa:
2115 4791 2217 4834 tres
2267 4781 2496 4837 decimas
2545 4801 2638 4853 per
2690 4786 2877 4841 vitulos
2915 4788 3193 4858 singulos;
3242 4791 3375 4845 duas
3424 4791 3560 4847 deri-

1988 4885 2102 4922 mas
2158 4886 2250 4937 per
2295 4871 2527 4935 arietem,
2562 4874 2817 4927 decimam
2852 4876 3066 4931 decima:
3094 4896 3186 4949 per
3241 4897 3402 4950 agnos
3463 4883 3569 4936 sin-

1990 4959 2138 5029 gulos
2168 4975 2184 5011 :
2210 4963 2301 5031 qui
2334 4971 2453 5015 sunt
2510 4963 2667 5017 simul
2713 4976 2903 5034 septem
2951 4969 3091 5037 agni.
3126 4969 3192 5022 Et
3223 4971 3425 5024 hircum
3469 4987 3564 5041 pro

1993 5061 2200 5119 peccato
2222 5053 2412 5123 absque
2430 5054 2510 5105 his
2530 5070 2650 5123 qua:
2674 5056 2855 5124 oﬁ'erri
2872 5075 2965 5127 pro
2985 5059 3171 5113 delicto
3192 5060 3379 5126 solent,
3401 5061 3455 5114 in
3476 5075 3567 5113 ex—

1994 5140 2271 5209 piationem
2309 5153 2357 5196 et
2395 5142 2755 5199 holocaustunt
2780 5151 3173 5218 sempiternum,
3203 5154 3256 5205 in
3287 5150 3562 5217 sacriﬁciis

1993 5239 2040 5282 et
2089 5228 2419 5285 libaminibus
2458 5250 2658 5299 eorum,
2706 5236 2801 5289 Est
2830 5238 3007 5293 adhuc
3037 5249 3091 5293 et
3140 5240 3245 5293 alia
3276 5237 3564 5298 festivitas,

1994 5335 2117 5374 cum
2168 5322 2409 5392 afﬂigunt
2453 5325 2664 5380 animas
2721 5342 2866 5391 snas,
2908 5339 2963 5383 et
3010 5331 3293 5383 lmmiliant
3341 5341 3399 5380 se
3435 5327 3563 5391 Deo,

1992 5409 2132 5467 festa
2170 5413 2524 5469 celebrantes.
2552 5416 2597 5469 0
2627 5419 2759 5471 mira
2791 5418 3055 5473 festivitas
3084 5422 3097 5471 !
3130 5419 3253 5472 Dies
3282 5417 3447 5470 festus
3477 5430 3567 5471 vo-

1991 5511 2149 5554 catur
2166 5502 2384 5559 afllictio
2405 5507 2615 5560 animat.
2653 5508 2750 5562 Hic
2772 5510 2917 5562 enim
2947 5511 3061 5564 dies
3082 5518 3183 5570 est,
3209 5507 3403 5576 inquit,
3439 5523 3566 5576 pro-

1993 5593 2308 5662 pitiationis.
2349 5596 2554 5650 decima
2588 5598 2676 5651 die
2721 5600 2921 5653 mensis
2962 5597 3193 5666 septimi.
3246 5596 3407 5650 Vides
3434 5612 3563 5665 ergo

1993 5685 2038 5739 si
2064 5687 2143 5738 vis
2170 5687 2310 5740 diem
2340 5688 2535 5742 festum
2563 5706 2741 5758 agere,
2784 5691 2827 5743 si
2867 5690 2951 5745 vis
2980 5698 3040 5742 nt
3075 5689 3286 5743 ltetetnr
3315 5689 3454 5743 Delus
3481 5709 3573 5745 su-

1993 5792 2090 5844 per
2131 5788 2199 5842 te,
2232 5779 2401 5847 alllige
2440 5781 2673 5836 animum
2701 5789 2843 5835 luam
2867 5790 2920 5835 et
2948 5781 3166 5838 lulnti‘lia
3192 5799 3331 5837 eam.
3374 5782 3489 5835 Nm
3520 5782 3569 5836 ei
