3932 6188
453 351 553 412 787

447 473 729 545 permittas
755 475 971 546 explere
992 476 1263 532 desideria
1302 492 1423 541 sua,
1455 491 1554 531 nec
1575 473 1841 530 concedas
1870 473 1919 527 ei
1947 472 2024 525 la-

445 569 626 623 sciviis
651 569 866 639 evagari
885 610 896 631 ,
917 570 1106 633 sed,in
1131 577 1390 638 quantum
1411 575 1589 637 potest
1617 565 1752 628 ﬁeri,
1779 561 1953 634 aﬂlige
1971 572 2027 617 et

448 662 668 716 humilia
699 678 840 716 eam.
888 661 1130 732 Denique
1177 671 1231 716 et
1257 661 1478 716 Pascha:
1513 657 1780 714 festivitas
1807 664 1862 711 et
1887 655 2025 726 Αιγ-

447 763 682 816 morum,
725 766 920 821 panem
951 749 1259 805 aﬂlictionis
1291 751 1490 805 habere
1525 749 1745 804 dicitur.
1785 746 1900 802 Non
1930 762 2026 815 po-

450 851 555 898 test
577 844 704 913 quis
749 859 910 914 agere
935 843 1075 898 diem
1108 842 1328 908 festum,
1354 842 1454 896 nisi
1486 839 1796 896 aﬂlictionis
1831 853 2025 909 panem

449 936 872 1000 inanducaverit,
905 945 962 990 et
1003 935 1413 991 manducaverit
1437 933 1635 1003 pascha
1672 948 1796 986 cum
1828 931 2029 985 amari-

451 1024 652 1080 tudine.
683 1025 1074 1081 Mandueabitis
1103 1025 1266 1088 enim,
1297 1023 1494 1093 inquit,
1519 1036 1710 1092 azyma
1735 1034 1858 1076 cum
1880 1032 2026 1072 ama-

451 1119 704 1172 ritudine.
740 1118 901 1173 Vides
941 1131 1070 1188 ergo
1116 1116 1304 1186 quales
1342 1121 1470 1169 sunt
1521 1112 1844 1166 festivitates
1895 1108 2028 1163 Dei?

450 1207 564 1262 Non
609 1208 876 1276 recipiunt
902 1208 1237 1262 dulcedinem
1261 1205 1616 1276 corporalem,
1676 1202 1808 1257 nihil
1837 1201 2028 1257 remis-

449 1316 597 1362 sum,
624 1299 762 1353 nihil
804 1299 1182 1370 voluptuosum
1211 1309 1304 1353 aut
1333 1298 1666 1352 luxuriosum
1696 1295 1901 1360 volunt,
1932 1293 2026 1350 sed

450 1387 795 1443 aliiictionem
825 1389 1038 1453 animze,
1088 1396 1145 1442 ct
1177 1387 1594 1442 amaritudinem
1646 1384 2029 1439 humilitatem-

451 1493 556 1548 que
603 1478 919 1548 deposcunt.
977 1477 1116 1543 Quia
1149 1478 1239 1548 qui
1289 1495 1343 1532 se
1392 1475 1657 1541 humiliat,
1711 1475 2030 1529 exaltabitur

449 1569 591 1638 apud
621 1568 788 1622 Deum
818 1566 969 1640 (Luc.
1015 1568 1149 1638 xxv).
1180 1567 1294 1622 Hoc
1332 1582 1462 1638 ergo
1489 1566 1729 1636 deposcit
1761 1573 1816 1620 et
1846 1565 2030 1635 propi-

452 1660 692 1715 tiationis
716 1661 853 1716 dies.
881 1660 1013 1715 Cum
1035 1662 1178 1716 enim
1206 1660 1404 1716 alllicta
1435 1661 1600 1716 fuerit
1627 1661 1830 1725 anima,
1854 1669 1910 1714 et
1929 1661 2030 1714 hu-

450 1750 657 1805 miliata
706 1751 760 1804 in
813 1759 1106 1821 conspectu
1157 1751 1392 1814 Domini,
1445 1758 1572 1804 tunc
1608 1751 1656 1805 ei
1707 1750 2031 1819 propitiatur

451 1843 623 1907 Deus;
655 1848 710 1896 et
759 1849 889 1897 tunc
934 1843 1003 1897 ad
1052 1857 1171 1897 eam
1208 1843 1357 1900 venit
1390 1842 1498 1907 ille,
1547 1857 1706 1912 quem
1749 1842 2028 1911 pr0posnit

451 1931 1034 2001 Deus-pmpitiatorium
1063 1948 1158 2002 per
1179 1931 1336 1986 fidem
1366 1933 1418 1985 in
1451 1932 1712 2001 sanguine
1733 1946 1850 1996 suo,
1871 1930 2029 1987 Jesus

450 2020 699 2076 Christus
731 2021 991 2075 Dominus
1017 2031 1072 2074 et
1094 2021 1423 2090 Redemptor
1449 2020 1585 2090 ejus.

521 2111 924 2177 Quintadecima
971 2127 1087 2166 vero
1117 2112 1202 2165 die
1245 2114 1435 2166 mensis
1468 2112 1674 2182 septimi
1723 2129 1840 2183 qua:
1888 2113 2028 2168 vobis

448 2204 544 2258 erit
584 2211 771 2258 sancta
802 2215 956 2274 atque
999 2203 1328 2269 venerabilis,
1377 2221 1526 2259 omne
1549 2219 1679 2274 Opus
1713 2204 1896 2258 servile
1925 2221 2029 2259 non

450 2295 653 2362 facietis
691 2296 749 2350 in
785 2313 880 2358 ea;
905 2295 997 2349 sed
1020 2295 1346 2350 celebrabitis
1389 2296 1767 2350 solemnitatem
1806 2296 2029 2351 Domino

451 2395 639 2455 septem
653 2386 868 2453 diebus,
884 2388 1216 2458 olj‘eretisquc
1239 2389 1291 2443 in
1317 2390 1530 2442 odorem
1544 2389 1912 2443 suavissimum
1931 2389 2032 2444 Do-

454 2474 616 2539 mino,
669 2474 858 2529 vitulos
889 2476 954 2528 de
1003 2487 1240 2532 armento
1301 2479 1565 2544 tredecim,
1621 2480 1811 2534 arietes
1874 2480 2027 2546 duos,

452 2577 614 2632 agnos
679 2563 1072 2632 immaculatos,
1147 2567 1423 2622 anniculos
1474 2569 1906 2639 quatuordccim;
1981 2579 2032 2624 et

450 2651 508 2704 in
572 2651 867 2707 libamentis
919 2671 1098 2708 eorum
1147 2656 1336 2712 simin
1411 2658 1522 2712 oleo
1593 2675 1882 2730 conspersa:
1925 2671 2030 2716 tres

450 2742 680 2796 decimas
720 2759 813 2812 per
858 2744 1090 2813 singulas
1126 2746 1333 2814 vitulos,
1381 2749 1473 2819 qui
1509 2759 1630 2803 sunt
1681 2749 1840 2803 simul
1882 2751 2031 2805 vituli

452 2834 727 2899 tredecim;
749 2845 798 2890 et
834 2836 969 2890 duas
1010 2838 1244 2893 decimas
1269 2839 1422 2895 arieti
1467 2857 1607 2906 uno,
1647 2841 1704 2894 id
1740 2852 1838 2906 est,
1875 2842 2032 2896 simul

453 2925 701 2979 arietibus
729 2926 950 2991 duobus,
981 2938 1030 2982 et
1066 2927 1319 2983 decimam
1343 2929 1558 2984 decima:
1588 2932 1738 3002 agnis
1767 2932 1988 3002 singulis
2013 2951 2029 2990 :

451 3016 540 3085 qui
583 3026 704 3071 sunt
745 3017 904 3072 simul
933 3019 1056 3090 agni
1109 3021 1542 3091 quatuordecim;
1601 3033 1648 3076 et
1689 3023 1893 3078 hircum
1937 3040 2033 3094 pro

451 3115 682 3174 peccato,
713 3114 907 3178 absque
933 3107 1236 3172 holocausta
1257 3112 1593 3181 sempiterno,
1619 3122 1666 3166 et
1688 3113 1953 3181 sacriﬁcio
1981 3120 2032 3167 et

454 3193 698 3248 libamine
724 3196 839 3265 ejus
861 3236 876 3262 ,
930 3207 986 3252 ct
1012 3205 1226 3252 caetera.
1256 3197 1374 3254 Jam
1408 3217 1538 3257 vero
1567 3202 1786 3258 ulti-mus
1816 3203 1931 3258 dies
1957 3201 2035 3259 fe-

455 3288 578 3335 stus
599 3281 697 3336 Dei
723 3283 815 3351 qui
841 3284 931 3349 sit,
961 3300 1069 3353 quo
1097 3286 1237 3341 Deus
1257 3287 1470 3342 laetatur
1498 3289 1552 3343 in
1593 3290 1830 3356 homine,
1857 3292 2036 3347 videa-

456 3386 577 3427 mus
608 3389 621 3426 :
653 3371 1015 3444 Scenopegia,
1071 3375 1263 3444 inquit.
1317 3376 1553 3432 L'etatur
1582 3393 1711 3450 ergo
1757 3395 1919 3452 super
1949 3391 2031 3449 te,

457 3476 580 3516 cum
609 3463 809 3520 viderit
851 3465 904 3519 in
939 3467 1042 3520 hoc
1068 3467 1271 3522 mundo
1318 3468 1372 3522 in
1400 3471 1760 3528 tabernaculis
1786 3473 2035 3528 habitan-

459 3562 599 3620 tem;
629 3571 753 3611 cum
781 3563 835 3612 te
858 3557 1056 3612 viderit
1085 3573 1193 3612 non
1226 3559 1426 3614 habere
1453 3559 1618 3616 ﬁxum
1647 3571 1704 3617 et
1752 3561 2034 3620 fundatum

455 3645 691 3700 animum
721 3662 783 3703 ac
817 3649 1150 3718 propositum
1179 3665 1342 3720 super
1367 3659 1559 3717 terras,
1588 3667 1689 3708 nec
1717 3654 2031 3711 desideran-

456 3746 562 3792 tem
592 3752 711 3807 quae
740 3749 957 3795 terrena
981 3752 1127 3806 sunt,
1159 3756 1259 3798 nec
1281 3744 1526 3797 umbram
1551 3744 1673 3799 vita:
1697 3745 1856 3815 hujus
1879 3747 2035 3816 quasi

452 3833 850 3900 possessionem
885 3835 1159 3904 propriam
1187 3844 1244 3890 et
1283 3845 1597 3906 perpetuam
1651 3837 2031 3907 deputantem,

455 3921 551 3975 sed
581 3921 726 3975 velut
747 3922 804 3977 in
840 3924 1070 3979 transitu
1094 3925 1346 3994 positum,
1385 3934 1440 3980 et
1473 3927 1540 3981 ad
1566 3942 1750 3982 veram
1777 3927 1920 3982 illam
1944 3943 2036 3997 pa-

459 4011 616 4064 triam
647 4011 788 4067 unde
813 4027 1061 4083 egressus
1101 4029 1160 4070 es
1196 4015 1432 4084 paradisi
1471 4015 1814 4071 festinantem
1843 4032 1907 4071 ac
1957 4018 2035 4072 di-

454 4110 663 4158 centeln
690 4122 702 4155 :
733 4103 917 4159 Incola
965 4123 1055 4176 ego
1083 4123 1231 4172 sum,
1263 4117 1311 4162 et
1343 4109 1645 4179 peregrinus
1701 4110 1835 4162 sicut
1858 4123 2035 4163 omnes

453 4203 625 4264 patres
654 4196 757 4250 mei
794 4193 968 4267 (Psal.
999 4198 1208 4270 cxvm).
1263 4198 1320 4253 ιιι
1363 4200 1720 4255 tabernaculis
1766 4201 1908 4256 cnim
1939 4203 2036 4257 ha-

457 4284 762 4342 bitaverunt
789 4296 842 4343 et
869 4297 1076 4358 patres,
1105 4298 1161 4344 et
1184 4290 1452 4345 Abraham
1489 4291 1544 4344 in
1575 4291 1794 4355 casulis,
1834 4294 1886 4348 id
1909 4303 1992 4350 est
2017 4335 2032 4361 ,

455 4378 509 4434 in
541 4378 904 4434 tabernaculis
933 4379 1214 4448 habitavit,
1243 4397 1367 4436 cum
1397 4381 1546 4437 Isaac
1587 4391 1642 4437 et
1670 4381 1838 4440 Jacob
1862 4386 2036 4443 colun—

1118 357 1180 411 B.
1222 357 1476 413 ΗΑΒΑΝΙ
1515 356 1739 412 ΜᾹΠΜ
1770 354 2025 411 ARCIIIE

2134 356 2442 418 MOGUNT.
2483 356 2775 413 OPERUM‘
2808 355 2988 412 PARS
3026 345 3070 412 ῐξ

3569 366 3667 422 733

2049 479 2103 535 Α
2129 476 2308 546 potius
2344 476 2638 531 secundum
2670 474 2966 545 Scriptura:
2995 475 3392 544 auctoritatem,
3425 482 3579 550 ipsum
3617 489 3660 542 ei

2125 566 2194 620 da
2220 565 2509 621 Dominum
2539 565 2732 620 lucem.
2770 564 2920 620 Pone
2944 568 3190 621 astantes
3218 568 3432 637 angelos
3477 571 3660 641 gloriae,

2123 671 2263 726 pone
2295 657 2542 721 virtutes,
2567 657 2742 721 sedes,
2767 657 3187 724 dominationes,
3215 668 3375 728 atque
3411 676 3553 718 omne
3589 682 3663 721 no-

2125 763 2250 802 men
2284 745 2638 801 clarissimum
2663 746 3072 816 cmlestiumque
3090 747 3370 817 virtutum,
3395 766 3495 805 non
3519 754 3660 810 solum

2125 835 2268 904 quod
2297 836 2348 889 in
2381 835 2630 904 praesenti
2666 835 2861 890 steculo
2891 836 3220 902 nominatur,
3253 839 3344 893 sed
3371 840 3504 908 quod
3529 843 3660 897 etiam

2126 926 2180 981 in
2217 925 2419 980 futbro.
2446 925 2576 980 ltem
2606 925 2706 980 bos
2726 941 2916 980 omnes
2936 926 3242 993 considera,
3269 938 3324 982 et
3343 931 3532 1000 conjice
3556 948 3663 1001 quo-

2125 1016 2289 1070 modo
2310 1016 2394 1086 agi
2429 1015 2638 1086 possint
2665 1015 2781 1071 dies
2806 1014 2930 1070 festi
2958 1016 3194 1082 Domini,
3219 1033 3339 1086 quae
3379 1018 3448 1072 ibi
3487 1017 3661 1075 festivi-

2127 1115 2286 1171 tates,
2317 1121 2439 1177 qua:
2463 1107 2676 1176 gaudia,
2705 1122 2825 1176 qua:
2861 1106 3059 1162 betitia:
3097 1109 3429 1176 magnitudo.
3473 1109 3586 1164 Nam
3611 1113 3668 1168 de

2125 1197 2212 1251 his
2264 1211 2384 1265 quae
2422 1211 2584 1265 supra
2617 1196 2853 1252 diximus
2904 1197 3239 1267 spiritalibus
3289 1195 3663 1264 festivitatibus,

2126 1288 2288 1342 etiam
2331 1287 2377 1342 si
2420 1301 2627 1358 magnae
2659 1296 2785 1342 sunt
2811 1297 2863 1342 et
2895 1302 3058 1352 verte,
3091 1289 3357 1358 praecipue
3389 1303 3502 1343 cum
3530 1291 3664 1360 spiri-

2128 1378 2309 1432 taliter
2343 1385 2606 1448 geruntur
2631 1378 2684 1432 in
2712 1377 2913 1443 anima,
2947 1385 3130 1433 tamen
3163 1395 3231 1434 ex
3260 1386 3410 1449 parte
3428 1389 3556 1446 sunt,
3579 1398 3666 1435 non

2127 1485 2194 1525 ex
2223 1469 2452 1540 integro.
2480 1467 2631 1523 Sicut
2666 1470 2810 1524 enim
2841 1470 3300 1540 dixitApostolus,
3327 1473 3445 1543 quis
3471 1490 3528 1527 ex
3546 1485 3667 1544 parte

2127 1563 2343 1625 scimus,
2373 1569 2420 1614 et
2466 1576 2530 1614 ex
2558 1569 2706 1631 parte
2758 1561 3128 1631 propltetamus
3181 1561 3233 1632 (1
3264 1561 3381 1616 Cor.
3411 1562 3558 1632 xui),
3608 1563 3664 1616 ita

2129 1666 2464 1720 consequens
2491 1658 2597 1715 est,
2630 1658 2690 1704 ut
2716 1664 2781 1704 ex
2823 1658 2976 1719 parte
3025 1651 3171 1705 diem
3220 1650 3409 1705 festum
3435 1667 3664 1723 geramus.

2132 1743 2203 1800 Ut
2231 1751 2410 1798 autem
2447 1743 2588 1798 scias
2618 1742 2732 1797 inec
2779 1744 2850 1796 ita
2877 1755 2996 1797 esse
3023 1783 3037 1808 ,
3092 1744 3374 1798 redeamus
3424 1747 3486 1799 ad
3531 1746 3668 1815 ipsius

2056 1816 2103 1876 Β
2131 1834 2281 1889 Pauli
2320 1848 2647 1898 sermonem,
2679 1834 2769 1903 qui
2801 1834 2882 1888 de-
2916 1834 3106 1889 diebus
3135 1834 3290 1890 festis
3313 1845 3365 1888 et
3390 1835 3452 1890 de
3483 1851 3668 1892 neome-

2130 1924 2234 1978 niis
2261 1923 2460 1992 posuit.
2491 1923 2558 1976 Et
2606 1922 2728 1975 vide
2781 1923 3052 1991 quomodo
3104 1923 3473 1978 observantem
3515 1926 3665 1980 dixit:

2132 2015 2302 2070 Nemo
2331 2031 2484 2085 ergo,
2517 2015 2592 2068 ait
2611 2015 2848 2085 ,judicet
2878 2016 2931 2069 in
2961 2015 3106 2082 cibo,
3135 2025 3226 2070 aut
3255 2017 3310 2072 in
3344 2027 3462 2088 potu
3481 2057 3494 2082 ,
3524 2029 3600 2071 aut
3625 2021 3669 2074 is

2129 2119 2279 2179 parte
2304 2110 2407 2164 diei
2439 2110 2578 2180 festi.
2634 2109 2710 2163 Ex
2742 2116 2895 2179 parte
2942 2111 3111 2176 enim,
3147 2119 3204 2165 et
3231 2126 3335 2166 non
3375 2127 3438 2166 ex
3470 2112 3670 2180 integro,

2132 2206 2272 2260 diem
2304 2202 2498 2259 festum
2528 2204 2585 2258 in
2619 2203 2722 2258 hoc
2752 2203 2950 2258 mundo
2991 2204 3349 2258 celebramus.
3399 2203 3670 2273 Interpella-

2132 2312 2254 2352 mur
2287 2298 2451 2352 etiam
2493 2297 2536 2351 si
2565 2295 2814 2350 nolumus
2842 2297 2910 2350 ab
2937 2311 3103 2350 onere
3149 2296 3349 2360 carnis,
3377 2296 3623 2367 pulsamur
3642 2311 3667 2348 ιι

2131 2393 2582 2463 concupiscentiis
2607 2393 2744 2462 ejus,
2775 2392 3031 2462 curisque
3079 2399 3134 2446 et
3171 2389 3590 2446 sollicitudinibus
3614 2394 3669 2440 te

2133 2483 2434 2537 rebramur.
2479 2479 2680 2552 Corpus
2723 2483 2868 2538 enim
2903 2481 3266 2551 corruptibile,
3293 2488 3353 2533 ut
3375 2479 3447 2533 ait
3492 2477 3670 2546 sapien-

2134 2571 2394 2635 tissimus,
2425 2581 2671 2641 aggravat
2697 2573 2948 2635 animam,
2972 2579 3021 2624 et
3048 2570 3295 2640 deprimit
3317 2582 3510 2622 sensum
3533 2563 3668 2617 multa

2133 2663 2445 2732 cogitantem
2477 2661 2627 2731 (δίη).
2667 2661 2764 2731 ιχ).
2800 2661 2876 2714 Ex
2926 2668 3082 2728 parte
3112 2659 3260 2714 enim
3289 2658 3340 2712 in
3369 2657 3463 2711 hoc
3503 2653 3668 2709 mundo

2134 2753 2307 2809 Sancti
2331 2762 2497 2823 agunt
2528 2753 2671 2807 diem
2700 2752 2922 2812 festum,
2975 2751 3098 2820 quia
3127 2765 3198 2804 ex
3226 2757 3374 2818 parte
3421 2745 3593 2809 sciunt,
3620 2749 3666 2798 et

2134 2859 2197 2899 ex
2233 2853 2388 2916 parte
2409 2845 2752 2914 prophetarit.
2787 2841 2919 2898 Cum
2958 2850 3137 2896 autem
3168 2839 3410 2894 venerint
3436 2851 3541 2907 qua
3565 2848 3666 2904 per-

2136 2937 2277 2992 fecta
2309 2944 2452 3000 sunt,
2477 2936 2827 2990 destruentur
2856 2933 2957 2988 ista
2977 2947 3096 3002 qua:
3116 2945 3190 2985 ex
3220 2939 3369 3001 parte
3395 2937 3524 2982 sunt.
3544 2924 3668 2979 Sicut

2135 3029 2280 3083 enim
2310 3027 2561 3098 perfectae
2599 3027 2837 3082 scientia:
2860 3026 3000 3080 cedit
3039 3026 3143 3078 ista
3175 3039 3296 3094 quae
3318 3037 3383 3078 ex
3410 3032 3547 3091 parte
3582 3023 3666 3074 est.

2059 3158 2104 3219 Ε
2137 3119 2210 3174 ita
2233 3128 2287 3173 et
2304 3117 2559 3189 perfectae
2579 3117 2862 3172 festivitati
2886 3117 3029 3172 cedit
3054 3117 3161 3171 ista
3199 3129 3317 3186 qua:
3342 3131 3405 3170 ex
3429 3122 3564 3183 parte
3602 3118 3670 3164 est

2135 3209 2420 3266 festivitas.
2462 3207 2646 3277 Neque
2690 3210 2834 3264 enim
2872 3207 3015 3278 quod
3058 3208 3358 3277 perfectum
3400 3212 3479 3259 est
3511 3213 3669 3272 capere

2133 3301 2366 3355 mundus
2390 3301 2492 3355 iste
2525 3307 2726 3369 potest,
2757 3300 2870 3364 ubi,
2899 3306 2960 3352 ut
2987 3297 3250 3362 diximus,
3278 3295 3552 3351 necessitas
3572 3305 3670 3346 cor-

2131 3391 2301 3460 poris,
2319 3404 2462 3445 nunc
2482 3389 2686 3454 cibum,
2707 3403 2850 3443 nunc
2871 3395 3077 3458 potum,
3091 3402 3242 3442 nunc
3262 3399 3496 3442 somnum
3515 3395 3670 3452 sugge-

2134 3482 2235 3548 rit;
2260 3495 2401 3536 nunc
2423 3481 2587 3535 etiam
2612 3487 3082 3549 quantamcunqne
3107 3478 3413 3534 necessario
3426 3477 3534 3530 vita:
3554 3487 3666 3541 pne-

2133 3575 2302 3629 sentis
2324 3571 2734 3628 sollicitudinem
2755 3579 2955 3624 movet.
2973 3568 3103 3636 Quae
3123 3570 3305 3624 omnia
3324 3568 3670 3633 interrumpunt

2133 3663 2253 3718 sine
2265 3661 2426 3716 dubio
2440 3659 2897 3715 continuationem
2923 3657 3238 3713 festivitatis
3259 3659 3370 3713 Dei.
3387 3656 3509 3712 Cum
3521 3663 3669 3708 autem

2133 3750 2345 3806 venerit
2369 3749 2498 3804 illud
2519 3748 2663 3819 quod
2690 3748 2892 3804 dictum
2917 3755 3003 3802 est
3039 3747 3103 3801 de
3140 3748 3228 3802 lus
3249 3748 3337 3816 qui
3364 3746 3669 3800 restituentur

2134 3846 2190 3899 in
2215 3851 2402 3899 sancta
2421 3882 2434 3908 ,
2463 3842 2509 3896 si
2541 3850 2594 3896 et
2622 3856 2721 3896 nos
2745 3855 2810 3894 ex
2838 3839 2922 3894 bis
2946 3854 3065 3893 esse
3088 3853 3410 3902 mereamur,
3440 3835 3522 3905 qui
3543 3831 3670 3888 resti-

2135 3934 2318 3990 tuendi
2349 3941 2497 3997 sunt,
2529 3932 2622 4002 qui
2652 3943 2826 4000 neque
2857 3929 3120 3993 esuriant,
3150 3943 3328 3999 neque
3368 3928 3568 3988 sitient,
3601 3934 3669 3975 ne-

2133 4042 2240 4097 que
2267 4025 2653 4087 dormitabunt,
2679 4038 2852 4092 neque
2899 4022 3241 4089 laborabunt,
3270 4021 3362 4077 sed
3389 4028 3536 4076 erunt
3571 4030 3668 4085 per-

2135 4119 2323 4190 vigiles
2377 4119 2519 4172 sicut
2563 4115 2877 4186 angelorum
2926 4115 3055 4167 vita.
3114 4113 3404 4184 Pervigiles
3431 4111 3664 4168 dicentur,

2135 4227 2258 4267 cum
2306 4210 2362 4263 in
2409 4207 2557 4262 illum
2600 4207 2843 4261 ordinem
2888 4205 3098 4258 restitui
3158 4204 3524 4264 merebuntur;
3567 4205 3667 4252 tunc

2137 4303 2241 4357 erit
2279 4315 2407 4354 vera
2449 4306 2506 4352 et
2553 4297 2863 4364 incorrupta
2907 4291 3192 4358 festivitas,
3226 4290 3376 4359 cujus
3407 4282 3670 4345 festivitatis

2135 4394 2406 4465 princeps,
2433 4397 2488 4443 et
2513 4402 2765 4457 sponsus,
2794 4394 2849 4442 et
2872 4384 3143 4450 dominus,
3160 4386 3268 4439 erit
3294 4383 3445 4439 Jesus
3462 4379 3670 4437 Christus

456 4470 671 4525 redibus
699 4472 1135 4540 repromissionis
1179 4472 1437 4542 ejusdem.
1493 4473 1626 4530 Cum
1676 4489 1807 4548 ergo
1854 4479 2026 4534 incola
2056 4491 2106 4549 1)
2134 4483 2383 4542 Salvator
2438 4485 2640 4534 noster.
2707 4475 2904 4530 Paulus
2949 4490 3165 4545 quoque
3224 4475 3486 4546 apostolus
3522 4469 3668 4524 sciens

455 4557 620 4614 fueris
640 4567 695 4615 et
721 4561 1037 4630 peregrinus
1083 4562 1134 4616 in
1184 4564 1365 4628 terris,
1395 4573 1448 4619 et
1476 4579 1582 4619 non
1618 4574 1705 4620 est
1759 4583 1910 4622 mens
1940 4577 2028 4622 tua

453 4650 558 4706 lilia
587 4661 642 4707 et
665 4653 906 4708 radicata
939 4653 990 4707 in
1019 4653 1302 4709 desideriis
1342 4661 1695 4720 terrenorum,
1729 4658 1823 4711 sed
1863 4672 2026 4725 para-

455 4748 541 4794 tus
561 4756 619 4795 es
648 4743 840 4799 utcito
878 4753 1121 4799 transeas
1169 4745 1235 4799 ad
1272 4752 1473 4799 terram
1520 4744 1776 4800 ﬂuentem
1841 4747 1924 4803 lac
1975 4758 2030 4802 et

455 4831 646 4894 mel,et
674 4832 1035 4888 haereditatem
1050 4835 1232 4904 capias
1253 4833 1587 4901 futurorum;
1611 4836 1656 4890 si
1687 4845 1758 4900 te,
1785 4837 2026 4906 inquam,

455 4920 686 4988 positum
742 4920 794 4974 in
839 4921 922 4975 his
953 4922 1130 4977 videat
1153 4922 1316 4988 Deus,
1356 4921 1567 4978 lzetatur
1603 4924 1654 4978 in
1686 4933 1758 4989 te,
1783 4933 1839 4980 et
1884 4926 2028 4980 diem

455 5009 649 5064 festum
673 5017 794 5080 aget
847 5026 1008 5081 super
1039 5020 1109 5067 te.
1164 5013 1290 5068 Haec
1331 5014 1545 5082 quidem
1581 5014 1635 5068 in
1665 5017 1936 5084 praesenti.
1969 5017 2026 5073 ln

456 5101 636 5155 futuro
657 5101 701 5155 si
730 5100 809 5156 vis
827 5102 1187 5167 considerare,
1208 5105 1476 5173 quomodo
1495 5105 1608 5160 dies
1636 5102 1756 5160 festi
1778 5116 2024 5177 agantur,

457 5193 601 5264 erige
620 5193 665 5248 si
690 5199 844 5263 potes
872 5193 1146 5264 paululum
1182 5211 1372 5249 sensus
1401 5203 1519 5249 tuos
1554 5213 1584 5249 a
1623 5205 1782 5261 terra,
1811 5207 1866 5252 et
1891 5200 2026 5254 obli-

457 5283 660 5340 viscere
702 5283 972 5354 paulispcr
996 5301 1115 5354 qua:
1143 5285 1410 5341 habentur
1469 5287 1522 5341 in
1568 5287 1725 5344 facie.
1773 5292 2028 5350 Describe

456 5392 583 5432 vero
613 5377 708 5433 tibi
761 5377 1030 5448 quomodo
1071 5378 1269 5432 caelum
1316 5387 1370 5435 et
1414 5388 1557 5435 terra
1594 5388 1915 5451 transeant,
1972 5391 2028 5440 et

455 5481 617 5537 quam
643 5469 715 5523 sit
744 5468 920 5524 omnis
954 5467 1227 5524 habitatus
1278 5471 1461 5525 mundi
1508 5471 1626 5525 hic:
1660 5471 1857 5528 cmlnm
1899 5489 2028 5529 vero

458 5572 654 5613 novum
699 5567 755 5614 et
796 5568 938 5616 terra
989 5575 1124 5615 nova
1181 5557 1454 5615 fundetur.
1499 5561 1703 5617 Amove
1752 5564 1915 5618 etiam
1963 5565 2029 5621 de

459 5647 831 5716 conspectibus
857 5651 960 5705 tuis
983 5650 1112 5706 solis
1139 5649 1298 5720 hujus
1333 5651 1524 5716 lucem,
1553 5661 1608 5707 et
1631 5653 1695 5707 da
1725 5654 1800 5708 illi
1830 5657 2028 5710 mundo

462 5735 556 5804 qui
580 5746 834 5797 venturus
856 5751 962 5810 est,
991 5742 1120 5800 solis
1161 5743 1321 5815 hujus
1349 5745 1650 5816 septuplum
1683 5746 1857 5803 lumen
1877 5789 1892 5815 ,
1920 5749 2031 5803 imo

2133 4592 2253 4633 esse
2284 4573 2526 4644 quaedam
2546 4569 2720 4638 prima
2749 4567 3023 4620 imbueudi
3051 4566 3226 4633 initia,
3254 4575 3382 4620 tunc
3406 4562 3576 4620 deinde
3593 4571 3667 4627 per

2135 4677 2346 4738 tempus
2373 4665 2534 4720 etiam
2561 4661 2628 4716 ad
2661 4658 3045 4729 perfectionem
3084 4659 3289 4723 venire,
3316 4657 3542 4712 scribens
3566 4648 3665 4719 qui-

2133 4759 2360 4813 husdam
2387 4754 2602 4810 dicebat
2632 4769 2646 4805 :
2677 4749 2884 4803 Etenim
2913 4759 3030 4802 cum
3056 4748 3307 4802 deberetis
3323 4748 3438 4817 jam
3468 4738 3668 4811 magistri

2133 4864 2242 4902 esse
2291 4855 2498 4918 propter
2538 4853 2737 4912 tempus
2770 4882 2785 4906 ,
2828 4853 3007 4893 rursus
3039 4839 3279 4909 indigetis
3331 4847 3387 4891 ut
3420 4828 3666 4889 doceamim'

2133 4957 2250 5012 quae
2278 4941 2380 4994 sint
2404 4936 2654 4992 elementa
2690 4931 2892 4987 exordii
2917 4946 3215 4986 sermonum
3235 4928 3354 4994 Dei,
3376 4940 3420 4984 et
3441 4921 3667 5020 factionis

2133 5033 2318 5104 quibus
2347 5031 2480 5084 lacte
2511 5043 2640 5098 opus
2667 5027 2731 5080 sit
2787 5041 2892 5079 non
2929 5025 3042 5078 cibo
3077 5022 3220 5092 forti.
3247 5022 3428 5076 Omnis
3453 5017 3573 5072 enim
3594 5017 3664 5104 qui

2134 5101 2268 5175 lacte
2301 5119 2463 5174 alitur
2485 5159 2500 5182 ,
2545 5131 2725 5186 expers
2755 5125 2829 5170 est
2873 5115 3124 5168 sermonis
3169 5101 3666 5183 justitite:parrulttt

2133 5211 2271 5264 enim
2293 5217 2388 5263 est.
2423 5205 2784 5276 Perfectorum
2809 5220 2926 5258 vero
2960 5213 3033 5257 est
3065 5202 3207 5256 cibus
3251 5194 3566 5266 solidus,qui
3588 5204 3664 5262 pro

2131 5299 2474 5372 possibilitate
2517 5296 2776 5359 sumendi,
2802 5295 3110 5349 exercitatos
3153 5292 3339 5380 habent
3363 5302 3566 5380 sensus,
3607 5276 3661 5380 ad

2134 5388 2495 5442 discretionem
2543 5385 2663 5438 boni
2693 5393 2740 5437 et
2794 5382 2921 5437 mali
2949 5381 3136 5453 (Hebr.
3167 5381 3241 5452 ιν),
3293 5379 3361 5433 Et
3411 5378 3585 5431 iterum
3617 5378 3662 5422 In

2133 5478 2252 5533 aliis
2282 5477 2518 5531 litteram
2545 5473 2681 5545 legis
2707 5487 3032 5543 omnemque
3060 5469 3358 5540 hujusmodi
3381 5467 3662 5535 scripturam

2131 5569 2399 5624 elementa
2426 5563 2610 5620 mundi
2642 5578 2763 5618 esse
2787 5570 3193 5618 commemorat.
3227 5560 3293 5614 Et
3320 5572 3458 5613 nunc
3481 5566 3592 5623 ergo
3609 5559 3660 5602 ea

2132 5676 2250 5729 qua:
2269 5660 2647 5729 pertinuerunt
2685 5657 2752 5712 ad
2779 5655 2901 5712 illos
2934 5655 3024 5725 qui
3047 5654 3236 5724 primis
3261 5652 3554 5705 imbuantur
3574 5637 3661 5694 ele-

2133 5751 2350 5816 mentis,
2382 5749 2622 5803 modesta
2679 5749 2830 5804 nobis
2865 5748 3042 5819 primo
3073 5747 3315 5801 videntur
3356 5737 3543 5796 auditu.
3575 5729 3659 5786 V0-
