3932 6188
334 336 442 390 ΠΣ)

1051 329 1578 386 ENARRATIONES
1615 328 1680 385 IN
1721 328 1901 385 LIBRI

2017 328 2476 386 NUMERORUM.
2518 362 2585 371 —-
2624 333 2748 388 LIB.
2787 336 2876 390 IV.

3479 338 3582 391 791)

332 447 465 504 lenti
489 446 632 501 enim
661 443 965 496 auditorum
1001 442 1291 510 unicuique
1319 441 1545 506 discere,
1577 441 1662 498 bis
1686 456 1807 510 quae
1841 439 1908 493 ad
1936 442 1987 500 Α
2013 441 2080 494 ob
2109 441 2534 510 puriﬁcationem
2586 446 2780 514 populo
2830 447 3238 515 impetrandam,
3269 451 3435 518 accipi
3485 469 3582 521 po-

330 537 563 592 salutem
594 528 882 602 pertinent,
916 531 980 586 de
1023 532 1304 586 sacriﬁciis
1329 532 1600 598 arietum,
1641 539 1694 584 et
1740 531 1912 585 hirco-

332 642 479 688 rum,
503 623 901 690 vitulontmque
923 636 1042 691 qua:
1073 623 1386 685 recitantur,
1410 621 1543 676 nihil
1579 621 1681 677 sibi
1709 623 1911 676 utilita-

332 715 407 769 tis
433 711 677 768 wnferre
725 709 1028 779 huiusmodi
1074 711 1280 767 litteras
1310 713 1529 779 indicat,
1559 721 1813 784 quantum
1844 711 1911 766 ad

333 805 516 872 ipsum
562 809 768 870 spectat
819 800 1080 854 auditum.
1124 799 1181 854 Si
1229 817 1357 855 vero
1403 803 1523 870 quis
1573 801 1906 863 inveniatur,

330 895 431 965 qui
461 893 626 964 possit
659 892 901 947 velamen
931 893 1074 962 quod
1099 904 1183 948 est
1201 894 1434 962 positum
1468 893 1520 946 in
1548 893 1908 947 lectione.Vc-

336 987 470 1042 teris
496 985 826 1041 Testamenti
879 1001 1176 1049 removere,
1207 994 1368 1053 atque
1409 985 1574 1038 indie
1612 984 1908 1053 requirere,

329 1094 458 1147 qum.
482 1078 589 1132 sint
618 1093 739 1130 vera
773 1076 1035 1130 sacriﬁcia
1065 1091 1183 1144 qua:
1234 1075 1516 1144 puriﬁcent
1563 1073 1817 1142 populum
1855 1073 1909 1126 in

333 1169 525 1223 diebus
547 1167 725 1232 festis,
777 1176 903 1221 tunc
933 1167 1132 1223 videbit
1167 1183 1326 1236 quam
1359 1166 1510 1225 mira,
1541 1175 1596 1220 et
1622 1166 1910 1236 magniﬁca

333 1268 483 1323 sunt,
510 1276 629 1328 qua:
667 1275 762 1328 per
789 1261 903 1314 haec
928 1259 1266 1314 indicantur:
1297 1274 1415 1328 qua:
1460 1257 1727 1328 superﬂua
1759 1260 1912 1328 igno-

334 1351 580 1404 rantibus
605 1359 765 1419 atque
805 1349 1174 1420 superstitiosa
1215 1348 1484 1404 dicuntur.
1514 1346 1620 1403 Sed
1647 1349 1762 1402 haec
1793 1347 1912 1416 qui‘

328 1440 455 1496 dem
485 1439 700 1504 Paulus,
729 1441 829 1497 etsi
862 1441 953 1509 qui
987 1441 1035 1494 ei
1065 1439 1267 1494 similes
1313 1448 1438 1494 sunt
1466 1438 1674 1507 plenius
1706 1439 1774 1493 ab
1797 1439 1909 1508 ipsa

329 1530 598 1600 sapientia
622 1538 676 1584 et
710 1532 874 1584 verbo
921 1530 1056 1593 Dei,
1089 1528 1484 1598 perfectiusque
1537 1529 1907 1598 cognoverint.

332 1618 446 1674 Nos
494 1629 674 1676 autem
709 1629 972 1688 quantum
1017 1635 1083 1674 ex
1136 1620 1374 1687 ipsorum
1420 1618 1612 1674 litteris
1658 1618 1911 1689 colligere

330 1727 636 1779 possumus,
668 1711 720 1764 in
745 1711 939 1779 quibus
974 1709 1126 1765 nobis
1148 1706 1290 1764 velut
1321 1725 1417 1780 per
1435 1711 1681 1765 umbram
1701 1718 1755 1764 et
1783 1711 1912 1764 ima-

325 1799 510 1866 ginem
559 1799 752 1853 indicia
802 1799 1044 1867 quaedam
1089 1799 1351 1853 dederunt
1377 1800 1446 1855 ad
1499 1799 1910 1856 ediﬁcationem

329 1905 693 1953 coruinunem,
711 1891 980 1944 discutere
995 1890 1303 1944 summatim
1317 1891 1381 1945 de
1397 1889 1784 1946 sacriﬁciorum
1804 1890 1909 1952 ritu

323 1978 506 2047 aliqua
551 1980 898 2035 tentabimus.
931 1979 987 2033 In
1017 1980 1237 2034 Pascha:
1265 1978 1558 2034 festivitate
1584 1995 1754 2049 agnus
1781 1979 1911 2034 scri-

325 2070 478 2122 bitur
502 2085 623 2124 esse
648 2072 740 2138 qui
771 2070 1018 2138 puriﬁcat
1043 2069 1320 2140 pupulum,
1351 2070 1406 2124 in
1449 2069 1569 2124 aliis
1595 2069 1814 2134 vitulus,
1855 2068 1908 2124 in

323 2161 449 2217 aliis
475 2162 656 2216 hircus
681 2171 775 2216 aut
819 2162 980 2226 aries,
1018 2161 1101 2216 vel
1141 2175 1330 2229 capra,
1362 2160 1447 2214 vel
1469 2160 1657 2225 vitula,
1680 2161 1820 2214 sicut
1842 2174 1908 2213 ex

326 2253 415 2306 his
443 2268 563 2321 quae
595 2253 819 2306 recitata
846 2261 1011 2314 sunt,
1053 2251 1332 2306 didicistis.
1371 2251 1520 2308 Unus
1540 2267 1668 2320 ergo
1709 2267 1773 2306 ex
1825 2252 1909 2308 his

323 2340 671 2403 animalibus,
700 2356 818 2409 quze
849 2340 914 2393 ad
947 2339 1334 2409 puriﬁcandum
1388 2340 1642 2409 populum
1686 2355 1908 2394 sumun-

328 2438 436 2491 tur,
473 2437 556 2482 cst
583 2445 752 2499 agnus
785 2445 796 2482 :
827 2429 917 2498 qui
941 2444 1130 2495 agnus,
1155 2429 1268 2498 ipse
1295 2444 1412 2483 esse
1433 2429 1631 2484 dicitur
1652 2429 1907 2483 Dominus

321 2530 382 2572 ct
409 2520 656 2576 Salvator
681 2531 882 2575 noster.
913 2519 1002 2575 Sic
1030 2520 1172 2574 enim
1209 2521 1469 2575 intellexit
1491 2519 1726 2575 Joannes
1750 2561 1766 2585 ,
1815 2521 1907 2590 qui

322 2617 410 2662 est
433 2608 602 2678 major
625 2611 864 2664 omnium
895 2612 1298 2680 prophetarum,
1340 2620 1395 2664 et
1439 2611 1670 2680 signavit
1697 2610 1763 2667 de
1791 2611 1906 2680 ipso

287 2699 550 2754 dicens:
585 2699 718 2754 Ecce
745 2702 922 2770 Agnus
964 2701 1059 2754 Dei
1085 2741 1100 2766 ,
1153 2717 1269 2755 ecce
1312 2703 1400 2771 qui
1451 2701 1586 2754 tollit
1636 2712 1904 2771 peccatum

325 2791 508 2843 arandi
529 2791 715 2860 (Ioan.
741 2792 803 2862 I).
837 2792 986 2859 Quod
1023 2794 1068 2848 si
1103 2809 1272 2864 agnus
1300 2793 1391 2862 qui
1418 2795 1484 2847 ad
1513 2794 1904 2862 puriticandum

321 2880 578 2949 populum
598 2881 756 2936 datus
783 2891 884 2948 est,
917 2884 983 2937 ad
1017 2899 1302 2953 personam
1332 2883 1540 2940 Domini
1574 2891 1630 2938 et
1658 2883 1906 2940 Salvato-

321 2972 400 3028 ris
429 2973 598 3027 nostri
642 2973 892 3039 refertur,
940 2989 1275 3043 consequens
1309 2974 1523 3028 videtur
1550 2974 1692 3043 quod
1739 2975 1902 3034 etiam

318 3069 513 3116 caetera
543 3061 816 3129 animalia,
847 3079 966 3132 qua:
1002 3063 1086 3118 his
1119 3062 1323 3119 eisdem
1354 3063 1750 3132 puriﬁcationis
1799 3063 1902 3119 ali-

317 3151 450 3220 quid
484 3153 718 3208 humano
744 3154 925 3224 generi
968 3155 1269 3212 conferant.
1301 3155 1435 3210 Vide
1469 3171 1601 3226 ergo
1651 3172 1720 3212 ne
1766 3155 1904 3212 forte

317 3239 462 3293 sicut
489 3239 748 3295 Dominus
797 3250 853 3296 et
887 3241 1134 3297 Salvator
1183 3251 1367 3298 noster
1414 3245 1568 3313 quasi
1619 3259 1791 3315 agnus
1835 3244 1903 3300 ad

316 3329 646 3384 occisionem
671 3331 884 3396 ductus,
920 3341 974 3386 et
1017 3333 1068 3386 in
1097 3333 1424 3390 sacriﬁcium
1455 3333 1643 3390 altaris
1667 3334 1900 3401 oblatus,

318 3428 664 3490 peccatorum
697 3423 1069 3478 remissionem
1103 3424 1356 3482 universo
1380 3425 1632 3495 praestitit
1679 3427 1898 3491 mundo,

319 3511 393 3564 ita
432 3510 679 3568 fortassis
705 3521 760 3568 et
811 3522 1129 3569 caeterorum
1171 3525 1484 3570 sanctorum
1529 3531 1594 3571 ac
1631 3515 1902 3584 justorum

317 3601 532 3668 sanguis
553 3601 644 3671 qui
668 3603 866 3671 e/fusus
888 3614 963 3657 est
995 3590 1027 3657 ἁ
1056 3605 1309 3675 sanguine
1344 3605 1470 3660 Abel
1511 3606 1680 3675 justi,
1740 3623 1901 3676 usque

317 3690 388 3743 ad
412 3693 718 3760 sanguinem
741 3691 1017 3749 Zacharia:
1037 3696 1301 3765 propheta:
1322 3737 1336 3758 ,
1383 3697 1472 3766 qui
1500 3696 1797 3765 interfectus
1825 3705 1900 3750 est

317 3781 454 3833 inter
478 3782 642 3836 isdem
683 3792 729 3836 et
760 3783 927 3838 altare
956 3783 1169 3856 (Matth.
1200 3785 1379 3852 unt),
1412 3785 1636 3839 alterius
1681 3785 1900 3854 quidem

316 3869 538 3940 sanguis
564 3871 703 3926 sicut
731 3872 930 3939 vitulze,
957 3873 1179 3928 alterius
1224 3875 1362 3929 sicut
1388 3875 1523 3929 hirci
1558 3882 1650 3928 aut
1687 3891 1896 3944 capue,

317 3969 412 4011 aut
439 3959 664 4030 alicujus
691 3961 884 4016 borum
907 3962 1057 4019 fusus
1083 3971 1166 4019 est
1194 3965 1261 4018 ad
1283 3965 1609 4035 expiandum
1631 3981 1726 4035 pro
1746 3974 1900 4034 parte

319 4049 497 4119 aliqua
524 4052 796 4120 populum.
833 4053 958 4108 Sive
984 4069 1112 4126 ergo
1144 4056 1259 4110 ha‘c
1286 4056 1351 4110 ad
1370 4055 1641 4125 justorum
1669 4057 1900 4126 prophe-

321 4151 608 4213 tarumque
630 4160 905 4214 personas,
931 4147 1021 4216 qui
1055 4147 1107 4201 in
1139 4147 1241 4202 hoc
1264 4146 1464 4202 mundo
1488 4146 1715 4218 jugulati
1750 4155 1896 4215 sunt,

320 4234 403 4288 vel
433 4250 618 4288 eorum
647 4235 737 4304 qui
763 4235 963 4300 dicunt,
997 4234 1219 4306 Propter
1243 4247 1292 4292 te
1326 4249 1489 4293 morte
1513 4241 1766 4310 efﬁcimur
1789 4251 1899 4296 tota

317 4322 425 4387 die,
452 4325 694 4378 (estimati
723 4342 903 4380 sumus
927 4326 1058 4379 sicut
1083 4343 1197 4380 oves
1219 4327 1492 4381 occisionis
1515 4328 1685 4398 (Psal.
1716 4329 1894 4399 xuii),

319 4414 602 4470 referenda
635 4417 930 4481 videantur,
956 4418 1068 4473 sive
1089 4417 1252 4473 etiam
1284 4419 1350 4473 ad
1379 4421 1686 4489 superiores
1720 4421 1894 4476 virtu-

317 4513 419 4570 tes,
448 4507 643 4574 quibus
671 4510 978 4577 procuratio
1004 4510 1222 4564 humani
1246 4511 1458 4579 generis
1482 4511 1605 4566 data
1639 4523 1743 4576 est,
1772 4512 1894 4582 quis

315 4597 475 4651 facile
499 4598 696 4651 audeat
736 4595 1038 4654 aliirmare?
1079 4599 1261 4669 Neque
1292 4601 1436 4655 enim
1474 4602 1590 4656 hinc
1636 4603 1890 4657 animalia

315 4701 413 4754 per
438 4687 694 4754 speciem,
727 4687 817 4741 sed
844 4703 938 4756 per
983 4688 1205 4756 figuram
1246 4687 1435 4742 referri
1466 4691 1533 4744 ad
1571 4690 1719 4747 illam
1743 4730 1759 4752 .
1806 4693 1891 4748 vel

321 4771 460 4830 illam
503 4791 785 4844 personam
815 4777 1051 4845 putanda
1093 4784 1238 4832 sunt.
1280 4777 1412 4832 Nam
1475 4779 1589 4847 ipse
1633 4779 1892 4838 Dominus

313 4865 471 4919 Jesus
501 4863 780 4925 Christus,
814 4881 918 4920 non
947 4867 1067 4920 ideo
1103 4881 1272 4936 agnus
1309 4866 1508 4921 dicitur
1532 4909 1547 4934 ,
1598 4870 1751 4937 quasi
1798 4873 1889 4940 qui

315 4961 556 5007 mutatus
594 4953 664 5009 sit
693 4962 747 5008 et
779 4969 1070 5009 conversus
1118 4955 1174 5009 in
1222 4957 1454 5026 speciem
1503 4960 1646 5029 agni.
1688 4961 1896 5017 Dicitur

313 5052 494 5098 tamen
522 5060 711 5115 agnus,
739 5045 863 5115 quia
882 5045 1126 5102 voluntas
1148 5046 1263 5115 ejus
1283 5055 1336 5103 et
1355 5049 1570 5105 bonitas
1596 5066 1700 5120 qua
1725 5052 1891 5107 Deum

313 5135 684 5204 repropitiavit
710 5136 1038 5199 hominibus,
1055 5146 1108 5191 et
1136 5147 1480 5206 peccatorum
1507 5141 1893 5212 indulgentiam

311 5225 481 5290 dedit,
514 5223 639 5278 talis
668 5225 877 5280 exstitit
904 5226 1140 5281 humano
1181 5230 1389 5298 generi,
1423 5232 1577 5300 quasi
1631 5233 1754 5301 agni
1790 5235 1890 5289 ho-

309 5313 412 5366 stia
449 5312 791 5368 immaculata
820 5322 874 5368 et
905 5313 1187 5381 innocens,
1210 5331 1315 5384 qua
1339 5316 1540 5386 placari
1586 5320 1892 5382 hominibus

308 5403 489 5456 divina
517 5404 832 5460 creduntur.
881 5403 970 5459 Sic
1017 5419 1146 5476 ergo
1191 5405 1436 5461 fortassis
1471 5417 1525 5463 et
1565 5409 1609 5463 si
1637 5411 1758 5479 quis
1807 5423 1891 5469 est

309 5495 620 5565 angelorum
645 5496 1050 5566 cmlestiumque
1075 5498 1355 5563 virtutum,
1384 5507 1477 5554 aut
1513 5500 1557 5554 si
1579 5502 1671 5570 qui
1715 5501 1888 5571 justo-

311 5601 429 5640 rum
470 5587 743 5646 hominum
789 5589 874 5644 hic
908 5603 1010 5660 pro
1053 5590 1496 5659 repropitiatione
1529 5592 1708 5649 divina
1741 5598 1887 5653 velut

311 5678 474 5746 aries,
493 5689 585 5734 aut
612 5682 829 5746 vitulus,
851 5691 941 5735 aut
968 5681 1170 5746 hircus,
1189 5681 1399 5736 oblatus
1421 5697 1541 5739 esse
1557 5687 1878 5744 sacrificium

2016 541 2135 586 test.
2167 533 2274 588 Aut
2312 550 2416 588 non
2446 535 2675 600 videtur,
2715 545 2772 590 ut
2798 537 2941 591 aries
2968 547 3060 592 aut
3090 539 3294 604 hircus,
3323 541 3578 596 holocau—

2011 632 2149 677 stum
2175 641 2231 679 se
2253 626 2508 680 obtulisse
2535 627 2756 681 Paulum
2785 644 2880 697 pro
2918 629 3112 698 populo
3135 631 3315 695 lsrael,
3347 647 3469 687 cum
3503 635 3582 690 di-

2010 715 2199 768 ecbat:
2236 715 2495 784 Optabam
2542 727 2714 769 autem
2765 734 2858 788 ego
2916 720 3024 788 ipse
3063 721 3340 774 anathema
3391 739 3501 776 esse
3550 742 3583 777 α

2011 801 2213 856 Christo
2241 821 2334 874 pro
2355 804 2608 873 fratribus
2636 808 2784 870 meis,
2807 808 2896 877 qui
2921 818 3041 862 sunt
3063 811 3272 879 cognati
3300 812 3583 867 secundum

2010 909 2215 946 carnem
2245 891 2415 964 (Rom.
2448 895 2545 964 ix).
2579 895 2669 950 Vis
2713 905 2890 950 autem
2923 897 3084 960 scire,
3109 898 3232 966 quia
3261 914 3319 953 se
3350 900 3582 954 hostiam

2010 985 2172 1040 etiam
2206 983 2399 1040 Paulus
2427 984 2619 1040 oll'erat
2667 985 3061 1056 jugulandam?
3103 988 3238 1042 Audi
3289 1004 3410 1043 eum
3449 991 3584 1044 etin

2009 1074 2129 1128 aliis
2153 1074 2420 1128 dicentem
2447 1094 2459 1128 :
2497 1075 2620 1130 lam
2651 1077 2786 1128 enim
2836 1093 2928 1145 ego
2979 1077 3219 1132 invitator
3243 1118 3258 1140 ,
3310 1090 3356 1131 et
3386 1089 3584 1148 tempus

2012 1163 2360 1229 resolutionis,
2394 1165 2475 1219 vel
2508 1176 2566 1220 ut
2596 1167 2647 1220 in
2688 1165 2890 1220 Graecis
2916 1167 3192 1222 codicibus
3227 1167 3470 1238 legimus,
3501 1185 3583 1221 re-

2011 1255 2257 1308 versionis
2291 1256 2448 1310 instat
2483 1255 2567 1326 (II
2618 1255 2752 1309 Tim.
2802 1255 2898 1323 tv).
2930 1255 2984 1314 Si
3013 1273 3141 1328 ergo
3173 1258 3466 1325 ﬁguraliter
3495 1276 3587 1328 po-

2011 1349 2116 1396 test
2136 1343 2325 1406 vidcri,
2351 1345 2493 1413 quod
2525 1344 2660 1399 alius
2689 1361 2787 1414 pro
2811 1345 3097 1401 festivitate
3127 1347 3415 1411 Novarum,
3449 1349 3585 1402 alius

2011 1447 2106 1501 pro
2133 1431 2427 1488 festivitate
2450 1434 2682 1500 sabbati,
2713 1435 2848 1488 alius
2875 1451 2974 1504 pro
3001 1434 3290 1490 festivitate
3313 1437 3587 1492 Taberna-

2011 1521 2274 1586 culorum,
2299 1523 2452 1591 quasi
2481 1523 2661 1578 hircus
2682 1524 3002 1585 autvitulus,
3034 1533 3125 1577 aut
3143 1525 3286 1578 aries
3312 1525 3584 1586 offeratur,

2012 1609 2075 1664 ad
2123 1611 2574 1668 reconciliaudum
2627 1613 2934 1667 hominibus
2977 1615 3163 1668 Deum.
3219 1614 3396 1668 Donec.
3443 1616 3587 1668 enim

2011 1709 2135 1754 sunt
2161 1711 2398 1771 peccata,
2428 1716 2650 1758 necesse
2677 1713 2759 1758 est
2799 1705 3000 1774 requiri
3032 1714 3087 1759 et
3111 1705 3316 1759 hostias
3348 1722 3443 1774 pro
3466 1722 3589 1774 pcr-

1940 1780 1986 1838 Β
2015 1794 2168 1847 catis.
2199 1792 2334 1848 Nam
2373 1810 2533 1867 pone,
2565 1798 2714 1851 verbi
2742 1798 2933 1867 gratia,
2960 1812 3065 1850 non
3092 1796 3258 1852 fuisse
3283 1804 3584 1866 peccatum.

2013 1880 2070 1934 Si
2098 1896 2201 1936 non
2230 1881 2417 1937 fuisset
2451 1893 2752 1952 peccatum,
2788 1900 2892 1939 non
2921 1899 3144 1939 necesse
3179 1883 3366 1938 fuisset
3394 1883 3588 1937 Filium

2011 1969 2103 2030 Dei
2127 1985 2322 2039 agnum
2362 1971 2500 2036 ﬁeri,
2528 1987 2627 2026 nec
2649 1988 2789 2042 opus
2821 1973 2996 2026 fuerat
3024 1989 3147 2028 eum
3176 1973 3227 2026 in
3260 1987 3422 2026 carne
3447 1974 3589 2041 posi-

2012 2068 2121 2112 tum
2144 2057 2408 2131 jugulari;
2441 2063 2536 2116 sed
2588 2063 2879 2118 mansisset
2921 2063 3022 2118 hoc
3061 2063 3204 2132 quod
3237 2063 3288 2115 in
3325 2063 3588 2132 principio

2008 2159 2125 2206 erat
2149 2152 2288 2206 Deus
2317 2153 2572 2208 Verbum.
2608 2155 2806 2209 Verum
2832 2157 3087 2226 quoniam
3116 2156 3357 2210 introivit
3399 2170 3591 2225 pecca-

2008 2249 2121 2294 tum
2173 2241 2224 2294 in
2279 2241 2424 2296 hunc
2468 2243 2757 2309 mundum,
2799 2246 3004 2314 peccati
3061 2256 3242 2302 autem
3292 2247 3592 2301 necessitas

2005 2329 2437 2400 prepitiationem
2484 2333 2742 2401 requirit,
2791 2343 2847 2388 et
2893 2335 3207 2405 prepitiatio
3237 2351 3342 2389 non
3376 2335 3435 2390 ﬁt
3483 2335 3589 2389 nisi

2006 2434 2104 2489 per
2129 2419 2382 2486 hostiam,
2433 2423 2800 2478 necessarium
2831 2423 2930 2478 fuit
2957 2425 3226 2494 provideri
3256 2425 3462 2480 hostias
3491 2441 3589 2494 pro

2007 2514 2248 2582 peccato.
2281 2513 2348 2570 Et
2384 2515 2638 2583 quoniam
2663 2517 2872 2584 peccati
2906 2517 3074 2586 ipsius
3099 2517 3324 2572 diversae
3350 2524 3404 2572 et
3426 2516 3590 2570 varize

2004 2603 2290 2673 qualitates
2321 2604 2558 2670 fuerunt,
2586 2607 2921 2662 diversorum
2968 2607 3278 2664 animaliqu
3327 2607 3587 2663 mandan-

2007 2703 2094 2748 tur
2121 2695 2326 2759 hostim,
2359 2696 2549 2766 procul
2573 2697 2737 2754 dubio
2765 2714 2886 2768 quae
2925 2699 3273 2754 convenirent
3314 2700 3590 2753 varietati-

2003 2784 2104 2839 bus
2123 2797 2488 2853 peccatorum.
2523 2787 2612 2842 Sic
2634 2803 2762 2860 ergo
2789 2789 3020 2844 ellicitur
3041 2790 3258 2860 quidem
3289 2791 3426 2846 alius
3455 2806 3551 2844 san
3568 2819 3584 2830 -

2003 2883 2212 2929 ctorum
2241 2884 2404 2945 atque
2432 2878 2766 2946 angelorum,
2798 2888 2856 2934 ut
2881 2879 3139 2945 diximus,
3162 2880 3276 2936 sive
3306 2882 3584 2935 hominum

2003 2963 2200 3020 vitulus
2225 2966 2315 3033 qui
2349 2966 2401 3022 iu
2444 2965 2532 3020 illa
2557 2966 2848 3022 festivitate
2899 2969 3225 3025 interveniat
3273 2984 3372 3040 pro
3405 2970 3587 3041 populi

1985 3048 2216 3110 delictis
2257 3075 2269 3109 :
2301 3057 2438 3114 alius
2463 3066 2642 3114 autem
2672 3059 2814 3114 aries
2841 3059 2894 3114 in
2925 3059 3016 3113 illa
3067 3059 3393 3124 festivitate,
3445 3076 3583 3130 quo—

1932 3124 1976 3187 C
2010 3163 2127 3202 rum
2162 3149 2548 3207 intercessione
2573 3151 2666 3206 ﬁat
2689 3152 2991 3224 puriﬁcatio
3015 3168 3114 3222 pro
3144 3152 3397 3222 peccatis.
3431 3124 3584 3218 Quod

2003 3239 2050 3294 si
2089 3241 2361 3311 puriﬁcari
2389 3243 2664 3311 potuerint
2702 3259 2734 3298 a
2765 3243 3005 3312 peccatis
3029 3243 3274 3298 homines
3299 3282 3314 3308 ,
3365 3251 3422 3296 et
3463 3258 3585 3296 esse

2004 3331 2271 3399 puriores,
2303 3331 2619 3387 minuuntur
2643 3341 2702 3386 et
2725 3333 2929 3387 hostize.
2963 3332 3022 3386 Si
3049 3333 3196 3387 enim
3225 3347 3323 3402 pro
3353 3333 3589 3401 peccatis

2003 3429 2130 3475 sunt
2173 3422 2386 3488 hostia,
2415 3431 2470 3476 et
2502 3438 2599 3492 pro
2626 3423 2968 3479 multitudine
3011 3433 3356 3494 peccatorum
3402 3423 3587 3478 multi-

2002 3511 2214 3580 plicata:
2235 3521 2379 3577 sunt,
2405 3513 2524 3568 sine
2548 3513 2710 3570 dubio
2727 3523 2782 3569 et
2809 3529 2906 3584 pro
2933 3515 3227 3584 exiguitate
3251 3514 3584 3569 minuuntur.

2004 3597 2174 3666 Hujus
2201 3608 2381 3653 autem
2407 3600 2482 3654 rei
2524 3601 2576 3656 in
2619 3601 2977 3670 prazsentibus
3003 3601 3134 3656 locis
3178 3600 3471 3670 Scriptum:
3494 3602 3588 3655 ha-

1995 3691 2191 3757 bemus
2212 3691 2430 3756 iudicia,
2450 3691 2502 3745 id
2528 3699 2612 3746 est
2640 3692 2693 3744 in
2709 3691 2895 3745 ultima
2917 3691 3206 3747 festivitate
3219 3690 3585 3760 Scenopegim,

2002 3795 2125 3838 eum
2149 3797 2246 3852 per
2275 3789 2399 3836 octo
2422 3780 2537 3836 dies
2562 3781 2752 3834 hostiae
2789 3780 3051 3851 jubentur
3076 3778 3280 3836 offerri.
3313 3778 3386 3834 Et
3407 3779 3584 3848 prima

2001 3872 2218 3942 quidem
2240 3873 2327 3929 die
2352 3872 2506 3943 quasi
2532 3872 2708 3926 adhuc
2750 3871 2806 3926 in
2857 3872 3187 3928 abundantia
3214 3880 3580 3942 peccatorum,

2001 3963 2412 4031 quatuordecim
2433 3961 2586 4017 vituli
2621 3962 2878 4032 jubentur
2902 3961 3105 4018 offerri.
3122 3961 3371 4018 Secunda
3402 3969 3582 4016 autem

2002 4053 2089 4107 die
2142 4051 2440 4108 imminutis
2472 4060 2532 4107 ut
2580 4061 2708 4122 pote
2742 4053 3002 4121 peccatis,
3035 4052 3349 4107 minuuntur
3383 4060 3438 4106 et
3485 4051 3583 4104 ho-

1999 4145 2135 4208 stiae,
2165 4154 2219 4200 et
2249 4145 2656 4214 quatuordecim
2687 4145 2839 4199 vituli
2895 4143 3197 4200 offeruntur
3217 4183 3232 4208 ,
3289 4143 3443 4197 tertia
3491 4141 3580 4193 die

2001 4236 2304 4301 duodecim,
2332 4244 2386 4290 et
2407 4245 2529 4305 post
2565 4236 2680 4290 hinc
2708 4236 2974 4290 undecim.
3006 4235 3070 4289 Et
3099 4235 3172 4288 ita
3207 4233 3355 4302 quasi
3392 4231 3578 4302 purifi-

1999 4325 2300 4380 cationibus
2330 4323 2612 4380 deﬁciente
2651 4340 2750 4392 per
2793 4326 2906 4379 dies
2937 4325 3277 4378 multitudine
3331 4331 3580 4393 peccato-

2001 4432 2143 4479 rum,
2172 4416 2488 4471 minuuntur
2513 4426 2907 4484 consequentes
2928 4417 3089 4471 etiam
3127 4414 3336 4470 numeri
3377 4413 3578 4468 hostia-

2002 4521 2139 4562 rum.
2174 4506 2262 4562 Sic
2283 4520 2412 4578 ergo
2439 4506 2602 4560 etiam
2630 4523 2727 4576 pro
2752 4508 3148 4578 dispensatione
3176 4507 3339 4562 totius
3368 4507 3571 4568 mundi,

2003 4599 2264 4652 rationem
2313 4599 2708 4668 puriﬁcationis
2734 4600 2988 4672 intellige.
3016 4600 3224 4672 lndiget
3253 4599 3396 4653 enim
3427 4599 3576 4669 puri-

2001 4688 2178 4743 ﬁcatio
2202 4705 2304 4743 non
2328 4688 2500 4744 solum
2527 4706 2647 4761 qua!
2670 4691 2722 4745 in
2764 4699 2904 4747 terra
2943 4700 3067 4745 sunt
3092 4731 3105 4753 ,
3149 4689 3240 4744 sed
3270 4698 3323 4743 et
3350 4703 3467 4758 qua:
3516 4689 3570 4744 in

1999 4781 2170 4836 cadis.
2202 4781 2449 4836 Imminet
2477 4797 2708 4851 namque
2729 4791 2784 4836 et
2806 4781 2958 4837 caelis
3003 4781 3252 4852 perditio.
3285 4779 3378 4833 Sic
3423 4779 3568 4832 enim

1999 4871 2129 4925 dicit
2156 4871 2421 4941 Propheta
2455 4889 2466 4922 :
2499 4869 2624 4925 (Σιειὶ
2649 4871 2908 4941 peribunt,
2937 4882 2983 4924 et
3010 4888 3184 4925 omnes
3213 4879 3265 4924 ut
3299 4869 3572 4925 vestimen-

1995 4971 2106 5013 tum
2136 4970 2479 5026 vrterascent;
2510 4970 2556 5014 ct
2579 4961 2713 5018 sicut
2745 4961 2988 5014 amictum
3029 4959 3252 5015 involves
3275 4977 3361 5014 eos
3387 4967 3434 5012 et
3458 4974 3572 5010 mu-

1994 5050 2246 5102 tabuntur
2272 5048 2451 5122 (Psal.
2481 5050 2582 5122 cr).
2617 5051 2829 5106 Intuere
2855 5051 3016 5122 igitur
3039 5051 3240 5113 mundi,
3260 5051 3312 5104 id
3339 5058 3569 5111 (’Sl,C(B-

1995 5138 2206 5194 lestium
2235 5181 2249 5203 ,
2294 5157 2359 5195 ac
2386 5142 2742 5207 terrestrium,
2771 5150 2825 5196 et
2870 5141 3200 5196 infernorum
3247 5137 3571 5209 puriﬁcatio-

1996 5246 2138 5286 nem.
2165 5231 2298 5286 Vide
2319 5233 2534 5302 quantis
2558 5233 2796 5304 indigent
2823 5233 2925 5288 ista
2949 5233 3130 5290 omnia
3164 5230 3372 5291 hostiis,
3398 5239 3568 5296 quan-

1996 5327 2079 5374 tos
2117 5319 2395 5390 requirant
2427 5319 2644 5386 vitulos,
2682 5329 2913 5389 quantos
2953 5320 3171 5383 arietes,
3202 5323 3429 5386 quantos
3455 5313 3568 5367 hir-

1991 5424 2101 5464 cos.
2127 5408 2232 5463 Sed
2261 5409 2313 5462 in
2337 5409 2420 5463 his
2441 5411 2692 5465 omnibus
2722 5426 2859 5464 unus
2907 5418 2990 5464 est
3037 5422 3223 5476 agnus,
3262 5403 3352 5473 qui
3399 5403 3566 5458 totius

1990 5502 2172 5557 mundi
2203 5503 2376 5572 potuit
2402 5501 2616 5557 auferre
2645 5509 2942 5570 peccatum.
2974 5501 3038 5553 Et
3067 5499 3184 5551 ideo
3217 5502 3566 5550 cessaverunt

1986 5605 2194 5654 cantem
2221 5595 2434 5660 hostize,
2479 5595 2602 5664 quia
2631 5593 2752 5647 talis
2793 5593 2891 5645 fuit
2938 5592 3050 5644 lucc
3094 5587 3303 5648 hostia,
3363 5596 3422 5640 ut
3457 5601 3563 5640 una

1987 5690 2096 5746 sola
2119 5688 2386 5744 sullicetct
2415 5704 2511 5758 pro
2543 5687 2706 5742 totius
2738 5685 2917 5738 mundi
2970 5681 3158 5737 salute.
3197 5679 3388 5738 Caztcri
3415 5679 3562 5738 enim
