3924 6176
385 323 466 378 ⁸91
1040 323 1100 377 Β.
1142 324 1395 380 RABANI
1433 328 1653 386 MAURI
1693 328 2010 390 ARClliEP.
2050 323 2356 383 MOGUNT.
2397 320 2689 379 OPERUM
2728 323 2909 383 PARS
2945 327 2987 381 Ι.

3538 318 3654 374 τὸτ’

3547 362 3656 394 1152'-

366 432 621 506 precibus
666 443 901 505 peccata,
933 434 1024 489 hic
1068 435 1216 491 solus
1252 443 1520 504 potestate
1546 440 1766 496 dimisit.
1802 444 1954 497 Dice-
1981 450 2028 508 Α
2057 440 2211 503 xerit,
2238 447 2293 491 ut
2312 455 2405 507 per
2420 437 2685 507 jejunium
2726 439 2802 493 vel
2830 450 3138 496 ceterarum
3172 461 3345 498 rerum
3382 451 3654 507 abstinen-

365 522 458 577 bat
478 522 624 577 enim
651 540 664 575 :
699 519 829 586 Fili,
855 523 1069 576 remissa
1095 533 1216 577 sunt
1247 525 1339 577 tibi
1362 537 1574 596 peccata
1605 529 1818 600 (Matth.
1846 529 1946 601 Ix).

367 612 461 668 Sic
484 629 613 683 ergo
642 612 902 667 imbuitur
924 615 1174 678 mundus,
1190 616 1364 684 primo
1379 632 1477 685 per
1490 618 1731 674 diversas
1746 621 1950 676 hostias

365 705 736 759 remissionem
766 705 1080 773 perquirere
1100 715 1465 774 peccatorum,
1483 708 1653 764 donec
1682 711 1861 764 veniat
1884 712 1951 765 ad

364 796 595 851 bestiam
660 793 954 864 perfectam
987 836 1000 859 ,
1061 796 1125 850 ad
1188 796 1418 850 hostiam
1487 808 1945 863 consummatam,

364 900 561 956 agnum
591 885 899 939 anniculam
927 924 941 949 ,
997 883 1319 954 perfectum,
1352 886 1444 954 qui
1476 886 1615 940 tollit
1667 896 1948 957 peccatum

358 974 546 1028 mundi
580 974 765 1038 totius,
787 988 887 1043 per
911 988 1069 1043 quem
1097 973 1416 1030 festivitates
1465 985 1591 1046 agat
1636 978 1906 1048 spiritales
1931 1020 1946 1043 ,

363 1083 467 1121 non
491 1069 555 1121 ad
582 1067 886 1122 satietatem
928 1068 1128 1131 carnis,
1156 1068 1248 1122 sed
1292 1066 1536 1136 profectu
1588 1070 1830 1139 spiritus,
1863 1088 1947 1128 sa-

352 1158 581 1211 rriﬁciis
640 1155 974 1226 spiritalibus
1030 1156 1404 1225 puriﬁcatione
1469 1160 1668 1214 mentis
1729 1162 1945 1216 oblatis.

360 1250 523 1303 Decet
550 1247 695 1301 enim
712 1246 1110 1301 Deo'immolari
1135 1247 1408 1301 victimam
1432 1249 1611 1303 cordis
1634 1259 1689 1304 et
1712 1251 1943 1305 hostium

358 1336 701 1392 contribulati
721 1336 964 1406 spiritus,
980 1351 1086 1391 non
1110 1338 1290 1393 carnis
1309 1348 1365 1393 et
1384 1340 1658 1410 sanguinis
1679 1340 1936 1412 jugulari.

358 1428 493 1495 Quia
523 1434 577 1484 et
606 1428 651 1483 si
684 1428 1002 1498 agnovimus
1028 1429 1304 1484 Christum
1333 1430 1621 1500 aliquando
1650 1435 1945 1489 secundum

363 1532 606 1579 carnem,
625 1517 715 1573 sed
736 1534 876 1573 nunc
892 1516 1004 1585 jam
1034 1535 1139 1573 non
1167 1521 1432 1575 novimus.
1454 1521 1519 1575 Et
1545 1522 1665 1576 ideo
1690 1523 1742 1577 in
1757 1524 1947 1593 spiritu

357 1612 497 1665 diem
532 1610 727 1665 festum
752 1625 995 1681 agamus,
1020 1620 1071 1666 et
1121 1613 1387 1682 spiritalia
1441 1612 1577 1667 festa
1614 1614 1941 1685 jugulemus.

358 1706 481 1760 ll;r.c
508 1721 605 1775 pro
634 1706 838 1760 viribus
865 1707 1039 1770 nobis,
1074 1722 1172 1776 pro
1212 1707 1527 1762 diversitate
1552 1708 1944 1763 sacriﬁciorum

2053 533 2179 585 tiam
2206 531 2397 602 affligat
2425 532 2655 584 animam
2677 548 2849 591 suam.
2881 533 2937 585 in
2962 533 3178 586 arbritio
3211 538 3309 591 viri
3330 540 3449 602 erit,
3476 551 3532 594 ut
3562 544 3652 610 [a-

2051 623 2154 675 ciat
2179 622 2282 675 sive
2310 638 2411 674 non
2468 621 2647 690 faciat.
2684 620 2836 686 Quod
2859 624 2902 675 si
2933 625 3156 678 audiens
3184 643 3264 679 ων
3301 638 3559 695 tacuerit,
3596 644 3649 687 et

2051 712 2105 764 in
2133 711 2352 764 alteram
2376 712 2509 764 diem
2534 711 2794 765 distulerit
2838 716 3169 780 sententiam,
3197 718 3455 789 quidquid
3495 738 3649 783 ceree

2051 810 2133 852 rat
2163 808 2316 869 atque
2344 801 2670 869 promiserat,
2702 801 2879 855 reddet
2905 818 2922 855 :
2951 804 3076 873 quia
3105 808 3283 859 statim
3324 819 3379 861 ut
3417 810 3642 877 audivit,

2050 891 2233 943 tacuit.
2281 890 2377 944 Sin
2423 898 2597 943 autem
2646 893 3021 948 contradixerit
3072 906 3350 966 postquam
3398 903 3643 967 rescivit,

2048 980 2274 1050 portabit
2299 980 2407 1049 ipse
2426 979 2749 1049 iniquitatem
2776 981 2913 1050 ejus.
2957 982 3303 1040 Manifestum
3334 1002 3420 1042 es;
3452 990 3523 1043 ita
3552 1007 3649 1043 vo-

2049 1069 2211 1122 luisse
2263 1069 2430 1139 legem
2480 1068 2733 1123 feminam
2766 1087 2885 1127 esse
2913 1074 3011 1127 sub
3058 1076 3197 1140 viro,
3228 1086 3287 1131 ut
3336 1080 3482 1134 nulla
3517 1092 3645 1136 vota

2047 1159 2163 1227 ejus
2187 1175 2305 1229 qua:
2353 1161 2693 1215 abstinentia:
2744 1177 2905 1218 causa
2938 1167 3171 1232 voverit,
3231 1170 3530 1226 reddantur
3576 1175 3647 1226 ab

2048 1263 2131 1313 ea,
2160 1249 2262 1303 nisi
2293 1257 2483 1303 auctor
2507 1248 2667 1304 fuerit
2704 1251 2788 1304 vir
2814 1253 3196 1321 permittendo.
3238 1255 3372 1310 Nam
3400 1273 3527 1312 cum
3575 1262 3644 1314 ad

2046 1348 2325 1407 peccatum
2353 1338 2591 1408 ejusdem
2623 1340 2727 1395 viri
2758 1343 3029 1411 pertinere
3064 1344 3327 1412 voluerit,
3384 1349 3429 1401 si
3488 1350 3644 1417 prius

2046 1430 2374 1499 permiserit,
2408 1438 2463 1485 et
2491 1440 2678 1500 postea
2725 1433 3086 1502 prohibuerit,
3109 1436 3274 1490 etiam
3321 1436 3410 1493 hic
3455 1447 3638 1494 tamen

2048 1535 2153 1574 non
2186 1522 2320 1576 dixit
2342 1530 2402 1575 nt
2426 1520 2589 1576 faciat
2612 1523 2807 1577 mulier
2845 1525 2988 1592 quod
3022 1534 3287 1592 voverat,
3338 1529 3468 1598 quia
3516 1545 3640 1593 per-

2050 1612 2211 1665 missa
2242 1612 2392 1681 prius
2423 1626 2453 1665 a
2482 1612 2601 1666 viro
2626 1612 2820 1667 fuerat.
2853 1612 2968 1666 Viri
2997 1614 3133 1668 dixit
3159 1630 3282 1670 esse
3331 1626 3633 1686 peccatum,

2048 1705 2173 1773 quia
2203 1705 2392 1758 abnuit
2411 1707 2554 1773 quod
2575 1706 2725 1774 prius
2749 1715 3096 1761 concesserat
3122 1725 3136 1761 :
3172 1724 3277 1763 non
3305 1719 3490 1766 tamen
3521 1729 3643 1768 mu-

354 1797 596 1851 discussa
640 1797 792 1852 sint:
839 1812 1070 1867 quorum
1116 1797 1182 1851 ad
1228 1797 1492 1869 liquidum
1537 1798 1944 1869 intelligentiam
1972 1804 2020 1864 Β
2051 1796 2166 1850 lieri
2192 1796 2276 1851 vel
2303 1810 2368 1849 ex
2406 1797 2509 1852 hoc
2550 1798 2872 1865 permissum
2905 1799 3080 1863 dedit,
3136 1809 3195 1855 ut
3245 1817 3367 1856 cum
3404 1804 3558 1873 prius
3583 1813 3640 1859 et

356 1887 456 1940 scit
480 1886 583 1948 illc,
610 1887 694 1941 cui
727 1886 867 1940 nuda
890 1896 943 1940 et
973 1887 1203 1941 revelata
1225 1895 1351 1942 sunt
1380 1888 1699 1951 omnia,ncc
1722 1895 1807 1943 est
1830 1887 1938 1942 ulla

354 1988 609 2033 creatura
644 1980 694 2032 in
724 1986 1012 2049 conspectu
1037 1976 1150 2046 ejus
1181 1978 1484 2033 invisibilis.

975 2087 1202 2143 CAPUT
1239 2088 1301 2142 ll.

788 2159 863 2214 De
898 2169 1011 2213 voto
1048 2159 1145 2213 viri
1176 2158 1497 2227 romplenao.

423 2250 571 2320 (CAP.
600 2249 754 2321 xxx.)
797 2248 1146 2319 Narravitque
1184 2247 1389 2317 Moyses
1411 2248 1538 2316 ﬁliis
1568 2247 1738 2302 Israel
1764 2250 1937 2302 omnia

351 2359 467 2413 qua:
489 2343 538 2395 ei
558 2341 816 2395 Dominus
842 2342 1216 2411 imperaverat;
1247 2350 1293 2393 ct
1320 2340 1523 2393 locutus
1548 2350 1622 2393 est
1653 2340 1722 2393 ad
1745 2339 1931 2410 princi-

349 2453 436 2507 pes
494 2436 723 2489 tribuum
788 2435 1020 2503 ﬁliorum
1057 2433 1269 2487 Israel:
1304 2435 1399 2489 iste
1450 2446 1525 2488 est
1575 2451 1741 2488 sermo
1786 2452 1938 2506 quem

348 2527 590 2597 pra’ccpit
620 2525 894 2579 Dominus.
943 2524 1004 2579 Si
1044 2526 1159 2594 quis
1211 2525 1436 2578 tironum
1486 2536 1659 2579 votum
1713 2525 1938 2578 Domino

349 2615 562 2677 noverit,
587 2624 677 2667 aut
699 2631 753 2668 se
777 2615 1139 2668 constrinxerit
1159 2615 1480 2684 jnramento,
1506 2632 1609 2669 non
1636 2614 1791 2684 faciet
1818 2614 1940 2667 irri-

352 2715 463 2757 tum
495 2704 699 2758 verbum
729 2703 845 2767 Dei,
865 2703 953 2757 sed
969 2720 1118 2759 autne
1144 2704 1279 2775 quod
1299 2704 1533 2774 promisit
1546 2703 1794 2774 implebit.
1814 2703 1940 2756 Mu-

347 2797 447 2848 lier
469 2796 515 2849 si
535 2795 801 2865 quidpiam
819 2796 1026 2860 voverit,
1045 2804 1093 2848 et
1115 2811 1169 2848 se
1192 2795 1558 2848 constrinxerit
1597 2794 1927 2863 juramento,

349 2901 466 2954 qutv
493 2894 567 2938 cst
592 2885 647 2937 in
668 2885 822 2939 domo
844 2885 1008 2955 patris
1031 2885 1134 2950 sui,
1158 2894 1206 2939 et
1232 2886 1286 2939 in
1316 2894 1468 2939 (etate
1492 2884 1665 2938 adhuc
1692 2883 1944 2955 puellari,-

349 2975 395 3027 si
426 2975 719 3044 cognoverit
746 2984 894 3045 pater
934 2984 1108 3029 ratum
1136 2974 1274 3047 quod
1312 2973 1545 3045 pollicita
1574 2983 1670 3041 est,
1698 2983 1747 3029 et
1782 2975 1939 3044 jura-

348 3077 579 3120 mentum
609 3084 709 3137 quo
741 3067 983 3135 obligarit
1015 3068 1245 3120 animam
1277 3083 1449 3133 suam,
1480 3078 1527 3121 et
1559 3068 1800 3130 tacuerit,
1836 3066 1938 3121 voti

348 3176 438 3214 rea
465 3161 584 3214 erit.
613 3158 881 3228 Quidquid
910 3159 1141 3228 pollicita
1165 3168 1237 3213 est
1258 3169 1305 3213 et
1333 3160 1560 3229 jurtu'it,
1589 3160 1746 3213 etiam
1782 3175 1934 3227 opere
1963 3184 2007 3245 C

348 3252 639 3322 complebit.
695 3250 790 3304 Sin
830 3262 999 3302 aufem
1058 3252 1232 3303 statim
1286 3258 1341 3302 ut
1395 3251 1621 3303 audierit
1676 3249 1936 3302 contradi-

346 3341 481 3395 aerit
511 3350 677 3410 pater,
703 3348 748 3391 et
782 3349 899 3392 vota
933 3349 979 3392 et
1001 3339 1305 3408 juramenta
1348 3340 1461 3408 ejus
1492 3338 1643 3391 irrita
1677 3345 1817 3401 sunt,
1844 3355 1935 3392 nec

348 3431 573 3485 obnoxia
602 3428 857 3482 tenebitur
881 3430 1168 3499 sponsioni,
1212 3436 1320 3483 etc.
1352 3428 1630 3483 Feminam
1661 3428 1761 3484 sub
1784 3436 1935 3497 patre

348 3528 640 3587 antequam
677 3519 866 3583 nubat,
902 3526 955 3573 et
1020 3519 1118 3573 sub
1172 3519 1290 3573 viro
1348 3526 1589 3590 nuptam,
1623 3519 1797 3573 noluit
1847 3519 1934 3573 lex

348 3615 422 3667 ita
452 3627 646 3667 vovere
696 3611 895 3681 aliquid
927 3611 1038 3666 Deo
1066 3609 1328 3666 adversus
1366 3611 1599 3665 animam
1634 3626 1785 3665 suam
1808 3651 1822 3677 ,
1879 3611 1934 3667 id

344 3711 451 3768 ‘est,
482 3701 536 3757 in
576 3701 878 3773 aliquarum
933 3716 1115 3757 rerum
1154 3702 1422 3756 liciturum
1453 3712 1616 3771 atque
1647 3717 1933 3758 concessa-

346 3810 466 3847 rum
497 3794 846 3858 abstinentia,
869 3801 927 3847 ut
967 3794 1018 3848 in
1046 3794 1247 3849 eisdem
1284 3795 1424 3849 votis
1470 3811 1577 3850 non
1601 3795 1814 3850 feminae.
1840 3812 1933 3851 va-

346 3884 455 3937 leat
488 3883 799 3948 auctoritas,
832 3883 927 3938 sed
967 3883 1159 3937 virilis.
1193 3884 1269 3936 Ita
1309 3892 1365 3937 ut
1396 3885 1442 3937 si
1494 3886 1669 3940 adhuc
1697 3887 1931 3955 innuptae

348 3980 691 4029 concesserat
717 3981 872 4041 pater
900 3981 1019 4027 vota
1045 3972 1373 4043 persolvere,
1413 3975 1457 4028 si
1488 3984 1774 4045 antequam
1804 3992 1928 4047 per-

348 4063 570 4119 solverit
594 4060 854 4132 nupserit,
885 4071 938 4117 et
968 4064 1083 4119 viro
1115 4062 1232 4132 ejus
1260 4065 1363 4119 hoc
1391 4066 1663 4134 cognitum
1687 4084 1791 4122 non
1815 4067 1929 4137 pla-

347 4154 542 4220 cuerit,
598 4169 704 4208 non
754 4154 1042 4224 persolvat,
1076 4161 1131 4208 et
1176 4155 1244 4209 sit
1287 4157 1505 4210 omnino
1540 4158 1656 4212 sine
1681 4168 1923 4227 peccato,

345 4247 473 4314 quia
505 4245 773 4299 mandarit
806 4245 1076 4310 Dominus,
1102 4245 1240 4299 sicut
1271 4246 1419 4311 dicit,
1448 4246 1501 4301 id
1539 4256 1643 4313 est,
1672 4250 1925 4303 mundam

344 4336 620 4406 judicavit.
676 4335 859 4406 Neque
899 4338 998 4391 hoc
1026 4345 1213 4391 contra
1263 4337 1431 4392 Deum
1471 4338 1588 4393 ﬁeri
1628 4340 1925 4408 putandum

347 4434 450 4489 est,
481 4441 601 4480 cum
649 4427 761 4495 ipse
800 4428 941 4480 Deus
971 4428 1074 4482 hoc
1121 4428 1469 4497 przeceperit,
1520 4428 1621 4484 hoc
1671 4429 1920 4485 voluerit.

2042 1889 2127 1942 vir
2147 1890 2495 1952 concesserit,
2518 1897 2707 1959 postea
2735 1890 2780 1945 si
2827 1892 3189 1960 prohibuerit,
3220 1896 3632 1952 condemnetur.

2044 1978 2236 2033 Utrum
2261 1987 2438 2032 autem
2464 1979 2561 2033 ista
2580 1981 2742 2049 etiam
2762 1982 2827 2035 ad
2852 1990 3034 2036 votum
3056 1985 3405 2040 continentiae
3431 1999 3488 2042 et
3509 2004 3637 2044 con-

2042 2067 2254 2123 cubitus
2300 2068 2683 2123 abstinentiam
2718 2071 3006 2138 pertineat,
3040 2074 3232 2129 merito
3260 2078 3543 2144 quaeritur,
3566 2096 3635 2135 ne

2043 2158 2180 2212 forte
2221 2172 2283 2212 ea
2316 2167 2525 2213 tantum
2557 2159 2900 2230 intelligenda
2950 2162 3057 2216 sint
3104 2164 3362 2219 adversus
3393 2168 3635 2222 animam

2040 2249 2245 2313 vo‘veri,
2277 2264 2396 2318 quae
2447 2258 2573 2304 sunt
2602 2250 2655 2303 in
2688 2250 2823 2305 cibis
2851 2261 2905 2306 et
2961 2253 3194 2322 potibus.
3235 2253 3389 2323 Quod
3420 2257 3637 2313 videtur

2040 2345 2095 2391 et
2124 2337 2252 2391 illud
2282 2337 2610 2407 signiﬁcare,
2636 2339 2727 2393 ubi
2780 2341 3036 2396 Dominus
3070 2344 3183 2398 ait:
3218 2343 3410 2398 Nonne
3444 2347 3626 2401 anima

2039 2427 2157 2498 plus
2190 2437 2263 2481 est
2293 2444 2449 2497 quam
2494 2446 2612 2483 esca
2666 2428 2877 2502 (Matth.
2926 2432 3038 2501 vn)?
3068 2433 3283 2488 Etcum
3313 2435 3379 2489 de
3425 2435 3636 2506 jejunio

2039 2520 2375 2590 prtecipitur,
2399 2520 2475 2574 ita
2511 2522 2823 2592 praecipitur
2854 2541 2866 2575 :
2901 2523 3148 2595 A/ﬂigetis
3177 2527 3386 2580 animas
3436 2532 3632 2583 iestras

2042 2609 2229 2681 (Leuit.
2254 2610 2386 2681 xvr).
2419 2610 2613 2667 Nescio
2657 2620 2837 2667 autem
2866 2622 3048 2668 utrum
3077 2615 3272 2670 alicubi
3298 2616 3404 2687 legi
3456 2619 3635 2687 possit

2041 2703 2302 2759 adversus
2338 2705 2574 2758 animam
2632 2706 2735 2760 dici
2763 2716 2946 2761 votum
2998 2708 3140 2776 quod
3197 2710 3263 2763 de
3300 2708 3632 2765 abstinentia

2041 2793 2359 2847 concubitus
2387 2792 2567 2859 fuerit,
2596 2795 2830 2849 maxime
2852 2797 2975 2865 quia
3006 2812 3127 2851 cum
3161 2796 3249 2851 hic
3278 2797 3363 2853 lc:
3387 2801 3630 2853 auctori-

2041 2889 2208 2937 tatem
2230 2882 2347 2937 viro
2392 2882 2616 2947 tribuat,
2644 2897 2751 2938 non
2798 2884 3052 2950 mulieri,
3102 2899 3222 2954 quae
3250 2886 3370 2939 viro
3411 2886 3627 2941 subdita

2041 2979 2160 3027 est:
2192 2980 2253 3026 ut
2280 2981 2407 3026 tunc
2434 2971 2787 3042 persolvenda
2824 2972 2932 3028 sint
2970 2982 3095 3028 vota
3128 2974 3371 3030 mulieris
3396 3017 3411 3040 ,
3446 2976 3492 3031 si
3543 2976 3629 3030 vir

2042 3064 2449 3133 approbaverit;
2481 3065 2566 3119 sin
2611 3072 2791 3119 autem
2846 3066 3107 3129 renuerit,
3149 3080 3256 3120 non
3306 3066 3624 3121 debeantur.

2039 3153 2329 3225 Apostolus
2377 3163 2557 3210 tamen
2612 3170 2733 3210 cum
2779 3156 2846 3210 tle
2888 3156 3176 3212 concubitu
3220 3157 3628 3228 coniugatorum

2035 3245 2385 3316 loqueretur,
2446 3262 2554 3302 non
2630 3247 2704 3303 ibi
2765 3246 3025 3314 majorem
3079 3244 3459 3305 auctoritatem
3511 3251 3629 3306 viro

2033 3352 2196 3406 quam
2225 3337 2438 3392 fcminte
2466 3339 2614 3394 dedit
2639 3357 2653 3392 :
2686 3337 2791 3392 Sed
2815 3338 2990 3404 uxori,
3024 3339 3198 3408 inquit
3223 3379 3236 3404 ,
3289 3341 3371 3393 vir
3397 3340 3630 3395 debitum

2036 3427 2238 3494 reddat,
2267 3428 2509 3482 similiter
2527 3437 2575 3483 et
2595 3445 2730 3482 uxor
2753 3429 2879 3482 viro.
2914 3426 3059 3482 Uxor
3089 3445 3193 3483 non
3220 3430 3373 3483 habet
3398 3441 3633 3499 potesta-

2035 3514 2136 3572 tem
2162 3518 2395 3589 corporis
2414 3520 2518 3585 sui,
2557 3520 2649 3572 sed
2680 3520 2793 3584 vir;
2840 3518 3083 3572 similiter
3105 3528 3277 3573 autem
3335 3530 3382 3574 et
3416 3521 3495 3573 vir
3525 3538 3632 3575 non

2033 3609 2184 3663 habet
2234 3619 2539 3680 potestatem
2577 3611 2810 3680 corporis
2857 3612 2984 3674 sui,
3038 3610 3129 3664 sed
3177 3611 3366 3665 mulier
3415 3612 3467 3683 (1
3500 3610 3627 3666 Cor.

2031 3701 2151 3775 vn).
2185 3702 2410 3770 Quando
2437 3716 2567 3773 ergo
2616 3703 2668 3756 in
2697 3703 2798 3756 hac
2830 3716 2887 3755 re
2931 3716 3119 3770 parem
3175 3702 3460 3769 utriusque
3508 3718 3631 3757 esse

2031 3793 2203 3848 voluit
2226 3800 2548 3862 potestatem
2577 3833 2591 3857 ,
2644 3801 2774 3862 puto
2836 3792 2977 3861 quod
3017 3790 3172 3847 nobis
3220 3791 3628 3862 intelligendum

2033 3883 2266 3938 insinuet
2285 3883 2447 3938 istam
2470 3884 2533 3937 de
2557 3882 2961 3937 concumbendo
2984 3882 3066 3937 vel
3083 3897 3187 3935 non
3215 3882 3627 3937 concumbendo

2030 3973 2272 4045 regulam
2307 3988 2415 4027 non
2454 3974 2729 4043 pertinere
2767 3973 2835 4027 ad
2864 3988 2924 4027 ea
2969 3982 3092 4027 vota
3132 3973 3219 4027 ubi
3268 3986 3373 4028 non
3424 3973 3628 4027 habent

2028 4082 2213 4135 parem
2248 4067 2331 4120 vir
2355 4074 2411 4122 ct
2439 4067 2632 4121 mulier
2678 4074 3027 4137 potestatem,
3057 4067 3152 4121 sed
3186 4068 3269 4120 vir
3315 4067 3492 4136 major
3541 4077 3627 4122 est

2028 4172 2092 4212 ac
2120 4172 2285 4228 prope
2314 4159 2432 4229 ejus
2455 4159 2622 4213 solius
2647 4167 2747 4213 est.
2782 4157 2897 4214 Non
2925 4159 3069 4212 enim
3102 4159 3177 4211 ait
3205 4158 3287 4213 lex
3312 4159 3491 4213 virum
3516 4175 3624 4214 non

2028 4252 2224 4308 debere
2254 4252 2478 4307 reddere
2508 4262 2629 4306 vota
2658 4267 2753 4307 sua
2775 4294 2789 4317 ,
2828 4252 2871 4308 si
2925 4266 3062 4306 uxor
3091 4251 3465 4321 prohibuerit;
3521 4253 3617 4307 scd

2025 4358 2268 4407 uxorem,
2302 4344 2344 4397 si
2377 4344 2458 4397 vir
2483 4344 2839 4412 prohibuerit.
2873 4343 3024 4398 Unde
3080 4359 3186 4397 non
3245 4343 3375 4396 mibi
3406 4344 3623 4397 videtur

2028 4439 2083 4492 in
2115 4435 2419 4505 hujusmodi
2460 4438 2600 4492 votis
2624 4446 2679 4491 et
2706 4435 3112 4491 deﬁnitionibus
3140 4444 3302 4504 atque
3338 4434 3627 4506 obligatio-

361 4513 527 4569 Vidua
558 4526 730 4570 autem
761 4526 807 4571 ct
836 4517 1107 4588 repudiata
1128 4518 1379 4590 quidquid
1409 4521 1659 4585 noverint,
1685 4522 1918 4575 reddent.
1950 4531 2000 4589 ι)
2026 4528 2202 4607 nibus,
2234 4542 2353 4596 qum
2380 4527 2637 4581 adversus
2687 4526 2925 4580 animam
2977 4524 3138 4591 ﬁant,
3192 4524 3356 4580 etiam
3398 4524 3500 4578 ista
3533 4524 3626 4579 de-

350 4604 605 4671 Sequitur
635 4614 813 4659 autem
841 4607 907 4659 de
935 4607 1108 4660 viduis
1136 4607 1220 4661 vel
1256 4622 1285 4661 a
1310 4608 1425 4661 viro
1453 4607 1696 4676 abjectis,
1727 4609 1921 4674 idest,

349 4710 455 4748 non
485 4696 584 4749 sub
612 4704 877 4765 potestate
904 4698 1005 4751 viri
1039 4698 1369 4761 constitutis,
1394 4706 1487 4752 aut
1525 4699 1714 4769 patris,
1748 4708 1801 4753 et
1834 4715 1925 4754 ea-

349 4800 467 4839 rum
502 4793 621 4839 vota
643 4788 707 4840 ad
733 4789 1143 4856 persolvendum
1168 4790 1333 4844 libera
1361 4805 1478 4846 esse
1504 4792 1635 4846 dicit
1671 4793 1774 4848 hoc
1806 4809 1922 4848 mo-

350 4875 417 4928 do
450 4892 461 4927 :
497 4873 564 4927 Et
600 4884 790 4939 votum,
821 4878 1013 4946 inquit,
1052 4882 1221 4933 vidum
1259 4890 1307 4934 et
1345 4881 1605 4951 expulsae,
1631 4883 1925 4954 quicunque

349 4965 533 5018 vorarit
564 4963 813 5020 adversus
837 4969 1069 5023 animam
1102 4987 1276 5037 suam,
1316 4972 1594 5026 manebunt
1620 4974 1687 5026 ei.

959 5078 1183 5135 CAPUT
1221 5081 1305 5135 Ill.

885 5149 963 5201 De
1001 5159 1115 5202 voto
1155 5150 1380 5219 femina’.

418 5241 593 5315 (iam)
635 5241 780 5297 Uxor
805 5244 856 5297 in
892 5245 1044 5298 domo
1069 5247 1165 5299 viri
1202 5264 1316 5300 cum
1344 5266 1397 5302 se
1423 5259 1537 5303 voto
1562 5251 1923 5304 constrinxerit

346 5343 396 5388 et
430 5334 755 5403 juramento,
784 5335 828 5390 si
875 5336 1098 5389 audierit
1127 5338 1208 5390 vir
1240 5348 1287 5392 et
1319 5342 1554 5405 tacuerit,
1586 5350 1634 5394 et
1665 5358 1768 5396 non
1793 5332 1922 5395 con-

348 5426 619 5479 tradixerit
672 5426 961 5496 sponsioni,
999 5428 1181 5482 reddat
1208 5432 1552 5503 quodcunque
1591 5434 1918 5503 promiserat.

347 5513 443 5569 Sin
465 5526 633 5570 autem
666 5519 1037 5574 contradixerit
1073 5521 1346 5591 extemplo,
1383 5538 1485 5574 non
1525 5521 1779 5575 tenebitur
1804 5539 1924 5591 pro-

346 5604 607 5661 missionis
639 5626 745 5674 rea,
766 5611 891 5681 quia
923 5613 1144 5665 maritus
1166 5612 1560 5676 contradixerit,
1596 5622 1640 5664 et
1667 5612 1918 5667 Dominus

347 5693 398 5748 li
422 5698 676 5766 prapitius
694 5704 809 5754 crit.
841 5701 901 5756 Si
934 5702 1142 5769 noverit,
1173 5713 1218 5755 et
1256 5703 1559 5773 juramento
1586 5719 1639 5755 se
1665 5704 1917 5756 constrin-

2024 4616 2154 4669 here
2180 4616 2348 4685 accipi
2380 4630 2497 4684 qua:
2522 4615 2662 4669 inter
2685 4630 2742 4670 se
2768 4614 2849 4668 vir
2869 4622 2923 4668 et
2946 4631 3084 4669 uxor
3110 4615 3175 4670 de
3204 4614 3621 4669 concumbendo

2026 4705 2108 4759 vel
2144 4707 2208 4760 de
2231 4706 2555 4761 abstinentia
2586 4706 2975 4762 concumbendi
3004 4705 3201 4777 placita
3228 4706 3540 4760 habuerint.

2101 4797 2225 4851 Isttc
2247 4806 2367 4851 sunt
2394 4797 2528 4869 leges
2554 4815 2685 4869 quas
2706 4799 2973 4851 constituit
3004 4797 3256 4850 Dominus
3281 4794 3452 4865 Moysi
3481 4799 3621 4852 inter

2025 4888 2189 4940 virum
2218 4897 2263 4940 et
2293 4882 2503 4941 uxorem
2532 4904 2549 4941 :
2579 4890 2715 4941 inter
2739 4897 2939 4958 patrem
2964 4898 3009 4940 et
3037 4886 3203 4956 ﬁliam
3231 4902 3348 4956 qum
3374 4888 3428 4939 in
3462 4899 3619 4941 atate

2027 4978 2199 5030 adltuc
2224 4977 2449 5047 puellari
2469 4986 2543 5031 est
2565 5019 2578 5043 ,
2616 4978 2692 5031 rel
2724 4995 2839 5049 qua!
2881 4988 3052 5032 manet
3085 4980 3138 5031 in
3174 4978 3404 5046 parentis
3434 4977 3615 5031 domo.

2030 5068 2162 5135 Quia
2190 5078 2242 5122 et
2270 5067 2385 5121 ista:
2433 5067 2573 5139 leges
2610 5068 2721 5122 sive
2751 5066 3165 5134 justiﬁcationes
3192 5109 3206 5132 ,
3260 5074 3317 5120 ut
3366 5067 3617 5135 quaedam

2029 5158 2360 5229 exemplaria
2417 5160 2637 5223 habent,
2681 5158 2978 5224 dicuntur;
3050 5167 3105 5213 et
3158 5158 3507 5212 meminimus
3561 5158 3615 5213 ia

2031 5250 2135 5303 illis
2160 5248 2638 5316 iustiﬁcationibus
2671 5264 2790 5319 quae
2831 5249 2883 5303 in
2913 5249 3096 5304 Exodo
3133 5248 3233 5303 sub
3258 5251 3359 5304 hoc
3384 5248 3610 5303 nomine

2032 5341 2150 5395 alite
2177 5350 2685 5407 commemorantur,
2728 5342 2868 5397 sicut
2895 5342 2959 5396 de
2994 5358 3124 5396 aure
3163 5342 3304 5396 servi
3330 5339 3610 5413 pcrforan-

2031 5431 2132 5496 da,
2163 5438 2220 5485 et
2260 5431 2305 5485 si
2340 5432 2467 5500 quid
2498 5430 2760 5501 ejusmodi
2790 5439 2893 5495 est,
2924 5447 3031 5485 non
3059 5432 3292 5486 absurde
3328 5431 3493 5485 etiam
3523 5429 3615 5484 hic

2027 5522 2229 5592 aliquid
2283 5523 2510 5594 ﬁgurate
2575 5526 2775 5580 dudum
2834 5525 3287 5594 intelligitur:ut
3337 5523 3613 5595 quomodo

2024 5622 2149 5667 sunt
2171 5613 2351 5668 multa:
2375 5615 2711 5669 abstinentiae
2725 5615 3169 5670 czcremouiarum
3186 5612 3618 5678 irrationabiles,

2022 5711 2077 5757 et
2108 5704 2394 5774 aliquando
2422 5690 2593 5760 etiam'
2633 5706 2862 5761 inimicae
2915 5706 3164 5773 veritati,
3211 5707 3312 5761 hoc
3371 5702 3614 5762 fortasse
