3932 6188
319 377 430 434 725

1039 377 1573 434 ENARRATIONES
1610 378 1678 432 ΙΝ
1715 377 1980 436 LIBRUM
2017 378 2479 437 NUMERORUM.
2521 411 2590 422 —
2626 383 2754 438 LIB.
2790 383 2881 440 IV.

3489 396 3594 452 794

313 491 408 548 hic
430 490 654 561 intelligi
683 490 848 544 voluit
878 499 1006 544 tunc
1046 499 1193 546 ratas
1243 505 1364 546 esse
1399 506 1526 548 cum
1557 490 1876 546 rationabile

2009 507 2173 560 gnum
2195 501 2278 546 est
2312 511 2324 545 :
2353 508 2462 562 quo
2488 493 2604 548 haec
2629 502 2688 548 ut
2713 495 2888 560 decet,
2919 497 2992 551 de
3012 495 3107 552 Dei
3134 501 3315 556 verbis
3343 503 3566 576 intelligi

313 579 554 644 fuerint;
589 579 690 633 hoc
736 587 821 633 est
848 595 971 633 cum
1015 594 1108 635 eas
1142 581 1521 650 approbaverit
1555 581 1695 634 ratio
1719 620 1734 645 ,
1787 595 1908 650 quae

313 669 384 726 ad
424 671 598 724 vicem
629 669 729 723 viri
757 669 911 724 debet
941 663 1132 740 regere
1159 685 1373 725 omnem
1398 670 1686 724 animalem
1712 670 1906 724 motio-

307 775 442 817 nem
465 775 582 830 qua:
614 759 669 814 lit
698 775 804 814 non
838 767 1040 814 tantum
1071 760 1121 814 iu
1153 761 1474 830 appetendo,
1511 775 1702 814 verum
1737 762 1905 815 etiam

308 852 370 906 in
401 851 736 905 abstinendo.
754 849 826 905 Ut
848 851 892 904 si
922 859 1098 904 mente
1123 861 1176 906 et
1200 852 1405 905 ratione
1432 853 1760 917 decernitur,
1779 860 1906 908 tunc

309 943 438 1007 ﬁat;
482 943 526 996 si
559 950 738 996 autem
761 942 1098 1010 improbatur
1127 943 1352 998 consilio
1379 943 1624 1008 rationis,
1650 959 1757 998 non
1787 945 1899 998 fiat.

309 1033 466 1100 Quod
483 1033 528 1087 si
551 1034 686 1086 ratio
709 1033 850 1101 quod
873 1034 1023 1101 prius
1047 1041 1191 1088 recte
1211 1032 1511 1088 faciendum
1529 1049 1648 1088 esse
1665 1035 1902 1094 decrevit

307 1134 435 1194 post
448 1125 746 1194 improbet;
774 1125 818 1180 si
833 1133 1134 1193 peccatum,
1152 1126 1360 1179 consilii
1381 1141 1394 1178 :
1411 1127 1490 1179 sic
1505 1137 1682 1180 tamen
1700 1136 1754 1180 ut
1772 1141 1902 1181 non-

308 1217 415 1271 nisi
451 1215 644 1270 rationi
675 1217 841 1270 motio
872 1217 958 1270 illa
989 1218 1310 1272 consentiat.
1345 1217 1652 1274 Secundum
1705 1223 1896 1291 mysti-

305 1327 431 1365 cmn
461 1321 640 1364 autem
690 1326 911 1365 sensum
948 1321 1067 1365 vota
1119 1327 1278 1366 nemo
1307 1320 1484 1382 potest
1532 1311 1756 1378 offerre,
1791 1313 1893 1368 nisi

303 1401 400 1468 qui
427 1401 589 1454 habet
619 1400 822 1468 aliquid
852 1400 905 1454 in
945 1401 1236 1470 semetipso
1267 1409 1321 1455 et
1356 1401 1411 1454 in
1453 1401 1755 1456 substantia
1797 1417 1892 1457 sua

303 1495 452 1562 quod
477 1493 666 1548 otTerat
706 1493 836 1548 Deo.
870 1493 985 1548 Non
1039 1495 1234 1550 sufﬁcit
1289 1497 1392 1551 iste
1442 1497 1684 1551 exterior
1733 1497 1894 1552 homo

300 1584 479 1656 legem
511 1585 603 1640 Dei
634 1585 928 1655 suscipere,
987 1601 1086 1640 nec
1135 1595 1258 1640 vota
1308 1587 1457 1642 solus
1509 1585 1725 1642 oll‘erre.
1774 1587 1890 1642 Non

300 1675 452 1730 enim
477 1681 653 1742 potest
678 1673 883 1744 aliquid
911 1675 1132 1744 dignum
1171 1675 1280 1729 Deo
1309 1675 1530 1730 habere.
1555 1675 1664 1731 Sed
1690 1677 1778 1732 ille
1808 1677 1891 1731 iu-

301 1765 478 1818 terior
511 1772 592 1818 est
635 1765 819 1828 homo,
853 1764 941 1832 qui
974 1765 1144 1834 magis
1199 1764 1362 1819 habet
1409 1765 1462 1819 in
1502 1781 1560 1820 se
1609 1767 1752 1834 quod
1806 1764 1888 1820 of-

2009 585 2280 652 possimus
2301 587 2603 641 advertere.
2635 586 2836 642 Omnes
2859 591 2949 657 qui
2971 590 3072 644 sub
3097 591 3212 660 lege
3247 593 3341 648 Dei
3363 595 3591 654 vivimus

2009 681 2064 728 et
2097 675 2150 728 in
2181 675 2422 730 Ecclesia
2473 675 2588 744 ejus
2639 677 2938 742 habemus,
2990 679 3154 748 aliqui
3185 683 3284 736 sub
3323 687 3589 752 patribus,

2007 765 2173 834 aliqui
2201 766 2303 819 sub
2325 766 2458 820 viris
2487 767 2718 836 agimur.
2739 767 2804 821 Et
2829 768 3094 838 siquidem
3123 773 3345 839 parvulo
3372 776 3590 830 cstani-

2006 869 2131 918 ma,
2161 864 2215 909 et
2241 855 2394 910 initia
2424 857 2585 910 habet
2614 857 2667 911 in
2691 859 3084 914 eruditionibus
3111 848 3326 927 divinis,
3351 865 3464 918 iure
3494 867 3594 921 sub

2001 958 2158 1018 patre
2191 965 2352 1020 agere
2373 951 2642 1004 credenda
2672 959 2774 1005 est.
2807 950 2863 1006 Si
2895 967 3024 1006 vero
3042 951 3154 1022 jam
3184 953 3418 1007 adultior
3445 939 3590 1010 facta

2005 1049 2090 1094 est
2121 1052 2181 1096 ut
2207 1042 2343 1106 viri,
2392 1043 2463 1096 ita
2493 1051 2686 1111 potens
2731 1045 2798 1098 sit
2839 1045 2909 1097 ad
2955 1045 3361 1116 concipiendum
3406 1063 3592 1103 semen

1999 1135 2151 1188 verbi
2178 1135 2296 1198 Dei,
2320 1143 2376 1188 et
2405 1135 2665 1203 spiritalis
2696 1135 2954 1189 doctrinm
2979 1152 3172 1204 capere
3215 1147 3444 1202 secreta,
3475 1139 3591 1193 haec

2000 1225 2100 1279 sub
2127 1225 2244 1279 viro
2277 1225 2450 1292 posita
2477 1225 2690 1279 dicitur.
2710 1223 2802 1278 Sic
2815 1225 2958 1278 enim
2985 1233 3038 1279 et
3063 1226 3277 1280 dicebat
3302 1227 3502 1281 Paulus
3519 1228 3587 1281 de

1998 1315 2293 1369 Corinthiis
2319 1334 2329 1368 :
2361 1310 2498 1368 Volo
2528 1325 2703 1368 autem
2727 1332 2814 1369 vos
2845 1317 2936 1368 uni
2966 1317 3076 1369 viro
3101 1317 3353 1386 virginem
3385 1328 3586 1372 castam

1996 1406 2234 1460 exhibere
2270 1405 2476 1460 Christo
2524 1405 2594 1477 (1
2635 1406 2758 1459 Cor.
2788 1407 2872 1475 ιι).
2915 1405 3016 1473 Qui
3051 1422 3181 1462 vero
3230 1407 3586 1478 perfectiores

1995 1507 2122 1552 sunt
2150 1507 2204 1552 et
2225 1499 2630 1564 eminentiores,
2663 1501 2767 1555 hoc
2799 1501 2864 1554 de
2894 1501 2999 1554 illis
3045 1516 3150 1554 non
3182 1501 3400 1565 dicitur,
3431 1501 3579 1570 quod

1993 1589 2093 1642 sub
2123 1588 2240 1642 viro
2285 1589 2412 1642 sint.
2445 1588 2550 1644 Sed
2581 1589 2703 1644 audi
2733 1591 3002 1659 quomodo
3031 1589 3098 1645 de
3129 1592 3420 1659 semetipso
3474 1591 3587 1645 sui-

1991 1691 2095 1745 que
2139 1678 2406 1732 similibus
2432 1681 2747 1749 pronuntiet
2774 1689 2824 1735 et
2851 1681 3048 1736 Paulus
3077 1701 3088 1735 :
3119 1681 3295 1735 Donec
3337 1699 3587 1736 occurra-

1989 1783 2104 1820 mus
2127 1810 2142 1833 ,
2169 1769 2340 1839 inquit
2365 1811 2381 1834 ,
2413 1788 2588 1824 omnes
2631 1773 2685 1825 in
2715 1773 2879 1824 virum
2908 1773 3229 1842 perfectum,
3273 1775 3326 1828 in
3373 1791 3586 1828 mensu-

298 1855 445 1912 ferat
467 1855 664 1909 Deo.ln
695 1854 785 1909 illo
811 1869 1042 1923 namque
1069 1863 1152 1908 cst
1197 1854 1562 1910 habitaculum
1592 1856 1881 1922 virtutum;
1914 1823 1960 1884 Β
1990 1871 2102 1910 ram
2153 1823 2324 1912 wttitis
2371 1859 2709 1930 plenitudinis
2763 1823 2956 1916 Chrisrti
3003 1823 3232 1932 (Epltcs:
3277 1864 3386 1932 ιν).
3446 1864 3584 1920 Huic

295 1947 357 2000 in
399 1945 486 1999 illo
519 1945 694 1998 omnis
741 1945 1044 2000 intellectus
1095 1946 1366 2012 scientim;
1422 1947 1475 2001 in
1505 1947 1598 2002 illo
1633 1955 1716 2002 est
1744 1947 1883 2001 ima-

294 2037 444 2108 ginis
497 2037 775 2092 ianovatio
810 2055 821 2089 :
865 2037 955 2107 qui
997 2052 1120 2092 cum
1169 2039 1402 2108 speciem
1461 2055 1634 2105 suam,
1675 2057 1793 2110 quae
1819 2055 1880 2118 ev

291 2127 456 2182 initio
483 2144 512 2181 a
544 2128 654 2181 Deo
677 2128 816 2182 facta
846 2137 950 2192 est,
979 2130 1340 2198 recupaverit,
1388 2138 1444 2184 et
1471 2131 1734 2186 virtutum
1768 2133 1885 2202 pul-

293 2217 666 2272 chritudinem
708 2219 906 2287 prioris
935 2218 1122 2274 format
1149 2219 1448 2289 repererit,
1496 2229 1624 2276 tunc
1655 2219 1766 2289 jam
1797 2237 1888 2292 po-

294 2315 405 2363 test
435 2317 557 2362 vota
591 2307 788 2364 offerre
815 2308 958 2374 Deo;
987 2317 1042 2364 et
1074 2320 1200 2365 tunc
1216 2309 1328 2377 jam
1362 2327 1468 2364 non
1498 2313 1674 2366 solum
1699 2313 1882 2378 homo,

291 2398 391 2452 sed
414 2399 576 2452 homo
602 2398 829 2452 dicetur.
861 2398 995 2452 Nam
1019 2399 1111 2468 qui
1138 2400 1452 2455 interiorem
1478 2401 1750 2456 hominem
1777 2419 1884 2456 non

290 2486 524 2551 excolit,
557 2487 645 2556 qui
680 2487 822 2542 illius
851 2502 1042 2542 curam
1088 2505 1194 2542 non
1241 2490 1398 2558 gerit,
1447 2489 1538 2560 qui
1593 2490 1884 2546 virtutibus

289 2593 418 2632 eum
460 2593 566 2632 non
597 2578 839 2643 instruit,
873 2580 1114 2634 moribus
1157 2597 1262 2634 non
1287 2565 1468 2646 ornat,
1501 2582 1697 2636 divinis
1728 2583 1885 2637 iusti-

291 2671 597 2725 tutionibus
621 2687 726 2726 non
761 2681 1002 2736 exercet,
1033 2672 1354 2741 sapientiam
1401 2673 1494 2727 Dei
1527 2689 1634 2728 non
1664 2673 1879 2742 quaarit,

291 2761 538 2816 scientia:
558 2761 962 2830 Seripturarum
986 2777 1205 2831 operam
1235 2778 1338 2816 non
1367 2762 1644 2832 impendit,
1663 2762 1752 2816 hic
1775 2776 1882 2816 non

292 2859 478 2922 potest
507 2851 666 2905 homo
716 2851 878 2905 homo
927 2849 1070 2916 dici,
1105 2853 1197 2906 sed
1240 2853 1402 2907 homo
1462 2860 1666 2916 tamen,
1720 2853 1880 2906 homo

294 2941 570 2996 animalis.
611 2941 736 2996 Scio
776 2942 988 2996 diversa
1031 2951 1156 2997 vota
1201 2945 1256 2997 iu
1309 2942 1606 3012 Scripturis
1637 2941 1827 2996 referri
1862 2959 1876 3017 ς

291 3037 449 3089 Anna
477 3035 682 3106 quidem
713 3037 842 3088 vovit
872 3035 980 3090 Deo
1031 3031 1263 3105 fructum
1303 3036 1496 3090 ventris
1537 3036 1650 3098 sui,
1702 3045 1748 3088 et
1781 3033 1880 3089 8.2-

291 3125 515 3180 muelem
537 3127 855 3182 consecravit
886 3127 941 3179 in
968 3125 1158 3196 templo
1185 3125 1238 3198 (Ι
1270 3125 1397 3196 Reg.
1432 3126 1676 3198 i).'Alius
1703 3127 1875 3196 quod-
1903 3165 1949 3226 Ο

289 3231 506 3286 cunque
527 3215 628 3270 sibi
661 3223 784 3284 post
806 3215 1088 3269 victoriam
1128 3214 1374 3269 redeunti
1403 3215 1751 3280 occurrisset,
1784 3231 1876 3270 vo-

288 3307 373 3362 vit
401 3307 510 3362 Deo
543 3327 556 3360 :
593 3315 646 3364 et
670 3316 990 3363 occurrente
1021 3307 1161 3373 lilia,
1193 3315 1315 3362 vota
1348 3307 1698 3379 lacrymanda
1739 3324 1866 3378 per-

292 3397 459 3452 solvit
481 3397 679 3470 (Jutlic.
709 3397 793 3470 ιι).
817 3398 920 3452 Alii
942 3399 1139 3454 vitulos
1163 3407 1256 3454 aut
1285 3400 1502 3462 arietes,
1533 3407 1626 3454 aut
1655 3401 1866 3468 domos,

291 3497 390 3542 aut
421 3489 525 3543 alia
576 3489 881 3557 hujusmodi
930 3491 1136 3544 ratione
1174 3491 1414 3545 carentia
1455 3498 1581 3546 vota
1636 3489 1872 3546 offerunt

292 3581 430 3636 Deo.
461 3581 561 3636 Ille
589 3599 705 3636 vero
725 3583 816 3653 qui
845 3583 1138 3653 appellatur
1185 3581 1502 3646 Nazarazus,
1530 3583 1864 3654 semetipsum

289 3671 492 3727 devovit
534 3672 643 3726 Deo
695 3673 883 3744 (Nam.
915 3671 1014 3745 νι).
1044 3671 1156 3728 Hoc
1211 3681 1295 3727 est
1337 3673 1478 3728 enim
1532 3681 1716 3726 votum
1770 3671 1869 3724 Na-

289 3763 473 3827 zarmi,
501 3762 641 3832 quod
661 3770 744 3818 est
762 3778 925 3832 super
951 3778 1112 3818 omne
1135 3771 1336 3816 votum.
1365 3761 1500 3816 Nam
1530 3763 1573 3816 si
1603 3762 1770 3815 filium
1794 3761 1875 3816 of-

287 3851 435 3908 ferat
463 3853 544 3906 vel
581 3853 768 3917 ﬁliam,
799 3861 892 3908 aut
934 3869 1101 3924 pecus
1129 3862 1223 3909 aut
1263 3853 1542 3923 praedium,
1570 3854 1674 3908 hoc
1701 3861 1874 3908 totum

287 3953 449 3999 extra
496 3961 596 4000 nos
638 3954 740 4000 est.
804 3944 1162 4016 Semetipsum
1215 3944 1412 4000 ollerre
1463 3944 1609 4010 Deo,
1655 3952 1711 3999 et
1764 3961 1871 3998 non

288 4034 472 4089 alieno
491 4034 698 4100 labore,
716 4035 808 4090 sed
840 4037 1058 4106 proprio
1093 4036 1328 4104 placere,
1352 4036 1456 4090 hoc
1475 4044 1558 4089 est
1581 4034 1875 4104 perfectius

288 4135 344 4181 et
367 4128 696 4182 eminentius
736 4129 984 4182 omnibus
1009 4128 1169 4183 votis.
1201 4127 1354 4195 Quod
1380 4127 1471 4196 qui
1505 4127 1661 4191 facit,
1694 4127 1872 4182 imita-

291 4223 378 4270 tor
402 4227 486 4270 est
505 4215 729 4272 Christi.
753 4216 846 4270 llle
880 4217 1025 4272 enim
1067 4217 1213 4272 dedit
1237 4218 1440 4272 homini
1468 4225 1690 4282 terram,
1723 4232 1872 4272 mare

285 4315 345 4363 et
368 4308 552 4362 omnia
581 4324 700 4377 qua:
729 4309 782 4362 in
838 4309 918 4363 eis
967 4318 1091 4364 sunt
1119 4309 1185 4363 ad
1229 4309 1582 4379 obsequium;
1631 4309 1780 4364 dedit
1818 4317 1873 4364 et

284 4399 518 4463 caelum;
549 4399 716 4452 solem
739 4415 952 4468 quoque
984 4406 1040 4454 et
1069 4399 1248 4454 lunam
1279 4408 1332 4453 et
1357 4399 1543 4455 stellas
1591 4401 1871 4454 hominum

1987 1963 2116 2019 ergo
2170 1951 2397 2015 animm,
2445 1967 2565 2019 qua:
2619 1953 2674 2005 in
2729 1953 2904 2006 virum
2959 1952 3252 2022 perfectum
3300 1955 3580 2020 occurrit,

1985 2054 2145 2093 nemo
2209 2040 2519 2094 dominatur
2572 2041 2624 2094 in
2681 2043 2854 2106 votis,
2906 2042 2998 2097 sed
3053 2043 3214 2097 habet
3253 2051 3578 2112 potestatem

1987 2143 2208 2184 suorum
2271 2128 2686 2197 libertatemque
2745 2139 3014 2184 votorum.
3071 2130 3129 2184 Si
3179 2141 3359 2185 autem
3396 2132 3578 2188 adhuc

1989 2217 2201 2272 feminei
2235 2220 2448 2288 generis
2479 2218 2642 2274 fuerit
2683 2222 2893 2285 anima,
2923 2221 3008 2274 cui
3045 2221 3128 2274 vel
3158 2223 3272 2286 vir,
3307 2221 3392 2277 vel
3426 2230 3582 2292 pater

1985 2309 2292 2363 dominetur
2321 2309 2374 2364 in
2412 2310 2572 2375 votis,
2613 2325 2719 2365 non
2745 2325 2962 2380 semper
2991 2311 3043 2365 in
3095 2312 3208 2381 ipsa
3262 2321 3346 2367 est
3391 2312 3577 2382 culpa,

1985 2402 2080 2458 scd
2111 2398 2383 2456 interdum
2415 2403 2557 2458 redit
2594 2404 2661 2459 ad
2689 2403 2838 2458 viros
2875 2405 2958 2460 vel
2987 2407 3054 2460 ad
3088 2415 3363 2475 parentes.

2598 2493 2828 2550 CAPUT
2865 2494 2956 2549 IV.

2055 2584 2134 2639 De
2173 2584 2402 2640 vindicta
2448 2587 2504 2639 in
2550 2585 2876 2640 Madianitas
2903 2595 2950 2640 et
2987 2585 3210 2641 Balaam
3251 2588 3503 2642 ariolum.

2057 2676 2220 2746 (CAP.
2249 2675 2426 2748 XXXI.)
2454 2676 2682 2731 Locutus
2705 2686 2782 2731 est
2829 2677 3084 2732 Dominus
3115 2679 3185 2732 ad
3218 2679 3432 2748 Moysen
3451 2721 3466 2745 ,
3491 2680 3579 2734 di-

1959 2773 2102 2820 'cens
2124 2784 2142 2821 :
2161 2765 2421 2821 Ulciscere
2445 2769 2592 2838 prius
2614 2768 2754 2837 ﬁlios
2785 2768 2954 2824 Israel
2979 2769 3042 2822 de
3075 2768 3407 2834 Hadianitis,
3427 2779 3474 2823 et
3499 2771 3577 2824 sic

1983 2859 2243 2929 colligeris
2290 2860 2359 2912 ad
2400 2859 2652 2928 populum
2703 2869 2873 2912 tuum.
2933 2860 3103 2930 Igitur
3151 2859 3404 2914 scandala
3451 2875 3572 2930 qum

1982 2949 2294 3004 acciderant
2337 2948 2631 3013 lsraelitis,
2673 2949 2928 3018 quoniam
2975 2949 3424 3019 tergiversatione
3460 2949 3573 3004 Ma-

1983 3043 2308 3097 dianitarum
2339 3041 2647 3096 acciderant
2675 3041 2797 3111 (ipsi
2821 3041 2967 3095 enim
2995 3042 3428 3096 subornaverant
3451 3057 3568 3096 mu-

1983 3131 2162 3195 lieres,
2209 3147 2332 3200 qute
2353 3147 2446 3185 eos
2489 3131 2814 3200 deceperant
2843 3139 2904 3185 ut
2937 3139 3224 3201 peccarent
3255 3146 3435 3186 coram
3467 3133 3572 3187 Do-

1979 3223 2190 3294 mino),
2221 3223 2296 3278 illi
2325 3223 2539 3292 quidem
2567 3237 2665 3292 pro
2702 3231 2926 3291 peccato
2955 3238 3054 3276 suo
3089 3223 3428 3290 pertulerunt
3451 3225 3565 3278 vin-

1979 3313 2204 3379 dictam,
2248 3313 2577 3368 mediocrius
2615 3320 2795 3367 tamen
2825 3320 2881 3366 et
2909 3313 3156 3383 parcius;
3209 3313 3264 3367 lii
3310 3328 3442 3368 vero
3476 3314 3570 3383 qui

1979 3405 2061 3463 eis
2115 3406 2332 3462 fuerant
2383 3424 2547 3462 causa
2600 3407 2904 3478 peccandi,
2958 3407 3126 3462 multo
3179 3409 3572 3464 vehementiori

1977 3498 2258 3568 subjaccnt
2283 3499 2491 3552 ultioni.
2519 3498 2672 3554 Unde
2705 3499 3161 3568 edocemur,quia
3188 3498 3345 3570 longe
3363 3497 3573 3569 sitgra-

1973 3588 2096 3642 vius
2135 3603 2355 3641 causam
2395 3587 2640 3656 prmbere
2676 3589 2910 3656 peccati,
2959 3603 3120 3656 quam
3154 3588 3328 3656 ipsum
3371 3603 3571 3642 unum-

1976 3691 2246 3746 quemque
2277 3687 2518 3744 peccare.
2568 3673 2661 3729 Sic
2691 3683 2745 3729 et
2773 3675 3034 3730 Dominus
3073 3675 3321 3743 designat
3341 3691 3462 3728 cum
3493 3675 3569 3730 di-

1976 3769 2072 3831 cit,
2108 3769 2234 3838 quia
2283 3767 2468 3821 melius
2498 3766 2674 3836 fuerat
2701 3766 2963 3820 hominem
2997 3783 3100 3819 non
3141 3766 3306 3830 nasci,
3335 3775 3426 3818 aut
3455 3782 3569 3818 mo-

1975 3856 2082 3911 lam
2103 3857 2396 3912 asinariam
2432 3855 2589 3926 ligari
2618 3855 2759 3909 circa
2783 3853 2974 3909 collum
3003 3856 3138 3925 ejus,
3171 3865 3217 3908 et
3241 3855 3564 3926 pra'cipitari

1975 3949 2029 4002 in
2055 3947 2378 4019 profundum
2423 3947 2610 4011 maris,
2645 3961 2803 4015 quam
2832 3953 2888 3998 ut
2921 3943 3246 4000 scandalizet
3293 3961 3454 3999 unum
3499 3943 3564 3996 de

1973 4037 2180 4110 pusillis
2209 4038 2319 4092 istis
2368 4035 2586 4108 (Matth.
2619 4035 2798 4106 xvni).
2847 4035 3020 4090 Simul
3065 4035 3450 4090 advertendum
3481 4042 3565 4089 est

1973 4131 2230 4200 quoniam
2261 4130 2476 4199 quidem
2504 4144 2702 4184 nomen
2733 4128 2972 4183 scandali
3002 4144 3032 4182 a
3055 4127 3329 4181 nonnullis
3355 4127 3562 4181 incom-

1973 4229 2220 4292 petenter
2261 4221 2648 4290 prtesumitur;
2707 4218 2834 4273 illud
2901 4217 3214 4272 scandalum
3264 4217 3412 4281 dico,
3466 4216 3560 4271 ubi

1973 4319 2122 4365 recto
2147 4310 2342 4364 itinere
2383 4307 2694 4363 ambulandi
2722 4307 2967 4375 deceptio
3013 4305 3192 4374 aliqua
3235 4304 3462 4358 struitur
3489 4303 3559 4359 ad
3593 4345 3599 4352 .

1970 4405 2284 4470 peccatum,
2329 4406 2384 4452 et
2414 4397 2702 4466 subjicitur
2739 4413 2899 4450 causa
2944 4395 3204 4465 peccandi
3256 4409 3271 4448 :
3309 4394 3449 4450 sicut
3503 4401 3561 4450 et

286 4490 592 4544 ministerio
627 4491 920 4554 concessit;
951 4489 1181 4560 pluvias,
1217 4499 1406 4544 ventos
1448 4499 1503 4544 et
1533 4505 1694 4545 omne
1722 4491 1867 4560 quod
1893 4501 1947 4560 ι)
1973 4487 2281 4542 Μιιαίιιιιίιω
2305 4484 2707 4540 ambulantibus
2753 4485 2806 4539 in
2854 4485 2972 4549 leae
3009 4483 3230 4538 Domini
3278 4483 3556 4550 lsraelitis,

285 4580 343 4634 in
373 4580 574 4634 mundo
595 4589 712 4642 est,
739 4580 1048 4634 hominibus
1071 4579 1293 4650 largitus
1328 4587 1428 4634 est.
1463 4579 1568 4634 Sed
1607 4589 1727 4648 post
1755 4581 1868 4635 lucc

283 4670 470 4724 omnia
493 4669 840 4738 semetipsum
861 4669 1026 4724 dedit.
1061 4667 1148 4723 Sic
1177 4671 1314 4722 enim
1342 4669 1526 4722 dilexit
1549 4668 1692 4722 Deus
1717 4686 1868 4722 mun-

285 4760 436 4825 dum,
455 4769 509 4812 ut
531 4758 726 4813 Filium
757 4777 910 4814 suum
937 4761 1258 4829 unigenitum
1279 4759 1427 4812 daret
1442 4776 1538 4828 pro
1560 4759 1742 4814 mundi
1765 4760 1867 4813 hu-

286 4849 374 4917 ius
405 4849 508 4903 rita
545 4848 726 4920 (Joan.
760 4849 866 4919 ιιι).
896 4849 1033 4916 Quid
1071 4863 1200 4918 ergo
1245 4863 1497 4917 magnum
1531 4848 1661 4904 facit
1707 4851 1868 4906 homo

289 4943 642 5010 semetipsum
673 4940 909 4996 offerens
935 4940 1064 5005 Deo,
1095 4956 1216 4994 cum
1261 4941 1377 5011 ipse
1403 4956 1462 4994 se
1491 4940 1642 5010 prior
1669 4941 1870 4996 obtulit

289 5030 474 5085 Deus?
506 5029 564 5084 Si
593 5046 718 5100 ergo
747 5028 905 5083 tollas
946 5045 1150 5081 crucem
1177 5038 1322 5082 tuam
1363 5039 1412 5082 et
1437 5029 1671 5098 sequaris
1715 5027 1868 5082 Chri-

285 5131 426 5175 stum
475 5119 690 5192 (Blattlt.
722 5119 866 5192 xw),
896 5120 941 5174 si
970 5119 1162 5173 dicas:
1207 5117 1330 5172 Vivo
1378 5128 1550 5173 autem
1591 5119 1710 5190 jam
1766 5135 1870 5173 non

288 5228 402 5280 ego,
433 5213 552 5265 vivit
578 5228 699 5265 vero
731 5210 971 5266 Christus
1009 5212 1064 5264 in
1111 5227 1190 5264 me
1217 5207 1359 5281 (Gal.
1394 5209 1490 5281 ιι),
1526 5211 1571 5266 si
1600 5211 1869 5266 desideret

290 5307 347 5353 et
384 5301 534 5354 sitiat
560 5302 741 5354 anima
771 5311 955 5356 nostra
986 5299 1164 5355 redire
1202 5309 1257 5354 et
1306 5316 1426 5354 esse
1460 5316 1581 5354 cum
1628 5299 1864 5365 Christo,

291 5391 436 5446 sicut
461 5399 517 5446 et
544 5393 836 5462 Apostolus
865 5392 1098 5455 dicebat,
1131 5400 1186 5446 et
1220 5393 1502 5462 praesentis
1530 5393 1710 5447 smculi
1758 5411 1869 5450 non

291 5483 589 5540 delectetur
615 5482 900 5546 illecebris,
941 5491 996 5536 et
1023 5481 1066 5536 si
1089 5497 1302 5536 omnem
1338 5481 1530 5552 legem,
1555 5498 1676 5552 qua:
1695 5481 1866 5538 Naza-

293 5572 418 5627 ratis
443 5573 568 5626 data
594 5579 696 5636 est,
724 5571 1040 5643 spiritaliter
1069 5570 1308 5640 impleat,
1337 5579 1465 5624 tunc
1491 5572 1862 5642 semetipsum,

291 5659 351 5718 id
376 5673 481 5726 est,
509 5663 740 5717 animam
773 5675 924 5716 suam
962 5661 1155 5714 obtulit
1199 5661 1330 5716 Deo.
1365 5661 1470 5716 Sed
1507 5665 1746 5717 orandus
1771 5679 1866 5718 no-

294 5749 381 5808 bis
417 5759 502 5807 est
528 5753 693 5816 Deus,
720 5761 778 5806 ut
827 5752 1156 5806 intellectum
1207 5752 1336 5806 dare
1365 5752 1645 5821 dignetur,
1683 5755 1726 5807 si
1777 5754 1862 5807 di-

1973 4589 2030 4632 et
2054 4574 2482 4634 custodientibus
2511 4575 2816 4630 castitatem
2841 4616 2856 4641 ,
2898 4578 3334 4630 subornaverunt
3370 4574 3562 4630 mulie-

1973 4683 2062 4724 res
2086 4681 2205 4736 qua:
2225 4681 2320 4720 eos
2345 4665 2658 4734 deciperent
2678 4665 2745 4718 ad
2766 4665 3126 4733 peccandum.
3157 4663 3388 4718 Causam
3425 4679 3557 4736 ergo

1974 4757 2217 4830 praebere
2253 4755 2504 4826 peccati,
2553 4753 2658 4808 hoc
2700 4761 2787 4808 est
2833 4753 3226 4808 scandalizare.
3271 4754 3558 4808 Verumta-

1975 4863 2096 4904 men
2133 4849 2293 4903 datur
2320 4845 2581 4909 vindicta,
2629 4843 2725 4898 sed
2770 4843 2938 4897 multo
2988 4843 3205 4914 gravior
3249 4843 3302 4896 in
3339 4859 3434 4898 eos
3461 4844 3555 4914 qui

1975 4939 2502 5001 scandalizaverunt,
2543 4937 2636 5006 qui
2667 4951 2887 4991 causam
2929 4935 3140 5004 peccati
3179 4937 3552 5005 prmliuerunt,

1973 5046 2135 5102 quam
2168 5031 2220 5084 in
2251 5044 2344 5084 eos
2371 5028 2460 5098 qui
2492 5034 2871 5096 peccaverunt.
2899 5019 3072 5080 Simul
3092 5034 3148 5080 et
3167 5025 3297 5080 illud
3325 5025 3552 5080 observa

1974 5123 2118 5194 quod
2151 5120 2396 5191 subjecit.
2425 5118 2718 5173 Novissime
2741 5127 2937 5181 autem,
2960 5118 3158 5186 inquit,
3179 5125 3227 5169 et
3247 5123 3305 5169 tu
3327 5127 3552 5185 appone-

1973 5213 2046 5266 ris
2069 5211 2138 5264 ad
2165 5211 2414 5282 populum
2439 5219 2607 5264 tuum.
2643 5207 2700 5262 Si
2722 5209 2936 5276 quando
2964 5205 3248 5262 Samaritis
3270 5203 3548 5258 nobiscum

1973 5315 2155 5355 sermo
2209 5310 2311 5365 est,
2345 5303 2600 5370 quon'am
2646 5299 2860 5368 quidem
2915 5294 3366 5351 resurrectionem
3405 5303 3550 5341 mor-

1971 5397 2187 5444 tuorum
2233 5400 2450 5462 negant,
2499 5406 2599 5445 nec
2629 5390 2897 5458 rccipiunt
2941 5385 3106 5439 futuri
3136 5378 3318 5436 steculi
3361 5376 3550 5443 fidem,

1969 5479 2295 5550 perligamus
2319 5496 2412 5536 eos
2442 5495 2509 5536 ex
2545 5481 2630 5534 bis
2655 5478 2866 5540 verbis,
2893 5473 3090 5544 quibus
3131 5466 3390 5523 Dominus
3415 5464 3552 5522 dicit
3631 5519 3642 5532 ,

1971 5570 2038 5624 ad
2067 5569 2283 5642 Moysen
2310 5571 2434 5640 quia
2459 5577 2762 5640 apponatur
2786 5567 2851 5621 ad
2875 5562 3126 5633 populum
3145 5557 3338 5612 suum?
3372 5555 3548 5612 Nemo

1969 5660 2114 5716 enim
2147 5663 2364 5731 ponitur
2390 5661 2457 5715 ad
2476 5675 2570 5715 eos
2593 5660 2685 5729 qui
2707 5673 2813 5712 non
2839 5661 2984 5709 sunt.
3012 5649 3163 5706 Unde
3191 5656 3403 5705 constat
3425 5663 3550 5704 esse

1969 5751 2198 5820 aliquem
2220 5753 2497 5822 populum.
2525 5749 2610 5806 cui
2635 5747 2841 5818 Moyses
2868 5749 2985 5811 post
3007 5741 3133 5797 vita:
3157 5737 3313 5810 hujus
3338 5740 3549 5796 exitum
