3924 6176
428 334 532 395 795

1101 330 1163 387 Β.
1205 300 1460 386 ΒΑΜ
1501 324 1720 385 unum:
1754 321 2073 384 saeuum.
2116 318 2425 382 uocum.
2466 322 2754 381 OPERUM
2788 322 2970 383 rans
3008 328 3048 382 ι.

3556 341 3647 397 796

428 452 627 508 dicitur
670 446 1047 520 appbcandus.
1076 445 1215 516 Quia
1244 463 1379 520 ergo
1412 447 1696 519 prophetis
1746 460 1852 501 non
1891 460 2009 501 cre—
2035 446 2215 507 Aest,
2267 442 2359 497 ubi
2412 452 2671 512 tanquam
2712 441 3031 513 peregrinus
3081 442 3311 500 habebat
3366 448 3648 521 hospitium,

428 543 563 596 dunt
587 538 894 605 Samaritae,
916 554 984 594 ex
1012 540 1210 609 quibus
1234 538 1651 595 resurrectionis
1677 544 2012 592 mortuorum

428 630 570 687 fides
595 630 759 685 latius
786 630 1139 701 approbatur,
1182 646 1249 687 ex
1285 631 1372 686 his
1410 629 1604 686 saltem
1653 629 1821 700 Moysi
1860 628 2013 686 libris

426 736 567 792 quos
594 720 862 791 recipiunt
884 728 943 775 et
968 736 1196 791 quorum
1236 722 1623 777 auctoritatem
1661 720 2011 786 conﬁtentur,

427 810 785 867 convincendi
820 820 949 865 sunt
991 819 1047 866 et
1081 811 1340 877 curandi,
1384 811 1430 867 si
1481 819 1660 866 tamen
1696 817 1910 881 oportet
1958 818 2015 865 et

428 898 781 970 Babyloniam
832 901 1034 955 curari.
1090 901 1188 957 Est
1232 917 1360 971 ergo
1416 901 1567 957 locus
1623 903 1714 958 hic
1771 917 2016 957 resurre-

430 989 1049 1053 ctionemmortuorum
1094 991 1376 1047 evidenter
1405 992 1715 1048 ostendens.
1759 992 2015 1063 Designat

429 1079 577 1133 enim
625 1094 746 1135 esse
805 1088 862 1136 et
921 1080 1221 1151 populum,
1261 1082 1349 1137 cui
1410 1091 1536 1153 post
1587 1083 1795 1138 obitum
1857 1098 2014 1149 suum

427 1169 641 1239 Moyses
660 1168 1034 1240 adjungendus
1061 1179 1164 1239 est,
1192 1180 1249 1226 et
1273 1173 1343 1228 ad
1366 1188 1505 1243 quos
1527 1189 1627 1244 pro
1656 1174 1770 1229 suis
1803 1170 2015 1230 meritis

433 1260 864 1319 transferendus.

502 1350 793 1424 Statimque
822 1350 1032 1425 Moyses
1068 1369 1088 1410 :
1116 1355 1361 1423 Armate,
1391 1356 1587 1427 inquit,
1617 1374 1683 1412 ex
1710 1359 1851 1413 vobis
1877 1359 2013 1414 viros

430 1442 501 1497 ad
533 1458 785 1515 pugnam,
809 1444 899 1513 qui
926 1446 1123 1514 possint
1153 1445 1405 1502 ultionem
1442 1447 1655 1503 Domini
1681 1459 1917 1519 expetere
1950 1451 2016 1505 de

434 1530 760 1586 Madianitis.
811 1529 959 1587 Mille
1011 1535 1109 1589 viri
1155 1535 1221 1590 de
1265 1536 1490 1606 singulis
1522 1538 1759 1593 tribubus
1815 1539 2015 1610 eligan-

431 1629 521 1673 tur
560 1636 626 1674 επ
653 1619 846 1688 Israel,
873 1624 963 1692 qui
990 1625 1267 1680 mittantur
1306 1626 1376 1680 ad
1406 1625 1616 1681 bellum.
1650 1626 2014 1699 Dederuntque

431 1709 671 1764 millenos
714 1711 778 1766 de
806 1716 1008 1768 cunctis
1044 1715 1304 1782 tribubus,
1334 1716 1389 1770 id
1415 1725 1513 1781 est,
1540 1717 1814 1771 duodecim
1845 1717 2015 1773 millia

2110 531 2231 588 Non
2259 532 2405 587 enim
2430 533 2633 589 dictum
2660 538 2745 587 est
2774 531 3071 587 indomum
3099 547 3249 588 suam
3267 544 3360 591 aut
3379 536 3429 592 in
3447 542 3652 609 patriam

2113 639 2289 689 suam,
2317 622 2413 679 sed
2440 623 2497 678 in
2528 622 2706 678 locum
2740 637 2918 678 suum.
2958 621 3132 678 Habet
3161 632 3340 680 autem
3365 634 3419 683 et
3455 630 3652 701 qumque

2111 714 2428 786 peregrinus
2452 714 2628 769 locum
2660 729 2819 769 suum
2842 753 2858 781 ,
2884 713 2979 768 ubi
3002 714 3072 768 ad
3101 722 3314 785 tempus
3355 716 3564 775 habitat.
3590 721 3654 780 De

2113 805 2230 875 ipso
2256 813 2439 860 autem
2463 803 2628 860 Balac
2654 803 2746 873 qui
2778 817 2902 858 eum
2931 803 3300 872 conduxerat,
3348 823 3456 864 non
3479 809 3651 868 dictum

2112 902 2200 950 est
2224 895 2294 950 ad
2320 894 2499 949 locum
2524 909 2703 960 suum,
2725 892 2821 949 sed
2842 894 2913 948 ad
2939 895 3286 966 semetipsum
3307 938 3322 962 ,
3361 899 3413 953 id
3454 908 3553 967 est,
3578 903 3654 959 ubi

2113 982 2402 1038 dominans
2418 982 2719 1037 habitabat.
2744 978 2935 1043 Posset
2955 996 3085 1052 ergo
3108 982 3213 1037 dici
3229 984 3297 1039 ad
3312 984 3481 1041 locum
3502 1002 3653 1057 suum,

2113 1079 2171 1126 et
2189 1072 2476 1126 dominans
2499 1077 2557 1125 et
2579 1070 2900 1142 peregrinus
2932 1089 2946 1126 :
2981 1071 3053 1127 ad
3088 1072 3329 1144 seipsum
3353 1084 3547 1142 autem,
3566 1094 3656 1136 non

2113 1162 2271 1217 video
2298 1161 2567 1230 quomodo
2612 1169 2796 1231 posset
2834 1160 2943 1217 dici
2967 1162 3309 1235 peregrinus,
3337 1180 3456 1220 cum
3491 1168 3552 1222 ad
3580 1169 3657 1223 ιιο-

2114 1252 2334 1322 spitium
2375 1250 2613 1306 venisset
2644 1265 2822 1306 suum.

2185 1341 2443 1412 Ceperunt
2465 1350 2641 1395 autem
2660 1340 2904 1395 mulieres
2925 1354 3105 1395 eorum
3126 1350 3175 1395 et
3196 1343 3456 1413 parvulos,
3482 1348 3656 1400 omnia.

2112 1447 2212 1502 que
2225 1447 2434 1501 pecora,
2450 1440 2497 1485 et
2517 1439 2756 1485 cunctam
2771 1429 3161 1501 supellectilem,
3174 1441 3222 1484 et
3238 1433 3481 1504 quidquid
3498 1436 3657 1492 habere

2113 1529 2392 1591 potuerant
2413 1517 2714 1591 depopulati
2737 1528 2878 1573 sunt.
2897 1517 3027 1572 Tam
3049 1519 3391 1591 urbes,quam
3420 1522 3595 1578 viculos
3617 1534 3656 1578 et

2114 1611 2352 1679 castella,
2373 1614 2591 1683 ﬂamma
2613 1613 2952 1680 consumpsit,
2984 1622 3090 1669 etc.
3113 1614 3534 1687 Congrcdiuntur
3549 1632 3657 1690 ergo

2114 1703 2396 1759 duodecim
2416 1703 2584 1758 millia
2609 1703 2869 1758 adversus
2892 1703 3233 1769 Madianitas,
3264 1713 3318 1760 et
3343 1706 3657 1772 interﬁciunt,

430 1799 785 1870 expeditorum
817 1803 886 1856 ad
913 1821 1164 1874 pugnam.
1189 1803 1333 1869 Quos
1356 1805 1493 1859 misit
1524 1805 1729 1876 Moyses
1751 1823 1868 1861 cum
1887 1806 2017 1861 Phi-

2120 1793 2316 1863 inquit,
2342 1809 2559 1849 omnem
2579 1793 2876 1849 masculum
2904 1809 3118 1859 eorum,
3147 1802 3204 1849 et
3230 1811 3381 1866 reges
3398 1811 3590 1862 eorum,
3612 1805 3658 1853 et

432 1904 551 1942 nees
578 1889 691 1958 ﬁlio
720 1889 965 1946 Eleazari
993 1894 1299 1949 sacerdotis.
1336 1893 1477 1949 Vasa
1519 1913 1721 1966 quoque
1756 1906 1940 1951 sancta
1964 1908 2018 1953 et

431 1978 582 2032 tubas
612 1979 681 2033 ad
701 1980 1047 2051 clangendum
1075 1984 1297 2038 tradidit
1332 1986 1400 2039 ei.
1447 1984 1680 2056 Cumque
1703 1997 2020 2057 pugnassent

431 2079 614 2123 contra
638 2069 963 2127 Madianitas
992 2083 1148 2144 atque
1188 2075 1449 2142 vicissent,
1479 2092 1655 2132 omnes
1684 2093 1857 2131 mares
1879 2079 2018 2132 occi-

429 2158 640 2227 derunt,
671 2170 720 2216 et
750 2179 892 2234 reges
921 2178 1122 2231 eorum,
1153 2164 1311 2234 Euin,
1336 2166 1510 2233 Raon,
1534 2177 1583 2223 et
1614 2167 1748 2234 Sur,
1773 2179 1821 2223 et
1845 2166 1943 2235 Ur,
1970 2180 2021 2226 et

435 2247 591 2316 Rebe,
607 2252 834 2323 quinque
856 2255 1115 2326 principes
1136 2258 1321 2328 gentis.
1337 2257 1459 2312 Filii
1480 2259 1646 2315 Israel
1673 2260 1872 2316 dudum
1900 2276 2021 2318 sex-

434 2350 593 2396 centa
607 2342 773 2398 millia
795 2343 1016 2401 fuerunt
1044 2358 1396 2414 armatorum,
1411 2350 1505 2420 qui
1525 2360 1904 2420 processerant
1928 2353 2021 2409 ad-

430 2444 624 2488 versus
654 2434 889 2502 Madian,
919 2443 972 2492 et
998 2453 1189 2495 omnes
1227 2440 1353 2497 victi
1375 2451 1520 2507 sunt,
1548 2444 1804 2513 quoniam
1831 2459 2023 2514 pecca-

438 2527 551 2575 tum
582 2522 636 2576 in
657 2523 737 2578 eis
771 2532 910 2579 erat.
956 2525 1110 2583 Nunc
1135 2540 1267 2600 ergo
1292 2530 1529 2588 victores
1568 2531 1897 2599 Madianitaa,
1927 2534 2021 2605 qui
2052 2559 2057 2563 υ

433 2621 688 2667 sexcenta
707 2614 875 2669 millia
899 2614 1232 2686 fugaverant,
1248 2620 1541 2676 vincuntur
1559 2638 1590 2676 a
1608 2621 1889 2680 duodecim
1909 2623 2024 2680 mil-

439 2700 602 2766 libus,
619 2709 678 2755 ut
700 2703 860 2764 scias.
874 2706 1001 2774 quia
1023 2722 1125 2762 nec
1144 2708 1197 2761 in
1230 2709 1576 2766 multitudine
1603 2713 1772 2767 necin
1796 2728 2044 2771 numero-

443 2787 676 2843 militum
700 2789 866 2845 vincit
887 2789 1071 2859 Israel,
1101 2795 1194 2849 sed
1216 2793 1428 2864 justitia
1449 2807 1534 2853 est
1559 2806 1616 2853 et
1642 2799 1817 2869 pietas
1843 2800 1897 2854 in
1941 2801 2023 2856 eis

437 2892 561 2946 qua:
588 2877 779 2933 vincit.
820 2876 1113 2951 Propterea
1136 2884 1367 2954 denique
1394 2893 1454 2941 et
1481 2887 1533 2941 in
1554 2888 2023 2946 benedictionibus

440 2982 631 3023 eorum
666 2970 883 3037 dicitur,
935 2973 1064 3043 quia
1111 2974 1156 3030 si
1207 2978 1506 3032 servaverit
1551 2978 1725 3050 legem
1784 2980 2019 3046 Domini,

445 3075 585 3117 unus
611 3073 968 3133 persequatur
1022 3066 1195 3133 mille,
1223 3075 1281 3123 et
1331 3069 1439 3125 duo
1480 3071 1533 3124 in
1580 3070 1764 3144 fugam
1811 3082 2025 3128 vertant

2117 1879 2338 1936 Balaam
2388 1882 2558 1936 ﬁlium
2595 1881 2734 1937 Beor
2778 1882 3167 1938 interfecerunt
3195 1882 3400 1955 gladio,
3447 1901 3560 1939 cum
3589 1901 3660 1941 re-

2119 1970 2281 2040 liquis
2304 1971 2603 2027 vulneratis
2625 1986 2833 2026 eorum.
2865 1971 3018 2040 Quod
3050 1973 3103 2026 in
3139 1974 3500 2043 superioribus
3531 1990 3655 2044 que-

2119 2064 2391 2129 rebamus,
2415 2064 2685 2134 quomodo
2709 2064 2926 2133 probari
2951 2064 3017 2119 de
3044 2062 3341 2134 Scripturis
3369 2066 3555 2136 possit,
3578 2066 3660 2120 Ba-

2118 2150 2261 2207 laam
2293 2153 2520 2208 consilio
2557 2154 2884 2208 subornatus
2930 2169 3052 2209 esse
3093 2155 3349 2211 mulieres
3380 2156 3659 2210 Madianita-

2120 2256 2264 2307 rum,
2296 2256 2417 2311 qua:
2443 2241 2754 2312 deciperent
2804 2241 2946 2298 ﬁlios
2973 2243 3138 2299 Israel
3169 2244 3239 2299 ad
3269 2243 3662 2310 fornicationem,

2119 2345 2361 2404 praesens
2386 2332 2477 2387 hic
2498 2331 2793 2401 Scripturte
2813 2332 2965 2388 locus
2988 2333 3273 2389 evidenter
3317 2336 3565 2400 ostendit,
3595 2334 3662 2387 di-

2121 2435 2249 2477 cens
2271 2437 2393 2477 eum
2427 2432 2768 2491 peremptum
2815 2438 2937 2478 esse
2986 2422 3187 2494 gladio,
3243 2424 3387 2479 velut
3422 2436 3663 2479 auctorem

2123 2511 2366 2567 scandali
2384 2511 2528 2582 quod
2550 2512 2854 2567 immissum
2893 2521 2977 2567 est
3001 2512 3126 2569 ﬁliis
3148 2514 3336 2569 Israel.
3369 2514 3558 2570 Dicitur
3590 2529 3665 2566 au-

2122 2609 2231 2658 tem
2265 2603 2331 2658 de
2374 2617 2442 2658 eo
2473 2603 2526 2658 in
2567 2602 3023 2674 consequentibus
3067 2605 3250 2662 adhuc
3279 2605 3541 2661 evidenter
3579 2604 3664 2659 hoc

2122 2693 2282 2749 modo
2306 2706 2320 2747 :
2350 2693 2420 2747 Et
2448 2693 2523 2747 ait
2562 2693 2631 2747 ad
2665 2711 2752 2749 eos
2782 2694 2989 2765 Moyses
3015 2709 3034 2746 .'
3066 2693 3179 2749 Cur
3207 2697 3371 2751 vivam
3408 2696 3661 2751 reservastis

2121 2801 2326 2840 omnem
2373 2784 2663 2853 feminam?
2683 2784 2823 2857 Ipsa:
2862 2787 3002 2840 enim
3046 2798 3169 2842 sunt
3207 2805 3326 2860 quin
3360 2788 3490 2859 ﬁlios
3524 2787 3666 2843 Israel

2120 2876 2408 2930 secundum
2429 2874 2641 2931 uerbum
2669 2875 2897 2931 Balaam
2925 2888 3228 2949 apostatare
3267 2879 3504 2951 fecerunt.
3524 2878 3665 2932 Inter-

2124 2964 2381 3020 ﬁciuntur
2421 2974 2477 3019 et
2503 2979 2658 3036 reges
2685 2964 3100 3021 Madianitarum
3136 2978 3305 3039 atque
3333 2968 3408 3023 illi
3431 2968 3514 3037 qui
3541 2965 3664 3036 prius

2125 3074 2154 3113 a
2184 3056 2502 3113 mulieribus
2538 3058 2667 3114 victi
2708 3067 2853 3126 sunt,
2883 3074 3031 3115 nunc
3058 3060 3371 3130 expiatione
3417 3060 3598 3121 habita,
3623 3061 3667 3111 et

439 3130 631 3207 decen;
650 3130 835 3210 minii,
859 3153 1023 3212 Vides
1046 3130 1187 3228 ergo?
1204 3157 1332 3227 quia
1368 3159 1537 3215 multo
1561 3130 1684 3229 ριυξ
1711 3161 1852 3216 valet
1881 3178 2023 3219 unus
2051 3130 2097 3191 ο
2126 3155 2275 3219 gesta
2301 3147 2641 3217 poenitentia,
2662 3146 2827 3203 etiam
2870 3162 3025 3220 reges
3048 3148 3293 3206 vincunt.
3321 3149 3397 3205 Ex
3420 3149 3514 3205 hoc
3536 3144 3668 3202 intel-

438 3252 662 3299 sanctus
710 3247 953 3314 orando,
996 3262 1161 3317 quam
1210 3256 1524 3318 peccatores
1574 3252 1841 3308 innumeri
1884 3269 2026 3324 prie-

439 3330 642 3388 liando.
669 3332 858 3390 Oratio
887 3338 1058 3391 sancti
1074 3346 1323 3407 penetrat
1342 3341 1541 3397 coelum
1576 3361 1588 3397 :
1613 3344 1885 3413 quomodo
1914 3360 2021 3400 non

439 3431 498 3477 et
540 3420 751 3478 hostem
792 3425 979 3481 vincat
1016 3436 1072 3482 et
1109 3428 1164 3483 in
1197 3431 1394 3487 terris?
1422 3432 1490 3487 Et
1531 3433 1654 3489 ideo
1696 3436 2024 3494 omnimodis

439 3513 762 3568 studendum
787 3525 872 3571 est
905 3532 1148 3587 quaerere
1166 3519 1343 3590 primo
1371 3530 1428 3578 et
1453 3525 1729 3581 custodire
1751 3526 2024 3597 justitiam

443 3601 560 3657 Dei.
586 3603 757 3672 Quam
779 3607 825 3662 si
854 3608 1118 3666 obtuleris
1142 3619 1199 3667 et
1237 3614 1649 3682 observaveris,
1688 3633 1879 3675 omnes
1925 3619 2024 3676 tibi

442 3694 625 3749 hostes
650 3697 762 3764 ipsa
794 3696 1061 3766 subiiciet.
1097 3700 1158 3755 Si
1180 3701 1343 3771 fueris
1364 3705 1600 3770 indutus,
1632 3706 2026 3777 sicutAposto—

441 3782 527 3837 lus
549 3783 697 3850 dicit,
726 3784 891 3840 lorica
904 3788 1151 3858 justitiw,
1193 3801 1242 3844 et
1287 3793 1551 3849 accinctus
1581 3797 1813 3862 veritate,
1855 3796 1902 3851 si
1930 3798 2024 3868 g'a—

439 3872 576 3926 leam
623 3875 809 3930 salutis
856 3879 1139 3948 acceperis,
1187 3890 1235 3935 et
1276 3880 1512 3951 gladium
1557 3884 1791 3953 spiritus,
1822 3894 1873 3939 et
1903 3894 2025 3940 ante

440 3962 620 4015 omnia
644 3973 852 4017 scutum
879 3965 1023 4034 ﬁdei,
1052 3966 1107 4021 in
1140 3985 1244 4039 quo
1273 3971 1439 4039 possis
1483 3972 1660 4025 omnia
1687 3972 1877 4042 jacula
1910 3990 2024 4027 mu-

442 4051 572 4122 ligni
616 4051 784 4123 ignita
827 4056 1154 4125 exstinguere
1194 4056 1421 4129 (Ephes.
1465 4057 1577 4130 vl).
1617 4059 1838 4116 Talibus
1878 4062 2022 4117 enim

443 4145 744 4201 instructus
770 4147 938 4202 armis
980 4149 1231 4204 universa
1258 4150 1457 4206 diaboli
1486 4161 1666 4207 castra
1696 4167 2023 4222 omnemque

440 4234 558 4303 ejus
585 4236 798 4307 fugabis
817 4239 1149 4307 exercitum;
1182 4248 1378 4296 etcum
1412 4241 1607 4299 ﬁducia
1649 4242 1892 4299 cantabis
1921 4262 1934 4298 :
1963 4242 2022 4299 Si

440 4326 726 4382 consistant
752 4328 1026 4384 adversum
1043 4348 1124 4385 me
1140 4340 1338 4397 castra,
1355 4348 1459 4387 non
1483 4334 1683 4388 timebit
1703 4350 1794 4387 cor
1814 4351 2020 4400 meum;

2124 3238 2354 3311 ligamus
2395 3248 2656 3310 quantum
2679 3240 2826 3296 valet
2862 3242 3144 3298 conversio
3188 3244 3258 3298 ad
3301 3245 3484 3309 Deum,
3525 3257 3669 3314 quan-

2125 3339 2243 3386 tum
2292 3332 2464 3402 prosit
2508 3331 2815 3387 emendatio
2857 3340 3231 3403 peccatorum.
3256 3333 3424 3390 Omne
3455 3330 3670 3388 masculi-

2123 3438 2272 3485 num,
2303 3438 2491 3478 omnes
2535 3438 2692 3495 reges
2722 3423 3139 3479 Madianitarum
3164 3426 3455 3481 vincuntur
3479 3433 3532 3481 et
3552 3423 3671 3496 peri-

2125 3523 2345 3569 muntur
2371 3514 2439 3568 ab
2480 3513 2586 3580 his,
2615 3514 2708 3584 qui
2735 3530 2833 3585 per
2879 3515 3260 3585 repetitionem
3291 3516 3493 3571 Domini
3518 3524 3567 3570 et
3590 3528 3671 3584 per

2125 3613 2399 3677 gestorum
2447 3606 2825 3677 paenitentiam
2876 3606 3107 3663 correcti
3156 3616 3289 3664 sunt
3317 3617 3373 3664 et
3412 3605 3669 3665 emendati.

2126 3694 2374 3765 Quinque
2417 3697 2559 3751 enim
2608 3709 2764 3766 reges
2819 3694 3239 3752 Madianitarum
3291 3696 3579 3753 referuntur
3614 3691 3671 3746 ab

2124 3785 2381 3841 lsraclitis
2408 3785 2667 3856 superati.
2698 3783 2806 3841 Sed
2848 3792 2905 3840 et
2939 3785 3161 3841 nomina
3192 3801 3382 3842 eorum
3421 3801 3552 3842 cura:
3589 3781 3673 3837 fuit

2127 3875 2423 3947 Scriptura:
2447 3876 2641 3931 divina:
2668 3877 2977 3931 memorari.
3007 3876 3184 3944 Evim,
3217 3879 3425 3950 inquit,
3454 3888 3499 3933 et
3526 3875 3668 3936 παθη,

2123 3973 2173 4019 et
2201 3962 2332 4030 Sur,
2357 3973 2407 4018 et
2431 3961 2528 4032 Ur,
2564 3975 2612 4019 et
2652 3963 2846 4018 Roboc.
2887 3964 2982 4019 Isti
3010 3976 3136 4020 sunt
3165 3968 3260 4037 qui
3293 3974 3510 4038 regnant
3553 3961 3669 4034 apud

2124 4054 2468 4121 Madianitas,
2500 4071 2634 4126 quos
2663 4071 2919 4127 superare
2945 4065 3001 4112 et
3035 4058 3258 4128 penitus
3307 4060 3463 4114 debet
3498 4055 3670 4112 exstin-

2124 4163 2286 4219 guere
2322 4149 2498 4202 omnis
2534 4148 2624 4217 qui
2652 4148 2848 4203 militat
2876 4149 3004 4204 Deo.
3031 4149 3186 4205 Evim
3208 4167 3424 4223 quoque
3449 4149 3668 4206 belluinus

2124 4236 2207 4293 vel
2261 4238 2462 4308 ferinus
2506 4237 2914 4308 interpretatur.
2946 4238 3014 4295 Et
3062 4244 3337 4311 quomodo
3358 4241 3548 4312 poteris
3580 4235 3671 4309 pla-

2124 4344 2247 4384 cere
2285 4327 2333 4383 ei
2365 4328 2455 4399 qui
2515 4336 2567 4382 te
2613 4329 2896 4398 probavit,
2933 4330 2978 4385 si
3017 4347 3122 4385 non
3165 4333 3458 4388 abscideri.c
3486 4348 3513 4385 a
3543 4338 3587 4383 te
3625 4332 3671 4379 ci

440 4413 487 4469 si
514 4417 751 4489 insurgat
771 4419 1047 4475 adversum
1073 4439 1154 4477 me
1186 4418 1449 4493 pra'lium,
1475 4424 1530 4479 in
1557 4423 1654 4479 hoc
1682 4441 1775 4496 ego
1800 4426 2019 4496 sperabo

2123 4419 2339 4489 penitus
2364 4418 2660 4487 peremeris
2683 4418 2949 4475 belluinos
2978 4427 3031 4475 et
3071 4419 3277 4477 ferinos
3316 4421 3518 4477 mores?
3551 4418 3669 4485 Quo-

443 4503 618 4577 (Psal.
652 4511 823 4581 xxvr).

511 4593 734 4652 Balaam
775 4618 975 4672 quoque
1001 4603 1174 4672 ﬁlium
1217 4603 1356 4658 Beor
1396 4590 1768 4675 interfecerunt
1817 4604 2015 4675 gladio.

441 4674 627 4739 Potest
681 4687 850 4744 videri
900 4693 1123 4760 quaestio
1171 4694 1460 4762 quomodo,
1501 4674 1717 4762 quando
1763 4674 2022 4749 Israelitze

444 4768 764 4829 Madianitas
817 4779 1248 4847 debellaverunt,
1298 4767 1647 4837 interfectum
1683 4780 1829 4836 dicat
1874 4779 2022 4836 Scri-

441 4869 599 4930 Plura
638 4863 873 4932 Balaam,
904 4870 996 4938 qui
1025 4869 1201 4927 fuerat
1244 4872 1544 4929 conductus
1573 4873 1643 4928 ad
1687 4871 2018 4928 maledicen-

442 4953 568 5008 dum
589 4955 841 5024 populum
860 4960 1040 5026 Israel,
1058 4978 1179 5019 cum
1203 4967 1450 5034 superius
1462 4966 1676 5036 quando
1700 4965 2021 5022 benedicere

444 5051 663 5099 coactus
686 5053 789 5109 est,
821 5047 894 5100 ita
921 5051 1167 5106 eamdem
1204 5055 1537 5110 coactionem
1568 5054 1851 5125 Scriptura
1890 5070 2023 5110 con-

444 5128 668 5189 cluserlt
694 5149 813 5189 cum
837 5137 913 5189 ait
936 5152 950 5190 :
977 5136 1044 5192 Et
1073 5157 1290 5213 surgens
1314 5143 1559 5210 Balaam,
1597 5144 1725 5199 abiit
1765 5145 1819 5199 in
1847 5144 2018 5200 locum

442 5240 620 5277 suum.
654 5221 818 5278 Balac
836 5226 963 5279 abiit
985 5228 1040 5281 in
1066 5233 1418 5302 semetipsum.
1450 5233 1507 5288 Si
1538 5250 1667 5306 ergo
1695 5236 1928 5291 redierat
1949 5237 2019 5292 ad

442 5312 618 5367 locum
641 5328 797 5368 suum
824 5314 1063 5384 Balaam,
1093 5322 1364 5390 quomodo
1392 5322 1709 5380 interfectus
1733 5334 1838 5391 est,
1890 5341 2015 5381 cum

441 5399 508 5453 de
542 5409 649 5456 tam
672 5399 984 5476 longinquo,
1007 5405 1063 5461 id
1098 5416 1214 5475 est,
1258 5410 1325 5467 de
1361 5410 1743 5482 Mesopotamia
1770 5413 2017 5470 venerit?

443 5492 764 5566 Quanquam
800 5499 961 5555 etiam
992 5501 1163 5571 possit
1195 5503 1251 5558 in
1291 5504 1466 5561 locum
1511 5523 1668 5563 suum
1704 5508 1910 5564 redisse
1936 5508 2016 5562 in-

444 5582 641 5654 telligi,
681 5589 825 5657 quod
859 5591 927 5646 ab
964 5590 1083 5661 ipso
1140 5591 1260 5649 loco
1303 5595 1395 5651 ubi
1443 5597 1711 5653 sacriﬁcia
1762 5597 2013 5661 faciebat,

443 5667 498 5726 in
533 5682 655 5729 eum
697 5672 873 5735 locum
896 5696 1148 5740 reversus
1174 5692 1291 5753 est,
1320 5686 1465 5743 unde
1510 5686 1635 5744 illuc
1672 5687 1879 5744 exierat
1899 5727 1914 5754 ,
1945 5684 2017 5760 id

2044 4476 2099 4536 D

2124 4510 2282 4564 modo
2337 4508 2543 4579 poteris
2585 4509 2652 4563 ad
2696 4520 3098 4565 ransuetorum
3140 4511 3524 4567 beatitudinem
3571 4522 3668 4578 per-

2120 4597 2327 4664 venire,
2364 4599 2468 4653 nisi
2513 4598 2661 4669 prius
2687 4598 2985 4654 interﬁcias
3023 4600 3200 4667 Evim,
3233 4612 3291 4657 et
3334 4601 3487 4657 morti
3517 4599 3668 4654 tradas

2120 4688 2285 4743 totius
2330 4687 2624 4743 iracundia
2652 4687 2959 4744 feritatem?
2986 4688 3098 4761 Ego
3126 4700 3259 4760 puto
3290 4691 3433 4762 quod
3479 4686 3666 4744 nomint

2120 4778 2238 4833 haec
2264 4778 2444 4833 divina
2478 4778 2754 4847 Scriptura
2808 4793 2913 4832 non
2956 4795 3055 4848 pro
3099 4780 3327 4835 historia
3374 4777 3665 4837 narraverit,

2120 4870 2213 4925 sed
2237 4885 2333 4940 pro
2356 4869 2534 4924 causis
2578 4877 2633 4923 et
2659 4871 2819 4924 rebus
2860 4869 3147 4939 aptaverit.
3176 4869 3311 4926 Nam
3352 4883 3505 4941 putas
3530 4865 3667 4922 fuerit

2122 4959 2318 5030 aliquis
2349 4959 2423 5013 ita
2446 4958 2672 5023 stultus,
2702 4958 2792 5027 qui
2821 4957 2931 5013 ﬁlio
2970 4974 3067 5013 suo
3092 4975 3290 5017 nomen
3340 4957 3545 5014 belluini
3583 4955 3666 5010 im-

2120 5051 2382 5124 poneret?
2428 5047 2534 5105 Sed
2564 5050 2669 5104 hoc
2702 5049 2939 5105 arbitror
2972 5051 3144 5122 magis
3172 5052 3319 5122 quod
3371 5044 3662 5106 institutioni

2122 5143 2423 5198 animarum
2450 5141 2788 5211 prospexerit
2816 5156 2997 5196 sermo
3044 5141 3282 5206 divinus,
3312 5140 3494 5196 volens
3531 5135 3663 5192 nobis

2121 5233 2426 5299 ostendere,
2457 5231 2598 5303 quod
2642 5231 2902 5287 adversus
2957 5231 3262 5303 huiusmodi
3302 5232 3429 5287 vitia
3459 5229 3662 5285 militare

2120 5322 2431 5386 debeamus,
2455 5330 2511 5377 et
2529 5320 2849 5377 habitaculis
2877 5336 2940 5375 ea
2968 5321 3147 5377 carnis
3172 5330 3373 5376 nostra:
3402 5316 3657 5389 depellere,

2116 5414 2252 5469 istos
2278 5428 2430 5483 rcges
2459 5412 2644 5484 fugare
2686 5411 2753 5466 de
2792 5425 2957 5482 regno
2983 5411 3242 5480 corporis.
3290 5409 3406 5465 Non
3441 5396 3561 5479 Ergo
3589 5417 3661 5458 re-

2117 5512 2245 5575 gnet
2272 5512 2551 5576 peccatum
2583 5502 2637 5556 in
2666 5510 2846 5556 vestro
2871 5501 3085 5556 mortali
3116 5514 3362 5569 corpore.
3389 5497 3478 5555 Vis
3504 5503 3657 5551 autem

2117 5595 2302 5652 videre
2349 5593 2618 5667 quomodo
2670 5608 2778 5649 non
2817 5593 2990 5648 solum
3034 5592 3174 5664 apud
3201 5596 3420 5645 sanctos
3465 5582 3658 5642 nomina

2117 5701 2215 5758 pro
2236 5685 2395 5742 rebus
2416 5693 2687 5755 aptantur,
2704 5683 2801 5738 sed
2826 5682 2989 5739 etiam
3014 5683 3152 5755 apud
3172 5680 3397 5754 gentiles
3413 5684 3464 5735 ct
3483 5672 3655 5732 barba-
