3932 6188
320 393 430 447 797

1035 386 1563 444 ENARRATIONES
1601 387 1675 442 IN
1707 387 1968 446 LIBRUM
2007 391 2468 450 NUMEHORUM.
2507 423 2576 435 —-
2613 392 2742 450 LIB.
2776 395 2866 452 IV.

3480 397 3589 456 798'

316 505 446 561 ros?
474 503 552 559 De
572 501 774 558 sanctis
795 500 1012 570 quidem
1027 509 1211 555 notum
1232 510 1338 566 est,
1361 517 1484 558 cum
1511 501 1897 558 Abram'Abra-
1923 507 1973 568 Α
1997 505 2192 575 gulate.
2239 506 2452 563 Puellas
2501 519 2676 564 autem
2702 511 2751 565 et
2783 528 2958 565 omnes
2985 509 3204 580 feminas
3251 512 3469 584 virgines
3496 530 3580 567 re-

231 667 235 670 »
314 594 449 649 ham
470 600 693 647 vocatus
713 590 803 653 sit,
840 597 894 645 et
923 589 1080 644 Sarai
1109 590 1268 656 Sara,
1299 601 1353 646 et
1377 590 1543 647 Jacob
1576 592 1762 647 Israel.
1796 593 1900 647 Βοο

311 697 540 737 ceamus
575 688 756 735 autem
804 680 948 750 quod
977 696 1094 736 mos
1122 681 1223 735 iste
1269 682 1532 736 habeatur
1557 683 1720 737 etiam
1760 683 1902 754 apud

313 772 598 827 barbaros.
618 770 806 825 Nonne
832 787 970 826 unus
989 785 1055 825 ex
1072 771 1195 826 filiis
1217 772 1400 836 Israel,
1417 789 1446 827 a
1465 776 1777 843 parentibus
1790 775 1902 830 suis

311 863 516 932 Ioseph
562 877 759 917 nomen
801 863 1116 932 acceperat?
1149 863 1287 917 Cum
1320 873 1498 919 autem
1547 867 1797 920 transivit
1845 866 1898 921 in

313 951 704 1022 Egyptum,et
728 951 878 1004 stetit
897 958 1020 1004 ante
1044 949 1401 1016 Pharaonem,
1427 953 1777 1007 commutavit
1803 968 1900 1007 no-

309 1057 440 1096 men
474 1041 620 1111 ejus,
648 1047 705 1094 et
741 1039 1138 1110 cognominavit
1163 1055 1286 1094 eum
1319 1041 1720 1117 ψομθομφανήχ,
1753 1043 1896 1112 quod

311 1131 495 1200 lingua
514 1146 611 1184 sua
632 1129 843 1184 Pharao
863 1129 931 1184 de
949 1139 1278 1184 secretorum
1291 1129 1374 1184 vel
1395 1133 1726 1188 somniorum
1746 1149 1898 1188 reve-

310 1219 515 1274 latione
542 1218 867 1288 composuit.
914 1217 979 1271 Et
1007 1233 1112 1272 non
1135 1217 1308 1272 solum
1335 1218 1534 1289 Joseph
1581 1221 1708 1277 huic
1752 1223 1894 1291 apud

309 1308 649 1364 Pharaonem
676 1324 741 1363 ex
771 1325 830 1363 re
873 1324 1069 1364 nomen
1106 1318 1349 1380 aptatur,
1377 1313 1471 1367 sed
1518 1321 1572 1368 et
1617 1313 1803 1367 Daniel
1838 1315 1891 1369 in

308 1399 605 1470 Babylonia
657 1399 936 1455 Balthasar
976 1401 1324 1468 nominatur,
1357 1411 1413 1458 et
1450 1403 1690 1460 Ananias
1733 1415 1896 1475 atque

305 1490 537 1546 Azarias
571 1500 626 1545 et
653 1491 894 1556 Misabel,
931 1491 1140 1559 Sidrac,
1183 1493 1364 1559 Misac,
1413 1495 1704 1568 Abdenago
1750 1498 1896 1552 voci-

307 1589 514 1636 tantur.
546 1575 711 1645 V’ides
749 1598 904 1654 ergo,
939 1585 1063 1653 quia
1112 1593 1220 1639 tam
1262 1586 1680 1643 Israelitieorum
1729 1605 1891 1660 quam

303 1673 475 1726 etiam
511 1672 863 1727 barbarorum
912 1675 1130 1728 nomina
1178 1676 1478 1741 hominum,
1507 1694 1614 1733 non
1642 1679 1888 1746 fortuitu,

304 1766 405 1820 sed
437 1781 533 1835 pro
560 1767 720 1820 rebus
744 1775 799 1820 et
822 1767 1005 1821 causis
1031 1775 1289 1836 aptantur
1328 1768 1382 1822 in
1413 1769 1550 1840 lege.
1582 1771 1750 1842 Igitur
1777 1772 1888 1826 Ma-

2004 607 2204 652 servate
2232 599 2396 665 vobis,
2425 610 2476 654 et
2503 612 2712 657 manete
2750 612 2897 656 extra
2931 614 3105 658 castra
3144 615 3335 674 septem
3376 607 3578 661 diebus.
3672 624 3674 626 '

2005 686 2119 744 Hoc
2170 691 2452 746 consilium
2501 693 2815 762 malignum,
2847 703 2906 748 ut
2955 695 3035 749 eis
3062 696 3128 749 ad
3160 696 3465 752 illecebram
3501 697 3582 752 fe-

2007 780 2164 836 minae
2184 793 2634 853 supponerentur,
2673 801 2771 854 per
2799 801 2934 856 quas
2959 802 3064 841 non
3109 787 3282 842 solum
3325 804 3586 858 corpora-r

2003 869 2150 935 liter,
2179 872 2272 926 sed
2307 872 2471 927 etiam
2500 875 2817 944 spiritaliter
2846 877 2898 930 in
2930 878 3205 932 adorando
3232 878 3374 933 idolo
3416 880 3580 935 forni-

2002 969 2278 1026 curentur,
2317 963 2531 1031 quando
2583 963 2794 1019 dederit
2838 965 3095 1029 Balaam,
3145 964 3424 1035 Scriptura
3470 982 3576 1022 non

2000 1049 2154 1115 dixit,
2185 1059 2242 1105 et
2267 1060 2444 1106 tamen
2474 1060 2696 1122 apparet
2735 1053 2934 1110 factum
2963 1070 3102 1120 esse,
3131 1071 3254 1110 cum
3299 1057 3388 1110 hic
3433 1072 3577 1111 com-

1999 1149 2350 1196 memoratur.
2396 1141 2488 1198 Sic
2517 1159 2646 1215 ergo
2688 1147 2861 1214 potuit
2890 1155 2944 1200 et
2985 1147 3160 1201 redire
3187 1147 3300 1216 ipse
3330 1146 3571 1211 Balaam,

1997 1233 2088 1302 qui
2119 1231 2232 1301 jam
2261 1235 2399 1289 ierat
2431 1235 2486 1289 in
2535 1236 2711 1290 locum
2761 1253 2950 1302 suum,
2965 1245 3025 1291 ut
3069 1237 3244 1293 locum
3279 1252 3459 1301 suum,
3488 1237 3575 1292 vel

1998 1321 2115 1390 ejus
2142 1324 2502 1396 intelligamus
2546 1327 2998 1396 peregrinationis
3043 1322 3302 1393 cilicium,
3326 1329 3586 1396 quamvis

1998 1414 2103 1468 hoc
2155 1413 2436 1489 Scriptura
2467 1419 2716 1472 tacuerit.
2751 1419 2977 1490 Mystice
3008 1431 3188 1473 autem
3232 1419 3486 1474 feminam
3515 1420 3572 1474 in

1995 1509 2232 1577 praadam
2271 1510 2338 1564 de
2367 1509 2508 1564 bello
2552 1521 2830 1566 revertens
2875 1522 3088 1578 servat,
3132 1514 3221 1582 qui
3271 1513 3585 1568 forinsecus

1993 1609 2146 1654 actus
2193 1613 2388 1670 pravos
2437 1602 2720 1668 cohibens,
2771 1611 2826 1658 et
2863 1618 2959 1673 per
3007 1604 3181 1658 zelum
3223 1605 3421 1658 bonum
3471 1604 3571 1658 de-

1993 1699 2232 1754 struens,
2278 1689 2688 1745 delectationem
2714 1692 2986 1746 carnalem
3014 1693 3067 1745 in
3115 1693 3428 1746 absc0ndito
3476 1706 3578 1760 pe-r

1996 1778 2163 1832 ctoris
2189 1778 2272 1832 sui
2301 1778 2476 1833 adhuc
2520 1779 2665 1834 intus
2693 1781 2852 1836 celat.
2884 1780 2988 1834 Sed
3018 1796 3047 1834 a
3079 1780 3290 1850 Moyse,
3339 1781 3442 1834 hoc
3465 1788 3576 1846 est”,

303 1855 636 1909 dianitarum
663 1870 843 1925 regem
866 1855 1076 1924 Moyses
1096 1856 1404 1926 appellavit,
1437 1868 1596 1927 prout
1619 1860 1734 1928 ipse
1762 1876 1884 1915 cen-

1992 1883 2022 1921 a
2052 1868 2190 1939 lege,
2207 1884 2306 1938 pro
2329 1868 2433 1923 hoc
2459 1869 2563 1924 iste
2587 1870 2782 1925 merito
2807 1849 3305 1940 redarguitur,quia
3328 1870 3573 1940 quisquis

301 1947 417 2001 suit
444 1947 842 2016 appellandum:
868 1946 1108 2001 Belluina
1133 1988 1148 2012 ,
1186 1948 1378 2017 inquit,
1404 1948 1592 2005 feritas
1633 1959 1734 2016 est,
1768 1966 1887 2020 qua:

301 2045 497 2106 regnat
524 2035 577 2089 in
609 2035 934 2090 Madianitis.
959 2035 1028 2089 Et
1053 2052 1160 2091 non
1184 2038 1296 2107 ipsa
1319 2037 1512 2105 solum,
1543 2041 1639 2095 sed
1665 2052 1720 2096 et
1747 2042 1887 2097 alius

297 2134 390 2179 est
411 2125 554 2193 apud
577 2125 722 2193 ipsos
754 2139 849 2178 rex
882 2126 1100 2180 nomine
1129 2125 1302 2192 Raon,
1327 2129 1469 2197 quod
1507 2139 1591 2185 est
1615 2132 1670 2186 in
1697 2141 1884 2188 nostra

297 2216 484 2285 lingua
516 2216 764 2269 inanitas.
806 2215 1018 2287 Regnat
1057 2233 1187 2286 ergo
1216 2219 1452 2275 inanitas
1478 2223 1530 2276 in
1568 2201 1886 2280 Madianita-

298 2322 424 2360 rum
454 2314 632 2376 gente.
662 2307 759 2360 Est
780 2307 924 2361 enim
959 2319 1151 2362 revera
1180 2310 1348 2363 multa
1387 2310 1625 2368 inanitas
1653 2322 1707 2368 et
1731 2314 1884 2368 vani-

299 2407 388 2453 tas
419 2399 471 2451 in
503 2399 604 2453 hoc
646 2399 879 2463 mundo,
921 2399 1028 2453 imo
1057 2401 1260 2454 vanitas
1287 2402 1597 2468 vanitatum,
1627 2414 1674 2458 et
1707 2406 1882 2459 omnia

297 2491 504 2544 vanitas
525 2490 696 2559 (Eccl.
731 2490 801 2560 ι),
831 2506 997 2560 quam
1039 2491 1133 2546 Dei
1163 2492 1319 2548 miles
1347 2509 1604 2563 superare
1631 2498 1792 2551 debet
1829 2507 1885 2553 et

297 2581 534 2635 vincere.
588 2582 767 2636 Vincit
816 2591 999 2637 autem
1047 2583 1394 2649 inanitatem,
1444 2587 1536 2654 qui
1585 2587 1720 2641 nihil
1768 2587 1882 2642 ina;

295 2673 460 2737 uiter,
491 2673 624 2727 nihil
677 2674 974 2741 superﬂue,
1003 2681 1058 2728 et
1081 2673 1224 2743 quod
1253 2675 1321 2730 ad
1357 2691 1471 2730 rem
1510 2692 1616 2731 non
1648 2679 1884 2747 pertinet

293 2763 476 2832 gerit,
524 2763 616 2832 qui
665 2764 910 2818 meminit
955 2765 1209 2834 praecepti
1266 2765 1410 2821 illiu
1465 2767 1730 2824 Dominici
1775 2786 1883 2840 quo

293 2854 408 2920 ait,
461 2855 588 2924 quia
634 2855 792 2908 etiam
839 2855 902 2908 de
949 2855 1102 2909 verbo
1147 2857 1313 2910 otioso
1362 2857 1577 2912 reddent
1626 2860 1882 2916 rationem

292 2947 530 3001 homines
569 2947 626 3001 in
673 2947 757 3000 die
795 2947 992 3017 jndicii
1054 2947 1283 3019 (Matth.
1331 2949 1464 3020 xu).
1514 2950 1572 3006 In
1629 2953 1731 3010 hac
1785 2969 1883 3008 au-

297 3048 406 3094 tem
430 3039 539 3092 vita
569 3040 836 3104 homines,
868 3046 1040 3094 totum
1071 3055 1209 3111 pene
1238 3042 1492 3107 otiosum,
1515 3051 1688 3099 totum
1720 3045 1880 3100 inane

291 3140 380 3185 est
418 3130 561 3200 quod
602 3131 912 3200 loquuntur,
949 3132 1094 3201 quod
1133 3139 1319 3203 agunt.
1350 3132 1530 3189 Inanis
1559 3137 1704 3189 enim
1744 3136 1879 3191 dicis

293 3232 384 3278 tur
418 3223 594 3276 omnis
643 3227 816 3287 actus,
869 3231 923 3277 et
965 3225 1146 3278 omnis
1191 3238 1373 3279 sermo
1412 3225 1466 3278 in
1495 3241 1603 3295 quo
1641 3241 1748 3281 non
1797 3235 1881 3282 est

291 3315 635 3370 extrinsecus
683 3330 781 3385 pro
830 3314 964 3379 Deo,
1011 3314 1097 3370 vel
1125 3331 1224 3386 pro
1253 3317 1510 3372 mandato
1544 3317 1659 3371 Dei.
1703 3318 1800 3373 Est
1825 3324 1883 3373 et

291 3406 435 3460 alius
460 3422 554 3460 rex
594 3405 806 3460 Madian
846 3405 959 3471 Ur,
1002 3412 1057 3459 et
1094 3405 1185 3460 hic
1214 3407 1606 3475 interpretatur
1628 3407 1877 3461 irritatio.

293 3496 460 3550 Vides
506 3495 694 3565 quales
742 3505 869 3550 sunt
922 3496 1015 3566 qui
1067 3503 1294 3567 regnant
1342 3497 1482 3566 apud
1522 3497 1878 3551 Madiauitas:

292 3586 491 3655 quibus
517 3586 768 3641 omnibus
805 3585 1080 3640 adversari
1109 3595 1341 3655 oportet,
1375 3595 1428 3640 et
1456 3587 1566 3642 imo
1608 3603 1744 3656 quos
1787 3601 1880 3656 pe-

294 3676 421 3730 rimi
447 3676 703 3731 convenit
729 3678 796 3731 ab
825 3676 912 3731 his
935 3679 1030 3746 qui
1079 3677 1246 3731 Deum
1293 3685 1616 3746 sequuntur,
1639 3687 1694 3730 et
1719 3677 1902 3731 inter"

293 3768 408 3822 Iici.
448 3767 563 3822 Non
592 3768 736 3823 enim
770 3775 881 3822 tam
931 3782 1117 3836 regum
1152 3781 1313 3835 quam
1354 3766 1612 3820 vitiorum
1661 3765 1880 3820 nomina

289 3875 415 3930 qua:
441 3869 673 3931 regnant
698 3861 752 3914 in
791 3861 1119 3925 hominibus,
1171 3859 1487 3915 referuntur
1527 3861 1581 3914 in
1620 3861 1768 3930 lege;
1821 3868 1880 3916 et

290 3967 401 4005 non
449 3960 557 4005 tam
602 3952 844 4023 gentium
895 3951 1032 4006 bella
1087 3965 1252 4020 quam
1312 3950 1878 4019 concupiscentiarum

289 4043 595 4097 carnalium
616 4058 736 4112 qute
767 4042 1002 4097 militant
1028 4042 1288 4096 adversus
1317 4042 1549 4096 animam
1572 4042 1881 4097 describun-

291 4143 404 4189 tur.
449 4134 688 4202 Denique
722 4133 776 4187 hi
819 4133 910 4202 qui
942 4133 995 4187 in
1021 4133 1167 4188 vitiis
1203 4141 1464 4204 regnant,
1507 4133 1744 4203 quinque
1791 4148 1880 4187 re-

289 4241 387 4295 ges
412 4235 532 4280 esse
580 4225 872 4280 dicuntur:
901 4231 963 4278 ut
997 4224 1404 4280 evidentissime
1429 4225 1721 4280 doceamur
1749 4226 1876 4294 quia

289 4328 452 4368 oniite
482 4314 693 4377 vitium,
724 4314 868 4383 quod
912 4321 1104 4384 regnat
1144 4313 1200 4367 in
1245 4329 1505 4384 corpore,
1538 4325 1604 4368 ex
1639 4315 1878 4383 quinque

290 4408 543 4463 sensibus
567 4407 780 4477 pendet.
811 4405 900 4459 Isti
929 4420 1058 4475 ergo
1090 4405 1328 4474 quinque
1357 4420 1547 4460 sensus
1574 4405 1876 4475 perimendi

1989 1959 2400 2015 delectationem
2437 1960 2713 2015 carnalem
2762 1961 2816 2015 in
2848 1969 3056 2015 secreto
3099 1961 3296 2015 montis
3324 1959 3576 2030 nequiter

1986 2052 2192 2116 visitat,
2218 2065 2554 2121 consequens
2595 2059 2759 2107 estut
2789 2052 2842 2105 in
2868 2051 3151 2121 propatulo
3189 2051 3345 2104 facile
3373 2051 3426 2104 in
3452 2049 3581 2105 cul-~

1985 2153 2110 2213 pam
2162 2153 2342 2212 prava:
2388 2142 2615 2196 actionis
2668 2142 2846 2196 cadat.
2919 2141 3186 2196 Jubentur
3234 2155 3363 2210 ergo
3406 2152 3582 2195 omne'

1986 2233 2365 2299 masculinum,
2395 2234 2560 2288 etiam
2601 2241 2657 2287 et
2683 2232 2895 2303 parvuli
2925 2241 2980 2286 et
3008 2233 3284 2296 mulieres,
3317 2245 3438 2302 qua:
3477 2245 3573 2286 no-

1985 2337 2180 2384 verant
2207 2329 2353 2384 viros
2388 2329 2440 2383 in
2471 2330 2640 2394 coitu,
2678 2327 2937 2398 iugulari,
2969 2326 3093 2396 quia
3123 2325 3415 2394 appetitum
3452 2330 3571 2376 tur-

1985 2431 2109 2489 pem
2153 2426 2209 2472 et
2249 2417 2665 2474 delectationem
2698 2417 2902 2480 carnis,
2932 2429 3055 2486 quin
3083 2414 3330 2482 concepit
3368 2411 3570 2481 iniqui-

1986 2517 2151 2563 tatem
2167 2515 2222 2563 et
2233 2509 2442 2578 peperit
2453 2517 2756 2578 peccatum,
2769 2504 2987 2577 penitus
3006 2505 3351 2576 praecipimur
3365 2503 3571 2558 interli-

1981 2613 2112 2655 cere
2134 2614 2198 2655 ac
2219 2598 2461 2654 funditus
2481 2599 2535 2652 in
2567 2598 2724 2654 nobis
2748 2597 3112 2668 exstinguere.
3142 2594 3359 2650 Pnellas
3386 2602 3566 2649 autem

1982 2698 2041 2746 et
2061 2688 2289 2746 feminas
2319 2690 2579 2760 virgines,
2611 2689 2716 2745 hoc
2745 2697 2852 2754 est,
2874 2702 2996 2743 eam
3018 2694 3224 2758 partem
3251 2685 3564 2740 delectatio-

1982 2783 2090 2847 nis,
2103 2797 2223 2851 quae
2236 2798 2342 2836 non
2352 2781 2610 2852 proclivis
2622 2791 2708 2836 est
2725 2781 2792 2835 ad
2807 2787 3085 2850 peccatum
3095 2818 3110 2843 ,
3124 2776 3402 2846 sed-magis
3415 2790 3569 2830 exar-

1983 2875 2155 2932 descit
2177 2874 2244 2929 ad
2271 2872 2562 2945 petendum
2598 2875 2818 2936 bonum,
2861 2871 3006 2926 illam
3041 2884 3258 2925 servare
3284 2869 3563 2932 debemus,

1982 2975 2252 3038 quatenus
2285 2979 2348 3020 ea
2381 2978 2597 3035 semper
2633 2963 3002 3019 desideremus
3041 2974 3160 3030 qua:
3186 2957 3342 3012 nobis
3374 2973 3403 3011 a
3436 2972 3566 3011 con-

1982 3057 2159 3112 ditore
2169 3063 2355 3110 nostro
2369 3067 2468 3124 per
2479 3051 2788 3122 Scripturas
2802 3065 2986 3106 sacras
2999 3047 3376 3120 cognoscimus
3386 3045 3560 3117 iussa.

2580 3159 2808 3215 CAPUT
2864 3159 2950 3214 VI.

2208 3230 2286 3286 De
2322 3231 2664 3286 divisionibus
2686 3229 2877 3300 praedae
2904 3227 3341 3281 Madianitarum.

2052 3322 2234 3395 (Isin).
2264 3322 2495 3378 Eleazar
2521 3335 2724 3391 quoque
2756 3317 3021 3383 sacerdos,
3047 3317 3119 3370 ad
3147 3317 3281 3370 viros
3305 3317 3561 3370 exercitus

1979 3415 2069 3485 qui
2107 3421 2486 3484 pugnauerant,
2521 3413 2598 3465 sic
2641 3407 2844 3464 lactans
2869 3416 2944 3462 est
2967 3423 2984 3461 :
3008 3400 3124 3460 Hoc
3151 3416 3223 3460 est
3250 3416 3558 3477 prwceptunt

1981 3506 2145 3575 tegis,
2183 3504 2325 3575 quod
2371 3503 2641 3557 mandavit
2692 3500 2948 3554 Dominus
2994 3497 3185 3568 Moysi.
3236 3497 3458 3563 Aurum,
3512 3507 3564 3552 et

1979 3605 2284 3666 argentum,
2317 3603 2370 3647 et
2409 3609 2504 3658 es,
2551 3601 2601 3646 et
2639 3593 2862 3660 ferrum,
2905 3601 2954 3646 et
2990 3602 3258 3655 stannum,
3291 3600 3339 3644 et
3389 3590 3569 3660 plum-

1981 3688 2148 3752 bum,
2215 3694 2264 3738 et
2325 3694 2476 3737 omne
2550 3683 2689 3752 quod
2741 3691 2908 3752 potest
2967 3683 3192 3750 transire
3255 3699 3347 3751 per
3402 3684 3566 3750 ﬂam-

1979 3788 2145 3841 mam,
2199 3775 2317 3844 igne
2347 3772 2660 3844 purgabitur
2702 3785 2721 3824 :
2765 3770 3020 3842 quidquid
3061 3781 3240 3825 autem
3291 3772 3562 3839 ﬂammam

1982 3880 2087 3923 non
2124 3874 2288 3938 potest
2341 3866 2621 3929 sustinere,
2669 3879 2811 3935 aqua
2855 3863 3165 3933 expiationis
3208 3861 3564 3930 sanctiﬁcabi-

1983 3969 2089 4013 tur.
2129 3957 2199 4011 Et
2239 3953 2478 4010 invaditis
2515 3953 2820 4009 uestimenta
2865 3963 3035 4008 vestra
3077 3953 3162 4006 die
3199 3952 3416 4022 septimo
3443 3991 3457 4018 ,
3511 3959 3561 4005 et

1979 4048 2265 4120 puri/ictui,
2292 4056 2472 4116 postea
2491 4054 2666 4098 castra
2692 4043 2974 4098 intrabitis.
2998 4043 3165 4115 Igitur
3193 4059 3259 4096 ex
3281 4041 3564 4111 praeceptis

1982 4139 2194 4195 Domini
2211 4139 2334 4193 ﬁliis
2349 4133 2512 4194 Israel
2524 4138 2811 4195 adversum
2828 4135 3145 4205 Iladianitas
3159 4133 3295 4188 bella
3311 4131 3560 4188 confecta

1982 4241 2128 4297 sunt,
2162 4231 2335 4301 spolia
2377 4242 2442 4285 ex
2489 4229 2620 4298 ipsis
2655 4228 2873 4297 copiosa
2913 4226 3226 4280 referuntur
3261 4222 3377 4276 auri
3401 4228 3564 4290 atque

1980 4323 2223 4392 argenti,
2262 4329 2695 4386 caaterorumque
2742 4315 3020 4370 mobilium
3070 4313 3281 4382 pondus
3332 4312 3564 4365 immen-

1983 4426 2124 4476 sum,
2175 4411 2546 4477 iumentorum
2591 4405 3038 4475 captivorIImque
3085 4413 3344 4456 numerus
3386 4401 3562 4470 pluri-

290 4508 421 4553 sunt
470 4499 541 4552 de
585 4513 752 4567 regno
787 4495 1202 4550 Madianitarum
1230 4535 1246 4559 ,
1295 4503 1355 4548 ut
1403 4495 1547 4548 ultra
1595 4495 1725 4548 vitia
1765 4511 1872 4550 non
1899 4527 1953 4587 Β
1983 4514 2125 4554 mus.
2159 4499 2359 4554 Verum
2403 4495 2660 4566 quoniam
2705 4501 2902 4549 cuncta
2949 4493 3064 4548 haec
3106 4490 3246 4561 apud
3288 4489 3566 4545 ISraelitas

290 4597 523 4660 regnent
557 4601 656 4657 per
691 4601 804 4651 eos,
833 4587 929 4641 sed
947 4586 1178 4654 iustitia,
1205 4600 1306 4640 nec
1341 4585 1408 4640 ad
1453 4585 1766 4640 scandalum
1795 4587 1875 4640 vi-

291 4678 455 4733 deant
476 4692 598 4746 qnse
624 4677 841 4742 vident,
870 4676 963 4730 sed
991 4677 1058 4731 ad
1083 4676 1513 4731 aediﬁcationem.

906 4766 1131 4821 CAPUT
1173 4768 1234 4822 V.

441 4855 540 4912 Ubi
571 4856 780 4927 Moyses
808 4858 1118 4928 indignatur
1153 4866 1364 4928 prapter
1393 4855 1742 4911 Madiam‘tas.

365 4946 546 5019 (Imm)
581 4947 792 5018 Egressi
819 4956 942 5001 sunt
988 4957 1162 5000 autem
1190 4945 1395 5017 Moyses
1433 4957 1480 5000 et
1535 4944 1765 5000 Eleazar
1790 4964 1876 5001 sa-

290 5042 498 5107 cerdos,
541 5050 589 5093 et
630 5056 808 5094 omnes
862 5041 1120 5111 principes
1167 5037 1458 5108 Sgnagogaz
1502 5039 1557 5091 in
1602 5055 1876 5092 accursum

291 5149 474 5187 eorum
513 5139 663 5186 cura
717 5139 911 5184 castra.
963 5128 1244 5199 [ratusque
1299 5127 1502 5198 Moyses
1555 5129 1877 5198 principibus

292 5224 574 5287 exercitus,
595 5221 818 5274 tribunis
855 5229 905 5274 et
931 5219 1324 5274 centurionibus
1343 5259 1357 5283 ,
1385 5221 1475 5289 qui
1516 5229 1760 5272 venerant
1813 5219 1879 5273 de

294 5313 450 5378 bello,
486 5313 563 5366 ait
602 5324 621 5363 :
659 5311 767 5365 Car
791 5311 1012 5380 feminas
1033 5311 1374 5363 reservastis?
1397 5309 1588 5363 Nonne
1619 5311 1734 5364 ista:
1754 5321 1877 5365 sunt

291 5422 411 5476 quae
431 5405 743 5476 deceperunt
772 5402 911 5472 ﬁlios
933 5399 1104 5456 Israel
1124 5400 1194 5454 ad
1217 5400 1598 5470 suggestionem
1626 5399 1891 5466 Balaam,

293 5505 342 5548 et
371 5494 714 5565 prmaricari
746 5509 832 5548 vos
865 5492 1190 5562 fecerunt‘in
1224 5491 1450 5545 Domino
1490 5507 1646 5561 super
1670 5502 1879 5560 peccato

297 5588 540 5660 Pltogor,
573 5587 712 5643 unde
746 5597 796 5642 et
834 5603 1110 5657 percussus
1140 5595 1216 5640 est
1263 5585 1528 5655 populus?
1563 5585 1705 5656 Ergo
1751 5603 1880 5641 cun-

295 5691 403 5733 ctos
458 5679 752 5749 interﬁcite,
803 5677 1057 5748 quidquid
1105 5677 1306 5747 generis
1351 5674 1668 5740 masculini,
1721 5677 1879 5729 etiam

299 5771 539 5831 paruulos
565 5781 610 5824 et
639 5770 900 5836 mulieres,
933 5785 1048 5840 qua:
1080 5779 1327 5824 noverunt
1359 5769 1495 5822 ri-ros
1523 5769 1576 5822 in
1609 5769 1766 5834 coitu,
1795 5767 1880 5837 jn-

1987 4588 2264 4645 immunda
2310 4588 2582 4649 dicuntur,
2633 4583 2941 4656 puriﬁcatio
2989 4582 3216 4653 singulis
3259 4580 3565 4651 quibusque

1983 4686 2296 4750 competens
2341 4677 2649 4731 adhibetur.
2697 4674 2765 4728 Et
2787 4688 2852 4729 ea
2881 4673 3098 4743 quidem
3134 4686 3254 4741 quae
3279 4685 3346 4726 ex
3375 4671 3566 4726 metal-

1983 4771 2049 4826 lis
2101 4777 2379 4834 constant,
2427 4767 2569 4837 ignis
2612 4763 2904 4836 puriﬁcat;
2962 4777 3081 4833 qum
3115 4774 3246 4816 vero
3287 4759 3564 4832 fragiliora

1983 4872 2108 4916 sunt
2139 4869 2195 4915 et
2223 4860 2402 4930 ignem
2433 4871 2538 4913 non
2569 4857 2775 4922 ferunt,
2803 4869 2941 4925 aqua
2973 4853 3251 4924 puriﬁcari
3280 4851 3560 4921 iubentur.

1985 4951 2145 5005 Fiant
2174 4964 2304 5019 ergo
2331 4963 2397 5002 ex
2427 4947 2678 5002 omnibus
2708 4945 2893 5016 spoliis
2922 4944 3157 5014 aequales
3189 4946 3308 4998 duze
3335 4951 3557 5014 partes;

1982 5050 2043 5095 ut
2072 5057 2176 5094 una
2199 5041 2271 5094 sit
2294 5048 2482 5094 eorum
2507 5039 2600 5107 qui
2625 5037 2692 5092 ad
2723 5037 2919 5092 bellum
2942 5044 3322 5106 processerant
3351 5034 3428 5106 [et
3453 5049 3560 5088 una

1981 5133 2192 5205 eorum]
2239 5133 2330 5202 qui
2375 5132 2428 5186 in
2471 5131 2668 5186 castris
2713 5130 3054 5184 resederunt.
3097 5128 3364 5184 lubenter
3393 5127 3556 5181 etiam

1978 5239 2047 5278 ex
2074 5225 2158 5278 his
2185 5223 2382 5278 offerre
2412 5222 2466 5276 in
2496 5222 2636 5276 dona
2660 5216 2776 5285 Dei,
2811 5219 2885 5273 illi
2913 5220 3129 5289 quidem
3159 5218 3250 5286 qui
3287 5228 3563 5284 processe-

1981 5322 2106 5368 rant
2131 5314 2198 5367 ad
2225 5313 2448 5378 bellum,
2476 5323 2643 5365 unum
2676 5318 2844 5379 caput
2863 5326 2933 5365 ex
2959 5309 3296 5379 quingentis;
3325 5304 3400 5357 illi
3431 5316 3561 5357 vero

1983 5407 2072 5476 qui
2108 5406 2160 5459 in
2191 5405 2388 5460 castris
2431 5411 2766 5466 manserant,
2808 5415 2973 5456 unum
3015 5417 3081 5454 ex
3127 5393 3555 5466 quinquaginta:

1983 5506 2145 5567 atque
2173 5497 2412 5550 omnium
2441 5495 2600 5549 simul
2628 5495 2679 5548 in
2709 5509 2876 5547 unum
2899 5491 3152 5546 collectus
3179 5500 3438 5540 numerus
3467 5500 3558 5539 re-

1983 5585 2173 5641 fertur.
2216 5585 2341 5639 IIaec
2373 5594 2457 5639 est
2479 5583 2709 5638 historia
2738 5579 3100 5637 continentiae.
3145 5575 3251 5629 Sed
3278 5574 3558 5630 videamus

1983 5675 2110 5744 quid
2150 5675 2202 5728 in
2234 5673 2319 5728 his
2351 5687 2544 5728 sensus
2578 5672 2784 5726 indicet
2811 5665 3069 5738 spiritalis
3109 5666 3161 5719 in
3211 5663 3406 5735 populo
3440 5665 3558 5718 Dei.

1987 5766 2119 5822 Sunt
2142 5766 2370 5836 quidam,
2407 5765 2547 5818 sicut
2571 5760 2856 5832 Apostolus
2888 5757 3038 5824 dicit,
3068 5757 3157 5829 qui
3179 5756 3401 5812 militant
3431 5756 3556 5819 D-‘0.
