3924 6176
373 370 478 424 799

1038 364 1099 418 Β.
1144 362 1395 418 BABANI
1430 359 1651 416 BIAURI
1688 356 2007 412 ARCillEP.
2045 354 2356 411 llOGUNT.
2388 355 2673 412 OPERUM
2714 354 2895 413 PARS
2934 357 2975 411 ἰ.

3484 434 3487 437 λ
3520 366 3635 420 suo

371 483 446 538 illi
468 482 585 537 sine
604 479 784 541 dubio,
806 478 892 547 qui
915 492 968 529 se
991 491 1093 528 non
1112 474 1341 543 obligant
1363 473 1582 542 negotiis
1602 470 1942 526 scecularibus
1972 476 2019 530 Α
2047 477 2093 521 et
2146 468 2323 522 oribus
2342 510 2355 529 ,
2405 478 2453 521 et
2509 470 2661 523 dabis
2691 487 2805 523 eam
2848 470 3109 526 Eleazaro
3140 476 3440 541 _sacerdoti,
3504 481 3635 549 quia

371 571 457 643 (II
503 569 637 623 Tim.
684 569 767 637 ιι).
807 567 874 620 Et
908 565 985 618 illi
1022 573 1149 619 sunt
1173 565 1262 632 qui
1292 563 1596 633 procedunt
1623 562 1689 616 ad
1719 561 1943 626 bellum,

373 673 429 718 et
457 670 696 732 pugnant
736 658 995 713 adversus
1035 666 1225 727 gentes
1267 657 1515 710 inimicas
1554 665 1610 710 et
1656 656 1942 709 adversum

371 751 643 821 spiritales
673 748 941 818 nequitias
988 762 1091 816 pro
1133 746 1341 814 reliquo
1381 745 1599 815 populo,
1651 753 1706 799 et
1732 760 1831 813 pro
1860 745 1946 799 his

373 842 464 910 qui
507 840 833 895 inﬁrmiores
882 845 1027 900 sunt,
1080 836 1194 890 sive
1245 851 1342 904 per
1389 845 1627 899 mtatem,
1684 835 1798 888 sive
1851 850 1947 904 per

370 948 585 997 sexum,
636 932 750 985 sive
795 945 893 999 per
927 930 1283 998 propositum.
1334 927 1583 997 Pugnant
1625 936 1807 981 autem
1855 926 1944 979 isti

371 1022 709 1076 orationibus
749 1027 804 1074 et
843 1018 1082 1087 jejuniis,
1112 1016 1323 1086 iustitia
1354 1029 1409 1072 et
1444 1019 1663 1086 pietate,
1695 1032 1947 1070 mansuc-

374 1112 560 1165 tudine
598 1119 655 1165 et
696 1112 964 1175 castitate,
1007 1110 1324 1177 cunctisque
1358 1110 1704 1163 continentia:
1735 1109 1947 1162 virtuti-

372 1201 491 1264 bus,
520 1207 776 1269 tanquam
813 1200 982 1254 armis
1018 1199 1226 1253 bellicis
1255 1200 1588 1254 communiti.
1622 1199 1835 1253 Etcum
1861 1212 1946 1253 re-

371 1292 544 1360 gressi
578 1290 780 1345 fuerint
809 1291 876 1345 ad
902 1298 1082 1345 castra
1112 1291 1364 1355 victores,
1398 1290 1648 1344 fruuntur
1672 1290 1946 1345 laboribus

369 1396 557 1435 eorum
587 1382 753 1435 etiam
782 1380 1025 1435 imbelles
1050 1388 1105 1433 ct
1130 1381 1184 1434 hi
1224 1382 1314 1448 qui
1344 1381 1411 1434 ad
1438 1395 1670 1449 pugnam
1713 1380 1799 1433 vel
1838 1395 1944 1432 non

373 1479 656 1534 vocantur,
706 1470 791 1524 vel
828 1471 979 1525 exire
1010 1485 1116 1524 non
1144 1469 1718 1540 possunt..Sciendum
1757 1478 1942 1523 tamen

373 1569 456 1615 est
479 1560 620 1628 quod
645 1559 825 1613 omnia
855 1574 976 1628 quae
1006 1566 1295 1613 sumuntur
1323 1575 1389 1613 ex
1420 1559 1539 1613 istis
1564 1559 1814 1628 gentibus
1840 1559 1943 1612 im:-

374 1651 570 1703 munda
603 1657 747 1715 sunt,
779 1658 833 1704 et
859 1664 1020 1704 omne
1048 1649 1279 1703 fortasse
1324 1649 1583 1718 quidquid
1626 1665 1690 1703 ex
1719 1649 1823 1703 hoc
1845 1664 1944 1702 sze-

373 1739 495 1793 culo
538 1741 851 1805 assumitur,
899 1740 983 1794 vel
1026 1739 1211 1809 praelia
1240 1741 1468 1808 capitur,
1512 1740 1842 1794 immundum
1861 1746 1946 1793 est

373 1836 430 1884 et
474 1828 849 1898 puriﬁcatione
893 1829 1115 1898 indiget.
1167 1829 1234 1883 Et
1282 1830 1527 1898 quietiam
1566 1844 1633 1883 ex
1682 1829 1813 1897 ipsis
1851 1843 1947 1898 per

375 1919 551 1989 ignem
594 1919 891 1972 transitura
930 1927 1093 1973 sunt:
1128 1918 1248 1973 aliis
1298 1927 1477 1972 autem
1520 1917 1747 1972 sufﬁciet
1792 1933 1946 1986 aqua:

374 2010 698 2079 puriﬁcatio.
739 2011 1103 2066 Assumuntur
1129 2017 1305 2061 autem
1336 2008 1499 2062 etiam
1531 2024 1597 2063 ex
1632 2008 1817 2077 praelia
1842 2008 1946 2062 ho-

374 2101 547 2155 mines
565 2108 620 2155 et
640 2102 907 2170 iumenta,
938 2114 1061 2153 cum
1088 2098 1390 2166 captivatur
1427 2098 1607 2152 omnis
1642 2097 1946 2151 intellectus

372 2189 442 2243 ad
470 2189 827 2244 obediendum
854 2187 1091 2243 Christo.
1135 2186 1248 2241 Nisi
1276 2186 1420 2241 enim
1449 2186 1868 2256 pugnaverimus
1889 2185 1946 2245 in

375 2279 539 2333 verbo
562 2280 676 2344 Dei,
709 2295 815 2334 non
842 2278 1140 2348 poterimus
1179 2277 1455 2346 captivare
1498 2277 1830 2332 intellectum
1856 2292 1947 2331 eo-

376 2384 494 2423 rum
522 2370 614 2440 qui
644 2371 859 2425 diversa
903 2386 935 2424 a
970 2369 1187 2425 Christo
1231 2369 1490 2434 sentiunt,
1550 2378 1607 2424 et
1650 2370 1947 2438 perducere

377 2475 474 2515 eos
498 2460 567 2514 ad
593 2460 958 2515 obedientiam
987 2458 1209 2513 Christi.
1247 2457 1410 2512 Pauci
1440 2467 1565 2514 sunt
1589 2459 1681 2528 qui
1707 2475 1948 2529 pugnare

372 2550 585 2619 possint
626 2559 681 2603 et
716 2548 899 2618 przclia
929 2549 1030 2603 ista
1057 2548 1347 2604 conﬁcere.
1379 2548 1455 2602 De
1480 2550 1751 2603 sexcentis
1788 2549 1947 2603 milli-

372 2641 473 2694 bus
496 2646 550 2693 et
595 2638 827 2707 amplius
868 2647 1198 2693 armatorum
1241 2653 1363 2706 qua:
1410 2638 1661 2694 videntur
1712 2639 1947 2697 militare

374 2729 505 2791 Deo,
547 2727 660 2781 sola
692 2728 987 2782 duodecim
1018 2727 1185 2781 millia
1223 2727 1525 2798 eligunturr
1565 2730 1746 2785 crcteri
1785 2731 1947 2795 relinr

371 2827 611 2887 quuntur
636 2819 688 2872 in
719 2819 933 2873 castris.
964 2819 1177 2873 Intuere
1204 2833 1347 2872 nunc
1383 2818 1516 2873 mihi
1555 2820 1811 2890 populum
1847 2820 1943 2877 Dei

373 2909 463 2977 qui
495 2915 577 2962 est
606 2908 657 2960 in
689 2908 949 2971 Ecclesia,
993 2908 1181 2977 quanti
1224 2917 1349 2962 sunt
1390 2924 1456 2964 ex
1498 2909 1582 2963 bis
1615 2910 1708 2978 qui
1736 2909 1945 2979 possint

374 3000 625 3054 resistere
654 2999 743 3053 his
764 2999 857 3068 qui
881 3000 1280 3066 contradicunt,
1309 3002 1399 3070 qui
1425 3001 1605 3057 sciunt
1625 3001 1772 3056 verbi
1806 3002 1944 3059 bella

372 3099 624 3145 tractare.
662 3090 814 3145 Beati
858 3098 982 3145 sunt
1027 3092 1117 3160 qui
1158 3106 1256 3160 pro
1295 3093 1441 3147 omni
1478 3093 1674 3161 populo
1701 3108 1942 3163 pugnare

2045 560 2291 628 primitiae
2328 560 2540 614 Domini
2580 571 2722 615 sunt.
2771 561 2855 615 Ea:
2883 563 3056 615 media
3083 581 3287 634 quoque
3309 578 3459 636 parte
3490 570 3635 638 ﬁlio-

2046 664 2164 701 rum
2212 648 2384 702 Israel
2435 652 2657 720 accipies
2705 653 3192 722 quinquagesimum
3246 665 3403 725 caput
3461 660 3635 713 hami.

2047 756 2201 803 num,
2261 749 2310 793 et
2368 740 2552 804 boum,
2599 752 2648 794 et
2697 743 3008 806 asinorum,
3061 755 3110 797 et
3156 747 3359 811 ovium,
3411 758 3627 804 cuncto-

2045 843 2263 897 rumque
2310 829 2690 894 animantium,
2736 840 2784 884 et
2829 832 2979 886 dabis
3020 849 3133 886 eam
3176 834 3367 890 Levitis
3401 839 3494 907 qui
3540 854 3632 891 e1:-

2047 917 2235 969 cubunt
2273 918 2327 970 in
2369 919 2618 973 custodiis
2667 921 2993 975 tabernaculi
3047 923 3279 977 Domini.
3334 925 3629 980 Fecerunb

2045 1023 2143 1077 que
2180 1007 2387 1076 Moyses
2428 1019 2476 1062 et
2518 1008 2748 1063 Eleazar
2781 1012 2918 1064 sicut
2959 1026 3275 1083 praeeperat
3312 1016 3475 1082 Deus,
3517 1026 3626 1073 etc.

2047 1099 2561 1168 Quinquagesimum
2604 1110 2784 1155 autem
2818 1111 2873 1157 et
2901 1104 3392 1174 quingentesimum
3430 1124 3629 1163 nume-

2048 1204 2170 1242 rum
2201 1198 2447 1244 sanctum
2474 1205 2594 1245 esse
2623 1190 2904 1261 Scriptura
2934 1202 3183 1248 testatur.
3227 1195 3382 1251 Unde
3419 1206 3474 1251 et
3506 1197 3632 1251 Sal-

2046 1289 2203 1332 vator
2221 1280 2429 1334 dicebat
2446 1280 2498 1334 in
2514 1282 2816 1351 Evangeliis
2836 1301 2848 1336 :
2868 1282 3084 1337 Homini
3105 1286 3317 1339 cuidam
3343 1287 3632 1355 feneratori

2044 1380 2193 1423 erant
2239 1371 2344 1422 duo
2385 1371 2659 1424 debitores.
2707 1370 2853 1426 Unus
2881 1389 2944 1426 ex
2967 1375 3095 1444 ipsis
3122 1375 3338 1428 debebat
3382 1377 3628 1430 denarios

2045 1462 2372 1531 quingentos,
2398 1460 2535 1517 alius
2570 1464 2969 1537 quinqugginta.
2997 1465 3120 1519 Non
3169 1467 3477 1521 habentibus
3518 1468 3627 1522 illis

2046 1552 2183 1605 unde
2221 1552 2497 1615 solverent,
2534 1555 2766 1623 utrisque
2808 1555 3021 1608 donavit
3065 1553 3214 1625 (Luc.
3246 1555 3364 1628 vn).
3424 1556 3531 1610 Sed
3573 1566 3630 1611 et

2046 1648 2251 1708 septem
2277 1641 2591 1709 septimana:
2613 1643 2861 1707 monade,
2890 1643 2943 1696 id
2971 1652 3052 1697 est
3082 1659 3207 1708 una,
3236 1645 3439 1710 addita,
3471 1646 3629 1714 quin-

2047 1729 2372 1799 quagesima:
2402 1731 2608 1785 faciunt
2632 1732 2798 1797 diem,
2828 1749 2950 1803 quae
2974 1734 3323 1789 Pentecostes
3359 1735 3627 1792 festivitas

1974 1810 2021 1870 B
2050 1818 2370 1887 appellatur.
2421 1819 2684 1875 Similiter
2710 1830 2767 1874 et
2792 1823 3131 1892 septuaginta
3167 1825 3503 1893 septimanae,
3529 1827 3627 1881 ad-

2048 1906 2157 1960 dita
2184 1909 2342 1962 unius
2372 1909 2591 1963 decadis
2616 1909 2966 1979 perfectione,
2994 1913 3405 1982 quingentorum
3438 1931 3629 1969 nume-

2048 2013 2168 2051 rum
2215 1998 2463 2052 reddunt.
2514 1998 2621 2053 Sed
2669 2009 2873 2068 quanto
2910 2000 3093 2070 plures
3131 2011 3257 2056 sunt
3282 2006 3623 2073 septuaginta

2047 2088 2361 2156 septimana:
2394 2103 2554 2157 quam
2583 2099 2812 2158 septem,
2857 2101 3005 2145 tanto
3043 2094 3388 2161 prtestantior
3416 2104 3473 2148 et
3502 2110 3628 2165 per-

2047 2176 2241 2232 fectior
2271 2194 2528 2234 numerus
2557 2180 2977 2250 quingentorum
3012 2197 3175 2251 quam
3208 2184 3624 2255 quinquaginta.

2047 2268 2175 2323 inde
2221 2270 2453 2338 denique
2492 2279 2548 2324 et
2584 2271 2639 2325 in
2679 2272 2935 2341 parabola
2959 2273 3234 2344 Evangelii
3265 2290 3427 2343 quam
3458 2291 3623 2345 supra

2044 2360 2418 2428 exposuimus,
2466 2358 2716 2417 Salvator
2756 2372 2944 2418 noster
2968 2365 3302 2433 pronuntiat,
3348 2366 3473 2434 quis
3502 2367 3628 2435 plus

2047 2452 2255 2522 diligat,
2290 2452 2381 2507 ille
2421 2454 2506 2508 cui
2548 2455 2829 2524 quingenti
2857 2470 2993 2525 quos
3025 2455 3256 2510 debebat
3284 2458 3491 2510 denarii
3523 2458 3623 2512 do-

2044 2543 2159 2596 nati
2186 2550 2335 2606 sunt,
2381 2558 2542 2611 quam
2582 2543 2671 2598 ille
2711 2543 2799 2597 cui
2841 2544 3252 2615 quinquaginta.
3284 2544 3529 2615 Denique
3566 2546 3623 2600 in

2044 2636 2303 2705 prtcsenti
2333 2635 2563 2691 lectione
2589 2635 2815 2689 Eleazar
2842 2637 3100 2691 sacerdos
3126 2651 3233 2692 non
3261 2637 3520 2691 scribitur
3548 2638 3619 2691 ad

2045 2740 2262 2780 omnem
2291 2724 2543 2795 pupulum
2587 2724 2818 2789 locutus,
2850 2725 2944 2781 sed
2971 2726 3037 2779 ad
3068 2740 3162 2780 eos
3192 2734 3400 2780 tantum
3432 2727 3524 2796 qui
3554 2726 3625 2782 de

2046 2814 2232 2885 piaelio
2262 2816 2505 2870 redeunt.
2541 2816 2633 2869 Ait
2656 2816 2800 2870 enim
2825 2834 2838 2868 τ
2877 2816 2941 2869 Et
2966 2817 3097 2871 dixit
3116 2816 3345 2871 Eleazar
3376 2819 3623 2872 sacerdos

2044 2908 2115 2960 ad
2155 2909 2291 2962 viros
2330 2908 2531 2963 virtutis
2570 2908 2659 2977 qui
2698 2908 3083 2962 revertebantur
3119 2909 3184 2963 de
3220 2909 3426 2979 prtelio.
3458 2911 3621 2965 Vides

2045 3012 2174 3067 ergo
2217 2998 2485 3067 quomodo
2525 2998 2592 3052 ad
2632 2998 2778 3052 viros
2804 2998 3022 3053 virtutis
3044 2999 3281 3068 loquitur
3310 3015 3491 3054 sermo
3516 2999 3625 3054 Do-

2046 3088 2177 3141 mini
2201 3104 2213 3139 :
2246 3088 2345 3143 viri
2372 3088 2518 3142 enim
2544 3088 2759 3144 virtutis
2781 3096 2910 3143 sunt
2932 3090 3023 3159 qui
3049 3091 3116 3145 ad
3136 3089 3275 3144 bella
3296 3092 3619 3160 procedunt.

369 3190 613 3252 possunt,
639 3190 694 3236 et
722 3180 1010 3236 defendere
1042 3150 1135 3236 Dei
1158 3150 1393 3251 plebem,
1425 3150 1718 3252 etcopiosa
1749 3150 1815 3239 de
1840 3186 1941 3239 lIO-
1970 3150 2014 3212 Ο
2048 3178 2104 3233 Si
2135 3180 2256 3248 quis
2287 3196 2412 3233 vero
2447 3195 2686 3250 pugnare
2721 3196 2826 3236 non
2856 3150 2972 3235 vult
2998 3197 3098 3237 nec
3123 3150 3376 3248 militare,
3414 3186 3461 3238 si
3491 3187 3621 3255 quis

370 3274 543 3329 stibus
589 3272 757 3340 spolia
807 3279 1102 3340 reportare.
1138 3273 1340 3328 Tamen
1371 3282 1427 3329 et
1454 3274 1657 3343 reliqua
1685 3290 1812 3343 pars
1846 3291 1947 3345 ρο-
2044 3284 2153 3329 non
2198 3268 2312 3327 vult
2352 3268 2553 3325 habere
2593 3278 2868 3325 certamen
2898 3271 3200 3326 studiorum
3230 3273 3537 3329 divinorum
3565 3284 3625 3329 es

369 3362 479 3432 puli
504 3378 624 3429 qua:
650 3362 865 3415 videtur
892 3361 1177 3419 imbecillis
1216 3379 1340 3418 cum
1381 3366 1563 3434 quiete
1602 3366 1839 3422 resideat
1886 3368 1943 3427 in

369 3452 595 3517 castris,
634 3452 680 3507 si
725 3451 780 3506 in
819 3451 1034 3507 silentio
1075 3463 1199 3524 agat
1221 3462 1401 3511 etnon
1434 3457 1652 3512 recedat
1678 3472 1709 3512 a
1735 3457 1941 3528 Moyse,

369 3543 460 3598 sed
482 3552 799 3613 permaneat
822 3544 881 3598 in
916 3544 1034 3616 lege
1069 3545 1190 3611 Dei,
1219 3556 1427 3616 partem
1462 3548 1755 3618 spoliorum
1777 3552 1941 3607 etiam

367 3632 479 3699 ipsa
504 3632 781 3702 percipiet.
815 3631 930 3687 Fiet
958 3635 1104 3689 enim
1141 3651 1295 3704 aequa
1331 3638 1526 3707 portio,
1566 3654 1671 3693 non
1703 3655 1801 3713 per
1834 3657 1939 3697 uu-

368 3737 575 3778 merum
616 3723 870 3792 quidem:
899 3725 993 3780 sed
1031 3735 1290 3795 quantum
1339 3728 1499 3783 datur
1551 3731 1698 3786 omni
1741 3732 1941 3800 populo

367 3811 593 3881 reliquo,
629 3820 838 3868 tantum
882 3822 937 3868 et
982 3814 1087 3870 illis
1124 3816 1407 3873 duodecim
1450 3820 1705 3887 millibus,
1743 3823 1941 3891 quibus

365 3901 707 3971 vincentibus
734 3913 888 3973 capta
918 3916 1044 3960 sunt
1068 3909 1256 3977 spolia.
1282 3907 1414 3974 Quis
1438 3913 1553 3967 haec
1580 3914 1805 3970 audiens
1829 3932 1941 3971 non

364 3993 623 4049 invitetur
651 3995 717 4048 ad
746 3997 991 4051 militiam
1039 3998 1172 4053 Dei?
1218 4000 1350 4067 Quis
1391 4019 1497 4059 non
1544 4007 1815 4061 animetur
1837 4024 1938 4077 pu-

362 4100 532 4155 gnare
556 4100 653 4154 pro
684 4085 943 4150 Ecclesia,
987 4097 1044 4143 et
1080 4091 1332 4146 resistere
1372 4093 1659 4149 adversum
1688 4097 1936 4152 veritatis

364 4176 647 4231 inimicos?
685 4176 791 4233 Eos
817 4178 1068 4234 videlicet
1111 4181 1204 4249 qui
1251 4182 1334 4237 vel
1377 4183 1629 4251 dogmata
1680 4186 1935 4244 Ecclesia:

362 4266 699 4337 impugnare,
741 4269 825 4324 vel
870 4270 1130 4341 voluptati
1177 4282 1232 4327 et
1276 4273 1503 4331 luxuria:
1546 4291 1767 4346 operam
1803 4281 1933 4335 dare

361 4358 608 4413 homines
646 4360 858 4415 docent.
909 4361 1011 4429 Qui
1054 4380 1183 4419 vero
1222 4365 1321 4421 bos
1356 4377 1648 4438 expugnat,
1678 4377 1734 4424 et
1758 4369 1841 4424 vel
1876 4370 1930 4425 in

2045 3361 2407 3426 abstinentize,
2452 3362 2542 3417 hic
2580 3378 2687 3417 non
2727 3360 2840 3415 vult
2870 3360 3092 3430 implere
3136 3364 3279 3431 quod
3327 3364 3623 3434 Apostolus

2043 3452 2217 3509 dixit:
2248 3452 2352 3517 Qui
2394 3462 2569 3507 autem
2612 3455 2667 3507 in
2712 3469 2877 3522 agone
2916 3454 3213 3519 contendit,
3261 3455 3327 3508 ab
3373 3457 3620 3511 omnibus

2043 3545 2307 3599 continens
2344 3553 2418 3598 est
2464 3545 2513 3614 (Ι
2537 3542 2658 3598 Cor.
2685 3544 2782 3616 ιι).
2830 3545 2931 3612 Qui
2972 3553 3152 3601 autem
3191 3561 3298 3601 non
3341 3549 3622 3604 contendit

2042 3637 2094 3691 in
2125 3653 2317 3706 agone,
2344 3640 2412 3693 ab
2430 3637 2680 3691 omnibus
2700 3652 2807 3691 non
2831 3646 2915 3692 est
2935 3638 3234 3701 continens,
3263 3654 3441 3708 neque
3460 3654 3623 3695 exer-

2041 3726 2151 3781 ceri
2194 3726 2308 3780 vult
2337 3727 2390 3779 in
2423 3726 2588 3781 verbo
2614 3725 2730 3790 Dei,
2770 3726 2906 3781 etin
2946 3726 3065 3797 lege
3105 3727 3315 3781 Domini
3363 3730 3618 3783 meditari

2040 3814 2126 3869 die
2176 3831 2240 3871 ac
2284 3826 2459 3870 nocte.
2488 3815 2587 3870 llic
2618 3816 2782 3870 etiam
2823 3816 2869 3871 si
2917 3817 3002 3871 vir
3051 3818 3279 3881 dicatur,
3320 3819 3406 3872 vir
3432 3828 3619 3876 tamen

2038 3905 2255 3960 virtutis
2303 3921 2409 3959 non
2450 3913 2625 3974 potest
2671 3905 2950 3976 appellari.
3000 3908 3235 3978 Tempus
3284 3910 3454 3981 igitur
3493 3912 3617 3967 belli

2038 3993 2193 4049 nobis
2221 4002 2306 4049 est
2337 3995 2389 4049 in
2420 3996 2524 4050 hoc
2551 3996 2751 4049 mundo
2777 4015 2790 4051 :
2820 4012 2999 4066 pugna
3028 3999 3313 4055 adversum
3342 4001 3614 4057 Madiani-

2040 4093 2141 4149 tas,
2191 4086 2303 4140 sive
2348 4086 2631 4142 adversum
2662 4088 2793 4142 vitia
2819 4089 3002 4143 carnis
3032 4098 3250 4153 nostrae,
3278 4092 3395 4146 sive
3422 4094 3615 4148 adver-

2038 4192 2155 4240 sum
2197 4178 2499 4233 contrarias
2533 4188 2849 4248 potestates.
2893 4180 3114 4251 Spectat
3153 4198 3252 4239 nos
3297 4186 3613 4254 angelorum

2036 4270 2253 4335 chorus,
2299 4279 2355 4324 et
2394 4272 2656 4326 virtutum
2689 4272 2987 4328 ccclestium
3016 4276 3103 4344 pia
3129 4291 3256 4347 erga
3286 4293 3385 4331 nos
3416 4281 3615 4348 pendet

2035 4362 2390 4429 exspectatio,
2419 4364 2636 4431 quando
2671 4363 2757 4418 vel
2786 4367 3056 4433 quomodo
3079 4367 3144 4420 de
3172 4368 3273 4422 hoc
3299 4370 3489 4438 prmlio
3530 4386 3615 4425 res

360 4460 420 4499 se
445 4448 528 4501 vel
563 4449 615 4502 in
644 4450 905 4517 proximis
953 4454 1066 4509 suis
1109 4454 1241 4509 vitia
1285 4458 1524 4525 perimit,
1574 4460 1662 4514 hic
1702 4461 1931 4529 accipiet

2039 4448 2294 4513 deamus,
2342 4451 2473 4519 quid
2516 4453 2887 4522 unusquisque
2933 4464 3175 4510 nostrum
3229 4460 3610 4513 manubiarum

360 4538 529 4603 spolia
564 4540 752 4605 multa,
778 4543 1130 4613 quinquagies
1153 4546 1502 4615 multiplicata
1531 4565 1693 4617 quam
1723 4552 1924 4605 caeteri.

360 4626 418 4679 In
462 4637 668 4683 tantum
711 4641 889 4685 autem
936 4649 1221 4687 numerum
1265 4639 1536 4704 quantitas
1585 4639 1795 4693 videtur
1832 4654 1930 4693 au-

359 4715 495 4784 geri,
527 4731 647 4770 cum
680 4722 949 4777 sexcentis
979 4722 1214 4778 millibus
1245 4725 1524 4781 duodecim
1553 4728 1717 4782 millia
1746 4728 1932 4784 confe-

358 4813 570 4859 runtur.
615 4806 821 4865 Offerre
871 4822 1051 4866 tamen
1098 4827 1224 4881 pars
1263 4823 1493 4889 utraque
1522 4814 1742 4883 jubetur
1772 4817 1921 4873 Deo:

356 4904 411 4949 et
440 4896 514 4949 illi
541 4896 632 4964 qui
668 4899 931 4966 vicerunt,
965 4919 1125 4957 unam
1153 4919 1221 4958 ex
1251 4905 1588 4975 quingentis;
1621 4907 1711 4976 qui
1744 4918 1922 4962 autem

358 4985 500 5041 domi
530 4987 876 5051 resederunt,
917 5006 1079 5045 unam
1126 5006 1192 5047 ex
1235 4995 1640 5067 quinquaginta.
1680 4998 1834 5053 Unde
1868 5009 1924 5054 et

356 5079 602 5149 sequitur
627 5096 641 5130 :
668 5077 913 5148 Dixitque
937 5081 1187 5136 Dominus
1217 5085 1285 5136 ad
1314 5084 1559 5155 Moysen:
1580 5087 1764 5143 Tollite
1784 5110 1926 5146 sum-

354 5189 494 5225 mam
511 5187 691 5225 eorum
711 5186 828 5240 qua:
847 5180 997 5240 capta
1017 5183 1157 5238 sunt,
1174 5175 1237 5228 ab
1253 5176 1459 5230 homine
1482 5194 1642 5248 usque
1660 5181 1728 5233 ad
1744 5198 1917 5250 pecus,

353 5273 411 5317 tu
439 5273 485 5315 et
514 5261 737 5315 Eleazar
760 5261 1032 5327 sacerdos,
1060 5273 1109 5316 et
1128 5266 1385 5335 principes
1411 5267 1550 5337 uulgi
1573 5284 1591 5321 :
1624 5271 1920 5342 dividesque

351 5367 417 5404 ea:
449 5368 592 5418 a'quo
617 5351 847 5420 pra’dam
873 5354 1006 5405 inter
1032 5369 1118 5407 eos
1153 5355 1241 5423 qui
1268 5367 1625 5425 pugnaverunt
1653 5368 1701 5413 et
1730 5363 1919 5428 egressi

349 5450 471 5492 sunt
506 5439 575 5494 ad
612 5440 822 5505 bellum,
863 5450 910 5494 et
937 5441 1071 5495 inter
1094 5459 1297 5497 onmem
1338 5444 1591 5513 reliquam
1629 5446 1923 5501 multitudi-

352 5547 488 5583 nem.
518 5531 583 5583 Et
609 5532 875 5602 separabis
913 5542 1111 5601 partem
1148 5532 1372 5588 Domino
1401 5535 1466 5587 ab
1494 5536 1575 5589 his
1605 5538 1693 5605 qui
1719 5554 1925 5606 pugnae

351 5630 531 5672 rerum
569 5631 616 5674 et
657 5623 867 5689 [uerunt
898 5624 950 5676 in
988 5622 1139 5686 bello,
1193 5642 1354 5678 unam
1404 5626 1633 5680 animum
1668 5627 1732 5680 de
1764 5628 1918 5696 quin.

347 5709 515 5776 grais
538 5749 551 5775 ,
592 5721 697 5764 tam
730 5730 793 5767 ea:
819 5714 1116 5769 hominibus
1162 5731 1316 5787 quam
1364 5731 1428 5768 ea:
1463 5717 1620 5770 bobus
1658 5728 1703 5770 et
1750 5718 1912 5770 asinis

2034 4547 2298 4607 reportet,
2338 4549 2394 4595 et
2428 4542 2705 4595 intuentur
2747 4543 3012 4598 curiosius
3056 4560 3119 4598 ac
3170 4547 3455 4602 sollicitius
3488 4564 3608 4617 per-

2032 4637 2348 4682 scrutantur
2368 4631 2492 4698 quis
2515 4638 2758 4685 nostrum
2788 4632 2878 4686 hic
2898 4634 3016 4687 auri
3041 4635 3272 4704 amplius
3298 4638 3459 4703 ferat,
3487 4641 3612 4708 quis

2029 4720 2191 4773 etiam
2240 4722 2448 4791 argenti
2484 4721 2610 4776 illuc
2641 4724 2851 4792 pondus
2876 4726 3152 4791 exhibeat,
3182 4730 3372 4797 quisve
3398 4731 3608 4799 lapides

2030 4811 2239 4865 deferat
2274 4813 2559 4879 pretiosos.
2587 4813 2893 4882 Requirunt
2926 4816 3089 4870 etiam
3127 4818 3171 4871 si
3209 4819 3331 4888 quis
3354 4836 3430 4875 ωε
3457 4823 3609 4876 defe-

2029 4910 2135 4964 rat,
2164 4909 2256 4954 aut
2286 4901 2487 4955 ferrum
2517 4910 2610 4956 aut
2638 4903 2945 4972 plumbum;
2974 4908 3069 4961 sed
3097 4916 3152 4961 et
3175 4924 3269 4963 vas
3295 4910 3534 4980 ligneum
3560 4916 3605 4969 si

2032 4993 2170 5048 forte
2201 4994 2396 5061 aliQuis
2435 4994 2607 5049 defert
2652 5004 2746 5049 aut
2784 4996 2965 5062 ﬁctile,
2992 5008 3085 5053 aut
3113 5001 3260 5055 aliud
3292 5003 3605 5072 huiusmodi

2030 5099 2239 5153 magum
2266 5084 2458 5138 domus
2488 5085 2674 5139 usibus
2715 5089 3100 5157 necessarium.
3143 5090 3199 5144 ln
3230 5107 3423 5162 magna
3454 5099 3603 5153 enim

2029 5178 2188 5231 domo
2216 5189 2320 5228 non
2349 5182 2475 5228 sunt
2502 5175 2868 5231 tantummodo
2894 5192 3020 5231 vasa
3050 5194 3213 5233 aurea
3243 5188 3298 5234 et
3322 5194 3603 5251 argentea,

2028 5264 2119 5320 sed
2151 5274 2205 5318 et
2233 5264 2405 5333 lignea
2434 5272 2489 5319 et
2520 5264 2721 5319 ﬁczilia.
2768 5266 3082 5334 Requiritur
3118 5284 3249 5339 ergo
3288 5272 3598 5345 diligenter,

2026 5369 2146 5407 cum
2193 5353 2488 5408 atierimus
2545 5353 2698 5417 illuc,
2750 5356 2878 5423 quid
2926 5361 3295 5429 unusquisque
3346 5374 3600 5422 nostrum

2020 5443 2261 5508 deferat;
2314 5452 2370 5497 et
2409 5444 2491 5499 sic
2524 5445 2818 5499 secundum
2857 5461 2921 5500 ea
2948 5462 3068 5515 qua:
3094 5448 3372 5515 detulerit,
3403 5469 3603 5511 secun-

2017 5535 2143 5587 dum
2184 5535 2325 5602 quod
2372 5534 2524 5588 labor
2551 5534 2668 5604 ejus
2706 5551 2802 5602 per
2838 5538 3346 5606 contemplationem
3369 5548 3600 5598 exuvia-

2017 5638 2133 5676 rum
2156 5623 2437 5690 probatur,
2459 5624 2622 5678 etiam
2645 5626 2942 5680 mansionis
2960 5627 3009 5680 ei
3034 5629 3285 5682 meritum
3307 5630 3599 5700 deputabi-

2012 5723 2117 5767 tur.
2149 5712 2447 5768 l‘robantur
2475 5724 2598 5770 tunc
2618 5715 2796 5771 omnia
2822 5716 2955 5782 lucc,
2992 5734 3109 5787 (μευ
3138 5734 3234 5787 per
3263 5719 3466 5788 ignem,
3492 5739 3598 5793 per
