3932 6188
272 306 455 358 80l-

984 296 1517 353 E'NARRATIONES
1554 295 1619 350 IN
1661 292 1917 350 LIBRUM
1957 292 2420 350 NUMERORUM.
2459 325 2531 335 --
2570 296 2696 351 [ΑΒ.
2734 301 2823 355 lV.

3429 306 3541 361 869

269 418 485 486 ignem;
511 423 565 465 ct
588 425 705 479 qua:
725 425 820 479 per
843 425 1174 478 aquam,per
1196 423 1409 476 aquam.
1437 403 1868 473 Uniuscujusque
1896 408 1943 464 Α
1972 400 2120 456 bitur
2147 403 2201 458 in
2228 418 2395 474 regno
2425 405 2540 470 Dei,
2586 414 2643 459 ut
2684 409 3002 475 purilicatus
3048 419 3103 465 et
3146 414 3376 469 mundus
3420 415 3549 471 effe-

272 503 420 558 enim
436 516 573 571 opus
598 498 756 568 quale
770 499 840 551 sit
854 497 993 565 ignis
1011 496 1276 566 probabit.
1295 496 1588 565 Propterea
1609 509 1737 564 ergo
1753 494 1828 548 ait
1848 509 1861 545 :

275 592 411 647 Παίς
449 599 525 645 est
564 587 881 659 justiﬁcatio
929 586 1055 657 legis
1096 604 1254 657 quam
1299 586 1565 640 constituit
1607 584 1866 638 Dominus

272 683 473 753 Moysi.
506 682 728 739 Aurum,
774 688 822 733 et
852 689 1145 749 argentum,
1184 688 1231 732 ct
1264 687 1629 742 a'ramentum,
1670 686 1718 730 et
1757 676 1867 745 fer-

273 792 423 839 rum,
450 783 497 827 et
521 771 813 844 plumbum,
842 781 887 825 et
923 781 1193 835 stannum,
1229 770 1398 823 omnis
1423 787 1504 823 res
1525 785 1644 839 quae
1675 767 1865 821 transit

270 883 373 935 per
393 867 586 933 ignem,
607 862 931 916 transducite
964 878 1057 931 per
1091 860 1261 930 ignem
1292 870 1339 913 et
1367 860 1726 913 mandabitur.
1761 856 1866 913 Sed

272 957 332 1009 in
358 972 495 1025 aqua
517 952 902 1023 paciﬁcationis
937 951 1355 1022 puriﬁcabuntur
1381 951 1577 1004 omnia.
1611 950 1868 1014 Quarun-

272 1061 379 1114 que
409 1060 512 1097 non
542 1052 813 1096 transeunt
854 1057 947 1111 per
987 1042 1181 1110 ignem,
1215 1041 1509 1094 transibunt
1534 1057 1626 1110 per
1650 1055 1861 1108 aquam.

282 1135 350 1189 Et
382 1135 623 1189 lavabitis
648 1133 956 1187 vestimenta
995 1141 1163 1186 vestra
1201 1134 1287 1185 die
1326 1134 1570 1201 septima,
1604 1142 1649 1183 et
1681 1130 1864 1183 mundi

275 1227 448 1289 erilis,
480 1235 525 1278 et
556 1234 670 1293 post
700 1225 812 1277 Iure
849 1224 1129 1277 introibitis
1169 1226 1223 1276 in
1271 1235 1464 1277 castra.
1516 1222 1682 1278 Vides
1726 1238 1864 1291 quo-

186 1302 444 1369 ‘fmodo
471 1314 850 1384 puriﬁcatione
872 1314 1076 1382 indiget
1102 1315 1279 1367 omnis
1302 1313 1390 1381 qui
1425 1314 1617 1367 exierit
1640 1314 1705 1367 de
1729 1328 1867 1382 prte-

276 1406 357 1461 lio
384 1409 508 1461 vita:
536 1405 714 1473 hujus.
745 1406 899 1471 Quod
936 1406 979 1459 si
1020 1405 1094 1459 ita
1139 1416 1244 1470 cst,
1291 1414 1351 1459 ut
1393 1405 1593 1475 aliquid
1636 1407 1865 1459 audeam

278 1495 467 1551 dicere
495 1496 790 1551 secundum
818 1493 1112 1564 Scriptura:
1138 1496 1537 1559 auctoritatem,
1568 1495 1745 1550 omnis
1772 1496 1865 1563 qui

281 1586 403 1640 exit
430 1586 498 1639 de
521 1586 623 1640 hac
643 1585 755 1639 vita
785 1600 892 1638 non
930 1593 1108 1654 potest
1136 1600 1257 1639 esse
1283 1586 1533 1640 mundus.
1568 1586 1866 1641 Considera
1916 1640 1921 1644 .

279 1674 433 1728 enim
457 1674 741 1744 diligenter
769 1674 899 1742 quid
941 1674 1143 1728 indicet
1183 1674 1424 1729 historia:
1465 1683 1664 1729 textus.
1709 1675 1868 1729 Exie-

279 1772 417 1819 runt
446 1764 533 1818 isti
560 1779 799 1833 pugnare
823 1780 920 1833 pro
946 1763 1070 1818 ﬁliis
1101 1764 1287 1827 lsrael,
1329 1764 1717 1819 interfecerunt
1755 1762 1868 1817 Ma-
1899 1743 1941 1801 Β

280 1855 540 1910 dianitas.
574 1853 964 1909 lnterﬁeientes
1008 1863 1188 1908 autem
1228 1870 1343 1919 eos,
1392 1863 1652 1923 quantum
1681 1854 1748 1909 ad
1784 1855 1869 1909 hi-

277 1945 470 2000 storia:
492 1945 737 1998 ordinem
775 1953 984 2012 spectat
1015 1953 1072 1998 et
1098 1944 1332 2000 litteram
1363 1944 1518 2015 legis,
1552 1945 1870 2014 placuerunt

279 2037 420 2099 Deo,
458 2035 788 2088 voluntatem
825 2050 1060 2104 namque
1102 2035 1200 2090 Dei
1243 2035 1640 2105 impleverunt;
1684 2044 1867 2091 tamen

279 2125 391 2179 hoc
429 2125 546 2193 ipso
583 2124 731 2192 quod
755 2124 1133 2180 interfecerint
1181 2126 1545 2190 adversarios,
1600 2126 1866 2181 immundi

278 2212 539 2267 dicuntur
586 2212 811 2278 ell‘ecti;
843 2222 900 2268 et
937 2224 1231 2284 prepterea
1277 2215 1477 2270 dicitur
1522 2214 1593 2269 ad
1635 2230 1765 2270 eos:
1797 2215 1866 2270 Et

278 2302 526 2357 iacebitis
548 2303 850 2358 vestimenta
874 2314 1046 2358 uestra
1068 2305 1152 2359 die
1171 2307 1473 2375 septima,et
1496 2307 1677 2359 mundi
1696 2306 1865 2371 erilis,

277 2404 331 2449 et
358 2406 472 2464 post
505 2400 618 2449 tunc
638 2396 919 2450 introibitis
938 2398 994 2451 in
1017 2407 1213 2451 castra.
1241 2398 1383 2468 Ergo
1410 2399 1466 2452 hi
1490 2399 1583 2466 qui
1602 2405 1865 2469 pugnant,

277 2498 385 2553 pro
413 2499 479 2538 eo
508 2485 625 2554 ipso
662 2485 806 2554 quod
836 2486 1177 2556 contigerant
1222 2488 1407 2543 hostes
1442 2488 1773 2554 immundos,
1812 2498 1869 2543 et

278 2573 430 2644 quod
468 2576 745 2645 congressi
791 2585 920 2630 sunt
956 2586 1147 2631 contra
1189 2593 1283 2634 eos
1328 2587 1384 2633 et
1422 2580 1713 2635 habuerint
1741 2596 1867 2635 cum

278 2666 368 2721 eis
390 2676 690 2732 certamen,
727 2668 916 2737 polluti
939 2677 1082 2723 sunt.
1123 2671 1188 2724 Et
1228 2687 1329 2741 ego
1361 2687 1493 2743 ergo
1522 2674 1687 2727 etiam
1720 2674 1867 2745 cogi‘

283 2757 523 2811 taliones
563 2758 873 2813 immundae
906 2768 963 2814 et
999 2760 1173 2815 malas
1208 2776 1346 2830 quas
1376 2763 1523 2817 cordi
1554 2762 1716 2817 modo
1742 2779 1867 2833 suge

278 2849 446 2919 gerit,
492 2850 576 2903 vel
620 2851 879 2919 repellere
918 2853 1196 2908 venientes
1235 2853 1321 2908 vel
1358 2854 1630 2924 ingressas
1670 2870 1868 2909 necare

279 2938 430 2992 intra
468 2955 575 3003 nte,
618 2955 687 2994 ne
710 2942 782 2995 ad
808 2941 1057 2997 eﬁ‘ectum
1086 2944 1423 3013 perveniant,
1458 2960 1677 3014 operam
1702 2944 1861 2999 dabo.

279 3027 387 3094 Qui
428 3045 574 3095 vero,
619 3032 721 3086 etsi
753 3032 965 3087 calcare
986 3024 1221 3103 potuero
1257 3044 1424 3104 caput
1449 3035 1720 3100 draconis,
1760 3037 1865 3091 hoc

277 3120 402 3189 ip:o
447 3129 622 3176 tamen
647 3123 817 3192 pollui
841 3139 926 3178 me
950 3133 1005 3179 et
1030 3126 1303 3195 inquinari
1344 3142 1567 3182 necesse
1605 3134 1711 3190 est,
1752 3142 1867 3197 quo

275 3225 405 3265 eum
435 3221 491 3266 et
518 3214 609 3282 qui
642 3214 876 3283 pollutus
902 3224 957 3270 et
982 3216 1296 3286 inquinatus
1336 3226 1438 3282 est,
1482 3219 1695 3274 calcare
1731 3234 1862 3278 con-

278 3303 452 3358 tendi.
486 3304 555 3359 Et
573 3320 668 3361 ero
698 3307 913 3375 quidem
954 3308 1164 3373 beatus,
1210 3310 1337 3377 quia
1376 3310 1590 3365 calcare
1617 3325 1741 3364 eum
1768 3325 1866 3379 po-

279 3392 394 3457 tui;
429 3393 739 3449 immundus
768 3406 949 3449 tamen
998 3412 1117 3451 sum
1153 3406 1209 3451 et
1251 3398 1504 3467 pollutus,
1551 3399 1641 3467 qui
1684 3399 1858 3467 pollu-

280 3490 397 3536 tum
429 3482 658 3552 contigi,
685 3492 740 3538 et
764 3485 834 3541 ob
869 3485 973 3540 hoc
996 3484 1374 3554 puriﬁcatione
1397 3502 1547 3559 egeo.
1573 3488 1782 3543 Idcirco
1807 3496 1864 3543 et

279 3573 542 3629 nimirum
566 3574 845 3644 Scriptura
869 3577 1021 3642 dicit,
1047 3579 1170 3647 quia
1194 3594 1352 3635 nemo
1374 3581 1604 3635 mundus
1625 3596 1654 3633 a
1679 3581 1860 3635 sorde.

277 3666 483 3723 Omnes
527 3682 658 3736 ergo
702 3669 1075 3735 puriﬁcatione
1108 3671 1433 3741 indigemus,
1473 3671 1582 3725 imo
1608 3670 1865 3739 puriﬁca-

278 3756 541 3811 tionibus.
585 3756 764 3811 Multa:
800 3760 947 3813 enim
980 3769 1038 3814 et
1066 3760 1294 3814 diversa:
1341 3775 1440 3815 nos
1488 3769 1710 3815 manent
1759 3776 1862 3829 pu-

279 3847 633 3904 riﬁcationes.
687 3848 795 3904 Sed
837 3852 1064 3922 mystica
1112 3852 1229 3906 htnc
1273 3859 1400 3906 sunt
1447 3860 1504 3906 ct
1546 3850 1859 3907 ineffabilia.

275 3937 413 4004 Quis
434 3938 579 3992 enim
611 3938 768 3993 nobis
795 3954 1054 3993 enarrare
1082 3941 1283 4008 poterit
1306 3955 1428 4009 qua:
1455 3952 1583 3995 sunt
1608 3942 1865 4009 puriﬁca-

278 4028 458 4083 tiOnes
483 4044 606 4097 qua:
641 4038 904 4098 parantur
932 4028 1098 4083 Paulo
1124 4029 1208 4084 vel
1241 4030 1425 4094 Petro,
1475 4030 1558 4084 vel
1606 4030 1727 4085 aliis
1768 4032 1863 4086 ho—

274 4135 399 4174 rum
431 4119 717 4184 similibus,
753 4121 844 4189 qui
872 4128 1077 4177 tantum
1113 4132 1509 4192 pugnaverunt,
1555 4131 1636 4177 tot
1672 4133 1864 4193 gentes

273 4211 615 4273 deleverunt,
657 4219 807 4266 tanta
854 4212 1050 4280 Spolia,
1100 4219 1177 4267 tot
1204 4213 1388 4267 hostes
1425 4222 1860 4282 prostraverunt,

276 4310 359 4355 tot
401 4301 707 4372 triumphos
747 4313 1032 4372 cmperunt
1058 4321 1070 4356 :
1097 4304 1188 4372 qui
1234 4305 1476 4359 cruentis
1520 4308 1771 4361 manibus
1798 4308 1865 4360 de

271 4394 426 4450 caule
471 4394 707 4449 hostium
757 4395 983 4449 redeunt
1029 4409 1044 4449 :
1095 4411 1327 4464 quorum
1378 4410 1476 4463 pes
1520 4397 1730 4462 tinctus
1778 4405 1864 4452 est

274 4485 333 4540 in
369 4481 670 4557 sanguine,
717 4494 773 4541 et
815 4501 1008 4540 manus
1049 4502 1176 4541 suas
1220 4485 1468 4541 laverunt
1504 4487 1560 4540 in
1597 4487 1863 4557 sanguine

272 4572 669 4644 peccatorum?
735 4572 1131 4629 lnterl‘ecerunt
1193 4577 1391 4644 quippe
1457 4575 1510 4628 in
1580 4576 1863 4630 matutinis

266 4664 471 4721 bznncs
518 4672 832 4731 peccatores
886 4671 1064 4728 terrae,
1108 4671 1164 4718 et
1211 4665 1498 4735 imaginem
1543 4678 1732 4718 eorum
1769 4679 1865 4719 ex-

275 4756 713 4811 terminavcruut
754 4756 819 4815 de
857 4756 1079 4810 civitate
1106 4756 1343 4812 Domini.
1376 4756 1637 4812 Viccruut
1663 4757 1866 4826 quippe

276 4854 335 4900 et
395 4854 746 4916 peremerunt
810 4846 1054 4901 diversas
1117 4847 1422 4903 dicmonum
1476 4856 1684 4917 gentes.
1747 4848 1863 4903 Nisi

278 4936 427 4991 enim
470 4935 725 4989 vicissent
764 4951 886 5001 eas,
936 4954 1041 4991 non
1088 4939 1391 5007 potuissent
1434 4952 1631 5007 capere
1672 4954 1734 4992 ex
1785 4939 1868 4993 cis

280 5025 548 5095 captivos,
600 5040 817 5083 omnem
865 5027 1009 5082 hunc
1054 5028 1392 5084 credentium
1448 5045 1756 5095 numerum,
1813 5039 1871 5085 et

278 5118 580 5187 perducere
628 5131 724 5173 eos
766 5117 830 5172 ad
872 5118 1233 5173 obedientiam
1276 5119 1481 5175 Christi
1530 5129 1587 5174 et
1636 5122 1869 5178 subdere

280 5224 378 5264 eos
405 5207 536 5276 iugo
566 5207 684 5276 ejus
713 5209 889 5274 suavi,
919 5219 975 5264 et
1011 5211 1288 5281 imponere
1316 5212 1395 5265 eis
1423 5227 1561 5266 onus
1586 5212 1702 5279 ejus
1731 5213 1864 5267 leve.

282 5298 416 5366 Quis
440 5313 572 5368 ergo
591 5299 667 5354 ita
691 5301 883 5355 beatus
905 5308 1008 5363 est,
1035 5300 1126 5369 qui
1156 5302 1410 5355 succedat
1433 5302 1513 5356 eis
1541 5303 1596 5356 in
1626 5302 1709 5356 his
1731 5317 1868 5370 prce-

286 5388 397 5454 liis,
435 5398 491 5443 et
516 5390 805 5444 interﬁciat
847 5405 1035 5446 omnes
1078 5390 1417 5455 iladianitas,
1464 5400 1519 5446 et
1540 5390 1870 5459 juStiﬁcetur

285 5497 352 5536 ex
401 5483 666 5552 sanguine
716 5482 941 5536 eorum?
991 5482 1321 5551 Sanguinem
1369 5483 1516 5536 enim
1564 5483 1867 5539 dzemonum

286 5570 516 5626 {undere
554 5571 777 5636 dicitur,
808 5572 900 5641 qui
926 5572 1087 5642 eripit
1116 5588 1211 5627 eos
1240 5574 1437 5642 quibus
1464 5572 1538 5627 illi
1575 5572 1868 5629 dominam-

288 5666 398 5714 tur.
448 5659 742 5717 Lavabitur
786 5671 967 5718 autem
1005 5662 1072 5716 ab
1118 5662 1220 5717 hoc
1257 5662 1519 5733 sanguine
1546 5671 1601 5718 et
1625 5665 1874 5735 puriﬁca-

1887 4453 1940 4511 Ι)

1966 500 2089 546 ctus
2119 493 2292 561 possit
2326 494 2530 564 ingredi
2555 506 2797 551 sanctam
2826 499 3099 555 civitatem
3128 502 3245 567 Dei,
3273 507 3547 574 aperiente

1967 580 2069 636 sibi
2093 585 2290 637 ostium
2312 583 2447 639 ‘Jesu
2472 584 2690 640 Christo
2720 587 2946 642 Domino
2983 599 3187 653 nostro,
3216 592 3323 645 imo
3351 596 3441 661 qui
3467 606 3551 650 est

1965 677 2021 724 et
2062 671 2262 725 ostium
2309 672 2550 727 civitatis
2604 673 2773 743 ipsius
2822 676 2933 730 Dei.
2991 676 3285 746 Sequitur:
3318 680 3551 752 Cumque

1965 759 2300 812 accessissent
2330 761 2589 830 principes
2619 764 2875 817 exercitus
2910 765 2978 817 ad
3010 765 3246 835 Moysen,
3280 778 3326 821 ct
3355 771 3551 825 tribuni

1964 848 2396 919 centurionesque
2437 851 2681 904 dixerunt
2720 868 2737 905 :
2773 852 2886 907 Nos
2922 857 3054 909 servi
3094 857 3171 908 tui
3202 858 3551 913 recensuimus

1965 955 2238 993 numerum
2280 951 2631 1011 pugnatorum
2671 959 2799 1012 quos
2840 944 3118 998 habuimus
3148 946 3242 999 sub
3268 964 3428 1000 manu
3461 964 3553 1001 no-

1965 1043 2094 1097 stra,
2120 1044 2167 1087 et
2204 1052 2267 1088 uc
2296 1052 2431 1088 unus
2458 1035 2667 1105 quidem
2693 1037 2878 1104 defuit.
2911 1035 2988 1090 0b
3017 1038 3154 1091 hanc
3183 1055 3397 1092 causam
3423 1041 3551 1108 o/fe—

1966 1127 2130 1178 rimus
2177 1128 2233 1179 in
2282 1126 2519 1179 donariis
2567 1126 2782 1179 Domini
2837 1126 3033 1195 singuli
3087 1129 3228 1197 quod
3266 1130 3320 1182 in
3362 1130 3548 1199 prccda

1966 1219 2086 1271 auri
2120 1219 2384 1288 potuimus
2414 1217 2669 1282 invenire,
2708 1218 3036 1287 periscelides
3068 1229 3116 1271 et
3152 1218 3415 1285 armillas,
3455 1237 3552 1282 an:

1967 1308 2118 1362 nulos
2143 1318 2191 1362 et
2223 1306 2506 1373 dextralia,
2542 1324 2605 1360 ac
2650 1307 2995 1370 niui-(anulos,
3036 1316 3091 1361 ut
3131 1308 3421 1377 depreceris
3452 1325 3546 1377 pro

1967 1399 2112 1453 nobis
2155 1398 2458 1451 Dominum.
2499 1396 2948 1467 Susceperuntque
2987 1396 3193 1465 Moyses
3231 1406 3277 1449 et
3323 1396 3554 1449 Eleazar

1967 1487 2209 1542 sacerdos
2236 1504 2387 1540 omne
2412 1501 2601 1540 aurum
2640 1487 2694 1539 in
2723 1487 2939 1540 diversis
2973 1487 3236 1555 speciebus
3262 1486 3435 1555 pondo
3471 1502 3552 1539 se-

1967 1575 2132 1629 decim
2174 1575 2341 1629 millia
2373 1579 2718 1646 septingentos
2747 1576 3129 1646 quinquaginta
3160 1575 3337 1639 siclos,
3382 1593 3411 1627 a
3450 1576 3547 1627 tri-

1971 1664 2120 1719 bunis
2160 1674 2207 1718 et
2252 1667 2663 1720 centurionibus.
2718 1664 3085 1736 Unusquisque
3135 1667 3271 1719 enim
3314 1667 3451 1735 quod
3498 1666 3552 1718 in

1968 1756 2150 1825 pra'da
2179 1766 2446 1828 rapuerat,
2484 1774 2639 1811 suum
2671 1768 2803 1811 erat.
2834 1756 2904 1810 Et
2930 1768 3228 1827 susceptum
3260 1757 3550 1811 intulerunt

1970 1846 2024 1898 in
2063 1844 2464 1901 tabernaculum
2500 1847 2799 1910 testimonii,
2847 1856 2953 1902 etc.
3000 1849 3118 1902 Alia
3168 1858 3346 1905 autem
3387 1849 3553 1904 editio

1968 1932 2048 1988 sic
2076 1934 2280 1989 habet:
2313 1935 2654 1990 Accesserant
2679 1936 2749 1989 ad
2786 1936 3002 2006 Moysen
3032 1954 3207 1990 omnes
3234 1938 3323 2007 qui
3361 1940 3553 1990 consti~

1967 2025 2068 2078 tuti
2101 2034 2250 2078 erant
2287 2027 2548 2095 principes
2586 2043 2679 2092 per
2713 2028 2880 2080 tribus
2919 2030 2973 2080 in
3001 2029 3253 2092 exercitu,
3285 2027 3479 2081 tribuni
3502 2037 3551 2082 ct

1968 2117 2320 2181 centuriones,
2350 2127 2396 2170 et
2423 2117 2670 2172 dia‘crunt
2713 2119 2781 2171 ad
2823 2118 3039 2188 Moysen
3061 2136 3079 2172 :
3112 2119 3224 2173 Nos
3261 2120 3409 2189 pueri
3445 2118 3553 2173 col-

1967 2209 2185 2279 legimus
2235 2226 2494 2266 summam
2531 2211 2761 2264 virorum
2799 2210 3109 2266 bellatorum
3146 2220 3467 2277 nostrorum,
3502 2221 3553 2268 et

1968 2317 2071 2355 non
2096 2301 2340 2355 dissensit
2369 2317 2435 2355 ea:
2460 2301 2606 2356 nobis
2627 2301 2924 2372 quisquam.
2952 2300 3020 2355 Et
3048 2301 3330 2356 obtulimus
3362 2319 3554 2359 manus

1966 2392 2193 2447 Domino
2211 2433 2227 2457 ,
2265 2392 2614 2463 unusquisque
2635 2393 2713 2446 vir
2738 2392 3083 2463 quodcunque
3107 2392 3321 2457 iurent,
3350 2410 3438 2447 ras
3462 2411 3533 2446 an

1969 2499 2135 2549 reum,
2151 2493 2383 2553 torquem
2411 2494 2502 2538 aut
2523 2483 2757 2554 phialam
2781 2499 3021 2548 auream,
3040 2493 3131 2538 aut
3153 2484 3432 2548 annulum,
3459 2495 3551 2539 aut

1966 2573 2224 2639 dextrale,
2258 2584 2349 2627 aut
2389 2575 2708 2640 catenulam,
2747 2575 2816 2628 ad
2854 2573 3244 2644 propitiandum
3279 2591 3373 2643 pro
3406 2576 3553 2628 nobis

1968 2681 2146 2719 coram
2190 2664 2438 2720 Domino.
2479 2666 2575 2721 Est
2613 2680 2743 2734 ergo
2783 2666 3071 2721 diversitas
3103 2666 3270 2718 multa
3301 2666 3448 2721 ineo
3471 2681 3556 2721 or-

1966 2756 2111 2819 dine,
2146 2757 2238 2826 qui
2275 2758 2565 2812 bellatores
2594 2758 2955 2825 appellantur.
3002 2756 3109 2812 Sed
3147 2768 3204 2812 et
3239 2759 3380 2815 inter
3409 2759 3554 2826 ipsos

1967 2849 2212 2904 imbelles
2264 2860 2351 2904 est
2407 2851 2757 2905 nihilominus
2810 2851 2995 2920 aliqua
3049 2848 3380 2904 diﬂ‘erentia.
3440 2848 3549 2903 hec

1965 2939 2111 2993 euim
2152 2941 2253 3008 ipsi
2291 2940 2575 3008 aequaliter
2597 2950 2653 2995 et
2683 2956 2791 2996 uno
2828 2940 3021 2996 ordine
3057 2955 3246 2995 omnes
3279 2939 3554 3010 appellan-

1968 3036 2057 3082 tur
2082 3030 2345 3084 imbelles.
2370 3030 2599 3098 Quidam
2622 3035 2767 3084 enim
2800 3032 2874 3084 ita
2900 3030 3147 3088 imbelles
3177 3038 3304 3086 sunt
3329 3040 3389 3085 ut
3414 3047 3554 3087 nuu-

1890 3091 1934 3152 (δ
1967 3135 2131 3189 quam
2156 3122 2364 3190 possint
2398 3121 2517 3176 ﬁeri
2543 3122 2855 3187 bellatores,
2889 3123 2940 3176 id
2973 3130 3081 3185 est,
3118 3122 3303 3177 senilis
3325 3132 3477 3187 aetas,
3500 3134 3554 3177 et

1963 3215 2142 3268 omnis
2181 3213 2449 3269 femineus
2489 3229 2668 3279 sexus,
2699 3224 2754 3270 et
2777 3216 3017 3269 conditio
3048 3215 3283 3270 servilis.
3322 3215 3557 3270 Puerilis

1962 3322 2095 3363 vero
2128 3318 2264 3363 aetas
2297 3309 2371 3362 ita
2402 3308 2637 3363 imbellis
2671 3317 2777 3373 est,
2819 3315 2878 3361 ut
2908 3323 3062 3376 spem
3089 3315 3243 3377 gerat
3269 3308 3556 3376 aliquando

1965 3399 2084 3453 ﬁeri
2113 3400 2382 3455 bellatrix.
2414 3400 2635 3455 Scilicet
2657 3416 2780 3455 cum
2810 3402 3115 3455 occurrerit
3140 3401 3196 3454 in
3224 3402 3404 3455 virum
3434 3416 3559 3470 per-

1966 3490 2185 3553 fectum,
2224 3490 2278 3544 in
2312 3505 2625 3546 mensuram
2667 3492 2864 3554 anatis,
2895 3488 3024 3544 tunc
3059 3506 3166 3544 non
3193 3490 3365 3545 solum
3391 3491 3558 3546 bella-

1967 3587 2115 3633 tores
2146 3595 2214 3632 ex
2254 3581 2437 3648 pueris
2468 3581 2606 3644 ﬁeri,
2648 3582 2744 3635 sed
2772 3591 2825 3634 et
2853 3582 2909 3634 in
2934 3595 3201 3634 summam
3232 3581 3555 3635 bellatorum

1964 3668 2153 3722 venire
2180 3683 2239 3722 se
2264 3677 2487 3737 sperant
2510 3676 2567 3723 et
2591 3684 2712 3723 esse
2739 3670 2917 3734 electi,
2957 3681 3013 3724 et
3040 3670 3094 3723 in
3123 3655 3406 3724 duodecim
3432 3671 3558 3724 mil-

1965 3756 2108 3811 libus
2129 3758 2428 3824 numerari,
2468 3759 2552 3811 vel
2577 3759 2742 3813 etiam
2775 3760 2861 3815 his
2889 3759 3133 3829 prmferri
3162 3770 3216 3815 et
3243 3775 3366 3815 esse
3397 3764 3554 3830 prin.-

1967 3850 2116 3919 cipes
2159 3849 2480 3905 electorum.
2526 3850 2823 3906 Considera
2867 3867 3013 3905 nunc
3049 3853 3337 3921 prteseutis
3371 3854 3554 3908 seculi

1966 3948 2193 4001 statum,
2239 3948 2295 3993 et
2335 3940 2458 3995 vide
2507 3940 2692 3994 omnia
2745 3940 2900 3995 hellis
2955 3942 3183 4010 repleta,
3233 3956 3556 4012 omnemque

1970 4032 2264 4085 humanam
2299 4033 2464 4085 vitam
2487 4031 2851 4086 invisibilibus
2873 4033 3072 4102 prtuliis
3112 4041 3169 4087 et
3200 4033 3556 4103 impugnatio-

1966 4122 2127 4176 nibus
2158 4122 2468 4176 daemonum
2496 4122 2816 4192 perurgeri;
2847 4123 2901 4177 in
2931 4122 3129 4192 populo
3157 4138 3285 4177 vero
3313 4123 3406 4177 Dei
3432 4140 3554 4179 esse

1966 4215 2230 4282 quosdam
2275 4214 2348 4268 ita
2398 4215 2686 4277 robustos,
2732 4214 2837 4267 ﬁde
2884 4223 3125 4267 arumtos
3154 4222 3205 4267 et
3238 4211 3589 4279 virtutibus,'

1966 4313 2027 4357 ut
2061 4305 2351 4358 adversum
2380 4303 2687 4371 huiusmodi
2716 4304 2966 4358 homines
2989 4304 3230 4372 quotidie
3255 4305 3392 4359 bella
3421 4321 3551 4359 cono

1970 4393 2176 4457 ﬁciant,
2221 4403 2278 4448 et
2313 4409 2527 4463 semper
2556 4395 2611 4447 in
2644 4394 2929 4463 procinctu
2967 4395 3177 4464 positos
3220 4410 3328 4449 non
3377 4397 3551 4452 solum

1967 4485 2313 4553 semetipsos,
2351 4485 2447 4551 sed
2471 4493 2527 4539 et
2553 4493 2782 4540 czeteros
2821 4486 2913 4555 qui
2952 4486 3038 4541 vel
3076 4502 3174 4555 per
3214 4502 3424 4551 sexum,
3469 4490 3554 4544 vel

1964 4592 2065 4646 per
2085 4585 2327 4639 aetatem,
2363 4575 2445 4628 vel
2474 4592 2568 4645 per
2590 4577 2871 4631 servitutis
2909 4577 3275 4633 conditionem
3316 4593 3555 4649 pugnare

1969 4682 2074 4720 non
2124 4674 2371 4734 possunt,
2415 4667 2482 4720 ab
2521 4667 2759 4722 hostium
2811 4676 3066 4724 tueantur
3108 4669 3340 4735 insidiis,
3391 4672 3556 4727 verba

1967 4757 2231 4811 doctrina:
2273 4772 2369 4811 eos
2416 4759 2771 4828 exemploque
2813 4760 2942 4813 vitae
2981 4769 3038 4816 et
3067 4763 3551 4819 commonitionum

1967 4848 2255 4902 sedulitate
2300 4848 2623 4913 munientes,
2655 4850 2699 4902 si
2733 4858 2915 4904 tamen
2956 4864 3062 4905 non
3100 4851 3237 4906 desit
3263 4852 3343 4906 eis
3382 4853 3552 4919 ﬁdes;

1973 4942 2086 4995 sive
2109 4940 2255 4994 enim
2289 4940 2596 5005 bellatores,
2637 4941 2750 4997 sive
2796 4943 3060 5009 imbelles,
3112 4945 3444 5015 impossibile
3470 4956 3554 5001 est

1972 5031 2172 5086 salvari
2203 5031 2323 5086 sine
2350 5029 2495 5095 ﬁde;
2528 5032 2673 5086 inter
2701 5032 2846 5102 ipsos
2872 5043 3051 5089 tamen
3093 5036 3386 5090 bellatores
3426 5052 3549 5091 esse

1974 5124 2239 5178 duntaxat
2265 5123 2356 5193 qui
2388 5122 2619 5177 militant
2648 5124 2776 5179 Deo.
2818 5125 3116 5182 Considera
3155 5129 3290 5183 alios
3310 5130 3400 5182 ,ita
3432 5136 3554 5181 esse

1971 5213 2274 5281 expeditos,
2301 5222 2361 5265 ut
2383 5213 2545 5267 nullis
2571 5228 2630 5268 se
2656 5214 2935 5284 implicent
2954 5219 3176 5272 omnino
3202 5218 3551 5272 secularibus

1973 5304 2227 5372 negotiis,
2259 5312 2316 5356 ut
2349 5303 2563 5373 placere
2593 5306 2802 5374 possint
2840 5308 2890 5361 ei
2925 5310 3015 5378 qui
3058 5324 3116 5362 sc
3151 5308 3415 5377 probavit,
3457 5308 3551 5361 scd

1975 5396 2028 5449 in
2069 5396 2183 5466 lege
2214 5396 2306 5449 Dei
2344 5396 2592 5450 meditari
2625 5398 2711 5452 die
2744 5414 2809 5452 ac
2838 5410 3014 5454 nocte.
3043 5400 3134 5453 Isti
3163 5414 3294 5467 ergo
3329 5397 3419 5465 qui
3453 5398 3553 5451 liu-

1967 5483 2272 5553 juscemodi
2299 5493 2446 5550 sunt,
2482 5501 2691 5540 summa
2722 5486 3039 5541 bellatorum
3070 5485 3426 5555 appellantur.
3452 5485 3544 5540 Isti

1974 5586 2099 5632 sunt
2122 5577 2211 5646 qui
2240 5576 2356 5630 auri
2374 5575 2662 5646 plurimum
2691 5577 2975 5647 pugnando
2999 5583 3279 5643 ceperunt,
3307 5584 3364 5629 et
3389 5589 3553 5630 omne

1975 5682 2165 5722 aurum
2210 5675 2373 5737 atque
2415 5672 2808 5729 ornamentum,
2864 5666 2979 5719 sive
3017 5662 3232 5734 capitis,
3274 5663 3389 5720 sive
3427 5664 3552 5720 bra-
