3932 6188
447 308 551 363 8ῑῶ

1086 302 1145 353 Β.
1187 296 1444 352 RABANI
1483 293 1699 350 MAURI
1737 288 2051 345 ARCHIEP.
2101 285 2408 343 MOGUNT.
2451 281 2733 339 OPERUM
2771 281 2950 336 PARS
2988 281 3029 335 1.
3517 325 3532 338 .
3567 286 3661 341 806

448 419 713 477 Chiorum,
769 413 880 467 sive
917 412 1233 481 dignorum,
1279 409 1333 463 id
1371 416 1474 472 est,
1523 402 1781 475 quidquid
1811 401 2018 456 intelle—
2046 408 2094 466 Α
2121 398 2398 452 uberrima:
2423 406 2542 450 sunt
2564 396 2632 448 ad
2657 404 2863 464 pastum
2887 391 3195 446 animalium
3221 405 3236 443 .‘
3263 401 3311 445 et
3331 409 3420 446 nos
3453 398 3572 449 servi
3596 401 3663 452 tui

448 518 590 570 ctus,
638 503 897 575 quidquid
940 503 994 555 in
1043 501 1296 570 operibus
1343 499 1564 562 habent,
1612 497 1721 549 Deo
1765 493 2018 548 olierunt.

447 594 644 650 Sciunt
681 593 827 648 enim
865 591 988 660 quia
1027 603 1251 643 munere
1298 587 1416 655 ejus
1460 587 1586 640 data
1631 593 1776 650 sunt,
1819 592 1875 638 et
1905 583 2025 636 ideo

449 699 560 738 non
597 681 846 737 dissentit
889 681 944 734 in
984 679 1064 732 eis
1110 693 1209 732 nec
1248 691 1406 730 unus.
1461 674 1571 728 Nec
1621 673 1765 728 enim
1809 680 2028 740 possent

451 787 677 829 munera
705 770 900 826 offerre
933 770 1042 823 Deo
1078 766 1236 838 positi
1266 767 1319 820 in
1349 764 1701 820 dissensione.
1735 763 1870 816 Istos
1897 769 2027 829 puto

452 877 574 917 esse
623 860 915 915 secundum
967 856 1336 928 Evangelium,
1388 854 1480 924 qui
1523 858 1847 924 praeceptum
1896 849 2028 904 illud

453 950 740 1020 diligenter
777 949 1088 1012 observant,
1121 946 1265 1015 quod
1299 944 1518 998 mandat
1545 942 1804 998 Dominus
1828 947 1882 994 et
1909 937 2028 993 Salo

451 1051 608 1095 vator
635 1059 646 1093 :
677 1040 736 1094 Si
755 1039 921 1107 offers
959 1055 1149 1090 munus
1185 1048 1333 1090 tuum
1371 1035 1439 1089 ad
1471 1033 1655 1099 altare,
1694 1042 1742 1086 et
1774 1045 2026 1085 rememo-

453 1142 600 1184 ratus
639 1130 799 1198 fueris
839 1129 963 1197 quia
996 1128 1160 1196 frater
1187 1137 1307 1179 tuus
1341 1125 1492 1178 habet
1525 1123 1724 1193 aliquid
1752 1121 2028 1175 adversum

453 1230 520 1284 te,
549 1218 776 1288 relinque
805 1218 874 1269 ibi
899 1200 1096 1269 munus
1116 1225 1263 1268 tuum
1284 1225 1404 1268 ante
1433 1213 1620 1277 altare,
1651 1222 1698 1266 et
1727 1210 1858 1265 vade
1881 1211 2027 1280 prius

453 1311 781 1367 reconciliari
814 1311 965 1380 fratri
1005 1319 1096 1363 tuo
1119 1323 1134 1360 :
1157 1317 1206 1362 et
1239 1318 1359 1360 tunc
1389 1307 1591 1360 veniens
1626 1306 1812 1374 offeres
1837 1317 2029 1356 manus

450 1413 598 1457 tuum
642 1400 856 1472 (Matth.
886 1398 960 1468 v).
1001 1399 1148 1464 Quod
1196 1397 1405 1452 scilicet
1441 1396 1623 1449 levent
1661 1408 1855 1447 manus
1902 1406 2030 1445 suas

443 1494 522 1548 ad
555 1494 721 1547 Deum
765 1491 881 1545 sine
912 1490 990 1543 ira
1019 1499 1074 1544 et
1097 1489 1452 1551 dissensione,
1493 1501 1652 1541 omne
1680 1501 1774 1539 vas
1805 1497 2026 1538 aureum

453 1593 547 1637 aut
588 1597 807 1637 auream
857 1589 1123 1648 torquem,
1177 1588 1266 1632 aut
1315 1577 1595 1641 annulum,
1637 1583 1731 1628 aut
1762 1574 2026 1639 dextrale,

439 1683 546 1727 .aut
575 1673 898 1728 calenulam.
943 1671 1185 1740 Torqucs
1222 1676 1598 1724 ornamentum
1636 1667 1929 1736 sapientiae.
1970 1666 2027 1720 lu

2123 486 2369 540 habemus
2383 487 2619 557 jumenta
2639 484 2868 554 plurima
2884 499 2902 536 :
2923 498 3316 552 precamurque,
3339 484 3383 536 si
3409 485 3664 544 invenimus

2123 579 2348 648 gratiam
2373 591 2550 630 coram
2579 585 2647 640 te,
2676 583 2732 628 ut
2771 573 2864 628 des
2906 573 3054 627 nobis
3104 571 3315 641 famulis
3355 575 3455 628 tuis
3483 591 3584 630 eam
3619 583 3662 633 is

2123 667 2516 736 possessionem,
2539 675 2633 718 nec
2660 665 2827 734 facias
2862 681 2955 718 nos
2984 664 3209 718 transire
3240 663 3536 719 Iordanem.
3557 667 3665 733 Qui-

2127 759 2222 812 bus
2265 758 2526 826 respondit
2565 755 2811 826 Moyses:
2839 754 3096 825 Nunquid
3144 755 3333 823 fratres
3372 757 3520 810 vestri
3543 759 3662 812 ibant

2127 847 2196 900 ad
2225 863 2471 917 pugnam,
2511 857 2562 900 et
2588 863 2674 900 nos
2697 847 2782 899 hic
2805 845 3088 899 sedebitis?
3121 843 3230 898 Cur
3247 846 3530 900 subvenitis
3548 863 3666 900 men-

2126 950 2202 993 tes
2241 939 2475 1009 ﬁliorum
2523 936 2728 1001 Israel,
2781 953 2845 990 ne
2885 937 3113 990 transire
3164 936 3391 990 audeant
3433 935 3484 993 in
3521 937 3666 991 locant

2126 1047 2279 1101 quem
2319 1031 2393 1083 eis
2431 1029 2654 1084 daturus
2695 1037 2770 1080 est
2811 1027 3112 1081 Dominus?
3147 1025 3341 1080 Nonne
3377 1026 3449 1078 ita
3482 1036 3666 1095 egerunt

2127 1133 2298 1194 patres
2335 1123 2508 1186 vestri,
2543 1121 2754 1191 quando
2790 1121 2911 1173 misi
2948 1120 3013 1173 de
3047 1119 3378 1173 Cadesbarste
3409 1119 3476 1172 ad
3513 1119 3668 1189 explo-

2127 1213 2352 1266 randam
2404 1211 2640 1264 terram?
2676 1220 2784 1265 etc.
2847 1209 3000 1264 Sicut
3051 1209 3268 1263 traditio
3306 1207 3554 1277 majorum
3604 1219 3668 1263 tc-

2127 1313 2250 1368 net,
2293 1302 2527 1373 Spiritus
2577 1309 2797 1356 sanctus
2832 1308 3024 1354 narrat
3061 1301 3195 1354 hinc.
3239 1298 3393 1356 Unde
3425 1299 3558 1354 enim
3590 1314 3669 1368 po-

2129 1402 2270 1451 terat
2305 1393 2518 1463 Moyses
2571 1391 2658 1446 vel
2703 1406 2823 1461 qum
2875 1391 2944 1444 ad
3000 1390 3266 1460 originem
3323 1388 3499 1442 mundi
3542 1397 3669 1458 gesta

2127 1495 2293 1552 sunt,
2332 1485 2418 1540 vel
2463 1499 2583 1554 quin
2621 1485 2672 1538 in
2710 1484 2874 1538 linem
2913 1481 3030 1550 ejus
3065 1490 3223 1538 erant
3268 1482 3523 1552 gerenda,
3566 1496 3669 1534 nar-

2128 1589 2270 1639 rare,
2313 1575 2416 1630 nisi
2443 1588 2542 1644 per
2568 1573 2973 1644 inspirationem
3001 1570 3238 1641 Spiritus
3275 1570 3404 1624 Dei?
3430 1569 3572 1625 Unde
3591 1585 3670 1638 po-

2129 1666 2299 1720 tuisse
2346 1666 2672 1734 prophetare
2692 1664 2758 1719 de
2778 1664 3014 1729 Christo,
3035 1663 3140 1717 nisi
3161 1663 3409 1731 loquente
3427 1662 3480 1715 in
3499 1676 3557 1716 eo
3575 1660 3672 1731 Spi-

443 1762 760 1818 Provcrbiis
787 1761 934 1816 enim
958 1760 1024 1813 de
1047 1759 1310 1829 sapientia
1333 1757 1529 1811 dicitur
1558 1755 1701 1824 quod
1735 1754 1824 1824 qui
1845 1753 2025 1822 acqui-
2057 1754 2101 1813 Β
2131 1755 2236 1810 ritu
2258 1756 2478 1810 sancto?
2502 1754 2596 1809 Sic
2611 1753 2758 1810 enim
2779 1762 2836 1808 et
2857 1754 2972 1824 ipse
2989 1751 3246 1808 Christus
3265 1761 3321 1806 et
3338 1752 3669 1811 testimonium

445 1853 597 1907 sierit
628 1868 762 1915 eam,
801 1860 1034 1919 torquem
1055 1865 1270 1901 auream
1298 1856 1459 1918 ponat
1484 1846 1623 1900 circa
1654 1844 1844 1898 collum
1873 1858 2026 1896 suum

454 1941 635 2013 (Prov.
665 1941 726 2014 1).
775 1941 962 1995 Phiala
1003 1948 1056 1995 et
1100 1939 1331 1994 annulus
1373 1945 1693 1992 ornamenta
1741 1944 1866 1990 sunt
1913 1950 2028 1988 ma-

453 2049 642 2098 nuum,
694 2034 747 2086 in
787 2033 983 2101 quibus
1023 2046 1246 2102 operum
1297 2033 1578 2100 signantur
1610 2027 1830 2082 indicia.
1867 2025 2030 2081 Simi-

451 2123 576 2177 liter
613 2132 668 2177 et
705 2123 962 2177 dextrale.
1011 2120 1283 2176 Catenula:
1319 2133 1449 2174 vero
1494 2119 1644 2173 verbi
1675 2126 1730 2172 et
1768 2117 2030 2173 doctrina:

453 2217 819 2271 connexiones
869 2214 1167 2270 declarant.
1218 2211 1300 2266 Ad
1345 2209 1778 2282 propitiandum,
1831 2209 2025 2278 inquit,

452 2304 622 2362 Deum
651 2321 750 2375 pro
784 2305 961 2359 nobis.
986 2303 1043 2358 Si
1071 2303 1314 2358 dicamus
1351 2308 1575 2371 propter
1619 2313 1813 2353 aurum
1856 2298 2027 2352 Deum

452 2396 747 2466 propitium
797 2395 915 2450 ﬁeri
962 2392 1292 2457 hominibus,
1337 2391 1459 2445 vide
1503 2405 1666 2459 quam
1713 2387 2026 2452 absurdum,

456 2488 566 2543 imo
611 2503 772 2556 quam
821 2486 1045 2556 impium
1089 2485 1384 2553 iudicetur.
1428 2482 1542 2538 Hoc
1580 2483 1724 2537 enim
1773 2481 1936 2535 etiam
1973 2480 2028 2534 in

454 2577 575 2633 viro
600 2579 742 2632 bono
767 2585 922 2645 turpe
958 2576 1174 2631 ducitur
1207 2575 1253 2630 si
1292 2581 1518 2642 accepto
1562 2587 1696 2626 auro
1719 2571 1788 2624 ab
1811 2569 2031 2624 inferio-

455 2669 612 2724 ribus
638 2669 903 2738 placetur,
938 2673 1142 2734 quanto
1175 2680 1306 2735 ergo
1337 2664 1506 2734 magis
1544 2664 1647 2717 hoc
1669 2661 1737 2717 de
1767 2661 1879 2716 Deo
1909 2675 2032 2715 sen-

458 2759 561 2814 tire
589 2771 695 2812 non
727 2757 1014 2812 convenit?
1043 2755 1194 2812 Unde
1218 2763 1348 2824 puto
1373 2753 1730 2823 expositionis
1762 2751 1924 2822 hujus
1947 2766 2032 2805 ec-

447 2848 772 2905 clesiasticae
817 2847 988 2916 magis
1034 2854 1285 2900 constare
1330 2843 1611 2905 rationem,
1641 2857 1760 2912 quae
1788 2856 1886 2911 per
1911 2841 2030 2896 auri

444 2938 665 3008 species
711 2937 950 2992 indicare
995 2935 1133 2990 solet
1177 2933 1344 2988 animi
1394 2932 1624 2986 virtutes
1667 2939 1726 2985 et
1763 2930 2030 2984 bonorum

441 3043 678 3098 .operum
704 3035 875 3096 gesta,
904 3041 1023 3096 qua:
1058 3024 1172 3079 sola
1216 3022 1398 3078 oderri
1447 3023 1560 3078 Deo
1604 3022 1673 3076 ab
1722 3020 2031 3075 hominibus

2129 1847 2307 1902 reddit
2331 1854 2386 1901 et
2409 1846 2540 1900 dicit
2569 1863 2581 1898 :
2613 1844 2676 1899 Si
2704 1843 2984 1899 credentis
3011 1841 3204 1913 Moysi,
3230 1842 3499 1895 crederetis
3524 1842 3670 1911 utique

2127 1947 2177 1991 et
2205 1937 2332 1990 mihi
2348 1952 2368 2001 ,°
2399 1935 2465 1989 de
2494 1951 2576 1988 me
2602 1935 2740 1988 enim
2787 1932 2877 1986 ille
2899 1932 3056 1988 dixit.
3102 1931 3165 1988 Si
3199 1940 3374 1985 autem
3406 1930 3543 1984 illius
3564 1929 3672 1983 litte-

2129 2027 2202 2079 ris
2235 2042 2340 2079 non
2354 2023 2584 2088 creditis,
2604 2020 2865 2093 quomodo
2884 2021 3010 2074 meis
3043 2019 3212 2076 verbis
3244 2018 3492 2074 credetis?
3514 2015 3669 2087 (leas.

2127 2117 2206 2188 ν.)
2236 2115 2463 2170 Constat
2486 2128 2615 2183 ergo
2653 2127 2717 2167 ea
2753 2127 2851 2182 per
2893 2110 3152 2180 Spiritum
3181 2117 3426 2170 sanctum
3455 2109 3599 2173 dicta,
3628 2115 3672 2162 et

2127 2206 2250 2260 ideo
2287 2204 2613 2260 conveniens
2647 2202 2864 2256 videtur
2897 2202 3010 2256 haec
3057 2199 3358 2256 secundum
3395 2199 3671 2272 dignitatem

2129 2296 2403 2367 loquentis
2434 2294 2680 2364 intelligi.
2721 2293 2828 2349 Sed
2867 2301 2924 2347 et
2960 2291 3089 2346 illud
3121 2291 3178 2346 in
3225 2290 3347 2346 loco
3377 2303 3674 2348 conmemo-

2130 2401 2252 2442 rare
2279 2385 2617 2456 aptissimum
2649 2384 2786 2438 duco
2813 2383 2958 2452 quod
2993 2382 3272 2436 Abraham
3311 2396 3430 2436 cum
3465 2380 3673 2438 audiam

2129 2477 2281 2532 illum
2319 2475 2541 2532 divitem
2574 2473 2810 2544 positum
2837 2474 2895 2527 in
2934 2471 3217 2527 tormentis
3248 2483 3435 2542 rogare
3457 2484 3510 2530 se
3535 2468 3674 2526 ιιιῶι

2131 2568 2456 2631 mitteretur,
2486 2574 2542 2621 et
2573 2565 2799 2620 veniens
2845 2570 3091 2618 morierct
3116 2562 3320 2618 fratres
3356 2577 3477 2617 suos
3507 2561 3586 2630 pie
3610 2560 3674 2612 vi-

2130 2674 2258 2714 vere
2296 2673 2364 2712 ne
2402 2658 2456 2712 in
2489 2657 2666 2712 locum
2692 2656 2840 2710 illum
2867 2654 3267 2709 descenderent
3301 2661 3672 2715 tormentorum,

2130 2748 2410 2819 respondit
2450 2747 2501 2802 ei
2530 2765 2544 2801 :
2579 2746 2718 2812 Quia
2744 2745 2934 2803 habent
2963 2743 3180 2814 loysen
3214 2753 3266 2797 et
3297 2743 3572 2813 prophetas,
3595 2756 3674 2792 au-

2129 2841 2278 2894 diant
2320 2838 2439 2894 illos
2476 2837 2628 2909 (Luc.
2676 2837 2788 2908 xv).
2831 2835 2950 2891 Non
2993 2835 3180 2904 utique
3215 2834 3460 2891 homines
3495 2833 3676 2901 aliquos

2131 2931 2348 2986 dicebat
2376 2929 2432 2984 in
2456 2943 2686 2998 corpore
2711 2927 2915 2998 positos
2947 2924 3166 2996 Moysen
3198 2933 3260 2978 et
3284 2924 3573 2994 prophetas,
3598 2920 3674 2975 sed

2132 3025 2248 3079 haec
2271 3039 2390 3094 quae
2415 3039 2513 3094 per
2540 3022 2754 3092 Moysen
2791 3018 3001 3090 Spiritu
3026 3019 3120 3073 Dei
3146 3018 3387 3073 dictante
3409 3013 3674 3082 conscripta

455 3118 674 3188 dignum
693 3124 795 3180 est,
822 3123 877 3170 et
899 3131 997 3186 pro
1023 3115 1221 3184 quibus
1246 3112 1376 3167 solis
1398 3111 1691 3180 propitium
1715 3109 1834 3164 fieri
1859 3109 2027 3165 Deum
2057 3101 2100 3162 C
2132 3125 2276 3182 sum,
2307 3115 2526 3186 Moysen
2550 3129 2616 3169 ea
2643 3112 2962 3168 nominavit.
2990 3111 3145 3166 Dicat
3171 3109 3371 3180 aliquis
3402 3127 3414 3162 :
3439 3107 3561 3162 Cum
3580 3107 3676 3161 haec

445 3207 762 3262 hominibus
788 3206 960 3260 decet.
991 3205 1059 3258 Et
1087 3205 1305 3274 accepit,
1339 3203 1532 3271 inquit,
1568 3200 1778 3270 Moyses
1798 3215 1846 3254 et
1870 3199 2031 3254 Elea-

452 3311 553 3348 zar
573 3295 817 3349 sacerdos
843 3309 1055 3357 aurum,
1092 3292 1156 3346 ab
1184 3291 1422 3345 omnibus
1449 3290 1674 3345 tribunis
1698 3299 1747 3344 et
1772 3291 2032 3344 centurio-

447 3383 643 3446 nibus;
664 3392 710 3436 et
733 3381 908 3435 intulit
931 3380 1062 3435 illud
1088 3382 1141 3435 in
1168 3379 1566 3436 tabernaculum
1605 3380 1904 3445 testimonii,
1929 3397 2034 3435 me-

450 3471 675 3527 moriale
697 3470 822 3539 filiis
861 3469 1030 3524 Israel
1065 3487 1242 3525 coram
1283 3470 1532 3526 Domino.
1557 3471 1718 3528 Vides
1749 3470 1874 3540 quia
1910 3483 2033 3540 quat

457 3562 710 3615 dicuntur
731 3576 835 3614 non
865 3561 931 3615 ad
961 3568 1311 3630 conspectum
1343 3562 1632 3628 visibilem,
1663 3563 1756 3618 sed
1788 3563 1854 3616 ad
1883 3576 2034 3615 men-

459 3652 530 3705 tis
568 3653 883 3707 memoriam
935 3653 1264 3708 referuntur.
1313 3654 1510 3708 Beatus
1535 3657 1620 3710 est
1651 3654 1796 3709 enim
1825 3653 1914 3707 ille
1939 3653 2032 3722 qui

457 3741 776 3796 recordatur
801 3758 859 3798 se
892 3743 1018 3798 boni
1053 3744 1255 3813 aliquid
1285 3745 1466 3814 operis
1499 3747 1674 3816 egisse
1705 3761 1891 3801 coram
1929 3747 2036 3800 Do-

459 3835 624 3899 utine,
666 3845 721 3890 et
743 3836 1003 3891 obtulisse
1049 3853 1276 3892 munera
1330 3839 1469 3891 bene
1519 3839 1716 3908 placita
1765 3840 2030 3894 Domino:

458 3925 628 3979 animi
658 3925 884 3981 virtutes
919 3934 974 3981 et
1010 3937 1330 3981 ornamenta
1365 3928 1600 3996 pietatis.
1642 3927 1768 3982 Post
1802 3929 1917 3983 haec
1949 3944 2034 3983 se-

463 4015 652 4085 quitur
695 4015 921 4069 historia
962 4016 1026 4070 de
1065 4016 1378 4070 [nereditate
1423 4017 1612 4070 Ruben
1647 4026 1702 4071 et
1732 4015 1846 4071 Gad
1874 4025 1929 4070 et
1953 4017 2031 4071 di-

460 4105 644 4160 midia:
677 4104 849 4160 tribus
887 4105 1171 4160 Manasse:
1202 4105 1270 4159 de
1311 4121 1416 4175 qua
1457 4107 1808 4176 proponimus
1853 4105 2032 4174 aliqua

421 4209 426 4214 ‘
459 4197 748 4261 disserere,
781 4205 836 4250 et
861 4197 1071 4251 animos
1092 4197 1397 4252 auditorum
1427 4199 1495 4253 ad
1522 4197 2032 4268 contemplationem

457 4285 721 4355 spiritalis
759 4286 1127 4357 intelligentiae
1155 4287 1440 4343 suscitare.
1473 4287 1666 4343 Omnia
1699 4303 1819 4358 qua:
1846 4289 2034 4344 dicun-

458 4383 550 4429 tur
574 4391 680 4431 non
713 4377 886 4432 solum
908 4393 973 4432 ex
1009 4379 1124 4451 ipso
1154 4380 1246 4450 qui
1272 4380 1470 4437 dicitur
1490 4395 1739 4437 sermone
1759 4381 2034 4451 pensanda

459 4479 606 4535 sunt,
647 4471 743 4527 sed
783 4480 838 4526 et
874 4488 1107 4542 persona
1155 4475 1384 4532 dicentis
1431 4493 1755 4549 magnopere
1804 4478 2034 4533 dicenda

459 4560 782 4634 [pensanda]
809 4571 910 4618 est.
949 4562 1207 4633 Sequitur
1235 4584 1247 4614 τ

1063 4675 1289 4732 CAPUT
1331 4678 1435 4733 V'll.

461 4757 565 4816 Ubi
602 4764 958 4884 parsJiopuli,
982 4766 1080 4819 hoc
1102 4777 1198 4830 est,
1224 4769 1390 4821 tribus
1415 4766 1668 4848 Ruben‘et
1697 4767 1862 4820 tribus
1893 4765 2030 4832 Gad,

530 4841 578 4884 et
599 4829 728 4884 dtmt
768 4849 819 4884 tu
866 4837 1033 4884 tribus
1074 4835 1368 4884 Manassae-
1417 4839 1772 4884 hmredrmtem
1824 4837 2035 4884 Domini

530 4841 578 4885 et
599 4829 834 4901 dimidia
866 4837 1033 4890 tribus
1074 4835 1368 4901 Manassat,
1417 4839 1772 4891 Itwreditatem
1821 4829 2035 4891 Domini

529 4899 864 4971 postulabant
887 4905 987 4958 sibi
1013 4905 1132 4958 dari
1156 4905 1294 4960 ultra
1318 4899 1626 4960 Iordanem.

533 5007 686 5082 (CAP.
719 5011 914 5084 xxxii.)
956 5012 1084 5067 Filii
1125 5025 1299 5070 autem
1336 5017 1518 5071 Ruben
1549 5026 1597 5070 et
1635 5015 1751 5070 Gud
1779 5019 2035 5073 habebant

458 5119 648 5177 pecora
669 5101 852 5167 multa,
881 5113 929 5156 et
953 5114 1064 5158 erat
1092 5105 1197 5160 illis
1219 5107 1275 5160 in
1291 5108 1547 5176 jumentis
1569 5107 1775 5175 infinita
1798 5110 2033 5162 substan-

461 5192 556 5246 tia.
592 5189 824 5261 Cumque
860 5191 1108 5247 vidissent
1147 5195 1310 5248 laser
1335 5207 1384 5251 et
1415 5193 1618 5249 Galaad
1648 5207 1796 5267 aptas
1831 5196 2034 5252 alendis

461 5282 779 5337 animalibus
806 5293 994 5348 terras,
1027 5295 1273 5339 venerunt
1299 5287 1367 5340 ad
1393 5286 1608 5356 Moysen
1638 5297 1686 5342 et
1715 5287 2032 5342 Eleazarum

462 5376 802 5443 sacerdotem,
829 5388 875 5430 et
892 5377 1150 5448 principes
1173 5379 1546 5444 multitudinis,
1565 5390 1720 5452 atque
1745 5381 2030 5434 dixerunt:

463 5469 682 5524 Λωτοιή
705 5478 753 5523 et
780 5468 958 5523 Didon
991 5479 1039 5524 et
1077 5469 1258 5538 laser,
1291 5481 1338 5526 et
1363 5470 1584 5536 Nemra,
1619 5482 1666 5526 et
1693 5470 1954 5538 IIesebon,
1985 5482 2032 5526 ct

470 5558 668 5625 hleale,
693 5571 740 5615 et
769 5560 970 5628 Saban,
1016 5573 1063 5618 et
1097 5564 1266 5630 Ncbo,
1295 5574 1341 5617 et
1371 5563 1532 5629 Bson,
1555 5575 1695 5618 terra
1721 5583 1879 5635 quam
1911 5585 2031 5637 per-

471 5649 624 5702 cussit
678 5649 820 5706 Deus
866 5653 919 5707 in
960 5667 1231 5726 conspec:u
1275 5653 1508 5723 ﬁliorum
1548 5654 1752 5724 Israel,
1805 5661 2031 5731 regiones

2130 3209 2204 3264 ita
2248 3209 2450 3278 scripta
2502 3215 2664 3272 sunt,
2711 3206 2758 3262 si
2799 3206 3073 3260 Abraham
3123 3219 3209 3258 me
3252 3203 3320 3258 ad
3356 3202 3515 3273 Moysi
3557 3200 3673 3255 dicta

2133 3300 2469 3363 transmittit,
2493 3307 2553 3353 ut
2585 3299 2770 3368 legens
2789 3311 2857 3351 ea
2881 3296 3084 3366 possim
3110 3295 3292 3352 locum
3320 3295 3535 3351 evadere
3549 3291 3675 3346 illum

2131 3397 2546 3466 tormentorum,
2589 3389 2720 3458 quid
2744 3403 2834 3446 me
2859 3386 3071 3456 juvabit
3116 3387 3184 3441 ad
3227 3385 3570 3457 eﬂ’ugiendam
3603 3396 3678 3452 ge-

2131 3485 2365 3539 hennam
2393 3483 2440 3538 si
2478 3483 2652 3552 legam
2683 3481 2952 3550 quomodo
2982 3480 3073 3536 lilii
3113 3479 3329 3540 Ruben.
3360 3488 3419 3533 et
3452 3478 3537 3531 lilii
3557 3475 3673 3535 ϐιόν

2131 3583 2186 3629 et
2219 3574 2439 3628 dimidia
2477 3575 2651 3627 tribus
2682 3571 2948 3636 Manasse.
2996 3570 3371 3626 hmmditatem
3414 3569 3610 3640 capiunt
3649 3579 3673 3616 a

2133 3663 2316 3734 Moyse
2343 3673 2492 3718 trans
2509 3661 2819 3726 Iordanem,
2850 3662 2978 3730 quia
3003 3670 3160 3716 erant
3189 3661 3298 3715 illis
3324 3675 3509 3730 pecora
3541 3655 3676 3712 multa

2133 3771 2246 3826 pne
2282 3756 2492 3811 cieteris
2535 3753 2818 3808 tribubus?
2843 3761 2898 3808 et
2934 3753 3060 3822 quia
3084 3753 3216 3808 dicit
3254 3753 3324 3807 ad
3346 3767 3440 3807 eos
3466 3750 3675 3818 Moyses:

2134 3847 2324 3902 Videte
2353 3863 2420 3903 ne
2449 3849 2791 3903 exacerbetis
2827 3848 3021 3913 Deum,
3057 3849 3195 3904 sicut
3221 3860 3279 3905 et
3309 3849 3384 3904 illi
3410 3848 3578 3903 decem
3602 3841 3675 3913 qui

2133 3937 2284 3992 missi
2322 3946 2447 3993 sunt
2481 3954 2604 3992 cum
2647 3938 2774 3993 Jcsu
2822 3947 2877 3992 et
2917 3937 3082 3994 Caleb
3119 3939 3404 4009 explorare
3433 3946 3610 3991 terram
3634 3940 3677 3984 ct

2135 4029 2407 4094 dicebant,
2438 4031 2561 4098 quia
2589 4038 2737 4084 terra
2785 4029 2906 4084 talis
2930 4039 2984 4083 et
3015 4031 3138 4084 talis
3163 4038 3268 4096 est,
3307 4037 3363 4085 et
3388 4044 3488 4084 non
3521 4037 3678 4097 possu-

2135 4135 2257 4173 mus
2284 4135 2403 4174 eam
2434 4135 2649 4190 capere,
2689 4129 2746 4175 et
2771 4122 2895 4189 quia
2929 4121 2997 4175 ad
3036 4121 3151 4175 haec
3186 4121 3567 4192 responderunt
3599 4113 3674 4168 lilii

2135 4208 2342 4273 Ruben,
2374 4217 2430 4264 et
2461 4212 2641 4265 cieleri
2676 4226 2799 4266 cum
2839 4211 2970 4280 ipsis
2995 4230 3008 4265 :
3034 4210 3111 4265 Da
3136 4212 3294 4268 nobis
3338 4220 3527 4267 terram
3565 4208 3676 4261 hanc

2134 4306 2190 4354 et
2218 4299 2587 4354 hereditatem
2635 4301 2772 4369 ejus,
2821 4311 2876 4357 et
2920 4318 3025 4358 non
3073 4319 3379 4374 quaeremus
3417 4304 3522 4374 jam
3561 4299 3674 4352 ultra

2137 4389 2423 4446 .Iordanem
2456 4393 2788 4450 haereditatis
2817 4405 3018 4450 terram
3047 4413 3168 4452 cum
3200 4398 3457 4452 fratribus
3487 4392 3672 4454 nostris,

2140 4483 2234 4537 sed
2263 4482 2351 4538 hic
2380 4483 2743 4555 relinquemus
2762 4485 3006 4555 jumenta
3037 4495 3239 4554 nostra,
3272 4497 3328 4544 et
3358 4486 3582 4543 sarcinas
3601 4494 3676 4537 no-

2138 4583 2301 4638 stras,
2325 4583 2385 4628 et
2421 4574 2676 4631 mulieres
2713 4587 2770 4632 et
2807 4577 3041 4633 infantes
3083 4589 3336 4646 nostros;
3382 4578 3480 4633 viri
3524 4585 3673 4629 autem

2138 4671 2308 4724 nostri
2339 4669 2489 4724 ibunt
2514 4671 2720 4740 pariter
2745 4681 2801 4726 et
2827 4673 3131 4728 transibunt
3153 4674 3468 4738 Jordanem;
3498 4678 3548 4725 et
3570 4666 3673 4737 quia

2137 4767 2258 4826 post
2287 4759 2400 4813 haec
2430 4759 2639 4829 Moyses
2660 4763 3000 4816 commendat
3035 4778 3128 4818 eos
3163 4762 3286 4818 Jesu
3318 4763 3459 4817 Nave
3485 4757 3676 4815 eti-lica-

2139 4863 2265 4902 zaro
2313 4850 2580 4904 sacerdoti
2633 4849 2743 4905 ﬁlio
2781 4851 2992 4916 Aaron,
3049 4853 3148 4908 sub
3185 4867 3248 4907 ea
3296 4861 3471 4906 tamen
3518 4844 3674 4903 mndi-

2137 4939 2284 4994 tione
2333 4949 2393 4993 ut
2445 4949 2722 4995 transeant
2772 4957 2896 4997 cum
2949 4943 3073 4998 [iliis
3120 4943 3326 5008 Israel,
3374 4951 3428 4996 et
3471 4941 3676 5011 pugnent

2137 5042 2256 5082 cum
2284 5028 2366 5082 eis
2403 5029 2687 5084 adversum
2719 5032 2899 5086 hostes
2925 5033 3014 5101 qui
3047 5042 3203 5087 erant
3228 5043 3376 5088 trans
3401 5031 3671 5086 Iordanen.

2138 5119 2307 5173 donec
2354 5119 2676 5176 liberaretur
2719 5123 2787 5177 ab
2833 5125 2912 5179 eis
2958 5134 3122 5189 terra,
3169 5134 3225 5180 et
3269 5135 3396 5180 tunc
3445 5119 3674 5189 accipiant

2139 5215 2338 5262 terram
2382 5224 2544 5278 quam
2591 5222 2972 5281 poposcerunt,
3013 5216 3155 5284 regis
3181 5215 3322 5270 'Seon
3352 5221 3405 5268 et
3434 5211 3568 5281 regis
3590 5207 3669 5274 θεν

2139 5306 2300 5368 atque
2328 5299 2460 5369 ipsis
2497 5301 2626 5356 solis
2669 5317 2767 5373 per
2810 5304 3024 5376 Moysen
3051 5306 3210 5359 detur
3245 5303 3521 5359 hereditas
3544 5306 3671 5354 extra

2136 5386 2447 5455 Iordanem,
2473 5393 2686 5447 (ueteris
2727 5402 2908 5447 autem
2935 5396 3187 5451 omnibus
3222 5409 3316 5466 per
3343 5393 3520 5449 Iesum
3556 5391 3670 5444 intra

2134 5477 2442 5534 Iordanem.
2476 5481 2619 5536 Dicit
2643 5497 2773 5550 ergo
2805 5483 3032 5553 aliquis:
3063 5485 3201 5552 Quid
3246 5486 3344 5540 ista
3390 5488 3597 5553 prosunt
3619 5473 3670 5528 ad

2136 5572 2236 5626 hoc
2273 5573 2415 5642 quod
2461 5575 2590 5629 dicit
2621 5574 2916 5642 Abraham,
2949 5577 3150 5632 Habent
3180 5579 3390 5648 Moysen
3413 5586 3458 5630 et
3486 5569 3671 5645 prophe-

2137 5673 2238 5728 tas,
2289 5665 2509 5720 audiant
2554 5666 2713 5723 illos?
2751 5684 2858 5738 quo
2887 5670 3092 5726 scilicet
3133 5680 3188 5725 et
3231 5672 3341 5727 hinc
3369 5669 3604 5738 legentes,
3627 5659 3672 5711 in
