3924 6176
319 298 426 353 805
459 329 464 335 -

1022 287 1551 344 ENARRATIONES
1587 287 1653 342 IN
1691 286 1950 342 LIBRUM
1991 285 2456 343 NUMERORUM.
2499 319 2566 327 -—
2606 288 2732 344 LIB.
2774 289 2862 344 IV.

3475 294 3578 348 806

316 415 492 466 locum
528 409 676 462 illum
707 421 811 461 non
841 407 1123 460 deveniam
1152 412 1538 459 tormentorum
1585 418 1598 456 :
1641 403 1753 456 hmc
1797 418 1894 456 an-
1926 411 1974 470 Α
1999 416 2104 471 qua
2131 408 2186 455 et
2209 400 2437 470 priores,
2471 409 2524 453 et
2551 407 2701 454 extra
2746 400 3036 454 Iordanem
3083 413 3137 456 et
3190 387 3514 474 sequestrati
3550 421 3583 459 a
3615 463 3618 465 ,

318 509 426 556 tem
464 498 700 553 diximus
735 496 1034 550 excitantes
1070 495 1278 548 animos
1315 495 1642 556 auditorum,
1675 503 1734 545 ut
1765 492 1896 559 vigi-

317 590 520 645 lantius
543 589 630 642 his
663 603 782 656 qute
825 587 1076 657 leguntur
1117 585 1202 638 vel
1229 584 1816 645 dicuntur’intendant,
1843 592 1902 636 et

318 685 374 738 in
398 681 566 753 Moysi
597 679 815 741 litteris,
845 686 1052 731 remoto
1091 677 1284 731 litterae
1319 675 1605 738 velamine,
1635 673 1709 726 ita
1737 673 1899 726 intel-

318 776 493 845 ligant
521 787 639 842 quaa
678 770 877 838 scripta
905 777 1030 823 sunt
1056 776 1118 821 ut
1150 768 1202 821 in
1233 767 1459 836 singulis
1487 767 1680 835 quibus
1716 780 1776 817 ea
1819 763 1900 816 di-

317 872 522 919 cuntur
559 859 854 914 inveniant.
885 857 1014 923 Quae
1054 858 1098 910 si
1139 856 1501 925 intelligantur
1524 864 1580 909 et
1605 855 1899 910 observen-

322 963 428 1015 tnr,
459 949 669 1020 possint
695 947 990 1010 auditores,
1017 962 1124 1000 non
1165 948 1230 1000 ad
1260 947 1406 1000 illum
1442 947 1618 999 locum
1649 944 1900 999 tormenti

321 1042 514 1097 deduci
554 1052 664 1109 quo
693 1037 843 1091 dives
869 1037 957 1090 ille
981 1038 1072 1106 qui
1107 1036 1294 1090 audire
1321 1039 1435 1090 haec
1462 1051 1580 1105 qum
1610 1037 1660 1089 in
1693 1043 1902 1089 secreto

321 1131 520 1200 scripta
548 1127 892 1196 contempsit,
919 1125 1177 1180 abductus
1197 1135 1299 1190 est,
1329 1126 1422 1179 sed
1447 1135 1499 1178 et
1519 1125 1570 1177 in
1601 1125 1752 1178 sinus
1777 1133 1903 1177 eaut

320 1221 614 1283 Abraham,
659 1218 750 1270 ubi
785 1215 1024 1269 Lazarus
1055 1215 1363 1283 requiescit.
1412 1214 1520 1269 Nos
1572 1224 1749 1267 autem
1785 1228 1905 1267 ore-

321 1326 442 1366 mus
465 1327 533 1365 ex
579 1310 741 1364 corde
774 1309 1003 1362 Verbum
1031 1308 1148 1371 Dei,
1181 1309 1271 1377 qui
1306 1315 1388 1361 est
1429 1307 1738 1377 unigenitus
1765 1307 1900 1373 ejus,

321 1411 379 1456 et
407 1402 496 1470 qui
524 1401 729 1454 revelat
755 1398 971 1453 Patrem
1006 1399 1201 1466 quibus
1248 1399 1380 1462 vult,
1432 1407 1490 1450 ut
1518 1407 1574 1451 et
1605 1398 1758 1451 nobis
1790 1398 1905 1450 [nec

327 1489 570 1544 revelare
597 1487 866 1557 dignetur.
902 1485 1041 1540 Sunt
1077 1487 1218 1540 enim
1244 1485 1296 1539 in
1328 1486 1412 1540 his
1434 1486 1904 1556 repromissionum

325 1577 581 1648 mysteria
606 1592 725 1644 quae
761 1575 1067 1643 repromisit
1093 1575 1438 1644 diligentibus
1463 1590 1540 1629 se.
1578 1575 1815 1629 Exeundi
1838 1576 1906 1630 de

322 1667 562 1737 A‘ngpto
606 1667 829 1736 ﬁguram
862 1665 1071 1719 duobus
1107 1664 1280 1718 modis
1323 1664 1514 1733 accipi,
1555 1673 1611 1718 et
1651 1680 1678 1716 a
1717 1664 1908 1734 priori-

1997 492 2232 553 eieteris,
2258 500 2665 558 consequuntur
2683 489 3074 545 hereditatem.
3099 491 3350 548 Iumenta
3371 511 3586 565 quoque

1998 591 2056 636 et
2095 597 2292 651 pecora
2335 580 2504 634 multa
2555 588 2681 633 sunt
2730 581 2909 635 nobis.
2957 581 3084 635 Ilaec
3127 598 3256 652 ergo
3286 599 3446 639 causa
3478 602 3586 655 qua

1997 675 2150 744 prior
2173 673 2400 744 populus
2429 672 2494 726 ad
2531 673 2898 726 hmreditatem
2933 681 3089 726 terrm
3123 674 3262 728 illius
3296 690 3414 743 quae
3446 677 3586 729 lacte

1999 764 2136 829 ﬂuit,
2179 779 2299 833 qua:
2328 762 2482 817 melle
2511 763 2766 826 abundat,
2799 779 2918 831 qua:
2959 761 3116 815 favus
3163 763 3339 817 mellis
3365 773 3447 818 est
3475 781 3585 835 pra:

1998 855 2146 909 omni
2177 863 2343 918 terra,
2375 869 2482 907 non
2520 853 2695 922 potuit
2722 854 3026 922 pervenire,
3067 870 3166 908 nec
3192 853 3428 909 Verbum
3468 872 3587 910 car-

2003 963 2126 1001 nem
2162 947 2337 1017 potuit
2368 961 2680 1016 agnoscere,
2718 946 2840 1014 quia
2889 946 3054 999 multa
3083 945 3326 1014 jumenta
3355 949 3588 1002 habebat

2005 1050 2058 1095 et
2083 1055 2278 1109 pecora
2319 1039 2503 1092 multa.
2533 1036 2791 1090 Animalis
2821 1038 2955 1090 enim
2989 1053 3089 1089 non
3119 1040 3285 1107 potuit
3326 1039 3588 1108 percipere

2005 1150 2120 1204 qua?
2139 1141 2258 1185 sunt
2286 1131 2499 1198 spiritus
2530 1129 2646 1192 Dei,
2671 1143 2772 1182 nec
2793 1127 3104 1195 spiritaliter
3125 1129 3437 1197 dijudicare,
3462 1131 3586 1198 quia

2005 1223 2158 1274 homo
2185 1236 2301 1273 cum
2340 1220 2395 1271 in
2423 1219 2619 1270 honore
2653 1227 2781 1270 esset
2813 1233 2915 1270 non
2950 1216 3222 1280 intellexit,
3259 1219 3350 1272 sed
3374 1235 3587 1287 compu-

2007 1321 2145 1364 tatus
2179 1319 2253 1364 est
2273 1309 2528 1380 juntentis
2571 1307 2948 1376 insipientibus,
2992 1307 3175 1360 similis
3214 1305 3376 1375 factus
3407 1318 3478 1361 est
3505 1308 3585 1360 his

2009 1401 2180 1474 (Psal.
2228 1401 2439 1472 vam);
2470 1415 2569 1470 pro
2605 1399 2799 1467 quibus
2838 1399 3204 1452 luereditalem
3240 1415 3392 1453 suam
3431 1406 3585 1453 extra

2006 1491 2256 1546 Iordanis
2281 1490 2482 1544 ﬂuenta
2510 1488 2767 1558 percepit,
2806 1497 2862 1542 et
2899 1503 2928 1541 a
2969 1496 3115 1543 terra
3155 1505 3212 1544 se
3243 1501 3427 1544 sancta
3460 1489 3588 1544 fecit

2009 1584 2263 1637 alienum.
2292 1581 2382 1636 Ille
2413 1595 2540 1651 ergo
2583 1577 2812 1649 populus
2854 1579 3062 1648 accepit
3097 1579 3461 1634 hmreditatem
3489 1595 3588 1648 per

2013 1674 2260 1744 Moysen;
2287 1673 2495 1742 accepit
2519 1680 2716 1726 terram
2734 1669 2960 1723 duorum
2986 1687 3170 1742 regum
3195 1672 3584 1726 tantummodo.

324 1755 428 1808 bus
457 1753 654 1809 nostris
678 1762 733 1807 et
761 1768 788 1806 a
816 1753 970 1806 nobis
1000 1767 1142 1822 smpe
1171 1753 1374 1808 dictum
1403 1762 1505 1808 est.
1535 1752 1668 1806 Nam
1701 1761 1756 1806 et
1783 1769 1905 1808 cum

2016 1763 2124 1817 Non
2147 1764 2289 1817 enim
2313 1762 2541 1832 amplius
2561 1758 2738 1832 potuit
2767 1756 2978 1831 Moyses
3001 1759 3304 1815 interﬁcere
3330 1760 3431 1814 nisi
3456 1760 3591 1815 duos

325 1845 451 1915 quis
480 1845 544 1898 de
571 1857 818 1897 errorum
847 1842 1084 1897 tenebris
1122 1842 1188 1896 ad
1221 1843 1512 1914 agnitionis
1536 1843 1715 1897 lumen
1743 1843 1912 1896 addu-
2011 1869 2166 1924 reges
2195 1894 2209 1918 ,
2264 1868 2493 1922 quorum
2545 1860 2750 1909 tenam
2799 1855 3059 1910 dividere;
3121 1851 3332 1921 populis
3353 1891 3367 1914 ,
3423 1851 3592 1907 multa

325 1937 492 1999 citur,
527 1942 582 1988 et
607 1934 673 1988 de
697 1943 909 1988 terrena
935 1935 1342 1990 conversatione
1367 1936 1434 1990 ad
1465 1935 1724 2005 spiritalia
1755 1935 1910 1989 insti-

2016 1944 2259 1998 animalia
2286 1944 2560 2013 multaque
2602 1960 2797 2014 pecora
2832 1945 3177 2000 habentibus.
3217 1942 3325 1997 Illis
3346 1956 3473 1997 vero
3499 1941 3591 2012 qui

332 2036 448 2082 tuta
479 2027 832 2093 convertitur,
871 2027 938 2081 de
985 2025 1222 2098 Egypto
1248 2027 1461 2082 videtur
1499 2027 1676 2082 exisse
1723 2035 1778 2081 et
1812 2041 1905 2081 ve-

2016 2034 2294 2090 Iordancm
2333 2042 2614 2089 transeunt
2645 2034 2804 2090 Iesus
2843 2035 3032 2089 dividit
3075 2043 3314 2089 terram:
3344 2032 3592 2102 quamvis

325 2119 474 2172 uisse
501 2119 569 2173 ad
607 2118 969 2183 solitudinem,
999 2118 1066 2171 ad
1097 2118 1246 2172 illum
1272 2117 1522 2172 videlicet
1552 2117 1675 2171 vita:
1703 2126 1907 2172 statum

326 2211 382 2264 in
411 2227 520 2280 quo
549 2226 645 2280 per
675 2209 946 2263 silentium
991 2218 1047 2263 et
1089 2210 1326 2278 quietem
1353 2218 1672 2264 exerceatur
1710 2209 1908 2264 divinis

327 2304 556 2373 legibus,
599 2310 654 2355 et
694 2301 920 2370 eloquiis
963 2300 1270 2355 caalestibus
1317 2300 1632 2354 imbuatur:
1665 2315 1762 2371 per
1787 2314 1907 2368 qua:

326 2391 606 2446 institutus
627 2397 685 2443 et
707 2389 960 2452 directus,
993 2403 1113 2443 cum
1140 2387 1428 2444 Iordanem
1459 2389 1757 2452 transierit,
1781 2402 1908 2457 pro-

325 2489 481 2551 peret
513 2495 682 2550 usque
725 2479 791 2532 ad
843 2488 1043 2533 terram
1085 2479 1540 2549 repromissionis,
1585 2479 1637 2533 id
1675 2489 1780 2543 est,
1809 2493 1908 2548 per

327 2571 560 2641 gratiam
593 2570 864 2640 baptismi,
887 2584 1057 2638 usque
1085 2570 1152 2622 ad
1179 2569 1487 2639 evangelica
1512 2569 1756 2623 instituta
1785 2584 1908 2638 per-

329 2664 530 2717 veniat.
561 2661 668 2716 Sed
697 2671 754 2715 et
780 2662 923 2716 illam
963 2661 1187 2731 ﬁguram
1231 2676 1352 2716 esse
1397 2661 1630 2716 diximus
1675 2659 1907 2714 exeundi

333 2757 402 2812 de
430 2754 686 2827 Egypto,
716 2770 838 2809 cum
867 2753 1121 2822 relinquit
1153 2753 1332 2807 anima
1373 2753 1556 2807 mundi
1580 2752 1738 2822 hujus
1762 2763 1910 2807 tene-

329 2845 462 2900 bras
487 2860 552 2898 ac
582 2853 787 2899 natura:
827 2859 1100 2914 corporea:
1138 2843 1455 2908 ciuitatem,
1503 2850 1559 2896 et
1588 2841 1911 2896 transfertur

2003 2128 2239 2182 habeant
2277 2127 2443 2182 etiam
2482 2127 2582 2197 ipsi
2627 2128 2900 2193 animalia,
2942 2127 3177 2182 habeant
3218 2142 3436 2198 pecora,
3483 2141 3590 2180 non

2005 2224 2187 2271 tamen
2227 2225 2375 2270 tanta
2401 2231 2519 2286 qua:
2546 2231 2638 2271 eos
2664 2216 2952 2272 excludant
2989 2231 3056 2271 ne
3094 2214 3380 2270 Iordanem
3409 2223 3588 2269 trans-

2005 2315 2151 2361 eant.
2182 2305 2290 2361 Sed
2315 2322 2436 2360 cum
2462 2307 2592 2376 ipsis
2619 2316 2674 2362 et
2697 2307 3032 2371 mulieribus,
3061 2314 3114 2360 et
3139 2320 3262 2358 cum
3296 2303 3594 2358 infantibus

2007 2397 2119 2450 suis
2161 2395 2495 2450 contendunt
2543 2396 2774 2450 transire
2811 2394 3122 2459 Iordanem,
3170 2405 3226 2448 et
3266 2394 3334 2448 ad
3377 2402 3594 2463 patrum

2003 2489 2288 2559 pervenire
2314 2488 2598 2558 promissa.
2628 2487 2706 2542 Illi
2734 2495 2912 2541 autem
2943 2495 3164 2556 propter
3185 2501 3402 2557 pecora,
3420 2481 3486 2540 ἐι
3505 2485 3595 2554 ju-

2009 2587 2211 2643 menta,
2249 2587 2304 2633 et
2343 2577 2596 2633 mulieres
2619 2593 2766 2642 suas,
2795 2587 2851 2631 et
2882 2575 3138 2642 infantes,
3166 2591 3273 2630 non
3304 2584 3596 2644 potuerunt

2008 2671 2240 2725 transire
2275 2669 2584 2732 Iordanem,
2634 2684 2732 2723 nec
2768 2667 2835 2721 ad
2877 2667 3036 2722 ﬁdem
3080 2665 3307 2730 Christi,
3348 2681 3467 2734 quae
3513 2675 3597 2720 est

2010 2765 2155 2816 terra
2203 2761 2658 2830 repromissionis,
2711 2759 2932 2813 intrare.
2986 2759 3236 2828 Increpat
3283 2767 3458 2812 tamen
3501 2773 3596 2813 eos

2011 2853 2242 2924 Moyses,
2275 2866 2328 2907 et
2357 2853 2487 2907 dicit
2513 2852 2580 2906 ad
2624 2851 2759 2906 ﬁlios
2789 2850 2976 2903 Ruben
3013 2857 3068 2903 et
3097 2848 3235 2902 ﬁlios
3268 2848 3382 2902 Gad
3414 2866 3426 2900 :
3464 2846 3592 2901 Fra-

330 2937 402 2990 ad
427 2935 570 2990 aliud
593 2934 870 2999 saxulum,
897 2935 1040 3003 quod
1063 2933 1147 2989 vel
1176 2934 1327 2988 sinus
1355 2934 1608 2998 Abrabaz,
1638 2941 1696 2987 ut
1729 2931 1782 2986 in
1811 2931 1914 2986 La-

2016 2953 2126 2998 tres
2149 2943 2312 2998 vestri
2343 2950 2565 3011 pergent
2593 2941 2658 2994 ad
2686 2939 2948 3010 praelium,
2973 2947 3027 2992 et
3058 2953 3154 2992 vos
3179 2937 3433 2992 scdebitis
3467 2937 3553 2992 hic
3572 2935 3599 2990 ἲ

331 3042 486 3092 lam.
515 3025 598 3080 "CI
624 3025 925 3094 Paradisus,
963 3034 1021 3079 ιιι
1056 3026 1108 3078 in
1142 3025 1349 3079 lalwlle
1378 3025 1468 3094 qui
1493 3023 1560 3078 de
1591 3039 1753 3080 οηιοθ
1791 3038 1912 3079 01⁸6-
1950 3094 1983 3103 Α
2016 3033 2084 3088 Et
2121 3049 2288 3103 quare
2329 3031 2638 3103 pervertitis
2666 3030 2827 3085 corda
2875 3030 3103 3084 ﬁliorum
3151 3029 3335 3093 Israel,
3385 3037 3446 3082 ut
3487 3043 3599 3083 non

331 3121 493 3181 didit,
540 3120 838 3184 indicatur;
868 3119 952 3174 vel
983 3120 1146 3173 etiam
1199 3120 1245 3174 si
1283 3135 1386 3189 qua
1433 3121 1575 3175 Deus
1611 3121 1759 3174 novit
1795 3134 1914 3174 esse
1941 3094 1985 3156 Β
2020 3094 2296 3179 transeant
2329 3094 2384 3177 in
2411 3130 2614 3176 terram
2642 3135 2802 3190 quam
2833 3120 3090 3174 Dominus
3118 3119 3209 3174 dat
3239 3119 3352 3173 eis?
3383 3118 3600 3172 Etcum

330 3211 437 3266 alia
491 3211 631 3275 loca,
670 3210 752 3264 vel
793 3210 926 3264 alias
963 3211 1290 3275 mansiones,
1339 3226 1438 3280 per
1487 3225 1608 3281 qua!
1653 3210 1918 3264 transiens
2019 3215 2350 3284 increpasset
2385 3227 2478 3267 eos
2507 3210 2814 3280 hujnsmodi
2859 3209 3058 3272 verbis,
3104 3216 3470 3272 accesserunt,
3516 3207 3602 3261 in-

333 3302 521 3356 anima
558 3301 670 3354 Deo
698 3301 946 3363 credens,
976 3309 1030 3353 et
1063 3301 1379 3368 perveniens
1419 3315 1588 3369 usque
1622 3301 1690 3354 ad
1719 3298 1917 3354 ﬁumen

340 3391 472 3446 illud
511 3392 653 3460 quod
681 3390 922 3445 laetiﬁcat
961 3390 1233 3468 civitatem
1275 3391 1388 3454 Dei,
1427 3391 1565 3445 intra
1598 3391 1770 3461 ipsum
1796 3406 1916 3445 sor-

337 3491 451 3538 tem
498 3481 774 3551 promissa:
811 3481 1058 3549 patribus
1101 3481 1429 3536 barreditatis
1466 3481 1712 3551 accipiat.
1755 3480 1920 3551 Igitur

333 3588 467 3627 cum
490 3571 711 3641 duplici,
739 3577 801 3623 ut
836 3571 1271 3633 memoravimus,
1300 3571 1459 3625 modo
1499 3586 1748 3640 egressus
1775 3571 1916 3624 desi-

333 3672 537 3734 gnetur
561 3675 628 3714 ex
654 3658 910 3729 Egypto,
938 3666 998 3713 et
1032 3658 1292 3712 transitur
1319 3661 1386 3712 ad
1425 3659 1719 3722 desertum,
1759 3665 1921 3725 atque

335 3755 469 3811 inde
496 3767 747 3822 egressus
771 3751 840 3805 ad
875 3758 1073 3805 sanctae
1111 3759 1270 3802 terrm
1307 3749 1696 3812 haereditatem,
1741 3747 1922 3801 videa-

335 3859 466 3900 mus
509 3857 649 3896 nunc
689 3840 816 3910 quid
846 3840 946 3894 sibi
988 3838 1117 3893 velit
1141 3837 1331 3892 Ruben
1359 3846 1412 3891 ει
1446 3835 1584 3900 Gad,
1619 3845 1673 3890 et
1701 3835 1920 3892 dimidia

338 3935 522 3989 tribus
547 3931 791 3985 Illanasse
821 3929 1126 3992 lnereditas,
1159 3942 1278 3996 qua:
1302 3941 1397 3996 per
1426 3925 1642 3996 Moysen
1674 3924 1920 3989 traditur,

339 4033 403 4080 et
431 4031 583 4078 extra
611 4020 898 4076 Iordanem
934 4019 1258 4074 decernitur.
1289 4017 1345 4070 In
1368 4017 1646 4072 duodecim
1679 4014 1924 4070 tribubus

340 4123 582 4178 ﬁliorum
608 4119 792 4184 Israel,
815 4116 1039 4172 occultis
1061 4115 1376 4184 quibusdam
1403 4121 1457 4169 et
1491 4112 1730 4183 mysticis
1756 4111 1922 4166 ratio-

340 4213 528 4276 nibus,
581 4212 744 4266 totius
785 4207 1005 4265 humani
1046 4206 1261 4277 generis
1312 4205 1486 4276 ﬁgura
1531 4204 1924 4273 complectitur,

344 4304 437 4358 vel
473 4303 709 4359 omnium
755 4309 906 4356 certe
948 4298 1224 4352 hominum
1263 4295 1355 4364 qui
1381 4297 1446 4349 ad
1475 4294 1798 4365 agnitionem
1832 4292 1926 4347 Dei

344 4400 636 4448 venerunt.
670 4389 871 4443 Horum
914 4402 1041 4442 vero
1069 4401 1194 4456 pars
1221 4385 1396 4454 aliqua
1440 4392 1594 4438 extra
1633 4382 1922 4437 Iordanem

1951 4429 2000 4488 D

2018 3305 2155 3375 quit,
2187 3305 2255 3359 ad
2291 3318 2414 3357 eum
2462 3301 2555 3356 lilii
2595 3301 2806 3365 Ruben,
2836 3309 2890 3355 et
2920 3299 3013 3352 ﬁlii
3040 3298 3176 3362 Gad,
3219 3306 3275 3353 et
3301 3297 3546 3353 dicebant
3580 3316 3598 3352 :

2013 3394 2190 3451 Ovilia
2216 3394 2405 3449 ovibus
2427 3393 2757 3448 fabricamus
2788 3390 2877 3446 hic
2904 3399 2959 3444 et
2984 3391 3267 3460 pecoribus
3292 3398 3347 3444 et
3371 3389 3602 3444 civitati-

2019 3485 2119 3538 bus
2140 3483 2398 3551 jumcntis
2420 3484 2619 3537 nostris
2644 3481 2722 3553 [et
2738 3481 2946 3536 stabula
2963 3478 3244 3547 iumentis,
3269 3488 3324 3534 et
3348 3480 3600 3534 civitates

2016 3573 2259 3642 parvulis
2287 3571 2547 3644 nostris];
2581 3581 2637 3626 et
2673 3587 2770 3627 nos
2807 3571 2999 3624 armati
3035 3571 3208 3639 prima
3243 3579 3418 3623 turma
3454 3569 3602 3624 ince-

2019 3664 2197 3717 dimus
2231 3672 2354 3718 ante
2395 3662 2532 3717 ﬁlios
2557 3662 2750 3726 Israel,
2790 3676 3070 3730 usquequo
3112 3661 3472 3729 perducamus
3507 3675 3601 3714 eos

2017 3756 2074 3810 in
2119 3755 2292 3809 locum
2339 3769 2512 3809 suum.
2547 3754 2612 3808 Et
2639 3755 2755 3808 hare
2784 3752 3182 3823 promittentes,
3217 3752 3606 3820 mitigaverunt

2019 3844 2265 3915 Moysen,
2303 3844 2376 3898 ita
2417 3852 2478 3898 ut
2516 3845 2632 3912 ipse
2653 3858 2750 3898 eos
2785 3841 3188 3897 commendaret
3211 3839 3337 3895 Iesu
3367 3851 3421 3896 et
3445 3842 3602 3896 Elea-

2019 3950 2171 3989 zaro.
2199 3935 2275 3988 lta
2301 3935 2444 3988 enim
2469 3933 2732 4004 scriptum
2758 3940 2841 3987 est
2869 3950 2886 3985 ι
2918 3930 2986 3984 Et
3010 3929 3249 3984 adhibuit
3275 3947 3361 3984 eos
3397 3929 3601 4000 Moyses

2021 4027 2091 4080 ad
2120 4025 2436 4079 Eleazarum
2470 4024 2815 4090 sacerdotem,
2850 4031 2898 4077 et
2938 4020 3120 4076 Iesum
3153 4021 3321 4091 ﬁlium
3354 4020 3518 4084 Nave,
3551 4033 3600 4076 et

2013 4119 2279 4189 principes
2311 4117 2633 4187 familiarum
2669 4117 2918 4179 tribuum,
2952 4124 3000 4168 et
3033 4115 3109 4166 ait
3137 4114 3205 4167 ad
3232 4130 3317 4167 eos
3357 4113 3560 4182 Moyses
3583 4125 3603 4164 :

2021 4206 2084 4261 Si
2109 4209 2416 4261 transierint
2447 4207 2546 4276 ﬁlii
2575 4205 2754 4259 Ruben
2782 4215 2829 4259 et
2853 4205 2954 4274 ﬁlii
2983 4201 3099 4256 Gad
3122 4203 3382 4256 vobiscum
3408 4203 3605 4256 Iorda-

2027 4313 2143 4350 nem
2171 4314 2348 4352 omnes
2376 4297 2567 4350 armati
2594 4297 2662 4348 ad
2689 4295 2930 4365 prwliam
2961 4309 3138 4347 coram
3169 4291 3412 4356 Domino,
3441 4303 3489 4346 et
3517 4295 3606 4347 ob-

2029 4386 2289 4440 tinueritis
2313 4395 2504 4439 terram
2527 4385 2582 4437 in
2604 4395 2877 4454 conspectu
2889 4393 3080 4448 vestro,
3103 4382 3294 4436 dabitis
3316 4382 3389 4436 eis
3411 4392 3606 4436 terram

343 4492 411 4538 et
435 4480 798 4534 hatreditatcm
827 4476 1175 4545 consequitur
1211 4489 1306 4542 Per
1351 4472 1599 4542 Moysen;
1627 4487 1754 4539 Pars
1795 4486 1924 4524 V670
1954 4471 1998 4488 υ
2025 4475 2233 4530 Galaad
2253 4477 2306 4529 in
2327 4475 2716 4546 possessionem.
2736 4474 2917 4528 Terra:
2933 4473 3200 4528 nomenin
3212 4471 3511 4541 Scripturis
3531 4472 3609 4526 di-

348 4571 552 4626 trausit
579 4568 888 4631 Iordanem,
921 4575 975 4620 et
997 4565 1364 4620 haereditatem
1412 4562 1634 4630 suscipit
1681 4561 1735 4614 in
1784 4569 1926 4615 terra

349 4659 790 4732 repromissionis
813 4672 912 4727 per
943 4656 1149 4712 Iesum.
1181 4655 1247 4709 Et
1269 4653 1343 4707 illi
1374 4652 1589 4723 quidem
1623 4651 1818 4720 quibus
1842 4665 1930 4705 ex-

350 4764 441 4808 tra
467 4751 756 4806 Iordanem
801 4749 1086 4804 hiereditas
1122 4745 1449 4808 decernitur,
1479 4743 1734 4812 primitivi
1770 4752 1925 4807 sunt;

352 4845 488 4897 licet
541 4841 720 4895 minus
769 4838 994 4903 nobiles,
1030 4837 1154 4892 licet
1201 4851 1305 4890 non
1351 4834 1625 4904 inculpati,
1671 4833 1928 4902 primitivi

354 4941 538 4986 tamen
562 4939 708 4985 sunt.
737 4928 923 4984 Ruben
953 4942 1189 4996 namque
1212 4935 1295 4982 est
1319 4925 1706 4996 primogenitus
1731 4923 1927 4990 Iacob;

355 5021 488 5075 licet
539 5019 985 5074 contaminaverit
1035 5018 1247 5072 thorum
1295 5017 1496 5086 patris,
1543 5017 1930 5085 primogenitus
1957 5024 1974 5029 ’

359 5119 542 5165 tamen
571 5116 670 5164 est.
698 5108 940 5162 Manasse
961 5120 1197 5176 quoque,
1227 5104 1378 5173 cujus
1401 5107 1620 5161 dimidia
1643 5105 1812 5159 tribus
1839 5121 1933 5160 ex—

360 5209 450 5254 tra
481 5196 768 5254 Iordanem
807 5197 1169 5266 consequitur,
1213 5203 1269 5250 et
1297 5197 1407 5266 ipse
1432 5196 1556 5250 licet
1585 5196 1649 5250 de
1680 5195 1933 5266 Egyptia

361 5298 526 5345 natus
569 5296 675 5355 est,
710 5288 1096 5359 primogenitus
1145 5295 1320 5341 tamen
1367 5295 1468 5340 est.
1518 5285 1715 5340 Omnes
1757 5294 1933 5340 tamen

361 5380 456 5437 isti
486 5380 824 5452 primogeniti
872 5387 1016 5444 sunt,
1055 5387 1109 5433 et
1149 5379 1267 5432 ideo
1302 5377 1536 5447 priorem
1563 5376 1816 5445 populum
1845 5378 1935 5431 de-

359 5471 597 5540 signant,
627 5473 718 5542 qni
745 5487 849 5526 non
891 5487 987 5540 per
1023 5467 1205 5523 Iesum
1237 5468 1520 5522 Dominum
1553 5475 1815 5530 nostrum,
1847 5467 1941 5521 sed

361 5577 470 5636 per
499 5561 710 5633 Moysen
739 5572 890 5616 extra
919 5561 1204 5616 Iordanem
1243 5569 1440 5613 sortem
1489 5557 1818 5612 hmreditatis
1857 5572 1944 5612 ac-

363 5651 597 5725 cipiunt.
628 5653 921 5710 Considera
959 5660 1137 5706 autem
1177 5649 1481 5722 diligentius
1523 5648 1686 5716 etiam
1723 5663 1940 5704 causam

2023 4566 2168 4621 vinis
2187 4566 2420 4636 positum
2442 4565 2672 4620 diversis
2691 4563 3175 4635 signiﬁcationibus
3197 4563 3520 4618 invenimus.
3542 4563 3610 4620 Et

2025 4657 2202 4727 primo
2223 4655 2437 4726 quidem
2462 4661 2604 4709 terra
2625 4656 2739 4710 hmo
2763 4654 2815 4708 in
2838 4669 2942 4723 qua
2959 4653 3266 4708 habitamus
3287 4667 3396 4707 non
3419 4669 3482 4707 ex
3506 4653 3610 4708 ini-

2031 4747 2108 4802 tio
2154 4754 2299 4801 terra
2346 4745 2580 4800 vocitata
2624 4753 2726 4810 est,
2751 4745 2844 4799 sed
2891 4745 3060 4799 arida.
3096 4744 3161 4797 Et
3195 4755 3317 4813 post
3341 4744 3456 4798 hmo
3486 4760 3604 4813 quae

2033 4837 2182 4908 prius
2205 4837 2342 4891 dicta
2369 4834 2542 4889 fuerat
2566 4836 2915 4899 arida,terr:e
2941 4847 3138 4888 nomen
3168 4834 3394 4902 accepit.
3427 4833 3520 4889 Sic
3553 4841 3610 4888 et

2035 4928 2232 4981 coelum
2257 4926 2398 4980 istud
2427 4925 2636 4980 visibile
2657 4941 2764 4980 non
2783 4926 2850 4979 ab
2872 4925 3024 4979 initio
3054 4925 3247 4981 malum
3272 4926 3474 4980 dictum
3503 4934 3609 4990 est,

2037 5016 2130 5070 sed
2174 5015 2324 5085 prius
2378 5014 2773 5071 ﬁrmamentum
2807 5023 2930 5085 post
2977 5016 3141 5070 etiam
3179 5015 3302 5071 cadi
3351 5015 3610 5071 vocabulo

2038 5114 2398 5175 nuncupatum
2423 5117 2527 5161 est.
2559 5107 2616 5162 In
2657 5107 2922 5178 principio
2961 5115 3143 5163 tamen
3195 5116 3454 5162 creatura:
3500 5122 3609 5160 cm-

2039 5197 2148 5250 Ium
2194 5207 2249 5251 et
2299 5206 2498 5251 terram
2533 5198 2725 5254 fecisse
2762 5199 2960 5254 dicitur
2991 5199 3153 5264 Deus,
3197 5205 3252 5252 et
3279 5207 3463 5266 postea
3497 5195 3610 5249 ari-

2039 5289 2185 5351 dam,
2227 5297 2282 5342 et
2305 5297 2492 5358 postea
2523 5288 2941 5344 ﬁrmamentum.
2969 5289 3172 5345 Omnes
3207 5287 3348 5340 enim
3375 5300 3473 5338 nos
3511 5284 3610 5338 do-

2039 5393 2138 5432 nec
2161 5376 2476 5432 infructuosi
2512 5394 2718 5443 sumus,
2745 5387 2799 5433 et
2823 5378 3026 5432 nullum
3055 5375 3322 5446 pudicitiae
3359 5373 3610 5439 fructum,

2040 5468 2240 5523 nullum
2263 5469 2506 5537 justitite,
2534 5469 2735 5523 nullum
2766 5469 2984 5539 pietatis
3019 5465 3311 5527 afferimus,
3337 5464 3475 5518 aridi
3515 5480 3615 5518 su-

2041 5573 2182 5612 mus.
2234 5556 2292 5612 Si
2341 5567 2520 5612 autem
2571 5559 2930 5628 nosmetipsos
2975 5554 3300 5624 coeperimus
3349 5553 3614 5616 excolere.

2039 5656 2096 5703 et
2137 5649 2203 5702 ad
2252 5648 2510 5704 virtutum
2552 5647 2760 5718 frugem
2807 5648 3018 5702 desides
3073 5644 3281 5699 animos
3335 5644 3618 5712 suscitare,
