3932 6188
324 286 434 343 807

986 273 1045 327 Β.
1089 269 1339 325 RABANI
1384 267 1600 323 ιιΑυιιι
1640 264 1955 321 ARCHIEI’.
1996 262 2305 318 MOGUNI‘.
2350 258 2631 316 OPERUM
2673 256 2850 311 PARS
2889 256 2929 310 Ι.

3505 255 3619 310 8βὲ

330 407 475 449 terra
510 388 774 445 efficimur
819 401 888 440 ex
932 384 1105 445 arida,
1158 397 1275 449 quae
1325 380 1473 433 verbi
1525 378 1618 433 Dei
1671 384 1917 444 suscepta
1947 379 1996 436 Α
2028 374 2112 427 tia:
2149 372 2487 427 dulcedinem
2526 370 2803 438 capientes
2838 386 2849 419 :
2882 381 3110 434 quorum
3156 364 3376 420 ﬂumine
3423 366 3623 419 civitas

331 483 538 540 semina
577 480 697 534 lecta
738 478 891 546 fruge
919 473 1256 541 multiplicat.
1301 470 1392 522 Est
1433 482 1562 537 ergo
1588 467 1832 535 qutedam
1866 465 1919 517 in

326 587 500 641 regno
529 568 621 621 Dei
650 576 814 627 terra,
841 578 960 632 quae
985 559 1279 614 mansuetis
1304 557 1656 627 promittitur,
1692 562 1742 609 et
1780 563 1922 608 terra

333 672 453 728 qua:
476 656 772 709 viventium
806 652 1130 713 nominatur,
1155 658 1211 702 et
1235 656 1378 701 terra
1403 648 1454 699 in
1481 644 1709 699 excelsis
1730 643 1921 714 posita,

335 749 401 804 de
451 762 554 813 qua
604 746 668 797 ad
705 745 909 813 justum
946 740 1214 808 Propheta
1262 737 1436 792 dicit:
1472 735 1718 790 Exaltavi
1766 743 1816 787 te
1868 740 1926 787 ut

334 839 623 896 lneredites
671 845 890 890 terram.
944 833 1105 885 Istius
1158 846 1286 900 ergo
1338 829 1704 883 hatreditatcm
1748 835 1923 890 terrte,

334 937 685 998 posteaquam
737 927 802 979 de
853 924 1037 976 mundi
1084 923 1240 991 hujus
1294 920 1526 990 {Egypto
1567 919 1777 984 exierit,
1819 920 1928 973 Deo

339 1020 564 1074 credens
600 1017 776 1069 anima
827 1022 1211 1082 consequetur.
1256 1012 1319 1064 Et
1355 1011 1481 1064 alibi
1509 1009 1724 1078 quidem
1755 1008 1809 1062 hi
1837 1008 1930 1076 qui

339 1111 440 1163 sub
480 1110 595 1175 lege
637 1108 909 1169 vixerunt,
954 1104 1082 1158 alibi
1124 1113 1304 1157 autem
1338 1101 1427 1170 qui
1458 1117 1553 1170 per
1576 1098 1931 1154 Jesu-Christi

340 1200 499 1257 fidem
542 1208 596 1250 et
645 1197 875 1266 gratiam
927 1194 1222 1263 dispensati
1272 1202 1414 1246 sunt.
1447 1192 1833 1245 Verumtamen
1876 1188 1932 1242 bi

340 1287 429 1355 qui
484 1286 732 1339 videntur
774 1283 932 1351 primi
975 1294 1030 1336 et
1076 1300 1170 1352 per
1216 1281 1430 1351 Moysen
1472 1279 1785 1348 dispensati,
1826 1293 1962 1332 non.

339 1375 491 1445 prius
517 1379 921 1440 consequuntur
951 1371 1325 1424 ha-reditatem
1366 1368 1465 1422 sibi
1506 1368 1800 1433 decretam,
1831 1367 1933 1420 nisi

342 1472 398 1517 et
432 1464 531 1533 ipsi
569 1468 848 1515 transeant
885 1475 1007 1513 cum
1058 1460 1145 1513 his
1192 1474 1327 1528 quos
1354 1455 1511 1511 Jesus
1555 1457 1850 1525 dispensat,
1882 1464 1936 1509 et

345 1565 551 1628 pugnat
581 1571 703 1610 cum
739 1555 817 1608 eis
846 1562 1035 1608 contra
1078 1552 1345 1613 inimicos,
1379 1559 1433 1604 et
1471 1549 1732 1604 collocent
1759 1562 1851 1603 eos
1880 1548 1935 1602 in

344 1648 564 1703 sedibus
611 1646 742 1711 suis,
775 1646 848 1699 ita
889 1652 945 1699 et
987 1644 1088 1712 ipsi
1128 1650 1535 1709 consequuntur
1565 1637 1935 1692 hmrcditatem

348 1754 512 1809 quam
543 1738 721 1807 Moyse
752 1738 887 1791 duce
918 1741 1252 1789 meruerunt.
1288 1732 1395 1786 Sed
1424 1732 1538 1785 haec
1566 1729 1669 1785 nisi
1699 1744 1766 1783 ex
1794 1727 1938 1783 Scri-

345 1830 520 1901 pturis
557 1829 753 1883 divinis
780 1826 1166 1897 approbantur,
1206 1822 1399 1877 fabul-.e
1423 1821 1767 1883 videbuntur.
1796 1819 1938 1873 Pau-

348 1916 433 1991 lus
474 1934 602 1988 ergo
639 1919 831 1972 horum
873 1917 1203 1987 producatur
1246 1916 1473 1970 idoneus
1516 1916 1700 1979 testis,
1747 1913 1840 1983 qui
1885 1914 1940 1968 in

349 2010 589 2081 Epistola
635 2009 701 2063 ad
748 2009 1025 2075 Hebrmos,
1054 2008 1145 2061 ubi
1186 2008 1438 2063 describit
1475 2009 1593 2064 illos
1622 2023 1812 2064 oumes
1838 2006 1941 2062 Pa—

351 2108 463 2155 tres
498 2109 551 2154 et
586 2100 925 2171 patriarchas
962 2114 1027 2154 ac
1071 2100 1364 2169 prophetas
1391 2099 1483 2169 qui
1511 2114 1608 2170 per
1636 2099 1796 2154 fidem
1822 2099 1941 2169 pla-

350 2197 582 2243 cuerunt
629 2188 771 2256 Deo,
820 2199 944 2259 post
996 2191 1458 2245 enumerationem
1502 2199 1840 2257 cunctorum,
1886 2190 1943 2246 in

351 2280 542 2334 ultima
587 2280 932 2335 conclusione
982 2281 1060 2335 sic
1106 2279 1239 2335 dicit
1276 2282 1343 2335 de
1380 2281 1459 2336 eis
1499 2300 1511 2333 :
1546 2281 1614 2335 Et
1649 2281 1705 2335 hi
1732 2295 1941 2347 omnes,

353 2370 664 2425 testimonio
698 2369 820 2425 ﬁdei
851 2379 1092 2439 accepto,
1127 2386 1231 2424 non
1261 2378 1617 2440 perceperunt
1660 2370 1946 2439 repromis-

346 2461 556 2523 siones,
584 2460 692 2514 Deo
720 2476 819 2531 pro
852 2460 1006 2514 nobis
1033 2460 1234 2529 aliquid
1269 2460 1601 2528 providente,
1632 2460 1708 2512 uti
1736 2475 1803 2514 ne
1830 2460 1947 2515 sine

358 2548 512 2602 nobis
546 2558 1069 2602 consummarentur.
1118 2549 1280 2616 Quasi
1323 2549 1402 2602 sic
1437 2549 1677 2603 diceret:
1704 2547 1824 2602 ista:
1851 2564 1948 2602 no-

357 2653 478 2692 vem
516 2638 680 2692 semis
708 2638 877 2691 tribus
914 2648 1199 2707 propterea
1253 2654 1359 2693 non
1399 2647 1725 2708 acceperunt
1761 2654 1950 2710 repro-

358 2729 673 2784 missionem
708 2739 864 2784 terra:
903 2730 1044 2783 illius
1079 2745 1197 2798 qua:
1225 2729 1305 2783 eis
1339 2740 1493 2783 extra
1531 2728 1823 2784 Jordanem
1851 2745 1950 2801 per

359 2819 581 2891 Moysen
632 2821 847 2874 decreta
878 2829 979 2885 est,
1027 2820 1139 2875 Deo
1182 2836 1279 2888 pro
1318 2820 1473 2875 nobis
1514 2820 1704 2874 melius
1747 2820 1953 2890 aliquid

358 2911 699 2979 providente,
729 2920 787 2964 ut
809 2927 878 2966 ne
923 2912 1039 2966 sine
1072 2911 1228 2966 nobis
1265 2920 1789 2965 consummarentur.
1819 2910 1952 2967 Pto-

359 3010 543 3072 pterea
573 3016 701 3069 ergo
731 3010 1006 3055 transeant
1044 3000 1324 3055 nobiscum
1362 3001 1559 3054 armati
1587 3001 1651 3054 ad
1681 3000 1949 3070 praelium,

360 3091 623 3162 etjuvcnt
649 3110 748 3148 nos
778 3094 846 3147 ad
882 3093 1310 3164 belligerandum
1339 3093 1407 3148 ad
1433 3093 1819 3162 expugnandos
1852 3092 1954 3146 ini-
1982 3090 2025 3152 C

363 3187 553 3241 mices.
590 3185 697 3240 Sed
749 3186 823 3239 illi
878 3194 1159 3239 transeunt
1194 3185 1284 3254 qui
1324 3183 1518 3237 armati
1552 3190 1698 3249 sunt,
1729 3183 1819 3253 qui
1853 3183 1955 3237 viri

362 3278 535 3332 fortes
567 3285 693 3330 sunt
739 3285 795 3329 et
820 3284 1090 3344 potentes,
1136 3275 1317 3329 caeteri
1358 3289 1488 3330 vero
1522 3290 1730 3340 omnes,
1763 3276 1953 3345 ignava

366 3383 559 3424 manus
601 3376 655 3423 et
696 3367 950 3433 imbellis,
1002 3375 1288 3422 remanent
1334 3378 1487 3421 extra
1530 3364 1839 3421 Jordancm.
1899 3367 1957 3422 Si

368 3462 459 3531 qui
495 3469 676 3515 autem
714 3460 767 3513 in
800 3459 929 3528 ipsis
958 3459 1061 3524 viri
1098 3458 1267 3514 fortes
1297 3468 1442 3526 sunt,
1473 3460 1676 3516 relictis
1712 3461 1957 3516 animali.

368 3553 469 3607 bus
497 3560 551 3606 et
578 3552 884 3621 pecoribus,
917 3561 972 3605 et
997 3551 1246 3606 omnibus
1277 3552 1693 3621 impedimentis,
1721 3562 1960 3624 pugnent

369 3642 654 3696 adversum
684 3644 892 3696 hostem
918 3640 1219 3709 nobiscum,
1249 3658 1529 3712 usquequo
1551 3643 1835 3698 vincantur
1858 3644 1961 3698 ini.

369 3735 497 3790 mici
550 3736 754 3801 nostri,
804 3750 1084 3805 usquequo
1149 3738 1517 3792 hmredilatem
1576 3747 1735 3793 terrae
1782 3739 1957 3804 bonae,

372 3835 530 3879 terra:
572 3825 749 3880 mellis
789 3825 1053 3895 lactisque
1092 3826 1390 3897 capiamus.
1421 3828 1553 3894 Quis
1581 3828 1725 3882 enim
1753 3828 1961 3882 dubitat

370 3916 513 3984 quod
534 3916 715 3985 sancti,
729 3917 931 3985 quique
951 3925 1169 3985 patrum
1195 3925 1251 3971 et
1273 3918 1612 3973 orationibus
1632 3933 1731 3972 nos
1747 3917 1958 3987 juvent,

370 4011 427 4058 et
481 4012 761 4074 gestorum
811 4019 1031 4058 suorum
1085 4006 1409 4060 conlirmcnt
1459 4015 1621 4075 atque
1678 4007 1963 4063 hortentur

372 4092 674 4164 exemplis?
704 4091 812 4148 Sed
842 4101 898 4147 et
919 4094 1280 4152 voluminibus
1305 4097 1419 4152 suis
1445 4110 1541 4167 per
1565 4114 1627 4152 ea
1663 4114 1781 4168 qua:
1808 4101 1964 4154 nobis

374 4183 444 4237 ad
491 4182 808 4237 memoriam
856 4184 1058 4254 scripta
1094 4185 1450 4254 reliquerunt,
1491 4187 1745 4242 docentes
1773 4203 1872 4243 nos
1910 4195 1965 4241 et

374 4273 706 4329 instruentes
741 4275 1008 4344 quomodo
1056 4274 1341 4330 adversum
1384 4276 1632 4332 inimicas
1669 4286 1965 4347 potestates

377 4365 742 4422 dimicandum
770 4366 860 4433 sit,
891 4374 947 4421 et
973 4368 1241 4437 quomodo
1280 4383 1513 4439 agonum
1546 4368 1821 4425 toleranda
1848 4386 1966 4425 cer-

376 4457 603 4512 tamina.
640 4457 890 4529 Pugnant
926 4458 1071 4512 enim
1119 4474 1220 4529 pro
1254 4460 1429 4525 nobis,
1468 4470 1523 4514 et
1568 4462 1669 4530 ipsi
1710 4462 1966 4517 incedunt

375 4546 537 4619 primi
580 4556 705 4601 ante
735 4562 834 4601 nos
873 4548 1088 4601 armati.
1117 4548 1267 4619 ipsos
1296 4550 1441 4603 enim
1480 4566 1578 4605 nos
1612 4553 1872 4605 habentes
1896 4552 1966 4605 ad

377 4638 706 4708 exemplum,
748 4648 801 4694 et
843 4655 1030 4694 eorum
1078 4641 1321 4696 videntes
1369 4658 1465 4710 per
1511 4644 1755 4712 spiritum
1806 4642 1965 4697 fortia

379 4725 545 4791 facta,
593 4743 869 4782 armamur
907 4730 972 4785 ad
1010 4730 1250 4800 praelium
1294 4732 1555 4800 spiritale,
1584 4740 1640 4786 et
1682 4732 1968 4785 adversum

382 4819 645 4890 spiritalia
674 4822 923 4889 nequitia:
954 4823 1007 4876 in
1031 4823 1344 4878 coelestibus
1373 4824 1711 4879 dimicamus.
1750 4825 1840 4879 Sic
1876 4823 1971 4877 de-

383 4910 547 4979 nique
570 4911 660 4978 qui
686 4908 932 4995 subolesu
962 4912 1109 4967 Nave
1139 4913 1393 4979 militant,
1420 4914 1639 4984 triginta
1662 4922 1715 4967 et
1738 4914 1968 4983 amplius

385 5015 538 5070 reges
567 5000 860 5069 perimunt,
897 5010 952 5057 et
991 5012 1163 5057 terras
1207 5020 1395 5059 eorum
1450 5014 1596 5058 sorte
1641 5004 1968 5059 lucreditatis
2016 5014 2021 5019 '

385 5090 678 5160 accipiunt.
704 5090 948 5159 Depulsis
987 5108 1219 5162 namque
1257 5094 1589 5163 spiritalibus
1622 5097 1879 5164 nequitiis
1902 5098 1970 5152 de

386 5185 716 5250 cmlestibus,
750 5185 1114 5239 haereditatcm
1153 5187 1299 5256 regni
1324 5186 1560 5241 caelestis
1583 5184 1707 5241 lesu
1742 5187 1972 5243 Domino

388 5286 574 5334 nostro
615 5277 884 5332 dividente
910 5276 1234 5347 percipiunt.
1273 5276 1458 5332 Potest
1488 5287 1544 5333 et
1579 5278 1770 5332 tertius
1797 5279 1974 5333 adhuc

389 5368 739 5439 expositionis
770 5367 936 5422 videri
968 5368 1176 5433 modus,
1214 5376 1272 5421 ut
1316 5368 1372 5422 in
1418 5368 1542 5423 filiis
1572 5368 1756 5435 Israel,
1790 5370 1840 5425 id
1869 5378 1971 5435 est,

392 5457 445 5511 in
474 5460 670 5530 populo
695 5458 968 5524 Ecclesitr,
1000 5458 1367 5530 intelligantur
1396 5462 1613 5530 quidam
1654 5476 1773 5516 esse
1816 5464 1975 5532 spiri-

394 5547 550 5614 tales,
616 5559 669 5605 et
732 5551 870 5606 intra
915 5551 1204 5607 Jordanem
1266 5554 1546 5623 percipere
1607 5556 1975 5610 hiereditatem

393 5651 551 5695 terra:
602 5642 814 5699 liuentis
843 5644 924 5700 lac
950 5654 1005 5700 et
1029 5645 1156 5713 mel,
1185 5660 1279 5714 szzp
1303 5646 1462 5700 cutim
1492 5646 1697 5701 scilicet
1723 5656 1775 5701 et
1801 5647 1975 5701 scicn—

2025 465 2140 528 Dei,
2179 463 2321 533 quod
2362 463 2627 532 repletum
2652 460 2807 528 aquis
2846 459 3042 513 divinae
3091 456 3484 527 intelligentiaa,
3508 457 3626 510 cir-

2023 556 2310 610 cumdatur
2353 554 2659 624 et'rigatur.
2700 549 2803 604 Alii
2853 558 3034 604 autem
3074 559 3201 603 sunt.
3227 548 3492 610 carnales,
3526 549 3622 618 qui

2017 644 2281 714 jumentis
2303 652 2358 698 et
2384 644 2702 713 pecudibus,
2734 642 2786 695 id
2814 650 2916 704 est,
2945 641 3150 695 crassis
3183 647 3238 695 et
3272 640 3461 695 solidis
3497 655 3623 695 sen-

2026 737 2180 790 sibus
2213 736 2571 797 abundantes,
2610 732 2752 787 sicut
2779 738 2934 784 erant
2962 730 3037 783 illi
3078 730 3144 784 de
3183 730 3381 799 quibus
3408 729 3621 784 dicebat

2026 825 2355 897 Apostolus:
2391 823 2479 876 Ita
2522 822 2774 876 insensati
2810 821 2955 883 estis,
3003 828 3056 872 nt
3085 835 3200 872 cum
3233 820 3490 888 ceperitis
3519 835 3622 888 spt-

2030 920 2159 983 ritu,
2201 933 2336 972 nunc
2369 932 2526 969 carne
2566 913 3038 968 consummemini?
3077 921 3153 976 et,
3186 928 3216 964 ο
3244 909 3469 977 Galam,
3510 913 3626 983 quis

2030 1007 2310 1077 fascinavit
2357 1022 2444 1060 ros
2489 1005 2694 1058 veritati
2743 1019 2847 1056 non
2892 1002 3141 1056 obedire?
3179 998 3322 1072 (Gal.
3362 1002 3470 1071 ιιι.)
3521 1000 3659 1055 Sed.

2033 1100 2404 1169 unusquisque
2448 1107 2689 1152 nostrum
2739 1097 2842 1151 nisi
2867 1112 2925 1152 se
2950 1096 3264 1159 armaverit,
3305 1107 3361 1150 et
3403 1094 3629 1164 abiectis

2034 1193 2207 1247 brutis
2234 1200 2289 1246 ct
2314 1190 2563 1245 belluinis
2588 1190 2856 1253 sensibus,
2901 1189 2968 1243 ad
3004 1189 3302 1259 spiritalem
3336 1189 3634 1259 intelligen-

2036 1285 2165 1338 tiam
2208 1282 2600 1353 properaverit,
2634 1280 2937 1335 remanebit
2974 1289 3129 1334 extra
3172 1278 3494 1343 Jordanem,
3535 1295 3632 1333 nec

2035 1374 2235 1443 poterit
2260 1388 2359 1442 per
2387 1371 2667 1441 sapientiae
2694 1368 2891 1424 flumen
2931 1369 3184 1424 incedere
3222 1370 3367 1439 quod
3394 1369 3635 1425 laetificat

2037 1464 2312 1518 civitatem
2342 1462 2460 1527 Dei,
2505 1462 2557 1515 id
2594 1473 2699 1526 cst,
2745 1462 2980 1515 animam
3032 1460 3124 1513 Dei
3174 1475 3433 1530 capacem
3468 1479 3483 1513 :
3527 1474 3631 1514 non

2038 1561 2358 1622 assequetur
2384 1551 2722 1622 eloquiorum
2766 1551 2977 1605 Domini
3028 1551 3309 1615 interiora,
3351 1565 3475 1619 quae
3510 1559 3633 1603 sunt

2040 1643 2278 1697 dulciora
2306 1658 2469 1712 super
2490 1642 2597 1697 mel
2622 1651 2673 1697 el
2704 1641 2917 1705 favum;
2948 1640 3043 1695 sed
3082 1640 3227 1694 illam
3260 1641 3632 1695 tantummodo

1969 1736 2013 1795 Β
2040 1742 2403 1804 consequetur
2437 1742 2634 1787 terram
2675 1733 2728 1786 in
2766 1748 2871 1801 qua
2917 1730 3025 1785 duo
3074 1746 3227 1801 reges
3273 1733 3441 1787 occisi
3486 1742 3632 1798 sunt,

2043 1826 2134 1880 ubi
2182 1826 2394 1880 dicatur
2418 1824 2507 1879 ei:
2541 1823 2690 1877 Nihil
2733 1823 2882 1905 (11in
2921 1823 3160 1893 judicavi
3197 1826 3452 1893 meipsum
3502 1825 3636 1878 inter

2044 1936 2130 1975 vos
2171 1920 2326 1981 scire,
2376 1918 2476 1972 nisi
2520 1916 2786 1999 Christum
2829 1914 3034 1981 Iesum,
3076 1926 3123 1969 et
3153 1917 3289 1969 hunc
3321 1917 3638 1985 cruciﬁxum

2046 2008 2099 2081 (Ι
2140 2007 2263 2063 Car.
2295 2010 2378 2080 tt).
2412 2008 2516 2075 Qui
2556 2016 2737 2062 autem
2778 2006 3013 2076 potuerit
3044 2007 3277 2060 transire
3320 2005 3636 2073 Iordanem,

2042 2110 2100 2155 et
2129 2101 2198 2154 ad
2227 2100 2487 2155 interiora
2525 2106 2831 2167 penetrare,
2881 2098 2970 2151 ubi
3007 2096 3192 2152 Jesum
3231 2098 3511 2152 Christum
3536 2100 3640 2153 Do-

2048 2193 2251 2247 minum
2292 2199 2535 2247 nostrum
2579 2205 2830 2259 sequens,
2872 2190 3160 2244 interﬁciat
3206 2190 3430 2260 triginta
3480 2199 3535 2244 et
3576 2205 3644 2245 eo

2047 2283 2277 2353 amplius
2302 2298 2475 2353 reges,
2506 2282 2627 2336 illos
2649 2281 2880 2336 fortasse
2909 2281 2974 2335 de
2997 2280 3193 2349 quibus
3228 2280 3431 2335 dicitur
3458 2299 3469 2333 :
3501 2280 3642 2346 Quia

2047 2375 2323 2428 astiterunt
2350 2389 2490 2443 reges
2517 2383 2695 2439 tcrrrr,
2731 2381 2782 2426 et
2815 2372 3074 2442 principes
3102 2371 3402 2440 congregati
3435 2378 3559 2423 sunt
3586 2372 3644 2423 in

2050 2481 2234 2531 unum,
2262 2465 2511 2519 adversus
2545 2464 2825 2518 Dominum
2862 2473 2912 2517 et
2950 2463 3199 2517 adversus
3227 2460 3495 2516 Christum
3529 2462 3644 2531 ejus

2051 2556 2225 2627 (Psal.
2286 2557 2368 2627 ιι).
2426 2555 2781 2625 Depulsisquc
2828 2554 2915 2608 his
2960 2542 3177 2623 regibus
3222 2560 3279 2607 et
3334 2552 3643 2621 prostratis,

2052 2659 2310 2719 agnoscet
2360 2648 2655 2703 secretiora
2709 2647 2988 2717 mysteria,
3038 2659 3322 2715 usquequo
3364 2645 3530 2699 etiam
3580 2645 3646 2699 ad

2053 2738 2204 2792 illum
2246 2738 2426 2792 veniat
2472 2737 2649 2791 locum
2680 2737 2771 2789 ubi
2807 2736 2961 2790 sedes
3000 2743 3086 2789 est
3114 2734 3229 2799 Dei,
3267 2742 3320 2788 et
3348 2732 3646 2789 Jerusalem

2052 2827 2244 2882 civitas
2272 2826 2369 2881 Dei
2396 2826 2665 2881 viventis:
2702 2841 2806 2880 non
2854 2825 2956 2879 ista
2999 2838 3120 2894 qua:
3149 2823 3317 2879 servit
3350 2838 3476 2879 cum
3525 2821 3646 2877 liliis

2057 2918 2170 2973 suis
2209 2920 2263 2973 in
2294 2928 2461 2983 terra,
2492 2917 2587 2972 sed
2617 2916 2704 2970 illa
2731 2930 2852 2986 qua:
2891 2915 3056 2970 libera
3097 2923 3183 2970 est
3216 2923 3274 2969 et
3308 2924 3489 2969 mater
3528 2930 3647 2968 om-

2058 3009 2209 3065 nium
2241 3019 2509 3064 nostrum.

2659 3096 2886 3154 CAPUT
2913 3095 3047 3150 Vlll.

2054 3194 2135 3249 De
2166 3193 2519 3265 quadraginta
2563 3190 2768 3245 duabus
2806 3188 3167 3242 mansionibus
3192 3186 3428 3255 ﬁliorum
3458 3183 3651 3241 Israel.

2129 3286 2281 3360 (CAP.
2316 3283 2536 3354 xxxrtt.)
2578 3282 2679 3338 Hic
2715 3292 2837 3337 sunt
2865 3283 3161 3336 mansiones
3190 3280 3424 3349 ﬁliorum
3456 3278 3651 3343 Israel,

2054 3378 2143 3446 qui
2173 3376 2365 3446 egressi
2390 3384 2511 3429 sunt
2540 3373 2604 3426 dc
2634 3372 2869 3443 lEgypto
2895 3386 2986 3440 per
3023 3380 3225 3423 turmas
3250 3384 3377 3421 suas
3404 3368 3460 3421 in
3494 3383 3656 3422 manu

2058 3466 2232 3536 Moysi
2273 3474 2323 3517 et
2369 3463 2588 3516 Aaron:
2616 3478 2749 3533 quas
2794 3460 3068 3529 descripsit
3115 3458 3324 3529 Magscs
3356 3459 3527 3527 juxta
3562 3474 3655 3511 ca—

2057 3567 2285 3611 strorum
2312 3554 2449 3618 loca,
2488 3568 2604 3624 qua:
2644 3550 2859 3605 Domini
2890 3549 3132 3618 jussione
3172 3550 3534 3601 mutabantur.
3562 3545 3660 3600 Le-

2058 3647 2236 3715 gimus
2280 3644 2504 3700 Paulum
2546 3641 2869 3711 apostolum,
2908 3654 3030 3694 cum
3082 3639 3659 3693 commemorationem

2062 3737 2260 3792 veteris
2290 3736 2529 3791 historia:
2568 3752 2689 3807 quae
2718 3737 2771 3790 in
2812 3735 2967 3789 libris
3006 3734 3140 3805 legis
3173 3742 3228 3788 et
3267 3733 3659 3803 prophetarum

2061 3827 2450 3897 comprehensa
2480 3835 2584 3890 est,
2618 3825 2858 3889 fecisset,
2895 3824 3099 3878 dixisse
3128 3841 3139 3876 :
3181 3822 3308 3876 Ilwc
3334 3835 3513 3876 autem
3545 3840 3659 3876 om-

2060 3920 2150 3971 nia
2177 3920 2231 3971 in
2258 3918 2429 3988 figura
2459 3916 2821 3986 contingebant
2858 3914 2966 3969 illis
2998 3931 3016 3967 :
3043 3913 3236 3983 scripta
3264 3922 3390 3966 sunt
3422 3915 3563 3966 enim
3592 3913 3659 3965 ad

2062 4009 2515 4062 commonitionem
2538 4018 2793 4069 nostram,
2822 4006 2877 4058 in
2899 4020 3031 4074 quos
3060 4003 3191 4071 lines
3219 4003 3541 4056 surculorum
3565 4003 3658 4056 de-

2063 4106 2330 4151 venerunt.
2367 4095 2503 4149 Nolo
2533 4112 2620 4149 vos
2656 4096 2917 4164 ignorare,
2952 4095 3166 4164 fratres,
3206 4094 3459 4164 quoniam
3489 4104 3660 4163 patres

2064 4188 2229 4241 nostri
2259 4202 2437 4240 omnes
2472 4187 2566 4239 sub
2614 4186 2749 4240 nube
2785 4185 3019 4254 fuerunt,
3067 4194 3117 4238 et
3152 4201 3331 4239 clunes
3375 4202 3471 4255 per
3521 4201 3661 4239 mare

2067 4279 2408 4343 transierunt,
2435 4289 2484 4332 et
2510 4295 2686 4333 omnes
2712 4280 2766 4332 in
2795 4278 2975 4349 Moyse
3000 4279 3253 4349 baptizati
3277 4288 3424 4344 sunt,
3449 4281 3508 4333 in
3534 4280 3661 4333 nube

2067 4380 2116 4424 et
2150 4371 2208 4424 in
2243 4370 2379 4423 mari
2407 4382 2426 4421 :
2455 4379 2502 4423 ct
2531 4386 2708 4424 omnes
2733 4371 2967 4424 eamdem
2998 4386 3171 4424 escam
3198 4370 3494 4440 spiritalem
3524 4386 3664 4424 man-

1992 4431 2043 4489 D
2066 4462 2408 4525 ducaverunt,
2438 4470 2485 4514 et
2514 4476 2691 4514 omnes
2718 4461 2955 4514 eumdem
2988 4470 3166 4531 potum
3192 4460 3484 4531 spiritalem
3527 4461 3639 4515 bibe

2069 4562 2212 4606 runt.
2235 4551 2486 4605 Bibcrunt
2509 4551 2645 4605 enim
2666 4550 2731 4604 de
2754 4550 2981 4620 spiritali
3003 4560 3346 4621 consequente
3362 4567 3454 4604 eos
3476 4562 3625 4622 petra
3644 4563 3664 4603 :

2070 4653 2218 4711 petra
2266 4652 2441 4697 autem
2477 4652 2590 4695 erat
2622 4641 2860 4695 Christus
2892 4642 2945 4713 (I
2970 4640 3094 4695 Cor.
3136 4644 3215 4712 χ).
3262 4641 3321 4697 Si
3367 4658 3503 4713 ergo
3542 4661 3664 4714 pars

2071 4733 2314 4788 historia:
2363 4732 2575 4787 itineris
2630 4749 2696 4787 ex
2751 4732 2989 4804 Egypto
3026 4734 3344 4804 spiritaliter
3377 4735 3629 4805 acciptu-

2073 4831 2130 4877 et
2188 4834 2383 4881 caetera
2432 4839 2555 4893 quae
2601 4824 2670 4878 ab
2714 4824 2970 4897 Apostolo
3009 4840 3107 4894 pro
3145 4826 3392 4895 angustia
3460 4836 3663 4896 tempa

2041 4915 2148 4968 ‘ris
2195 4917 2558 4984 praetermissa
2616 4924 2775 4979 sunt,
2817 4915 3057 4986 ejusdem
3113 4915 3487 4981 intelligentiae
3540 4932 3668 4971 con-

2075 5006 2379 5060 vincentur.
2429 5007 2497 5060 Et
2540 5008 2596 5060 in
2641 5007 2893 5076 psalmo:
2941 5006 3135 5061 Revela
3177 5007 3357 5061 oculos
3400 5024 3579 5068 meos,
3620 5018 3665 5061 ct

2078 5096 2417 5151 considerabo
2450 5098 2711 5151 mirabilia
2740 5098 2805 5151 dc
2826 5098 2934 5169 lege
2962 5109 3053 5152 tua
3084 5098 3254 5169 (Psal.
3280 5100 3495 5171 (αι-ιιι).
3531 5097 3667 5152 Pau-

2075 5189 2159 5242 lus
2191 5202 2407 5257 quoque
2449 5186 2533 5241 les:
2562 5188 2814 5258 spiritalis
2855 5196 2955 5242 est.
3003 5190 3070 5242 Et
3116 5190 3231 5258 ipse
3274 5189 3578 5243 Dominus:
3611 5186 3664 5242 Si

2077 5282 2353 5335 crederetis
2383 5281 2575 5352 Moysi,
2603 5293 2651 5337 et
2678 5282 2806 5335 milti
2847 5282 3140 5335 crederetis.
3187 5281 3262 5334 De
3287 5298 3369 5335 me
3401 5282 3543 5335 enim
3583 5280 3669 5333 illc

2076 5372 2283 5443 scripsit
2309 5371 2491 5443 (Joan.
2522 5373 2597 5442 v).
2627 5373 2695 5427 Et
2727 5372 3073 5442 Evangelium
3100 5372 3396 5426 secundum
3425 5372 3661 5425 Lucam:

2081 5465 2226 5521 Tunc
2278 5468 2531 5537 incipiens
2560 5485 2591 5520 a
2619 5465 2798 5535 Moyse
2839 5476 2887 5519 ct
2924 5466 3161 5519 omnibus
3188 5465 3475 5535 prophetis,
3503 5468 3664 5516 inter-

2078 5557 2383 5626 pretabatur
2401 5556 2505 5610 illis
2532 5558 2585 5610 in
2610 5558 2811 5610 cunctis
2846 5555 3133 5626 Scripturis
3160 5571 3277 5624 qua:
3302 5556 3367 5607 de
3390 5555 3503 5624 ipso
3530 5554 3660 5604 dicta

2077 5656 2227 5700 erant
2271 5646 2421 5717 (an.
2453 5646 2596 5717 nlt.).
2636 5646 2805 5719 Igitur
2850 5646 3041 5713 Judaei,
3079 5644 3284 5717 parvuli
3326 5653 3380 5698 et
3414 5645 3506 5714 qui
3546 5640 3639 5695 soli
