3932 6188
947 264 1483 323 ENARRATIONES
1521 267 1587 322 IN
1629 265 1888 322 LIBRUM
1929 261 2389 321 NUMERORUM.
2429 293 2498 303 —
2537 263 2663 318 LIB.
2705 264 2794 320 IV.

3400 267 3503 324 8l0

233 387 363 443 dum
397 381 583 437 cibum
623 376 818 449 glutire
862 385 1156 446 nequeunt,
1189 377 1285 432 sed
1321 378 1497 433 adhuc
1539 377 1676 431 lacte
1721 393 1823 430 uu-
1853 382 1901 441 Α
1933 375 2131 428 tionem
2166 373 2362 426 divinae
2396 370 2530 443 legis
2576 372 2909 439 accedimus,
2944 372 3024 427 vel
3054 390 3173 428 cum
3217 376 3397 432 anima
3442 380 3510 435 de

232 475 476 529 triuntur
526 470 786 534 infantiae,
838 468 1017 540 legant
1065 470 1402 525 Pharaonem
1452 485 1707 526 carneum
1760 485 1824 525 ac

231 578 389 619 mare
438 561 702 625 Rubrum,
741 574 840 629 per
882 561 1025 627 quod
1067 560 1134 614 ad
1172 561 1377 615 Indiam
1426 561 1729 631 navigatur,
1770 566 1852 613 et-

231 668 436 708 manna
463 651 753 707 coriandro
780 650 973 712 simile.
1006 658 1061 705 et
1083 653 1266 705 omnia
1294 667 1414 721 qua:
1436 654 1637 721 scripta
1676 661 1823 717 sunt,

232 742 464 797 audiant
497 739 902 810 corporaliter:
943 739 1149 810 lepram
1194 742 1477 796 domorum
1522 750 1577 797 et
1622 743 1825 813 lepram

232 833 395 905 pellis
439 839 497 887 et
540 830 811 895 staminis,
865 839 1079 885 taurum
1126 833 1472 897 homicidam,
1521 834 1826 904 jumentnm

232 924 490 980 adulterii
527 938 702 989 reum,
731 931 786 979 et
813 922 1019 978 Hebraei
1055 932 1278 994 propter
1303 939 1527 980 uxorem
1553 934 1605 980 et
1628 926 1828 979 liberos

234 1015 448 1071 servire
499 1014 799 1084 cupientis,
853 1030 1037 1069 aurem
1094 1014 1283 1070 subula
1326 1015 1674 1085 perforatam.
1721 1015 1829 1069 Nos

239 1114 425 1161 autem
471 1105 909 1173 derelinquentes
958 1104 1373 1175 Capharnaum,
1416 1119 1606 1175 agrum
1662 1119 1831 1174 quon-

237 1193 365 1248 dam
396 1193 849 1263 pulcherrimum,
883 1202 938 1248 et
976 1208 1097 1247 cum
1123 1191 1253 1248 Jesu
1285 1194 1626 1264 egredientes
1656 1194 1708 1247 in
1740 1194 1831 1248 de-

237 1290 467 1345 sertum,
492 1283 770 1352 pascirnur
789 1282 1016 1352 panibus
1034 1280 1153 1349 ejus
1178 1299 1191 1335 :
1223 1282 1269 1337 si
1301 1282 1616 1353 insipientes
1644 1298 1832 1338 sumus

235 1384 297 1431 et
315 1374 688 1443 iumentorum
709 1373 939 1439 similes,
969 1374 1316 1440 hordeaceis;
1354 1375 1401 1430 si
1428 1374 1689 1429 rationale
1710 1375 1830 1429 ani-

239 1463 388 1527 mal,
407 1464 635 1518 triticeis
654 1470 710 1517 et
732 1477 799 1517 ex
828 1477 999 1534 grano
1026 1461 1283 1518 frumenti
1311 1463 1657 1528 commolitis,
1688 1463 1833 1534 quod

238 1552 298 1606 in
332 1560 535 1607 terram
563 1552 763 1607 cadens
790 1559 848 1606 et
871 1561 1141 1607 mortuum
1168 1553 1395 1608 multum
1422 1553 1657 1609 fructum
1691 1563 1834 1609 attu-

237 1643 327 1697 lit.
383 1642 586 1699 Novem
629 1642 802 1713 plagis
836 1658 1093 1713 percussa
1130 1651 1214 1698 est
1260 1643 1526 1716 JEgyptus
1562 1663 1575 1699 :
1628 1644 1835 1700 fractus

1925 463 2168 536 corporis
2216 463 2377 534 hujus
2409 463 2741 517 habitatione
2785 463 3032 519 discedit.
3084 465 3165 520 Ad
3223 476 3512 540 utrumque

1924 571 2055 626 ergo
2091 556 2207 610 istae
2236 553 2547 609 mansiones
2570 569 2708 624 quas
2740 570 2883 609 nunc
2911 571 3011 625 per
3040 558 3263 611 verbum
3295 561 3507 615 Domini

1927 647 2136 719 Moyses
2182 645 2438 700 describit
2505 645 2792 714 aspiciunt.
2851 646 2985 699 Nam
3026 648 3091 700 de
3147 647 3251 702 illis
3295 650 3513 717 quidem

1926 735 2300 791 mansionibus
2324 734 2470 804 quod
2523 735 2702 789 anima
2750 751 2978 805 corpore
3020 745 3205 801 exuta,
3254 738 3364 794 imo
3393 754 3516 793 cor-

1925 840 2059 894 pore
2088 839 2187 879 suo
2216 840 2406 879 rursus
2435 824 2646 890 induta,
2674 824 2913 879 bibitura
2952 835 3056 887 est,
3089 827 3365 883 Dominus
3390 844 3519 898 pro-

1929 915 2196 969 nuntiavit
2218 914 2274 968 in
2297 914 2592 985 Evangelio
2618 914 2803 970 dicens
2826 932 2840 968 :
2875 914 3061 971 Multa:
3084 918 3378 972 mansiones
3397 928 3517 974 sunt

1929 1007 2069 1077 apud
2106 1004 2319 1060 Patrem
2341 1020 2359 1057 :
2388 1005 2619 1077 alioquin
2653 1006 2875 1061 dicerem
2903 1009 3086 1063 vobis:
3123 1009 3271 1065 Vada
3295 1022 3345 1066 et
3382 1029 3522 1085 prte-

1928 1096 2125 1166 parabo
2151 1096 2294 1150 vobis
2316 1094 2639 1151 mansionem
2664 1095 2846 1159 (Joan.
2869 1098 3002 1170 xrv).
3027 1100 3165 1155 Sunt
3186 1117 3315 1173 ergo
3338 1104 3521 1159 multae

1932 1185 2037 1241 illa:
2073 1186 2389 1240 mansiones
2437 1201 2557 1255 qua:
2602 1187 2669 1241 ad
2720 1188 2934 1242 Patrem
2973 1190 3211 1245 ducunt:
3239 1193 3294 1246 in
3326 1193 3522 1262 quibus

1922 1272 2159 1347 Singulis
2206 1277 2336 1348 quid
2368 1292 2570 1343 causae,
2601 1278 2731 1347 quid
2772 1279 3025 1335 utilitatis
3055 1282 3249 1337 animm
3285 1298 3525 1338 commo-

1933 1368 2096 1432 ratio,
2137 1368 2334 1439 quidve
2359 1370 2682 1424 eruditionis
2706 1377 2800 1424 aut
2837 1369 3242 1427 illuminationis
3268 1375 3522 1443 accipiat,

1935 1458 2037 1514 scit
2077 1457 2169 1513 ille
2195 1457 2341 1513 solus
2368 1458 2532 1514 futuri
2564 1459 2745 1515 seaculi
2798 1459 2979 1526 Pater,
3016 1463 3109 1532 qui
3139 1463 3212 1517 ait
3240 1465 3305 1520 de
3329 1474 3528 1519 semet-

1937 1552 2072 1623 ipso,
2102 1551 2231 1622 quia
2254 1568 2346 1622 ego
2373 1569 2487 1606 sum
2509 1554 2698 1606 ostium
2744 1552 2928 1625 (Joan.
2955 1553 3034 1621 x).
3084 1554 3253 1609 Nemo
3283 1558 3423 1609 venit
3455 1556 3526 1609 ad

1938 1638 2155 1694 Patrem
2189 1642 2290 1695 nisi
2313 1658 2407 1713 per
2434 1658 2513 1695 me
2537 1641 2717 1712 (Joan.
2767 1642 2901 1715 xiv).
2935 1643 3038 1711 Qui
3079 1642 3327 1700 fortassis
3357 1646 3409 1700 in
3440 1647 3527 1702 liis

241 1735 463 1793 Pharao
505 1746 564 1790 ut
607 1736 903 1791 dimitteret
949 1735 1202 1807 populum
1247 1736 1380 1803 Dei,
1424 1738 1493 1793 ad
1534 1746 1839 1793 extremum
1870 1735 1915 1792 Β
1943 1731 2172 1803 singulis
2210 1732 2582 1787 mansionibus
2609 1734 2901 1804 unicuique
2945 1734 3140 1789 animae
3183 1735 3380 1790 ostium
3414 1737 3526 1803 liet,

239 1827 606 1897 primogenita
634 1826 891 1897 perdidit,
918 1837 978 1882 ut
1000 1824 1357 1899 primogenita
1378 1827 1590 1884 Israelis
1610 1829 1839 1883 Domino

240 1926 618 1975 sacrarentur.
656 1917 756 1984 Qui
798 1919 946 1989 prius
987 1927 1170 1975 tenere
1211 1921 1520 1989 cupiebant,
1573 1920 1841 1975 instanter

239 2007 543 2077 expellunt.
575 2006 977 2062 Exterminator
1011 2008 1246 2073 transiit,
1289 2017 1344 2063 et
1385 2017 1586 2063 terram
1633 2008 1838 2065 Gcsscn

241 2097 578 2170 pastoralem
606 2105 663 2151 et
691 2097 885 2166 pluviis
916 2097 1197 2169 irrigatam
1227 2113 1332 2153 non
1365 2098 1526 2153 audet
1552 2099 1837 2170 attingere.

243 2187 421 2242 Erant
464 2186 609 2240 enim
648 2194 830 2257 postes
873 2201 1059 2241 eorum
1105 2187 1230 2258 agni
1284 2202 1478 2243 cruore
1526 2188 1743 2259 signati,
1787 2197 1844 2243 et

240 2293 416 2349 opere
442 2277 842 2347 loquebantur:
880 2277 1163 2348 Signatum
1200 2288 1276 2333 est
1316 2295 1473 2349 super
1521 2295 1616 2333 nos
1667 2278 1841 2334 lumen

242 2370 423 2424 vultus
444 2369 544 2435 tui,
567 2368 787 2423 Domine
809 2367 979 2440 (Psal.
1010 2368 1105 2438 Iv).
1139 2367 1293 2425 Unde
1318 2377 1372 2423 et
1398 2369 1700 2439 appellatur
1727 2369 1842 2439 ipsa

245 2458 572 2515 solemnitas
616 2458 811 2523 Pbase,
869 2473 1031 2527 quam
1080 2473 1179 2514 nos
1228 2460 1515 2514 transitum
1555 2474 1842 2530 possumus

242 2550 546 2621 appellare,
569 2565 637 2605 eo
665 2551 807 2619 quod
838 2552 905 2605 de
934 2552 1224 2620 pecoribus
1257 2553 1325 2607 ad
1352 2552 1574 2608 meliora
1614 2568 1844 2624 pergen-

247 2650 355 2705 tes,
389 2643 727 2699 tenebrosam
770 2641 1062 2714 Egyptum
1103 2645 1486 2715 relinquamus.
1523 2645 1653 2700 Ηαί
1694 2657 1840 2712 sunt,

248 2731 453 2801 inquit,
504 2742 682 2787 castra
727 2732 961 2802 ﬁliorum
1015 2733 1207 2799 Israel,
1245 2736 1336 2806 qui
1385 2737 1576 2807 egressi
1621 2747 1746 2791 sunt
1779 2738 1844 2791 de

242 2831 396 2877 terra
424 2821 497 2875 1E
501 2823 642 2893 gypti
669 2839 761 2893 per
780 2833 980 2877 turmas
1010 2841 1157 2891 suas,
1189 2826 1244 2879 in
1273 2842 1432 2880 manu
1461 2825 1634 2897 Moysi
1654 2836 1701 2882 et
1730 2827 1842 2881 Aa-

250 2930 374 2968 ron.
417 2912 564 2981 Quas
611 2913 785 2969 δι’ωοί
824 2913 1062 2986 διαμονὰς
1106 2925 1321 2982 vocant,
1346 2933 1446 2973 nos
1484 2927 1708 2989 propter
1741 2919 1848 2974 Iin-

248 3020 374 3075 gua:
411 3006 835 3075 proprietatem,
878 3007 1300 3079 signiﬁcantius,
1347 3011 1677 3076 mansiones,
1727 3011 1846 3067 sive

1939 1831 2002 1878 ut
2029 1838 2127 1893 per
2154 1823 2328 1894 ipsum
2368 1824 2555 1889 intret,
2600 1832 2661 1879 et
2714 1841 2811 1894 per
2846 1826 3019 1895 ipsum
3070 1833 3249 1892 exeat,
3279 1836 3335 1881 ct
3381 1828 3531 1881 inve-

1941 1917 2055 1972 niet
2083 1931 2307 1986 pascua.
2354 1916 2421 1970 Et
2451 1917 2647 1971 iterum
2697 1918 2866 1972 intret
2893 1918 2960 1972 ad
2986 1917 3166 1983 aliam,
3203 1928 3258 1973 et
3290 1919 3411 1974 inde
3460 1921 3529 1974 ad

1940 2006 2103 2061 aliam
2151 2008 2508 2071 mansionem,
2564 2023 2845 2079 nsquequo
2891 2010 2958 2064 ad
3021 2011 3196 2080 ipsum
3251 2011 3530 2079 perveniat

1940 2096 2180 2152 Patrem.
2228 2096 2286 2153 Si
2314 2114 2443 2154 vero
2465 2101 2532 2155 ad
2561 2102 2880 2167 secundam,
2904 2102 2971 2158 de
2992 2118 3100 2173 qua
3137 2104 3388 2172 superius
3418 2119 3531 2158 mc-

1943 2189 2294 2255 moravimus,
2332 2192 2724 2261 expositionem
2783 2190 3088 2259 redeamus,
3141 2202 3194 2248 et
3247 2195 3443 2248 animae
3474 2195 3529 2250 in

1941 2281 2047 2336 hac
2070 2281 2179 2335 vita
2204 2283 2394 2351 posita:
2425 2299 2523 2353 per
2547 2284 2660 2339 haec
2691 2277 3056 2355 intelligamus
3081 2285 3379 2356 profectus,
3410 2302 3533 2357 qua:

1942 2385 2205 2426 conversa
2236 2373 2302 2428 de
2330 2373 2517 2444 gentili
2544 2375 2677 2439 vita,
2705 2389 2812 2429 non
2856 2383 2962 2430 tam
3008 2375 3226 2447 Moysen
3258 2393 3421 2449 quam
3455 2377 3532 2432 le-

1942 2477 2062 2533 gem
2097 2463 2214 2528 Dei,
2240 2478 2340 2518 nec
2368 2461 2547 2518 Aaron
2575 2479 2736 2533 quam
2762 2466 3102 2521 sacerdotem
3129 2467 3219 2536 qui
3248 2474 3532 2537 permanet

1944 2557 1999 2611 in
2045 2565 2308 2612 aeternum
2358 2558 2623 2627 sequitur,
2674 2567 2964 2628 antequam
3000 2560 3069 2614 ad
3114 2559 3411 2630 perfectum
3442 2574 3534 2615 ve-

1943 2649 2078 2713 niat,
2119 2649 2173 2703 in
2205 2665 2389 2705 eremo
2428 2650 2654 2715 habitat,
2684 2651 2773 2705 ubi
2817 2650 3025 2706 scilicet
3050 2659 3106 2706 et
3132 2660 3452 2707 exerceatur
3480 2652 3535 2706 in

1942 2739 2229 2808 prteceptis
2273 2738 2506 2802 Domini,
2539 2746 2595 2793 et
2620 2739 2711 2794 ubi
2758 2738 2893 2794 ﬁdes
2935 2739 3052 2809 ejus
3080 2754 3177 2808 per
3204 2741 3534 2795 tentationes

1943 2829 2224 2899 probetur.
2255 2828 2356 2886 Ubi
2404 2844 2527 2885 cum
2556 2830 2750 2885 vicerit
2778 2845 2939 2885 unam
2985 2831 3357 2897 tentationem,
3386 2840 3441 2888 et
3470 2831 3533 2885 li-

1945 2919 2042 2975 des
2068 2920 2185 2990 ejus
2213 2922 2267 2974 in
2294 2936 2355 2976 ea
2384 2920 2549 2975 fuerit
2573 2923 2823 2992 probata,
2854 2922 2981 2977 inde
3008 2922 3153 2976 venit
3178 2921 3246 2976 ad
3268 2923 3452 2987 aliam,
3480 2931 3537 2978 et

1948 3008 2107 3078 quasi
2137 3009 2204 3063 de
2238 3024 2345 3062 una
2400 3009 2682 3064 mansione
2717 3010 2785 3064 ad
2818 3009 3045 3065 alteram
3104 3010 3318 3064 transit.
3350 3011 3417 3065 Et
3462 3010 3538 3067 ibi

250 3094 472 3164 quando
493 3095 559 3149 de
591 3095 838 3151 exercitu
859 3096 1079 3164 dicitur,
1113 3108 1296 3155 castra
1334 3100 1728 3157 transtulimus.
1758 3101 1846 3156 Fit
1872 3086 1917 3148 C
1938 3114 2071 3153 ‘cum
2117 3099 2416 3154 obtinuerit
2461 3114 2583 3170 qum
2626 3099 2923 3155 acciderint
2966 3108 3021 3156 et
3051 3099 3280 3156 ﬁdeliter
3329 3100 3535 3167 tulerit,

249 3193 437 3241 autem
465 3186 742 3258 catalogus
775 3190 1118 3245 mansionum
1152 3206 1183 3245 a
1226 3192 1401 3262 prima
1429 3208 1597 3262 usque
1622 3193 1690 3248 ad
1722 3193 1846 3248 ulti-

250 3294 424 3344 mam,
468 3288 526 3334 et
574 3289 928 3335 numerantur
974 3282 1133 3337 simul
1181 3284 1536 3356 quadraginta
1582 3286 1719 3340 dua).
1769 3285 1847 3341 De

248 3371 455 3443 quibus
494 3371 778 3428 Mattbazus
819 3373 1060 3442 loquitur
1092 3392 1104 3428 :
1145 3375 1223 3427 Ab
1265 3376 1531 3429 Abraham
1580 3393 1739 3447 usque
1776 3375 1847 3430 ad

250 3461 432 3517 David
471 3464 829 3534 generationes
874 3465 1269 3536 quatuordecim
1300 3465 1511 3538 (Matth.
1555 3466 1618 3540 ι),
1658 3468 1711 3521 id
1741 3476 1845 3535 est,

252 3551 420 3609 simul
449 3553 824 3623 generationes
853 3554 1207 3625 quadraginta
1243 3556 1380 3610 duae.
1414 3557 1520 3611 Per
1540 3558 1642 3612 has
1678 3558 1851 3612 currit

252 3656 421 3696 verus
443 3642 722 3707 Hebraeus,
754 3643 846 3712 qui
875 3643 941 3698 de
969 3652 1111 3697 terra
1141 3645 1370 3699 transire
1401 3643 1618 3698 festinat
1644 3643 1712 3697 ad
1738 3659 1849 3699 ca:-

253 3730 391 3796 Ium,
420 3738 475 3786 et
496 3729 734 3802 Egypto
762 3732 945 3787 saeculi
981 3731 1256 3796 derelicta,
1304 3741 1502 3787 terram
1556 3733 1849 3804 repromis-

254 3822 430 3877 sionis
451 3822 769 3891 ingreditur.
798 3822 908 3878 Nec
932 3823 1128 3877 mirum
1157 3823 1204 3877 si
1235 3823 1288 3876 in
1318 3823 1409 3878 illo
1436 3823 1647 3879 numeri
1673 3839 1851 3879 sacra-

254 3920 445 3966 mento
487 3911 868 3980 perveniamus
918 3912 988 3966 ad
1048 3926 1213 3982 regna
1266 3911 1545 3977 crelorum,
1599 3913 1701 3967 sub
1740 3928 1849 3982 quo

256 4000 521 4055 Dominus
548 4008 711 4069 atque
746 3999 996 4054 Salvator
1037 4017 1065 4053 a
1112 4002 1288 4071 primo
1313 4002 1622 4072 patriarcha
1657 4017 1849 4073 perve-

254 4089 342 4144 nit
369 4089 439 4143 ad
469 4088 764 4159 Virginem,
791 4091 943 4159 quasi
978 4091 1044 4145 ad
1074 4089 1385 4158 Jordanern,
1411 4093 1500 4161 qui
1538 4093 1698 4163 pleno
1723 4111 1849 4166 gur-

254 4185 370 4256 gite
395 4182 588 4250 ﬂuens,
625 4183 859 4255 Spiritus
890 4185 1064 4240 sancti
1090 4185 1278 4256 gratiis
1312 4186 1663 4242 redundabat.
1694 4186 1850 4254 Quod

256 4281 442 4329 autem
470 4273 524 4327 in
557 4289 719 4327 manu
749 4273 918 4344 Moysi
946 4282 1001 4329 et
1027 4276 1207 4329 Aaron
1235 4289 1483 4344 egressos
1523 4276 1734 4341 scribit,
1769 4276 1850 4330 in-

258 4365 442 4434 tellige
479 4364 651 4435 legem
685 4373 742 4420 et
772 4365 1132 4420 sacerdotium
1165 4384 1177 4419 :
1213 4381 1378 4436 opera
1404 4374 1462 4421 et
1486 4367 1688 4422 cultum
1728 4367 1846 4431 Dei,

257 4469 495 4524 quorum
526 4454 756 4508 alterum
797 4454 969 4510 altero
1014 4456 1235 4527 indiget.
1285 4455 1428 4509 Nihil
1458 4456 1602 4509 enim
1634 4456 1851 4525 prodest

258 4560 521 4601 exercere
550 4544 795 4611 virtutes,
823 4546 925 4600 nisi
963 4547 1178 4601 noveris
1222 4545 1565 4611 Creatorem;
1617 4561 1716 4600 nec
1755 4546 1850 4600 Dei

256 4636 542 4691 veneratio
561 4635 772 4706 prolicit
802 4636 869 4691 ad
898 4637 1150 4703 salutem,
1178 4638 1283 4693 nisi
1310 4646 1577 4707 praecepta
1605 4637 1851 4693 condito-

260 4730 337 4783 ris
368 4728 697 4798 impleveris.
740 4728 835 4784 IIis
861 4729 1070 4785 duabus
1105 4730 1494 4795 mansionibus,
1527 4730 1681 4801 quasi
1720 4729 1851 4784 duo-

257 4822 363 4876 bus
416 4820 710 4890 seraphin),
762 4819 817 4875 in
868 4820 1261 4877 confessionem
1315 4830 1516 4877 sanctze
1565 4821 1850 4877 Trinitatis

259 4908 601 4978 erumpimus
626 4908 865 4963 dicentes
892 4926 905 4961 :
934 4906 1182 4974 Sanctus,
1211 4919 1444 4975 sanctus,
1476 4919 1712 4975 sanctus,
1746 4911 1853 4964 Do-

261 4999 439 5054 minus
462 4998 601 5053 Deus
620 4998 859 5054 sabaoth.
885 4999 994 5055 Has
1016 5000 1324 5055 mansiones
1343 5000 1553 5071 Moyses
1569 5003 1853 5071 scripsisse

263 5088 463 5143 dicitur
479 5089 633 5158 juxta
659 5097 960 5144 castrorum
977 5089 1116 5153 loca,
1144 5105 1264 5159 qua:
1286 5090 1493 5145 Domini
1519 5090 1713 5165 [jussu]
1742 5109 1853 5147 mu-

265 5178 476 5232 tabant.
506 5178 717 5234 Audisti
743 5180 871 5249 quid
904 5180 1122 5250 scripsit
1142 5179 1353 5250 Moyses
1377 5196 1476 5250 per
1510 5182 1731 5237 verbum
1754 5182 1855 5237 Do-

264 5269 506 5323 mini.Et
525 5270 656 5340 quid
672 5270 839 5325 voluit
858 5270 1119 5325 Dominus
1140 5271 1257 5325 huic
1278 5270 1466 5325 scribi?
1486 5270 1554 5325 Ut
1570 5271 1852 5340 prodesset

267 5359 458 5427 utique
486 5359 644 5414 nobis
671 5358 874 5428 aliquid
900 5360 1168 5429 scriptura
1201 5361 1315 5416 haec
1347 5361 1688 5415 mansionum
1715 5378 1851 5431 quas

268 5447 519 5503 fecerunt
565 5447 661 5501 filii
725 5448 908 5502 Israel.
967 5449 1207 5518 Denique
1259 5450 1543 5520 dupliciter
1595 5450 1852 5520 jubemur

269 5540 419 5593 exire
457 5540 754 5594 secundum
785 5539 1082 5608 spiritalem
1129 5540 1532 5612 intelligentiam
1576 5541 1643 5596 de
1686 5540 1853 5611 IEgy-

273 5640 382 5696 pto.
414 5630 509 5685 Vel
546 5645 667 5685 cum
696 5629 1059 5698 relinquentes
1086 5631 1340 5699 gentilem
1372 5631 1553 5697 vitam,
1593 5632 1661 5686 ad
1700 5632 1850 5702 agni-

676 5725 947 5785 ιἈτιιοι..
984 5724 1203 5788 CVIII.

1946 3194 2137 3258 pergat
2153 3186 2221 3241 ad
2252 3186 2435 3241 aliam.
2467 3188 2535 3242 Et
2576 3188 2649 3243 ita
2683 3203 2782 3258 per
2813 3189 3021 3259 singula
3053 3176 3385 3245 tentamenta
3410 3192 3541 3247 vita:

1948 3292 2013 3332 ac
2043 3264 2165 3332 fidei
2196 3275 2472 3346 profectus
2501 3278 2813 3334 mansiones
2840 3279 3040 3335 habere
3080 3281 3299 3346 dicitur,
3330 3280 3385 3334 in
3416 3280 3540 3350 qui-

1947 3368 2052 3423 bus
2092 3382 2191 3438 per
2230 3367 2440 3439 singula
2476 3368 2739 3423 virtutum
2788 3380 3106 3439 quaeruntur
3135 3380 3447 3441 augmenta,
3483 3378 3541 3425 et

1949 3458 2206 3529 impletur
2238 3459 2292 3512 in
2326 3458 2431 3513 illis
2470 3457 2599 3513 illud
2628 3459 2770 3528 quod
2814 3460 3076 3529 scriptum
3120 3468 3241 3514 est:
3285 3458 3445 3514 Ibunt
3474 3460 3539 3514 de

1947 3549 2134 3602 virtute
2163 3548 2217 3600 in
2244 3548 2485 3601 virtutem
2517 3545 2688 3617 (Psal.
2718 3548 2949 3620 Lxxxm)
2975 3565 2990 3615 ;
3040 3546 3319 3619 usquequo
3348 3564 3539 3618 perve-

1949 3639 2133 3693 niatur
2156 3639 2224 3692 ad
2273 3636 2543 3702 ultimum,
2595 3638 2704 3691 imo
2750 3637 2818 3691 ad
2864 3653 3135 3692 summum
3179 3639 3403 3708 gradum
3429 3640 3541 3693 vir-

1951 3738 2148 3794 tutum,
2181 3738 2233 3785 et
2255 3736 2566 3784 transeatur
2588 3727 2783 3782 flumen
2831 3730 2925 3783 Dei
2963 3744 3028 3783 ac
3051 3730 3320 3798 promissa
3359 3731 3537 3784 susci-

1948 3822 2133 3892 piatur
2162 3822 2473 3876 haareditas.
2524 3818 2756 3888 Profecti
2786 3822 2947 3892 igitur
2989 3821 3053 3876 de
3080 3820 3325 3877 Ramesse
3361 3838 3539 3876 mense

1948 3913 2143 3983 primo,
2171 3912 2355 3982 quinta
2379 3912 2579 3965 decima
2600 3910 2686 3965 die
2712 3912 2901 3965 mensis
2929 3911 3104 3981 primi,
3132 3910 3300 3966 altera
3321 3912 3404 3966 die
3422 3923 3539 3983 post

1951 4001 2147 4069 Phase,
2176 4001 2277 4072 ﬁlii
2324 4001 2495 4056 Israel
2535 4003 2589 4057 in
2634 4019 2796 4056 morm
2823 4002 3051 4069 excelsa,
3084 4003 3375 4059 videntibus
3409 4020 3538 4059 cun-

1949 4095 2044 4148 ctis
2082 4093 2369 4164 Egyptiis,
2397 4103 2443 4148 et
2465 4093 2827 4164 sepelientibus
2868 4095 3235 4165 primogenitos
3271 4111 3400 4166 quos
3420 4112 3539 4165 per-

1949 4195 2184 4239 euaserat
2239 4186 2493 4240 Dominus
2533 4184 2679 4256 (nam
2706 4196 2753 4240 et
2800 4187 2854 4240 in
2886 4187 2990 4239 diis
3027 4203 3205 4241 eorum
3235 4198 3539 4248 exercuerat

1951 4273 2244 4343 ultionem),
2292 4274 2647 4328 castrametati
2691 4285 2810 4327 sunt
2853 4276 2906 4327 in
2938 4274 3181 4329 Soccotlt.
3214 4275 3474 4331 Ramesse
3504 4294 3533 4331 a

1952 4364 2271 4433 quibusdam
2320 4364 2707 4433 interpretatur
2755 4364 3031 4418 commotio
3081 4364 3398 4431 turbulenta,
3443 4378 3541 4422 aut

1952 4452 2251 4507 amaritudo
2306 4452 2679 4523 commotioque
2732 4453 2905 4506 tinew.
2958 4453 3066 4509 Nos
3115 4462 3294 4509 autem
3357 4457 3539 4512 verius

1953 4542 2331 4597 existimamus
2379 4541 2608 4612 exprimi
2660 4543 2951 4595 tonitruum
3000 4543 3201 4613 gaudii.
3253 4543 3335 4598 Ad
3393 4545 3536 4601 banc

1951 4634 2163 4696 urbem,
2214 4649 2334 4703 qua:
2382 4633 2437 4686 in
2491 4633 2750 4688 extremis
2781 4632 2999 4705 Egypti
3051 4634 3248 4691 ﬁnibus
3275 4646 3414 4704 erat,
3441 4655 3536 4709 μοι

1952 4724 2111 4794 pulus
2138 4733 2496 4795 congregatus
2523 4732 2624 4788 est,
2653 4725 2745 4794 qui
2771 4725 2825 4779 in
2856 4726 3127 4781 desertum
3157 4727 3236 4783 ire
3261 4729 3545 4799 cupiebat,

1951 4834 2017 4874 eo
2041 4819 2185 4889 quod
2211 4817 2498 4872 tumultum
2547 4817 2730 4872 steculi
2768 4818 3168 4889 derelinquens,
3218 4822 3540 4878 movebatur

1953 4923 1985 4961 a
2012 4907 2159 4961 vitiis
2186 4906 2449 4977 pristinis,
2475 4914 2530 4960 et
2555 4908 2622 4962 ab
2648 4907 2913 4963 exedente
2942 4923 3001 4963 se
3026 4909 3179 4978 prius
3235 4910 3377 4967 linea
3405 4928 3538 4982 pec-

1955 5007 2223 5064 catorum,
2254 5008 2315 5053 ut
2339 5014 2556 5056 omnem
2585 5001 3001 5056 amaritudinem
3031 5011 3248 5058 vertens
3277 5004 3331 5058 in
3360 5004 3541 5060 dulce-

1953 5085 2155 5153 dinem,
2184 5087 2278 5142 Dei
2328 5103 2515 5144 vocem
2553 5090 2607 5143 in
2643 5089 2774 5145 Sina
2806 5101 2988 5146 monte
3035 5093 3268 5163 desuper
3300 5094 3540 5148 tonantis
3597 5098 3599 5101 '
3700 5110 3706 5116 '

1954 5178 2187 5236 audiret.
2223 5178 2376 5245 Quod
2423 5189 2601 5234 autem
2643 5181 2809 5235 verba
2853 5181 3032 5236 divina
3059 5192 3115 5238 et
3141 5184 3350 5252 eloquia
3380 5182 3533 5237 Scri-

1951 5278 2232 5339 pturarum
2285 5269 2337 5323 in
2391 5270 2547 5325 istius
2591 5271 2768 5325 seculi
2801 5280 2855 5326 et
2885 5273 3069 5328 mundi
3116 5281 3232 5327 rota
3285 5272 3534 5328 tonitruis

1952 5358 2311 5427 appellantur,
2342 5359 2626 5415 Psalmista
2673 5361 2914 5416 declarat
2966 5364 3190 5417 dicens:
3244 5360 3355 5414 νοω
3390 5364 3538 5417 toni-

1952 5449 2059 5501 trui
2089 5448 2143 5500 in
2177 5458 2289 5501 rota
2338 5448 2509 5519 (Psal.
2546 5453 2751 5520 Lxxvr).
2801 5452 2869 5505 Et
2903 5452 2997 5506 Dei
3038 5450 3216 5504 Patris
3260 5465 3443 5505 vocem
3485 5457 3540 5508 iit

1952 5538 2222 5608 baptismo
2247 5538 2875 5603 audientes,'tonitruum
2913 5547 3258 5609 putaverunt.
3289 5539 3533 5611 Cumque

1952 5631 2206 5687 commoti
2235 5630 2496 5686 fuerimus
2524 5632 2590 5685 ad
2619 5631 2981 5703 evangelicam
3006 5630 3211 5697 tubam,
3236 5640 3291 5687 et
3310 5630 3532 5688 excitati

2992 5726 3068 5784 26
