3978 6182
430 273 536 328 8H

1086 260 1148 314 B.
1191 257 1445 313 MBAN]
1484 256 1703 313 MAURI
1741 255 2060 314 ABCﬂlEP.
2104 255 2415 314 MOGUNT.
2456 254 2741 312 OPERUM
2779 253 2959 317 PARS
2993 253 3035 311 Ι.

3601 258 3717 315 812

435 379 660 436 tonitrui
715 373 935 445 gaudio,
983 372 1195 428 eximus
1227 370 1281 425 in
1328 382 1511 424 mense
1553 367 1750 437 primo,
1799 366 2014 436 quando
2041 371 2093 430 Α
2116 366 2245 422 dent
2267 373 2491 422 cunctos
2507 366 2601 437 qui
2632 365 2934 436 ignorantia
2953 364 3163 430 vivunt,
3183 372 3239 425 et
3259 378 3368 421 non
3390 363 3565 422 solum
3589 365 3722 424 illos

434 474 609 528 lziems
632 464 872 540 prmterit
902 474 958 518 ct
1002 463 1140 527 abit,
1190 460 1408 531 quando
1435 459 1580 515 veris
1607 458 1889 514 exordium
1915 466 2021 525 est,

401 528 655 632 )quando
693 565 838 612 terra
883 552 1141 625 parturit,
1187 528 1405 620 quando
1433 558 1629 605 cuncta
1671 557 2022 605 renovantur.

437 653 506 709 Et
533 649 744 707 eximus
772 646 960 717 quinta
984 642 1190 698 decima
1235 642 1322 696 die
1361 640 1564 695 mensis
1603 639 1785 709 primi,
1820 638 1874 693 in
1899 654 2026 693 cra—

436 743 643 798 stinum
684 738 930 799 Paselue,
982 734 1144 804 pleno
1188 731 1391 789 mensis
1428 730 1651 794 lumine,
1703 738 1828 800 post
1873 745 2027 784 esum

434 833 564 904 agni
594 827 948 890 immaculati,
977 834 1025 880 et
1048 823 1306 879 calceatos
1337 821 1491 892 pedes
1512 821 1758 876 habentes
1786 821 1853 875 de
1880 820 2026 889 Apo-

439 922 598 988 stolo,
635 930 683 974 et
730 920 990 974 accinctos
1035 914 1290 986 pudicitia
1328 911 1531 967 lumbos
1573 911 1789 983 (Epltes.
1832 908 1929 983 vI),
1973 918 2029 964 et

438 1012 661 1071 baculos
709 1010 763 1064 in
814 1006 1063 1062 manibus
1104 1012 1461 1074 pra'paratos.
1512 1002 1769 1069 Quamvis
1796 1002 1941 1057 enim
1971 1001 2027 1057 in

440 1103 678 1174 Aigypto
703 1097 1105 1170 quartadecima
1147 1095 1234 1149 die
1277 1094 1480 1148 mensis
1525 1092 1734 1148 Pascha
1765 1091 2029 1148 facientes

437 1191 839 1248 comederimus
883 1202 1101 1259 agnum,
1141 1195 1325 1251 tamen
1360 1194 1490 1239 tunc
1536 1186 1693 1239 nobis
1739 1184 1829 1238 lux
1868 1184 2028 1255 plena

434 1283 759 1354 completur,
790 1278 1007 1351 quando
1038 1278 1092 1331 in
1114 1292 1277 1331 manu
1303 1276 1520 1331 excelsa
1552 1274 1811 1330 Ramesse
1843 1276 2028 1331 dimit-

444 1377 631 1438 timus,
662 1386 783 1443 qua:
811 1367 1028 1427 excelsa
1059 1367 1275 1430 dicitur,
1306 1366 1390 1420 vel
1424 1365 1566 1436 quod
1587 1364 1879 1435 Egyptum
1908 1381 2031 1435 per-

437 1467 694 1533 cusserit,
727 1446 989 1534 velquod
1011 1462 1310 1532 protexerit
1334 1460 1499 1519 Israel
1521 1460 1831 1516 videntibus
1866 1459 2033 1532 tEgy-

436 1564 599 1635 ptiis:
642 1559 736 1630 qui
777 1557 1117 1613 admirantur
1141 1570 1240 1611 nos
1276 1554 1460 1625 egredi
1489 1554 1556 1610 de
1600 1555 1818 1621 sacculo,
1842 1563 1897 1610 et
1920 1563 2033 1611 tor-

436 1662 679 1724 quentur
707 1648 949 1713 invidia;
977 1654 1033 1702 et
1058 1654 1249 1717 postea
1280 1653 1464 1700 tenere
1501 1644 1780 1715 cupientes
1822 1645 1875 1698 in
1903 1659 2027 1715 per-

2123 457 2214 529 qui
2252 457 2307 512 in
2335 455 2640 529 ignorantia
2682 455 2858 512 adhuc
2894 462 3041 522 sunt,
3070 455 3166 512 sed
3194 455 3447 528 ingemat
3474 470 3534 517 se
3568 472 3723 529 saepe

2124 551 2209 607 bis
2240 551 2407 607 etiam
2454 550 2545 620 qui
2596 556 2934 621 agnoverunt
2978 548 3199 614 Deumr
3224 556 3279 603 et
3315 564 3507 608 rursus
3531 550 3589 605 in
3615 565 3721 607 eos

2124 657 2289 712 opera
2311 642 2626 712 ignorantia:
2654 651 2921 696 conantur
2954 639 3189 710 operari.
3212 639 3401 710 Neque
3422 641 3567 696 enim
3594 642 3723 698 sine

2127 733 2259 803 ipsis
2285 741 2693 788 consummatur
2719 747 2880 787 omne
2906 739 3210 801 peceatum.
3241 730 3379 785 Nam
3408 747 3531 787 cum
3561 732 3720 788 adul-

2126 824 2326 879 terium
2358 823 2480 893 quis
2509 822 2767 887 admittit,
2794 837 2902 876 non
2942 829 3028 876 est
3071 821 3258 890 utique
3297 822 3414 878 sine
3448 822 3719 879 damonc.

2128 916 2224 972 Vel
2256 930 2380 971 cum
2431 915 2549 986 ipsa
2579 917 2597 933 '
2626 914 2914 968 immorata
2961 913 3193 982 rapitur,
3235 913 3322 968 vel
3378 928 3501 969 cum
3530 912 3726 983 diripit

2128 1006 2325 1068 aliena.
2354 1014 2410 1061 et
2432 1005 2524 1074 qui
2551 1004 2747 1059 sedens
2781 1004 3046 1059 adversus
3088 1004 3394 1073 proximum
3439 1019 3601 1059 suum
3627 1005 3724 1059 de—

2130 1099 2321 1164 trahit,
2349 1107 2405 1153 et
2432 1098 2692 1154 adversus
2715 1097 2884 1153 lilium
2925 1099 3118 1153 matris
3160 1114 3272 1154 suae
3300 1098 3453 1168 ponit
3477 1100 3717 1154 scanda-

2131 1190 2264 1255 lum,
2298 1206 2403 1245 non
2449 1190 2675 1246 estsine
2719 1190 2984 1244 duinione.
3017 1189 3083 1243 Et
3107 1189 3229 1247 ideo
3255 1190 3522 1261 agendum
3564 1191 3721 1246 nobis

2130 1293 2216 1339 est
2262 1298 2330 1337 ne
2375 1281 2517 1338 forte
2570 1272 2947 1352 Egyptiorum
2998 1281 3354 1351 primogenita
3385 1321 3400 1346 ,
3452 1281 3537 1335 "ll
3589 1283 3722 1337 deos

2128 1390 2343 1440 eorum,
2373 1388 2511 1444 quos
2536 1372 2798 1427 Dominus
2824 1372 3093 1441 percussit
3127 1379 3182 1425 et
3216 1371 3496 1436 exstinxit,
3524 1386 3597 1425 ne
3622 1386 3726 1427 nos

2131 1465 2456 1522 suscitemus
2484 1463 2540 1518 in
2566 1462 2747 1527 nobis,
2777 1462 2824 1516 si
2846 1460 2928 1517 eis
2955 1461 3136 1516 locum
3164 1460 3473 1516 dederimus
3493 1475 3728 1530 operan-

2128 1556 2186 1611 di
2205 1557 2259 1610 in
2289 1554 2447 1610 nobis
2473 1569 2539 1609 ea
2572 1568 2695 1623 quo:
2719 1552 2834 1608 odit
2855 1551 3019 1606 Deus.
3049 1548 3108 1605 Si
3133 1557 3316 1605 autem
3343 1550 3414 1605 ab
3437 1551 3525 1605 his
3548 1551 3730 1604 omni-

2130 1650 2232 1705 bus
2253 1649 2629 1705 contineamus
2651 1662 2752 1701 nos
2778 1659 2845 1700 eo
2871 1645 3035 1700 modo
3061 1659 3170 1715 quo
3189 1643 3439 1713 superius
3464 1642 3724 1709 diximus,

441 1715 811 1801 scontionibus
829 1715 1181 1803 suli‘ocau'tur,
1195 1737 1412 1806 quando
1430 1744 1485 1791 et
1506 1736 1747 1811 Egyptii
1762 1736 2027 1805 sepeliunt
2054 1715 2101 1773 Β
2139 1742 2289 1797 dabit
2311 1740 2605 1795 vindictam
2636 1737 2897 1793 Dominus
2934 1737 2991 1791 in
3029 1736 3282 1791 omnibus
3303 1734 3412 1789 diis
3436 1732 3727 1804 Egyptia-

440 1834 835 1910 primogenitos
865 1846 1033 1896 suos;
1058 1839 1115 1885 et
1158 1838 1341 1901 patres
1389 1829 1586 1885 mortui
1638 1829 1868 1884 terrenis
1910 1844 2037 1898 ope-

443 1928 598 1984 ribus
624 1924 943 1995 opprimunt
967 1928 1213 1976 mortuos
1238 1919 1396 1976 filios.
1430 1918 1561 1974 Mihi
1590 1917 1841 1974 videntur
1868 1918 2039 1990 Egy-

441 2019 681 2091 pliorum
714 2012 1073 2086 primogenita
1104 2012 1354 2082 dogmata
1402 2024 1525 2065 esse
1572 2008 2035 2081 philosophorum,

434 2110 638 2181 quibus
679 2107 935 2176 deceptos
983 2102 1229 2158 homines
1258 2110 1421 2171 atque
1474 2100 1714 2156 irretitos
1760 2101 2033 2156 tenebant.

439 2203 571 2269 Quae
593 2213 716 2255 cum
745 2194 915 2251 Israel
944 2194 1099 2249 vivus
1124 2191 1394 2264 effugerit,
1435 2190 1778 2251 circumdant
1808 2191 2037 2247 mortuis

438 2291 578 2357 suis,
604 2304 673 2345 ne
696 2285 1013 2343 exeuntium
1037 2284 1321 2339 imitentur
1341 2282 1671 2354 exemplum.
1702 2282 1873 2338 Porro
1892 2282 2036 2352 quod

436 2380 708 2450 sequitur,
736 2378 796 2433 In
827 2376 930 2433 diis
956 2390 1143 2430 eorum
1180 2373 1310 2439 fecit
1327 2372 1553 2443 judicia,
1580 2373 1696 2428 sive
1717 2381 1778 2427 ut
1803 2371 2035 2443 Septua-

439 2472 590 2543 gin’ta
621 2466 1038 2531 transtulerunt,
1072 2464 1320 2530 ultiones,
1351 2464 1482 2519 illud
1513 2462 1725 2518 Ilebrzei
1753 2472 2038 2524 autumant

437 2564 584 2635 quod
612 2570 771 2618 nocte
795 2575 901 2631 qua
922 2573 1176 2631 egressus
1198 2565 1283 2612 est
1302 2557 1553 2627 populus,
1579 2556 1760 2611 omnia
1787 2555 1841 2610 in
1869 2555 2036 2627 ,Εεν-

437 2662 532 2725 pto
573 2651 775 2721 templa
825 2650 1100 2705 destructa
1160 2654 1304 2709 sunt,
1361 2646 1476 2701 sive
1525 2653 1674 2700 motu
1712 2653 1893 2709 terrm,
1921 2644 2035 2700 sive

436 2749 587 2797 tactu
636 2739 941 2795 fulminum.
998 2736 1329 2807 Spiritaliter
1380 2744 1564 2791 autem
1613 2736 1844 2791 dicimus
1887 2735 2035 2806 quod

436 2830 846 2902 egredientibus
887 2828 1043 2883 nobis
1083 2843 1151 2882 ex
1178 2825 1415 2897 Egypto
1456 2840 1705 2881 errorum
1746 2825 1887 2882 idola
1913 2842 2034 2880 cor-

436 2932 623 2992 ruant,
653 2930 712 2979 et
762 2921 940 2978 omnis
974 2934 1358 2992 perversarum
1401 2918 1774 2975 doctrinarum
1820 2916 2031 2973 cultura

436 3016 737 3088 quatiatur.
773 3012 879 3069 Alii
927 3012 1281 3084 quaerendqu
1324 3020 1516 3081 putant
1568 3010 1840 3081 quomodo
1886 3009 2031 3067 Deus

2138 1851 2279 1896 rum.
2294 1846 2591 1903 poenasque
2611 1847 2678 1887 ex
2700 1839 2885 1887 nostra
2904 1828 3279 1885 emendatione
3296 1834 3353 1885 et
3371 1826 3730 1882 conversione

2135 1924 2458 1995 suscipiunt.
2486 1921 2924 1985 Proﬁciscentes,
2956 1918 3149 1988 inquit,
3186 1917 3278 1972 lilii
3323 1914 3489 1972 Israel
3516 1915 3586 1970 de
3622 1914 3730 1968 Ra-

2135 2032 2332 2081 messe,
2361 2013 2732 2071 castrametati
2763 2020 2891 2067 sunt
2927 2012 2981 2065 in
3027 2010 3247 2065 Socotli.
3294 2006 3546 2063 Secunda
3573 2021 3729 2061 man-

2134 2106 2238 2161 sio.
2275 2106 2335 2160 ln
2374 2105 2479 2161 hac
2514 2110 2755 2172 coquunt
2785 2115 2954 2173 panes
3000 2113 3237 2170 azymos,
3263 2105 3320 2152 et
3347 2096 3583 2166 primum
3616 2105 3733 2150 ten-

2136 2199 2271 2254 dunt
2293 2194 2662 2260 tabernacula,
2685 2194 2826 2248 unde
2845 2208 2914 2247 ex
2933 2207 2992 2246 re
3007 2191 3157 2247 locus
3175 2203 3371 2244 nomen
3385 2187 3613 2256 accepit.
3632 2185 3733 2241 So—

2136 2292 2265 2347 cotb
2302 2290 2500 2361 quippe
2525 2288 2915 2359 interpretatur
2944 2285 2998 2339 in
3037 2282 3219 2353 lingua
3249 2288 3433 2335 nostra
3487 2279 3734 2333 taberna-

2136 2382 2256 2436 culo
2282 2380 2398 2436 sive
2426 2379 2669 2433 tentoria.
2712 2376 2780 2431 Et
2803 2375 2872 2430 ab
2902 2374 3007 2429 hoc
3049 2368 3282 2443 septimo
3323 2384 3512 2425 mense
3541 2369 3732 2440 quinta

2135 2472 2345 2527 decima
2374 2470 2462 2524 die
2506 2468 2709 2523 mensis
2760 2465 3075 2523 solemnitas
3103 2460 3603 2517 Tabernaculorum
3624 2469 3730 2515 est.

2135 2562 2272 2619 Cum
2309 2576 2440 2631 ergo
2467 2559 2761 2615 exierimus
2809 2572 2878 2611 ex
2926 2555 3181 2626 Egypto,
3216 2552 3454 2623 primum
3483 2551 3736 2606 taberna-

2132 2654 2313 2710 culum
2344 2650 2578 2722 figimus,
2613 2647 2891 2703 sciendum
2935 2645 3092 2700 nobis
3116 2642 3186 2697 ad
3214 2642 3475 2696 ulteriora
3505 2653 3734 2711 progre-

2136 2744 2412 2798 diendum.
2463 2740 2615 2796 Tunc
2654 2739 2799 2794 enim
2843 2752 2953 2792 non
2997 2734 3337 2791 comedimus
3363 2732 3430 2787 de
3459 2731 3733 2787 fermento

2135 2832 2382 2904 Egypti,
2411 2831 2476 2885 de
2502 2831 2757 2901 fermento
2797 2826 3022 2882 malitia:
3045 2835 3095 2880 et
3133 2824 3397 2895 nequitiw,
3424 2822 3520 2878 sed
3562 2823 3735 2877 vesci-

2134 2942 2256 2981 mur
2286 2925 2485 2995 azymis
2534 2922 2852 2978 sinceritatis
2895 2928 2945 2974 et
2983 2919 3215 2974 ueritatis
3262 2915 3315 2989 (Ι
3338 2915 3465 2971 Cor.
3500 2914 3588 2988 v);
3620 2915 3731 2970 Do-

2134 3015 2268 3072 mini
2314 3021 2582 3085 prazcepta
2607 3026 2771 3083 opere
2799 3015 3245 3066 consummautes
3274 3025 3286 3060 :
3334 3004 3529 3060 Cauete
3556 3025 3586 3060 a
3617 3007 3731 3076 [er-

434 3073 731 3164 vindictam
761 3104 926 3162 faciat
946 3073 1010 3160 in
1048 3073 1345 3167 daemones;
1370 3117 1494 3158 cum
1542 3073 1731 3171 utique
1781 3099 2033 3155 vindictae
2058 3073 2104 3138 (ἶ
2133 3073 2727 3161 ητεηιοῬιιανῖεωονξιηι
2772 3100 2924 3173 (Luc.
2953 3096 3075 3171 xu).
3117 3096 3175 3151 In
3219 3097 3323 3152 hac
3352 3097 3511 3152 nobis
3543 3073 3735 3167 praxi-

436 3201 553 3256 dies
577 3207 633 3254 et
652 3197 841 3269 judicii
889 3195 1129 3251 nondum
1176 3192 1408 3249 venerit.
1460 3190 1567 3248 Sed
1596 3192 1738 3247 hanc
1773 3204 1876 3260 ego
1902 3198 2033 3260 puto

436 3292 492 3346 in
515 3290 787 3346 daemones
813 3286 931 3342 fieri
958 3285 1278 3349 vindictam,
1323 3297 1447 3339 cum
1493 3282 1539 3336 is
1564 3280 1654 3351 qui
1696 3280 1766 3335 ab
1792 3281 1902 3336 illis
1930 3284 2030 3335 de-

433 3385 628 3448 ceptus
654 3375 835 3432 fuerat
859 3382 915 3430 ut
959 3372 1103 3431 idola
1150 3372 1374 3437 coleret,
1414 3386 1511 3441 per
1539 3371 1762 3426 verbum
1816 3369 2030 3427 Domini

437 3480 758 3532 conversus,
783 3464 955 3523 Deum
979 3464 1127 3529 colit,
1149 3471 1206 3518 et
1227 3478 1292 3518 ex
1315 3462 1431 3533 ipso
1451 3476 1614 3533 opere
1639 3462 2028 3527 conversionis,

440 3560 678 3617 vindicta
706 3560 762 3615 in
790 3574 917 3616 eum
954 3556 1048 3628 qui
1073 3556 1363 3625 deceperat
1390 3554 1569 3609 datur.
1611 3552 1874 3608 Similiter
1902 3560 1959 3607 et
1984 3552 2031 3607 si

434 3654 487 3711 is
505 3653 599 3725 qui
623 3650 960 3709 daemonibus
1003 3649 1263 3719 deceptus
1308 3645 1488 3702 fuerat
1536 3644 1607 3700 ad
1653 3644 2029 3701 fornicandum

427 3753 781 3803 convertatur
799 3744 868 3800 ad
892 3742 1229 3815 pudicitiam,
1249 3738 1439 3811 diligat
1461 3738 1788 3801 castitatem,
1820 3752 2031 3793 errasse

432 3853 497 3893 se
523 3835 736 3902 deﬂeat,
766 3832 1103 3905 poenitentia:
1143 3830 1313 3901 ipsius
1363 3828 1620 3900 lacrymis
1663 3828 1839 3883 uritur
1865 3836 1922 3883 et
1948 3827 2031 3881 in-

432 3926 689 3982 cenditur
711 3925 942 3989 daemon,
974 3933 1028 3976 et
1055 3922 1134 3976 sic
1164 3919 1402 3975 vindicta
1428 3921 1587 3975 datur
1614 3918 1669 3972 in
1696 3917 2030 3989 deceptionis

436 4027 737 4073 auctorem.
764 4013 1029 4070 Similiter
1055 4012 1219 4067 etiam
1249 4010 1295 4065 si
1321 4009 1443 4079 quis
1466 4008 1533 4065 de
1561 4008 1815 4078 superbia
1839 4008 1906 4062 ad
1932 4009 2031 4063 hu—

435 4109 739 4172 militatem,
770 4106 838 4161 de
866 4104 1081 4159 luxuria
1101 4103 1168 4158 ad
1205 4101 1599 4173 parcimoniam
1629 4100 1834 4166 redeat,
1858 4107 1913 4154 et
1934 4116 2031 4169 per

424 4199 549 4257 haec
574 4197 782 4270 singula
825 4198 1097 4254 daemones
1125 4194 1217 4264 qui
1246 4208 1307 4250 se
1335 4193 1388 4249 in
1419 4192 1533 4247 lure
1576 4191 1904 4262 deceperant
1927 4190 2029 4245 lla-

423 4291 594 4363 gellat
616 4298 674 4346 et
697 4289 926 4345 cruciat.
964 4285 1191 4354 Quantis
1216 4298 1309 4339 eos
1356 4283 1556 4354 putatis
1605 4282 1692 4353 agi
1720 4283 2028 4347 tormentis,

2132 3198 2278 3269 pitur
2300 3196 2577 3252 mansione
2604 3203 2665 3249 ut
2681 3209 2897 3264 semper
2918 3205 3189 3248 memores
3211 3190 3381 3246 simus
3403 3190 3734 3260 egressionis

2131 3302 2198 3342 ex
2221 3286 2479 3358 Egypto,
2509 3294 2570 3340 ut
2598 3284 2936 3340 celebremus
2973 3281 3283 3341 transitum,
3314 3280 3368 3334 i.l
3416 3292 3526 3344 est,
3556 3281 3729 3350 phase

2130 3380 2382 3444 Domini;
2415 3386 2475 3433 ut
2501 3377 2860 3448 primogenita
2907 3376 3078 3431 nostri
3126 3374 3268 3428 uteri
3294 3379 3733 3442 cunctarumque

2131 3469 2394 3523 virtutum
2417 3481 2516 3537 pro
2540 3466 2916 3537 primogenitis
2939 3463 3159 3536 zEgypti
3179 3479 3300 3533 qua:
3318 3478 3578 3533 percussa
3604 3470 3733 3516 sunt

2128 3559 2361 3614 Domino
2385 3570 2788 3611 consecremus.
2828 3554 2899 3608 Et
2923 3555 3145 3626 profecti
3177 3559 3243 3608 de
3282 3552 3498 3620 Socotli,
3528 3562 3735 3606 castro-

2131 3649 2312 3704 metati
2342 3664 2367 3701 s
2408 3655 2464 3701 nt
2490 3648 2546 3700 in
2580 3645 2793 3710 Etham,
2816 3661 2935 3716 qua:
2971 3655 3046 3698 est
3069 3646 3126 3699 in
3148 3654 3378 3699 extremo
3399 3642 3731 3697 solitudinis.

2133 3738 2315 3793 Tertia
2344 3736 2554 3792 mansio
2580 3736 2805 3790 ollertur
2830 3742 2952 3805 post
2987 3733 3353 3800 tabernacula,
3381 3733 3438 3788 in
3484 3748 3593 3803 qua
3620 3734 3734 3804 pri-

2131 3849 2281 3891 mum
2313 3834 2525 3888 videtur
2568 3831 2826 3886 Dominus
2876 3838 3041 3885 nocte
3088 3830 3145 3883 in
3175 3828 3424 3883 columna
3454 3828 3639 3893 nubis,
3667 3836 3731 3882 ut

2132 3923 2407 3998 prteccdat
2433 3921 2690 3993 populum
2720 3928 2774 3973 et
2798 3918 2904 3974 dux
2939 3920 3012 3974 sit
3064 3918 3293 3973 itineris.
3343 3917 3541 3972 Etham
3571 3917 3732 3972 nobis

2130 4022 2398 4071 consonat
2448 4011 2703 4082 fortitudo
2760 4010 2874 4065 sive
2902 4009 3173 4080 perfectio,
3220 4008 3288 4062 de
3337 4022 3444 4077 qua
3471 4017 3528 4064 et
3559 4005 3729 4061 David

2131 4107 2317 4162 canit:
2354 4103 2431 4158 Tu
2466 4103 2712 4174 dirupisti
2760 4102 2947 4173 fluvios
2978 4100 3173 4155 Etham
3216 4097 3391 4172 (Psal.
3415 4100 3637 4171 ιπςιιι),
3676 4100 3731 4154 id

2130 4207 2233 4263 est,
2260 4197 2434 4253 fortis.
2466 4194 2700 4251 Grandis
2720 4203 2808 4250 est
2826 4194 3088 4251 fortitudo
3112 4192 3407 4264 Algyptum
3426 4193 3725 4256 dimittere,

2131 4299 2187 4345 et
2216 4291 2271 4344 in
2301 4297 2545 4343 extrema
2574 4286 2863 4342 solitudine
2886 4284 3230 4340 commorari.
3271 4284 3349 4338 Ex
3376 4299 3487 4354 quo
3526 4285 3728 4340 intelli-

431 4384 478 4439 si
506 4394 669 4478 quem
714 4377 935 4434 videant
974 4373 1527 4478 secundumserbum
1553 4372 1769 4478 Domini
1812 4373 2029 4478 retulere
2059 4416 2106 4478 ο
2133 4382 2310 4452 gimus
2332 4379 2511 4433 locum
2546 4376 2747 4433 Socoth
2771 4377 2948 4431 adhuc
2987 4374 3144 4443 juxta
3170 4374 3391 4446 Egypti
3436 4375 3607 4431 fuisse
3640 4390 3729 4429 re-

432 4472 612 4531 omnia
640 4486 739 4525 sua
771 4485 889 4541 quin
916 4466 1164 4539 possidet,
1192 4474 1241 4519 et
1263 4465 1391 4519 dare
1414 4464 1750 4537 pauperibus,
1776 4473 1825 4518 et
1843 4462 2024 4518 tollere

427 4577 635 4617 crucem
665 4577 819 4616 suam
846 4569 894 4614 et
941 4559 1088 4630 sequi
1118 4554 1426 4611 Christum?
1452 4555 1605 4627 (Luc.
1634 4554 1816 4625 xvm.)
1848 4552 2024 4623 Super

412 4652 614 4708 .omnia
641 4667 768 4708 vero
813 4650 897 4707 eis
943 4658 1028 4705 est
1076 4654 1467 4703 tormentorum
1518 4660 1740 4715 genera,
1774 4653 1830 4699 et
1861 4659 2025 4712 super

412 4760 621 4807 Omnes
641 4760 856 4816 poenas,
910 4746 957 4801 si
985 4759 1146 4814 quem
1196 4742 1414 4797 videant
1457 4740 1624 4795 verbo
1675 4739 1770 4793 Dei
1801 4752 2022 4808 operam

416 4834 583 4900 dare,
633 4835 913 4890 scientiam
944 4836 1140 4891 divina:
1190 4832 1329 4904 legis
1371 4839 1426 4887 et
1468 4831 1731 4903 mysteria
1782 4828 2024 4900 Scriptu-

416 4937 618 4978 rarum
645 4921 869 4978 intentis
898 4924 1092 4979 studiis
1118 4922 1521 4993 perquirentem
1551 4937 1565 4973 :
1597 4920 1652 4973 in
1700 4919 1803 4976 hoc
1826 4932 2021 4974 eorum

414 5013 681 5071 omnibus
713 5015 729 5033 '
764 5013 997 5070 flammis
1025 5022 1132 5079 est,
1173 5014 1229 5067 in
1270 5012 1357 5068 his
1390 5019 1506 5066 toto
1551 5018 1784 5066 uruntur
1831 5010 2019 5064 incen-

428 5111 538 5173 dio,
566 5106 824 5177 quoniam
849 5106 1069 5175 quidem
1122 5105 1440 5175 ignorantiae
1492 5103 1730 5158 tenebris
1756 5103 2021 5158 humanas

428 5202 860 5256 obscuraverant
903 5204 1137 5262 mentes,
1181 5206 1239 5251 et
1288 5210 1383 5265 per
1429 5195 1545 5249 hate
1591 5194 1938 5250 obtinuerant
1962 5202 2021 5247 ut

432 5292 572 5348 Deus
591 5290 811 5361 quidem
839 5287 1201 5361 ignoraretur,
1234 5288 1301 5342 ad
1329 5287 1475 5358 ipsos
1499 5302 1626 5341 vero
1647 5285 1815 5340 divini
1840 5285 2016 5340 cultus

429 5383 605 5439 studia
658 5378 1106 5437 transferrentur.
1144 5377 1274 5445 Quae
1310 5388 1472 5448 putas
1525 5378 1580 5432 in
1610 5377 1731 5433 illos
1781 5378 2014 5431 vindicta

429 5472 608 5537 datur,
639 5486 761 5543 qua!
803 5468 1035 5526 infertur
1061 5469 1143 5523 eis
1184 5467 1400 5522 ﬂamma
1443 5480 1752 5537 pteuarum,
1783 5482 1907 5521 cum
1932 5467 2015 5520 vi-

432 5564 559 5619 dent
601 5566 717 5619 haec
760 5562 966 5617 lumine
1012 5559 1259 5616 veritatis
1310 5557 1534 5629 aperiri,
1580 5565 1637 5612 et
1673 5556 1880 5612 fraudis
1907 5572 2018 5611 suae

433 5656 658 5711 nebulas
678 5669 775 5724 per
795 5654 1124 5726 agnitionem
1152 5650 1284 5722 legis
1319 5649 1516 5706 divina:
1556 5650 1794 5707 nudari?
1839 5649 2019 5706 Possi-

2131 4473 2336 4545 giones.
2366 4471 2422 4526 ln
2453 4486 2518 4526 eo
2547 4470 2693 4525 enim
2722 4470 2865 4539 quod
2896 4470 3112 4533 dicitur,
3152 4468 3242 4536 qui
3268 4477 3353 4523 est
3379 4467 3432 4521 in
3463 4469 3728 4523 extremis

2132 4564 2330 4619 ﬁnibus
2385 4562 2714 4627 solitudinis,
2769 4561 3077 4616 ostenditur
3124 4559 3267 4613 inter
3316 4558 3553 4614 conﬁnia
3604 4575 3727 4615 esse

2128 4654 2299 4709 eremi
2324 4662 2379 4709 et
2404 4652 2642 4723 Egypti.
2691 4650 2996 4704 Notandum
3025 4657 3202 4704 autem
3233 4650 3376 4717 quod
3403 4648 3510 4703 alia
3554 4649 3729 4704 editio

2128 4759 2227 4813 pro
2253 4742 2445 4797 Etham
2468 4741 2677 4795 But/tan
2721 4740 2903 4795 habet.
2948 4739 3160 4793 Butban
3189 4754 3318 4809 ergo
3343 4739 3598 4794 convallis
3627 4756 3727 4809 ap-

2128 4835 2379 4905 pellatur.
2429 4834 2672 4888 Diximus
2719 4834 2865 4888 enim
2904 4834 3163 4888 virtutum
3210 4834 3270 4887 in
3318 4833 3405 4888 his
3437 4847 3725 4904 essepro-

2125 4925 2346 4980 fectuin.
2380 4922 2564 4978 Virtus
2591 4932 2771 4978 autem
2822 4939 2930 4978 non
2971 4923 3076 4978 nisi
3128 4925 3373 4979 exercitu
3427 4933 3484 4979 et
3532 4924 3726 4981 labore

2125 5014 2485 5085 conquiritur.
2537 5011 2647 5068 Nec
2698 5020 2908 5066 tantum
2961 5013 3017 5066 in
3063 5014 3340 5083 prosperis
3372 5023 3637 5082 quantum
3669 5016 3725 5069 in

2122 5106 2365 5160 adversis
2399 5103 2679 5175 probatur.
2735 5104 2964 5159 Venitur
3009 5119 3141 5175 ergo
3189 5104 3257 5159 ad
3305 5105 3632 5159 convallem.
3663 5107 3723 5161 In

2122 5195 2454 5251 convallibus
2476 5204 2659 5250 autem
2685 5204 2743 5250 et
2767 5193 3113 5250 inferioribus
3153 5194 3289 5250 locis
3317 5203 3600 5251 certamen
3626 5197 3724 5251 ha-

2120 5290 2279 5343 betur
2301 5289 2590 5343 adversum
2635 5287 2911 5343 diabolum
2957 5297 3013 5341 et
3058 5287 3361 5342 contrarias
3394 5296 3718 5357 potestates.

2119 5379 2176 5433 In
2207 5379 2540 5435 convallibus
2569 5395 2700 5451 ergo
2736 5395 2875 5450 agon
2904 5380 3172 5447 gerendus
3200 5387 3303 5444 est,
3330 5387 3385 5434 et
3414 5379 3469 5433 in
3497 5381 3723 5434 coma].

2119 5472 2259 5528 libus
2282 5473 2629 5557 pugnandum
2665 5481 2768 5526 est.
2819 5473 3062 5543 Denique
3096 5479 3150 5526 et
3178 5471 3454 5526 Abraham
3496 5472 3550 5526 in
3580 5472 3718 5527 valle

2122 5559 2431 5615 Salinarum
2460 5561 2720 5631 pugnavit
2750 5560 3035 5615 adversum
3065 5559 3329 5614 barbaros
3354 5573 3531 5630 rcges,
3558 5569 3618 5614 et
3640 5559 3718 5615 ibi

2122 5652 2406 5707 victoriam
2452 5664 2777 5712 consecutus
2801 5660 2906 5707 est.
2954 5651 3239 5709 Descendit
3267 5667 3397 5707 vero
3422 5652 3601 5708 viator
3625 5651 3719 5708 hic
