3932 6188
292 313 398 373 815

1010 311 1545 371 ENARRATIONES
1577 311 1645 367 IN
1685 311 1945 369 LIBRUM
1984 310 2446 369 NUMERORUM.
2490 345 2559 355 —
2595 316 2725 372 LIB.
2765 315 2853 371 IV.

3448 322 3555 377 8H

287 433 482 483 noster
501 425 572 480 ad
599 440 693 481 eos
720 425 812 496 qui
847 425 901 480 in
926 425 1209 497 profundis
1236 435 1291 482 et
1320 426 1378 481 in
1405 425 1553 491 imis,
1578 439 1685 481 non
1713 431 1774 478 ut
1803 422 1877 478 ibi
1907 427 1953 487 Α
1982 430 2332 494 temperetur,
2394 425 2608 481 dicente
2670 427 2950 497 Scriptura
2976 444 2989 482 :
3045 427 3176 495 Qua:
3228 429 3297 486 ad
3351 440 3558 505 tempus

287 516 626 582 demoretur,
652 516 748 571 sed
789 523 849 571 ut
892 515 966 571 ibi
999 516 1278 572 victoriam
1321 522 1705 584 consequatur.
1734 512 1880 567 Pras-

286 620 551 677 paremus
584 607 741 663 nobis
782 605 1176 673 fortitudinem,
1205 621 1544 664 assumamus
1577 604 1877 676 perfectum

288 697 480 760 robur,
529 704 590 750 ut
634 696 778 753 inter
819 712 1068 753 errorum
1118 699 1369 753 tenebras
1415 706 1471 752 et
1509 695 1879 753 confusionem

288 788 473 843 noctis
497 788 736 843 scientia:
765 788 966 844 Christi
993 789 1174 845 lumen
1199 798 1490 860 appareat:
1526 791 1640 846 dies
1668 805 1880 860 quoque

289 885 485 931 noster
506 878 700 932 nubem
727 878 926 933 habeat
950 888 1341 948 protegentem,
1375 887 1434 932 ut
1454 878 1540 933 his
1560 878 1787 933 ducibus
1812 877 1879 931 ad

290 974 542 1022 sanetam
572 973 773 1020 terram
798 968 1081 1036 pervenire
1117 968 1411 1023 valeamus.
1463 965 1796 1038 Profectique
1817 968 1882 1021 de

291 1053 489 1108 Etham
506 1064 753 1109 venerunt
770 1065 954 1109 contra
972 1053 1343 1119 Phihahirotlt,
1366 1072 1485 1125 qua:
1505 1056 1712 1125 respicit
1733 1054 1881 1109 Beel-

289 1145 510 1214 sephon,
532 1152 581 1197 et
599 1146 956 1199 castrametati
975 1155 1099 1199 sunt
1120 1155 1302 1200 contra
1325 1144 1654 1216 Magdalum.
1676 1144 1880 1212 Quarta

294 1235 515 1289 mansio
540 1234 922 1300 Phihahiroth,
949 1251 1070 1305 qua:
1096 1236 1486 1307 interpretatur
1513 1252 1571 1292 os
1602 1236 1877 1292 nobilium.

292 1325 429 1391 Quae
457 1325 717 1380 scribitur
765 1340 864 1396 per
914 1325 1152 1380 litteram
1202 1327 1428 1392 beth,:.
1458 1326 1686 1394 Quidam
1740 1325 1882 1382 male

294 1416 481 1470 hiroth
509 1415 662 1470 villas
704 1423 897 1484 putant
929 1432 944 1471 :
971 1432 1231 1488 errorque
1259 1419 1577 1475 manifestus
1604 1428 1709 1485 est,
1740 1417 1883 1490 quod

292 1521 399 1577 pro
438 1507 750 1577 supradicto
801 1507 1068 1563 elemento
1103 1531 1131 1563 ν
1171 1509 1408 1564 litteram
1439 1510 1638 1582 legant.
1670 1510 1885 1568 Beelse-

292 1597 444 1666 pbon
464 1597 517 1650 in
547 1597 782 1668 linguam
812 1606 1049 1653 nostram
1067 1599 1297 1654 vertitur
1324 1600 1579 1656 Dominus
1601 1601 1881 1672 aquilonis,

296 1693 397 1738 aut
444 1702 688 1745 ascensus
741 1687 985 1758 spec-tlte,
1041 1696 1139 1743 aut
1193 1689 1387 1744 habens
1439 1707 1657 1746 arcana.
1713 1692 1885 1747 Porro

297 1774 511 1844 llagdal
541 1777 846 1846 magnitudo
876 1777 961 1831 vel
993 1779 1175 1832 turris.
1205 1778 1497 1848 Assumpta
1528 1781 1695 1849 igitur
1728 1781 1884 1836 forti-

297 1865 512 1930 tudine,
543 1866 896 1920 nobilitamur
921 1867 974 1921 in
1007 1868 1259 1933 Domino,
1298 1877 1354 1924 et
1398 1870 1727 1942 Beelsephon
1757 1871 1883 1925 idoli

296 1970 502 2012 arcana
555 1959 989 2023 contemnimus,
1041 1959 1289 2029 illiusque
1338 1960 1792 2032 magniﬁcentiam
1834 1969 1889 2015 et

297 2046 552 2099 turritam
580 2047 885 2116 superbiam
916 2047 1268 2104 declinamus.
1290 2050 1407 2105 Non
1430 2051 1574 2106 enim
1596 2060 1679 2108 est
1703 2053 1771 2107 ab
1796 2067 1888 2106 au-

296 2144 419 2191 stro
446 2136 590 2190 unde
617 2136 875 2192 Dominus
903 2139 1075 2203 venit,
1109 2146 1163 2193 et
1191 2153 1221 2192 a
1247 2139 1472 2195 meridie
1501 2140 1555 2194 in
1593 2156 1698 2210 qua
1728 2156 1890 2212 spon-

296 2240 397 2280 sus
424 2225 686 2280 recumbit
712 2226 766 2279 in
813 2225 1074 2293 ﬂoribus;
1128 2228 1222 2283 sed
1270 2242 1553 2298 possessor
1597 2231 1885 2300 aquilonis,

298 2317 451 2372 venti
472 2315 830 2386 frigidissimi,
858 2334 887 2372 a
910 2333 1016 2388 quo
1042 2320 1405 2375 exardescunt
1428 2321 1569 2376 mala
1599 2336 1761 2393 super
1785 2330 1891 2378 ter-

301 2423 442 2462 ram.
470 2407 573 2474 Qui
614 2423 738 2463 eum
775 2410 849 2464 sit
884 2408 1290 2481 frigidissimus,
1328 2413 1546 2469 nomine
1582 2414 1773 2469 dexter
1797 2429 1892 2469 vo-

298 2507 485 2562 catur,
540 2497 678 2554 falso
725 2499 829 2554 sibi
877 2515 1160 2556 assumens
1210 2502 1527 2558 vocabulum
1577 2504 1796 2560 virtutis
1826 2519 1893 2560 ac

300 2586 560 2652 dentem,
591 2603 714 2643 cum
763 2597 908 2643 totus
944 2589 1016 2644 sit
1049 2590 1102 2644 in
1149 2591 1392 2647 sinistra.
1442 2592 1511 2646 Et
1561 2593 1780 2665 profecti
1826 2594 1892 2648 de

304 2677 676 2746 Philtaltirotlz,
699 2684 1019 2736 transierunt
1046 2700 1138 2753 per
1158 2685 1386 2739 medium
1406 2702 1551 2740 mare
1573 2687 1627 2740 in
1651 2686 1855 2741 deserto
1869 2700 1889 2739 :

304 2778 356 2823 et
385 2770 780 2826 ambulaverunt
822 2774 961 2828 vim
1009 2775 1169 2827 trium
1215 2776 1419 2830 dierum
1451 2776 1505 2831 in
1552 2776 1890 2833 solitudinem

308 2857 522 2923 Etham,
555 2869 603 2915 et
630 2862 985 2918 castrametati
1020 2874 1142 2918 sunt
1170 2864 1226 2919 in
1255 2864 1431 2919 Hora.
1457 2868 1656 2933 Quinta
1681 2869 1892 2923 mansio

252 3028 257 3032 θ
307 2948 482 3016 Rara,
502 2966 624 3021 qua:
648 2952 1037 3025 interpretatur
1056 2957 1376 3012 amaritudo.
1410 2958 1526 3013 Non
1550 2967 1801 3029 poterant
1823 2962 1891 3016 ad

307 3037 478 3095 Rubri
506 3042 673 3101 maris
698 3044 936 3114 gurgites
960 3047 1262 3114 pervenire,
1301 3055 1358 3103 et
1404 3049 1739 3105 Pharaonem
1765 3066 1887 3106 cum

1978 513 2202 583 pingues
2245 513 2375 570 facit
2426 514 2611 573 fauces
2660 526 2799 583 tuas,
2828 518 3120 575 novissime
3154 535 3283 576 vero
3320 526 3560 581 amarius

1979 600 2103 657 felle
2130 603 2391 660 invenies.
2428 603 2758 678 Profectique
2785 606 2849 661 de
2874 604 3027 661 Mam
3046 621 3292 665 venerunt
3319 613 3373 667 in
3393 613 3559 682 Elim,

1980 693 2068 746 ubi
2097 704 2246 749 erant
2267 695 2540 749 duodecim
2560 696 2729 766 fontes
2755 714 3032 769 aquarum,
3060 708 3108 752 et
3141 699 3331 770 palma:
3357 713 3561 775 septua-

1979 786 2145 854 ginta,
2168 787 2341 857 ibique
2378 789 2736 841 castrametati
2763 798 2905 842 sunt.
2950 788 3112 844 Vides
3146 798 3268 860 post
3296 795 3559 849 amaritu-

1980 873 2155 939 dines,
2187 884 2307 945 post
2343 878 2663 946 asperitates
2711 878 3090 942 tentationum,
3124 895 3243 949 quas
3270 890 3321 935 te
3348 895 3562 940 amoma

1980 965 2281 1034 suscipiunt
2306 965 2468 1020 loca?
2497 965 2609 1020 Non
2640 968 2877 1022 venisses
2903 967 2971 1021 ad
2996 968 3227 1037 palmas,
3253 972 3354 1027 nisi
3386 980 3564 1028 tenta-

1980 1055 2187 1107 tionum
2235 1055 2621 1110 amaritudines
2665 1056 2994 1126 pertulisses.
3052 1056 3161 1113 Nec
3216 1062 3459 1117 venisses
3500 1062 3566 1120 ad

1983 1141 2318 1198 dulcedinem
2367 1141 2618 1208 fontium,
2683 1144 2785 1198 nisi
2848 1161 2966 1214 quae
3007 1146 3186 1203 tristia
3242 1149 3460 1206 fuerant
3509 1162 3565 1209 et

1982 1247 2173 1302 aspera
2209 1249 2543 1304 superasses.
2582 1235 2699 1291 Non
2748 1254 2855 1309 quo
2877 1238 2991 1309 jam
3032 1240 3155 1296 linis
3205 1241 3274 1297 sit
3322 1244 3376 1298 in
3406 1247 3568 1301 terris

1984 1323 2070 1378 bis
2091 1332 2145 1379 et
2180 1325 2443 1395 perfectio
2472 1336 2808 1393 cunctorum,
2860 1330 2953 1385 sed
2980 1330 3321 1400 dispensator
3366 1336 3569 1390 anima-

1986 1428 2108 1467 rum
2131 1414 2274 1470 Deus
2298 1416 2357 1470 in
2410 1416 2527 1485 ipso
2569 1417 2760 1472 itinere
2807 1418 3083 1475 interserit
3108 1421 3380 1481 laboribus
3400 1425 3563 1479 etiam

1983 1502 2229 1570 qumdam
2260 1501 2564 1574 refrigeria,
2616 1506 2810 1575 quibus
2844 1506 3017 1563 refota
3062 1510 3242 1564 anima
3270 1515 3571 1584 promptior

1985 1591 2171 1646 redeat
2221 1593 2287 1646 ad
2341 1593 2577 1663 reliquos
2611 1595 2842 1651 labores.
2895 1597 3033 1651 Elim
3082 1608 3262 1655 tamen
3312 1602 3571 1672 interpre-

1984 1687 2134 1735 tatur
2169 1683 2377 1737 arietes.
2433 1684 2645 1741 Arietes
2672 1685 2838 1741 duces
2885 1697 3010 1742 sunt
3033 1703 3277 1759 gregum.
3308 1692 3410 1759 Qui
3441 1706 3569 1748 sunt

1915 1777 1957 1834 Β
1987 1774 2151 1831 duces
2180 1778 2358 1848 gregis
2395 1778 2598 1834 Christi
2646 1780 2749 1835 nisi
2782 1780 3046 1852 Apostoli,
3080 1784 3170 1854 qui
3213 1794 3340 1840 sunt
3366 1793 3420 1841 et
3445 1787 3573 1842 dno-

1988 1864 2158 1919 decim
2187 1865 2363 1921 fontes
2383 1868 2407 1921 ?
2431 1866 2629 1922 Verum
2658 1872 2913 1940 quoniam
2940 1888 3046 1926 non
3085 1872 3260 1929 solum
3287 1875 3567 1930 duodecim

1986 1953 2145 2024 elegit
2170 1955 2424 2011 Dominus
2444 1965 2497 2011 et
2520 1958 2768 2012 Salvator
2786 1969 2991 2026 noster,
3017 1963 3109 2017 sed
3125 1970 3179 2017 et
3199 1963 3336 2018 alios
3363 1972 3573 2034 septua-

1987 2044 2155 2115 ginta,
2208 2045 2410 2099 ideirco
2463 2062 2569 2100 non
2605 2048 2780 2101 solum
2832 2050 3114 2106 duodecim
3147 2051 3345 2119 fontes,
3377 2054 3472 2109 sed
3517 2063 3571 2109 et

1987 2133 2326 2204 septuaginta
2371 2138 2593 2191 arbores
2642 2138 2956 2193 scribuntur
2998 2153 3118 2195 esse
3149 2142 3473 2212 palmarum.
3503 2143 3573 2199 Et

1990 2222 2089 2293 ipsi
2120 2225 2265 2279 enim
2297 2225 2523 2295 apostoli
2571 2226 2939 2283 nominantur.
2998 2229 3090 2285 Sic
3130 2239 3185 2286 et
3214 2232 3329 2301 ipse
3375 2233 3573 2291 Paulus

1990 2313 2140 2378 dicit,
2174 2330 2296 2368 cum
2343 2316 2410 2369 de
2454 2316 2851 2372 resurrectione
2893 2316 3194 2374 Salvatoris
3236 2331 3568 2390 exponeret:

1997 2401 2157 2458 Visus
2200 2413 2277 2459 est
2302 2404 2428 2469 illis,
2459 2406 2653 2476 inquit,
2699 2409 2982 2463 undecim:
3031 2410 3218 2465 deinde
3258 2414 3502 2483 apparuit
3523 2423 3571 2469 et

1990 2494 2230 2549 omnibus
2260 2497 2512 2567 apostolis
2537 2498 2589 2570 (Ι
2617 2496 2742 2553 Cor.
2770 2499 2884 2569 xv).
2915 2500 2972 2554 lu
2993 2515 3099 2570 quo
3120 2505 3357 2559 ostendit
3378 2519 3499 2561 esse
3521 2514 3575 2561 et

1989 2584 2125 2641 alios
2147 2587 2422 2657 apostolos
2446 2590 2686 2658 exceptis
2721 2590 2826 2646 illis
2853 2591 3153 2647 duodecim.
3188 2591 3315 2648 H1130
3339 2595 3571 2650 amanti-

1992 2684 2075 2730 tas
2099 2687 2220 2747 post
2248 2680 2685 2749 amaritudinem,
2712 2682 2827 2737 haac
2853 2692 2906 2738 te
2934 2683 3147 2754 requies
3171 2694 3293 2756 post
3310 2686 3568 2752 laborem,

1991 2765 2106 2820 haec
2131 2775 2180 2820 te
2203 2769 2376 2838 gratia
2397 2779 2521 2839 post
2550 2772 2904 2826 tentationem
2934 2774 3211 2844 suscipiet.
3247 2774 3351 2831 Sed
3372 2784 3426 2831 et
3447 2777 3572 2832 inde

1989 2859 2213 2926 egressi,
2238 2860 2405 2914 linere
2429 2860 2661 2914 tentoria
2682 2875 2845 2931 super
2864 2877 3013 2917 mare
3027 2861 3271 2918 Rubrum
3295 2883 3309 2919 :
3338 2862 3575 2934 Profecti

1989 2947 2054 3000 de
2080 2945 2241 3011 Elim,
2264 2949 2616 3002 castrametati
2631 2957 2757 3002 sunt
2779 2949 2849 3003 ad
2868 2966 3013 3005 mare
3031 2949 3286 3006 Rubrum.
3302 2953 3446 3009 Mare
3463 2955 3573 3011 Ru-

1988 3041 2145 3095 brum
2159 3040 2300 3110 quod
2327 3039 2592 3096 Hebraiee
2617 3041 2813 3097 dicitur
2822 3043 2941 3115 jam
2962 3045 3092 3115 suph
3118 3049 3222 3133 ηπ)
3245 3054 3313 3105 ων
3343 3047 3571 3118 septima

306 3146 411 3193 suo
440 3134 687 3193 exercitu
729 3136 913 3192 videre
946 3147 1281 3207 pereuntem,
1319 3140 1423 3203 nisi
1464 3151 1749 3211 postquam
1794 3143 1890 3198 ha.
1917 3115 1961 3176 C
1992 3136 2202 3217 mansio
2224 3144 2307 3191 est
2334 3155 2346 3190 :
2387 3145 2440 3191 et
2469 3137 2731 3206 quaeritur
2764 3139 3034 3208 quomodo
3069 3115 3192 3208 post
3220 3115 3574 3213 transmigra-

309 3222 542 3283 buerant
561 3225 617 3283 in
641 3238 736 3285 ore
762 3226 1089 3292 nobilitates,
1124 3236 1179 3283 et
1206 3230 1259 3283 in
1306 3230 1521 3284 Domini
1555 3229 1894 3286 confessione

309 3314 560 3370 virtutes.
583 3314 712 3371 Post
748 3315 1184 3386 pradicationem
1206 3317 1512 3390 Evangelii,
1545 3328 1669 3390 post
1700 3320 1886 3375 taber-

309 3403 505 3461 nacula
561 3406 1081 3477 transmigratitium,
1128 3416 1251 3481 post
1296 3416 1632 3479 assumptam
1679 3408 1895 3465 fortitu-

311 3493 514 3560 dinem,
539 3503 663 3564 post
689 3495 1048 3558 confessionis
1067 3498 1425 3565 nobilitatem,
1447 3499 1682 3569 pericula
1704 3514 1895 3558 rursus

306 3593 626 3639 occurrunt.
653 3584 805 3643 Unde
832 3586 1090 3645 discimus
1113 3587 1382 3649 cavendas
1409 3603 1623 3657 semper
1646 3588 1892 3654 insidias,

311 3681 370 3732 et
395 3674 749 3731 invocandam
783 3675 1206 3739 misericordiam
1250 3678 1371 3744 Dei,
1421 3686 1480 3734 ut
1524 3680 1896 3748 insequentem

316 3761 653 3827 Pharaonem
686 3766 956 3835 possimus
1003 3766 1261 3839 effugere,
1306 3778 1363 3825 et
1395 3768 1551 3825 nobis
1582 3769 1638 3824 in
1667 3768 1899 3840 spiritali

313 3854 585 3925 baptismo
612 3856 925 3913 sulfoeetur.
953 3858 1202 3930 Egressis
1230 3861 1297 3919 de
1326 3860 1462 3917 mari
1484 3859 1672 3916 Rubro
1698 3875 1897 3915 occur-

316 3944 390 3999 rit
414 3959 629 4005 eremus
671 3946 796 4014 Sur,
840 3964 963 4019 qua:
1004 3961 1060 4007 et
1090 3951 1324 4010 solitudo
1360 3952 1553 4008 Etham
1590 3953 1806 4008 dicitur.
1836 3951 1896 4008 in

312 4048 423 4103 qua
479 4035 654 4091 tribus
713 4037 901 4095 diebus
959 4040 1322 4112 ingredientes
1348 4082 1364 4109 ,
1423 4058 1532 4098 non
1591 4043 1897 4100 habuerunt

315 4139 554 4195 aquam;
606 4135 660 4182 et
708 4130 1027 4198 perveniunt
1057 4133 1125 4187 ad
1168 4131 1394 4199 tiaram,
1443 4149 1563 4203 qua:
1607 4148 1672 4188 ex
1703 4133 1898 4189 amari-

317 4216 505 4272 tudine
527 4232 724 4274 nomen
755 4222 983 4291 aceepit.
1031 4222 1272 4281 Habebat
1300 4222 1422 4280 fons
1458 4240 1674 4294 aquam,
1702 4233 1757 4279 et
1781 4225 1897 4280 dul-

316 4308 561 4363 cedinem
610 4324 715 4365 non
764 4311 1015 4372 habebat.
1081 4312 1382 4368 Murmurat
1430 4314 1656 4384 populus
1708 4315 1897 4369 videns

314 4412 511 4469 aquas,
561 4406 617 4454 et
665 4409 857 4469 potare
886 4416 991 4456 non
1041 4402 1332 4461 sustinens.
1384 4402 1626 4472 lntellige
1668 4401 1891 4467 Marum,

314 4502 488 4557 aquas
506 4489 803 4546 occidentis
830 4490 1042 4549 litterae.
1071 4492 1277 4559 Quibus
1316 4492 1361 4547 si
1408 4492 1731 4546 immittatur
1766 4506 1894 4545 con-

316 4578 483 4635 fessio
504 4582 701 4647 crucis,
728 4591 777 4637 et
800 4584 1068 4651 passionis
1096 4583 1388 4639 Dominica:
1414 4589 1753 4639 sacramenta
1773 4582 1896 4651 jun-

315 4679 535 4745 guntur,
566 4688 726 4729 omne
755 4675 896 4743 quod
925 4675 1234 4745 impotabile
1262 4682 1317 4730 et
1342 4675 1499 4729 triste
1526 4674 1807 4730 videbatur
1831 4688 1897 4728 ac

316 4760 572 4830 rigidum,
600 4770 842 4817 vertetur
877 4764 932 4817 in
963 4764 1321 4818 dulcedinem.
1355 4762 1510 4819 Unde
1544 4770 1599 4818 et
1634 4761 1894 4832 scriptum

315 4860 401 4903 est
426 4866 439 4902 :
466 4848 762 4905 Constituit
785 4851 925 4908 Deus
948 4853 1145 4922 populo
1177 4851 1348 4923 legem
1374 4859 1428 4907 et
1450 4851 1673 4922 judicia,
1702 4858 1757 4905 et
1780 4857 1897 4907 ten-

318 4942 455 4995 tavit
480 4955 626 4995 eum.
661 4942 763 4997 Ubi
810 4944 955 4997 enim
987 4945 1297 5015 magnitudo
1327 4945 1531 5014 gratim,
1581 4944 1654 4998 ibi
1683 4942 1893 5012 magni-

318 5032 449 5087 tudo
493 5033 844 5090 discriminis.
895 5035 1005 5091 Nec
1053 5037 1308 5091 terrearis
1351 5037 1397 5092 si
1448 5044 1570 5106 post
1611 5033 1895 5091 victoriam

319 5122 508 5177 venias
534 5123 603 5178 ad
628 5125 1067 5191 amaritudinem,
1096 5126 1221 5195 quia
1252 5141 1439 5183 verum
1470 5128 1669 5197 pascha
1698 5124 1899 5181 facien-

320 5220 422 5275 tes,
470 5227 661 5283 azyma
706 5230 830 5269 cum
859 5215 1307 5271 amaritudinibus
1350 5217 1652 5278 comedunt,
1698 5223 1754 5269 et
1784 5223 1900 5269 ten-

322 5303 455 5358 tatio
495 5305 887 5374 probationem,
921 5307 1173 5376 probatio
1210 5322 1343 5362 vero
1389 5322 1561 5376 spem,
1611 5321 1735 5375 spes
1757 5305 1899 5375 parit

324 5395 575 5450 salutem.
610 5396 762 5466 Apud
806 5398 1043 5453 medicos
1089 5412 1305 5467 quoque
1353 5396 1595 5466 quaedam
1622 5395 1897 5451 antidotus

328 5486 518 5540 noxios
562 5487 819 5542 humores
862 5496 1169 5557 temperans
1202 5502 1269 5542 ex
1315 5485 1676 5541 amaritudine
1726 5483 1902 5539 nomi-

328 5584 509 5639 natur,
539 5590 660 5644 qua:
704 5576 874 5632 dulcis
917 5577 1223 5632 ostenditur
1265 5576 1553 5631 restituens
1594 5574 1898 5629 sanitatem.

1922 4459 1971 4516 Ι)

1993 3227 2193 3282 tionem
2222 3227 2391 3282 maris
2422 3226 2591 3283 Rubri
2623 3236 2679 3283 et
2707 3226 2872 3284 fontis
2906 3227 3055 3283 Mara
3086 3236 3141 3283 et
3175 3229 3312 3284 Elim
3356 3245 3574 3285 rursum

1995 3318 2063 3370 ad
2089 3331 2242 3372 mare
2270 3316 2513 3371 Rubrum
2541 3316 2813 3384 venerint,
2842 3317 2949 3372 nisi
2982 3317 3121 3374 forte
3150 3318 3205 3373 in
3232 3318 3428 3374 itinere
3447 3332 3576 3389 per-

1992 3406 2242 3477 gentibus
2287 3407 2438 3462 sinus
2480 3407 2699 3481 quidam
2746 3407 2912 3463 maris
2948 3408 3206 3473 occurrit,
3230 3407 3386 3479 juxta
3416 3423 3578 3478 quem

1992 3497 2360 3551 castrametati
2384 3504 2527 3551 sunt.
2550 3496 2710 3552 Aliud
2730 3507 2810 3552 est
2828 3498 2972 3551 enim
2997 3499 3227 3552 transire
3248 3512 3419 3563 mare,
3434 3496 3579 3553 aliud

1994 3586 2049 3641 in
2074 3586 2323 3655 proximo
2345 3586 2509 3656 ﬁgere
2534 3587 2899 3641 tabernacula.
2948 3586 3028 3640 Ex
3069 3587 3266 3656 quibus
3288 3602 3579 3642 monemur

1993 3678 2156 3732 etiam
2198 3684 2324 3746 post
2351 3676 2712 3748 evangelicam
2757 3677 3095 3746 disciplinam
3118 3685 3177 3733 et
3203 3677 3353 3733 cibos
3380 3678 3579 3734 dulcis-

1994 3764 2162 3820 simos
2191 3764 2604 3836 triumphorum,
2638 3780 2898 3836 apparere
2930 3766 3086 3823 nobis
3112 3768 3381 3822 interdum
3406 3783 3577 3834 mare,

1993 3862 2050 3909 et
2075 3855 2347 3925 prazterita
2381 3854 2694 3911 discrimina
2736 3856 2863 3927 poni
2908 3855 2978 3911 ob
3007 3856 3209 3912 oculos.
3257 3856 3581 3928 Quanquam

1996 3946 2176 4001 multa:
2206 3945 2523 4002 differentiae
2551 3946 2623 4001 sit
2654 3947 2883 4001 transire
2905 3963 3076 4012 mare,
3122 3957 3178 4003 et
3216 3962 3367 4003 mare
3391 3948 3580 4019 procul

1995 4037 2259 4106 aspicere.
2292 4036 2529 4092 Verbum
2552 4036 2669 4106 jam
2696 4037 2848 4107 suph,
2881 4037 3020 4106 apud
3044 4035 3319 4103 Hebraeos,
3351 4053 3417 4091 ex
3440 4036 3578 4091 mari

1993 4134 2049 4181 et
2074 4127 2239 4182 rubro
2265 4127 2620 4196 compositum
2659 4134 2761 4181 est.
2805 4128 2953 4198 Supli
2980 4135 3159 4182 autem
3187 4135 3243 4181 et
3274 4127 3496 4180 rubrum
3525 4135 3582 4181 et

1993 4223 2204 4295 scirpus
2259 4231 2501 4277 vocatur.
2532 4220 2708 4276 'Unde
2756 4235 3043 4290 possumus
3108 4219 3372 4288 suspicari
3434 4219 3579 4288 quod

1992 4311 2241 4367 venerint
2307 4311 2376 4365 ad
2459 4310 2706 4379 paludem
2769 4310 3053 4378 quamdam
3123 4316 3180 4364 et
3246 4308 3421 4362 lacum
3485 4306 3579 4376 qui

1996 4407 2215 4457 carecto
2244 4407 2299 4453 et
2336 4398 2516 4467 juncis
2539 4398 2732 4468 plenus
2779 4399 2957 4453 fuerit.
2989 4398 3142 4466 Quod
3177 4405 3355 4452 autem
3386 4412 3578 4452 omnes

1998 4490 2446 4560 congregationes
2471 4502 2733 4557 aquarum
2772 4485 3055 4557 Scriptura
3088 4494 3273 4541 sancta
3314 4500 3463 4540 mare
3485 4500 3580 4539 vo-

1998 4592 2105 4647 cet,
2134 4581 2276 4636 nulla
2312 4579 2574 4635 dubitatio
2617 4585 2721 4634 est.
2760 4577 2886 4632 llazc
2912 4577 3123 4632 mansio
3168 4576 3222 4631 in
3248 4577 3433 4631 Exodo
3473 4592 3580 4631 non

2000 4673 2243 4734 habetur,
2270 4670 2363 4725 sed
2389 4671 2651 4741 scriptum
2673 4676 2754 4724 est
2778 4684 2877 4739 pro
2899 4683 2962 4723 ea
2983 4668 3123 4737 quod
3145 4667 3210 4721 de
3236 4667 3371 4720 mari
3396 4665 3582 4721 Rubro

1999 4761 2247 4816 venerint
2270 4763 2338 4814 ad
2360 4761 2629 4815 desertum
2657 4758 2777 4824 Sin,
2811 4773 2930 4828 qum
2959 4765 3041 4811 est
3066 4757 3206 4813 inter
3231 4757 3370 4811 Elim
3413 4766 3470 4812 et
3493 4756 3581 4811 Si-

2000 4854 2112 4919 nai,
2141 4854 2328 4922 quinta
2360 4852 2567 4907 decima
2614 4851 2700 4907 die
2749 4852 2953 4905 mensis
3003 4848 3224 4905 secundi
3258 4849 3581 4919 egressionis

2000 4956 2188 4996 eorum
2207 4958 2273 4997 ex
2297 4940 2551 5013 Egypto,
2579 4941 2633 4995 id
2660 4947 2759 5003 est,
2786 4940 3063 5012 trigesima
3088 4941 3265 5009 prima
3295 4948 3581 5011 postquam

2000 5030 2203 5102 egressi
2226 5039 2352 5086 sunt
2377 5031 2444 5085 de
2479 5031 2757 5085 Ramesse.
2794 5028 2862 5083 Et
2885 5029 3103 5099 profecti
3130 5029 3194 5084 de
3215 5029 3350 5082 mari
3377 5026 3578 5088 Rubro,

2003 5121 2358 5175 castrametati
2375 5129 2495 5174 sunt
2517 5121 2572 5173 in
2591 5120 2791 5174 deserto
2815 5119 2931 5174 Sin.
2959 5118 3158 5174 Octava
3181 5118 3410 5183 mansio,
3432 5115 3578 5177 licet,

1997 5212 2151 5280 juxta
2199 5211 2443 5264 ordinem
2496 5209 2690 5275 Exodi,
2743 5210 2969 5280 septima
3019 5211 3108 5265 sit.
3155 5208 3259 5263 Sed
3302 5206 3579 5261 sciendum

2002 5300 2145 5369 quod
2164 5298 2342 5353 omnis
2371 5313 2543 5367 usque
2564 5298 2631 5351 ad
2660 5306 2896 5352 montem
2924 5297 3073 5351 Sinai
3113 5308 3324 5349 ercmus
3352 5291 3446 5345 Sin
3481 5304 3580 5343 vo-

2003 5397 2176 5454 cetur,
2205 5397 2261 5444 et
2290 5404 2360 5444 ex
2394 5396 2505 5443 tota
2544 5388 2821 5457 provincia
2861 5388 3024 5441 etiam
3054 5387 3204 5439 locus
3232 5382 3392 5436 unius
3427 5396 3581 5433 man-

2004 5483 2173 5538 sionis
2198 5495 2393 5536 nomen
2416 5480 2703 5548 acceperit.
2737 5477 2829 5534 Sic
2854 5487 2907 5532 et
2932 5476 3084 5529 Moab
3112 5482 3219 5527 tam
3246 5469 3393 5525 urbis
3416 5485 3578 5538 quam

2005 5571 2295 5642 provinciae
2312 5585 2506 5625 nomen
2530 5579 2631 5624 est.
2656 5569 2714 5623 ln
2739 5570 2841 5623 hac
2866 5565 3149 5621 solitudine
3175 5564 3411 5633 quinque
3436 5577 3584 5614 man-

333 5663 483 5723 Sicc
507 5666 801 5732 contrario,
825 5666 1072 5735 voluptas
1112 5673 1274 5734 atque
1315 5663 1525 5718 luxuria
1549 5662 1906 5718 amaritudine
2009 5662 2191 5719 siones
2213 5670 2357 5717 sunt.
2382 5659 2503 5715 Jam
2549 5659 2718 5728 Soph.
2746 5659 2813 5712 de
2840 5669 2939 5724 qua
2966 5667 3127 5723 supra
3172 5651 3428 5719 diximus,
3462 5663 3579 5707 cre~
