3978 6182
348 321 456 378 815

991 316 1052 371 Β.
1095 313 1351 371 RABANI
1389 311 1609 369 MAURI
1647 308 1969 366 ARClllEP.
2013 306 2320 366 MOGUNT.
2363 303 2647 363 OPERUM
2683 301 2861 359 PARS
2896 302 2939 358 l.

3503 300 3609 357 8l6

345 445 468 485 ntus
489 427 608 493 Sin,
634 435 690 483 et
713 426 951 497 Daphca,
975 433 1032 479 et
1057 424 1208 489 Aius,
1230 430 1283 477 et
1310 420 1616 491 Rapbidim,
1642 417 1709 473 de
1735 415 1932 488 quibus
1958 419 2005 479 Α
2035 415 2253 470 adducit
2294 413 2591 484 Sephoram
2627 420 2681 468 et
2708 421 2969 480 utrosque
3000 408 3138 464 ﬁlios
3163 426 3178 474 ;
3210 408 3303 463 dat
3329 407 3623 464 consilium

345 520 629 591 loquemur
675 519 727 573 ln
774 514 1244 592 consequentibus.
1300 511 1394 565 Sin
1439 518 1619 565 autem
1667 508 1932 574 interpre-

319 616 497 667 'tatur
541 609 702 664 rubus
728 607 814 663 vel
847 607 1045 660 odium.
1089 604 1329 671 Quorum
1381 607 1672 666 utrumque
1714 594 1843 649 facit
1867 592 1937 647 ad

348 700 607 774 mysticos
652 698 978 754 intellectus.
1031 695 1149 762 Quo
1198 702 1483 763 postquam
1526 687 1836 745 venerimus
1868 684 1937 739 ad

348 807 473 847 eum
519 790 696 846 locum
753 789 820 843 de
863 802 971 857 quo
1022 785 1177 840 nobis
1219 783 1292 838 sit
1346 780 1606 836 Dominus
1634 778 1935 838 locuturus,

350 883 557 953 grande
587 879 768 935 odium
813 890 1123 931 mereamur
1172 870 1399 927 inimici.
1438 868 1590 923 Tunc
1635 865 1938 922 videbimus

352 952 544 1028 ardere
569 970 793 1024 rubrum
826 974 880 1021 et
904 981 1011 1020 non
1055 962 1343 1028 comburi;
1392 956 1715 1013 inﬂammari
1754 952 1939 1009 Eccle-

351 1061 490 1117 siam
520 1053 1008 1129 persecutionibus,
1049 1061 1104 1107 et
1136 1065 1278 1115 eam,
1329 1048 1584 1118 loquente
1615 1045 1670 1099 in
1701 1043 1791 1097 illa
1835 1043 1940 1096 Do—

353 1150 523 1215 mino,
549 1163 655 1203 non
684 1145 883 1216 perire.
912 1144 980 1198 Et
1001 1149 1130 1197 nota
1158 1140 1303 1211 quod
1331 1140 1385 1194 in
1419 1146 1609 1193 octava
1633 1133 1936 1196 mansione,

352 1240 409 1295 in
440 1253 546 1309 qua
582 1234 877 1291 toreularia
910 1241 1096 1287 nostra
1130 1239 1256 1285 sunt
1281 1229 1445 1302 (unde
1468 1236 1523 1283 et
1550 1235 1774 1283 octavus
1802 1221 1946 1293 psal~

353 1345 476 1386 mus
502 1329 605 1385 hoc
643 1327 798 1382 titulo
827 1321 1179 1397 praenotatur)
1210 1322 1482 1377 desertum
1512 1319 1757 1388 capimus
1796 1314 1939 1379 rubi,

355 1420 479 1492 quia
506 1418 687 1490 plures
715 1416 813 1470 lilii
849 1416 1075 1470 desertre
1104 1413 1277 1485 magis
1299 1426 1460 1481 quam
1491 1407 1606 1478 ejus
1630 1423 1750 1478 quae
1778 1406 1943 1460 habet

354 1510 552 1564 virum.
578 1506 647 1560 Et
683 1503 906 1576 profecti
931 1504 994 1557 de
1014 1503 1216 1557 deserto
1242 1500 1337 1555 Sin
1362 1497 1718 1553 castrametati
1741 1503 1862 1550 sunt
1888 1493 1945 1549 in

356 1600 597 1672 Daphca.
640 1596 794 1652 Nona
845 1595 1073 1650 mansio.
1120 1593 1235 1648 Hoc
1263 1606 1458 1647 nomen
1487 1588 1627 1660 apud
1666 1587 1941 1648 Hebraeos,

358 1699 582 1770 κροῦμα,
612 1690 667 1745 id
692 1695 795 1755 est,
822 1685 1059 1758 pulsatio
1084 1684 1302 1739 dicitur.
1327 1681 1508 1766 ~Juxta
1546 1679 1689 1749 quod
1740 1677 1816 1731 ait
1844 1676 1948 1731 Do-

2034 503 2371 575 scptuaginta
2391 503 2665 558 seniorum
2688 519 2704 569 ;
2738 510 2793 557 et
2817 502 2871 556 in
2903 509 3087 571 typum
3116 499 3375 555 Ecclesia:
3398 499 3466 553 de
3486 513 3617 569 gen-

2035 595 2177 651 tibus
2199 602 2563 664 congregatze,
2594 591 2729 663 legis
2767 592 3072 646 imminutio
3102 589 3394 661 Evangelio
3420 603 3613 659 sugge-

2036 693 2190 739 rente
2219 683 2540 753 completur.
2574 680 2808 735 Pulcbrc
2849 689 3034 735 autem
3078 679 3353 734 dissolutio
3381 694 3446 733 ac
3474 679 3615 732 sani-

2035 784 2115 828 tas
2169 774 2386 843 fortium
2444 771 2734 842 Rapbidim
2763 770 2981 836 dicitur,
3016 769 3100 825 vel
3125 778 3346 840 propter
3391 767 3618 839 dissipa-

2041 871 2150 917 tum
2181 860 2427 927 Amalec,
2459 860 2541 914 vel
2571 868 2793 930 propter
2825 860 3115 915 sanitatem
3141 858 3320 914 Israel.
3351 857 3411 913 Si
3436 867 3605 912 auten

2038 951 2411 1007 remissionem
2442 965 2699 1004 manuum
2721 947 2879 1019 juxta
2903 948 3071 1020 Syros
3094 947 3380 1019 Raphidim
3397 948 3623 1011 dicitur,

2039 1043 2282 1097 dicemus
2313 1049 2535 1110 propter
2563 1039 2826 1095 offensam
2879 1039 3084 1110 populi,
3132 1039 3256 1108 quia
3301 1045 3491 1092 contra
3517 1038 3627 1092 Do-

2039 1133 2245 1187 minum
2286 1138 2647 1196 murmurant,
2681 1130 2770 1184 isti
2823 1129 2943 1185 loco
2971 1144 3169 1185 nomen
3208 1129 3466 1198 positum.
3500 1126 3632 1181 Haec

2040 1224 2313 1295 tangimus
2330 1223 2511 1292 potius
2534 1237 2697 1292 quam
2726 1221 3064 1291 exponimus,
3091 1219 3332 1274 breviter
3358 1216 3631 1272 indicasse

2041 1315 2278 1372 contenti
2309 1315 2452 1384 quod
2479 1322 2602 1384 post
2648 1314 2973 1368 fermentum
3008 1311 3140 1367 Aius
3183 1320 3240 1366 et
3266 1310 3500 1366 Massam
3540 1324 3633 1363 ec-

2042 1406 2242 1471 clesim,
2274 1405 2483 1461 soleant
2527 1402 2846 1473 multiplicia
2874 1402 3179 1457 daemonum
3212 1402 3498 1455 adversum
3530 1410 3632 1450 nos

2044 1505 2380 1555 tentamenta
2436 1510 2782 1567 consurgere.
2841 1493 2908 1547 Et
2942 1490 3164 1563 profecti
3217 1490 3283 1544 de
3319 1487 3629 1560 Raphidim,

2047 1598 2224 1644 castra
2272 1596 2561 1660 posuerunt
2592 1587 2649 1640 in
2696 1583 2979 1639 solitudine
3007 1581 3180 1638 Sindi.
3221 1580 3348 1636 Hice
3375 1577 3635 1634 duodeci-

2048 1695 2136 1734 ma
2172 1686 2290 1733 est:
2349 1677 2530 1732 statim
2568 1675 2664 1731 tibi
2704 1674 2890 1729 veniat
2942 1673 2998 1727 in
3026 1680 3209 1728 mente
3261 1669 3634 1741 apostolorum

361 1760 579 1837 minus:
635 1775 851 1831 Pulsate
895 1784 943 1830 ct
991 1774 1253 1844 aperietur
1297 1762 1459 1825 vobis.
1496 1769 1558 1823 in
1590 1768 1727 1822 libro
1761 1773 1941 1819 autem
1970 1760 2016 1819 B
2047 1783 2327 1823 numerus.
2359 1766 2473 1823 Una
2502 1766 2570 1821 de
2592 1764 2859 1836 pluribus,
2884 1763 2982 1818 sed
3008 1761 3182 1831 major
3204 1760 3498 1824 omnibus;
3526 1773 3635 1813 non

361 1870 752 1930 Hebraicorum
787 1867 1067 1922 nominum
1101 1864 1455 1919 adltwsionem
1495 1860 1949 1927 remissionemquc

364 1960 762 2017 transtulimus.
795 1955 949 2025 Quod
973 1955 1233 2011 lectorem
1261 1953 1481 2008 turbare
1510 1966 1617 2005 non
1641 1950 1818 2013 debet,
1851 1961 1951 2002 nec

362 2058 518 2123 putet
546 2063 648 2104 nos
675 2046 931 2107 distantia
966 2044 1228 2099 scribere.
1269 2041 1348 2096 lbi
1377 2040 1521 2095 enim
1547 2039 1701 2110 juxta
1727 2036 1780 2090 id
1806 2033 1952 2105 quod

360 2142 521 2215 vulgo
554 2140 787 2195 habetur
832 2136 1122 2201 edidimus,
1164 2133 1209 2189 si
1247 2132 1482 2187 medium
1526 2131 1795 2187 scribatur
1838 2142 1955 2181 ver-

361 2233 489 2288 bum
515 2246 615 2302 per
646 2230 778 2288 betb
805 2227 1119 2289 :tlitteram.
1151 2224 1249 2279 Hic
1277 2233 1457 2278 autem
1485 2222 1540 2276 in
1568 2219 1834 2281 llebraico
1860 2231 1954 2271 vo-

364 2324 568 2379 lumine
595 2323 857 2392 scriptum
889 2318 1066 2389 reperi
1100 2332 1198 2389 per
1240 2316 1424 2385 plteg,
1455 2312 1599 2385 quod
1628 2312 1956 2366 elementum

368 2414 542 2485 magis
567 2412 928 2483 pulsationem
956 2423 1118 2479 quam
1145 2407 1409 2478 glutinum
1446 2410 1620 2460 sonat.
1645 2402 1956 2469 Sensusque

363 2513 452 2563 est
480 2502 824 2559 manifestus.
854 2501 982 2555 Post
1001 2514 1262 2569 responsa
1292 2497 1525 2562 Domini,
1554 2503 1679 2565 post
1706 2501 1957 2549 octavum

363 2608 674 2661 numerum,
722 2589 1137 2646 resurrectionis
1189 2586 1390 2643 Christi
1443 2584 1729 2655 incipimus
1779 2595 1960 2636 sacra-

367 2695 552 2743 menta
580 2684 820 2756 pulsare.
855 2680 1189 2752 Profectique
1224 2679 1288 2733 de
1322 2677 1562 2749 Daphca,
1604 2671 1959 2729 castrametati

365 2787 489 2834 sunt
520 2777 577 2832 in
603 2774 755 2830 Aius.
781 2773 998 2828 Decima
1022 2772 1233 2850 mansio
1265 2771 1316 2824 in
1347 2768 1534 2823 Exodo
1560 2782 1669 2821 non
1696 2765 1947 2820 habetur.

367 2866 729 2934 Crediturque
752 2864 808 2918 in
840 2862 935 2917 Sin
965 2874 1150 2917 eremo
1179 2856 1467 2923 contineri,
1491 2855 1679 2911 eodem
1703 2859 1961 2907 narrante

364 2958 508 3013 libro
533 2975 546 3012 :
580 2953 830 3025 Profecto
852 2962 927 3008 est
947 2951 1113 3007 omnis
1141 2948 1423 3005 multitudo
1446 2938 1676 3018 ﬁliorum
1701 2941 1873 2998 Israel
1897 2941 1962 2995 de

366 3066 538 3106 eremo
562 3046 679 3114 Sin,
704 3063 797 3119 per
838 3044 1136 3099 mansiones
1175 3059 1325 3107 suas,
1361 3040 1522 3111 juxta
1558 3054 1615 3093 os
1654 3034 1886 3101 Domini,
1913 3041 1961 3087 et

365 3101 616 3197 uenerunt
642 3101 925 3208 Iliipltidim
948 3131 1143 3206 (Exod.
1170 3101 1322 3204 xm);
1358 3101 1438 3184 Ex
1477 3142 1585 3199 quo
1619 3125 1962 3197 perspicuum
1988 3101 2035 3164 (ἶ

369 3238 455 3286 est
474 3228 656 3299 plures
679 3226 988 3281 mansiones
1011 3223 1172 3278 unius
1192 3220 1428 3293 regionis
1459 3216 1721 3275 vocabulo
1749 3215 1965 3269 demon-

363 3321 562 3378 strari.
591 3319 1094 3388 lnterpretaturque
1141 3313 1274 3368 Aius
1318 3311 1668 3382 fermentum:
1699 3304 1838 3377 quod
1865 3303 1964 3357 tol-

370 3414 484 3469 lens
520 3410 734 3477 mulier,
778 3407 1101 3464 commiscuit
1146 3404 1335 3476 farina:
1397 3401 1526 3457 satis
1567 3398 1753 3463 tribus,
1801 3396 1965 3450 donec

378 3505 789 3579 fermentaretur
829 3509 992 3554 totum
1027 3495 1242 3570 (Matth.
1269 3492 1413 3566 xttt).
1444 3493 1504 3547 In
1535 3491 1639 3546 bac
1678 3486 1966 3545 solitudine

376 3600 686 3652 murmurat
729 3589 966 3662 populus
1020 3594 1243 3657 propter
1292 3584 1515 3650 famem,
1564 3588 1619 3637 et
1673 3591 1966 3635 conversus

373 3686 595 3757 respicit
607 3684 664 3739 in
678 3682 822 3738 nube
825 3677 1020 3753 procul
1039 3677 1266 3748 gloriam
1285 3674 1404 3740 Dei,
1418 3672 1727 3742 accepitque
1740 3682 1966 3738 vespere

360 3774 730 3838 coturnicem,
759 3778 823 3826 .et
864 3783 1024 3824 mane
1069 3765 1295 3820 alterius
1328 3763 1452 3829 diei,
1487 3774 1704 3816 manna.
1735 3759 1803 3813 Et
1836 3766 1965 3813 nota

382 3866 440 3922 in
467 3864 751 3920 mansione
779 3861 990 3916 decima
1014 3856 1339 3912 fermentum
1385 3853 1513 3924 poni
1540 3871 1553 3907 :
1584 3860 1639 3907 et
1664 3858 1788 3922 post
1814 3865 1965 3904 esum

374 3955 631 4012 .carnium
652 3965 853 4006 manna
875 3945 1370 4017 tribuiimplerique
1391 3944 1749 4014 Scripturam,
1766 3941 1967 3996 Panem

370 4045 696 4119 angelorum
716 4038 1257 4096 manducavitbomo.
1282 4033 1514 4103 Profecti
1527 4033 1592 4087 de
1602 4032 1751 4097 Alus,
1766 4041 1967 4085 castra-

377 4136 559 4192 metati
581 4140 703 4190 sunt
731 4131 787 4186 in
812 4128 1116 4200 Rapltidim,
1147 4135 1193 4180 et
1216 4142 1319 4180 non
1353 4133 1465 4179 erat
1494 4139 1630 4194 aqua
1652 4122 1724 4176 ibi
1750 4120 1963 4194 populo.

380 4224 676 4283 Undecima
689 4219 899 4276 mansio
912 4224 1015 4274 est.
1031 4216 1110 4283 Qu
1118 4231 1203 4270 am
1214 4215 1389 4270 violen
1398 4223 1478 4269 ter
1491 4214 1898 4284 interpretatam
1912 4212 1969 4266 in

381 4318 521 4373 libro
539 4313 929 4370 Hebraicorum
955 4310 1232 4365 nominum
1258 4307 1455 4377 reperi,
1491 4306 1614 4361 vidit
1638 4322 1694 4360 os
1714 4306 1968 4376 sufﬁciens

381 4409 476 4473 eis,
508 4413 602 4460 aut
626 4412 805 4469 certe,
841 4402 1025 4457 uitium
1054 4400 1161 4455 oris
1188 4398 1439 4469 fortium;
1466 4397 1764 4467 meliusque
1795 4405 1970 4450 trans-

383 4497 579 4562 fertur,
609 4491 887 4548 dissolutio
930 4490 1166 4559 fortium,
1199 4488 1286 4543 vel
1315 4489 1515 4543 sanitas
1551 4487 1788 4557 fortium,
1827 4486 1963 4551 sive,

383 4585 538 4654 juxta
557 4583 953 4655 proprietatem
978 4580 1173 4650 lingua:
1198 4577 1370 4648 Syrus,
1427 4579 1662 4632 remissio
1692 4594 1961 4631 manuum.

390 4676 517 4733 Haec
539 4684 594 4731 et
616 4676 670 4729 in
697 4674 883 4730 Exodo
910 4673 1109 4742 legitur
1132 4677 1252 4740 post
1279 4667 1664 4739 profectionem
1693 4669 1759 4722 dc
1784 4682 1968 4721 eremo

387 4766 510 4825 Sin.
556 4763 811 4830 Queritur
840 4764 894 4817 in
941 4776 1006 4817 ea
1033 4761 1261 4832 populus
1289 4760 1358 4813 ob
1380 4757 1627 4812 ardorem
1681 4757 1821 4821 sitis,
1848 4755 1968 4810 fons

388 4858 460 4916 de
483 4868 638 4928 petra
664 4853 845 4910 Horeb
877 4853 1111 4922 erumpit
1135 4858 1191 4906 et
1217 4848 1436 4921 proﬂuit
1462 4865 1477 4914 ;
1505 4847 1816 4904 tentationis
1837 4862 1969 4917 quo-

392 4963 521 5022 que,
560 4946 615 5002 id
642 4951 726 5000 est
755 4959 902 4997 musa
930 4954 1059 5002 non
1102 4941 1330 4996 sortitus
1364 4948 1449 4995 est
1484 4952 1700 4994 nomen.
1763 4937 1971 5009 Moyses

393 5036 640 5094 ascendit
674 5034 728 5088 in
755 5041 1015 5098 montem,
1041 5030 1199 5087 Jesus
1247 5039 1438 5086 contra
1486 5029 1706 5084 Amalec
1752 5030 1969 5083 militat.

395 5128 478 5185 Ad
535 5125 715 5184 crucis
771 5123 986 5194 signum
1043 5130 1332 5191 superatur
1382 5121 1671 5185 inimicus;
1731 5121 1973 5175 remissis

378 5217 608 5275 .orantis
655 5212 924 5279 manibus,
972 5213 1143 5268 hostis
1198 5213 1372 5267 victor
1426 5212 1743 5281 insequitur.
1810 5211 1976 5267 Sedet

398 5307 611 5380 Moyses
632 5317 795 5376 super
841 5302 1072 5373 lapidem
1102 5302 1168 5357 de
1190 5302 1471 5368 Zacltaria,
1506 5304 1597 5372 qui
1633 5314 1838 5373 septem
1873 5305 1971 5358 ha-

392 5398 563 5453 bebat
606 5395 815 5461 oculos,
852 5402 910 5449 et
946 5396 999 5448 in
1051 5392 1319 5448 Samuelis
1355 5392 1626 5448 volumine
1678 5395 1974 5465 appellatur

400 5487 774 5552 Abenbaazer,
831 5486 885 5540 id
935 5493 1039 5551 est,
1098 5484 1235 5554 lapis
1264 5485 1557 5556 adjutorii;
1589 5494 1645 5539 et
1688 5495 1975 5556 utramque

404 5592 623 5632 manum
653 5578 792 5648 ejus,
821 5577 1002 5633 Aaron
1027 5586 1082 5631 et
1108 5577 1204 5643 Ur,
1236 5579 1289 5632 id
1313 5588 1419 5643 est,
1446 5590 1725 5634 montanus
1749 5579 1980 5635 lucidus—

395 5681 505 5719 uue
530 5678 852 5724 sustentant.
880 5671 1100 5727 Devicto
1129 5670 1443 5727 adversario
1473 5672 1973 5743 supervenitJetro:

2049 1868 2334 1932 separatur
2357 1858 2411 1912 in
2427 1857 2636 1917 ordine.
2672 1857 2766 1913 sed
2788 1854 3050 1926 praecellit
3071 1854 3125 1908 in
3143 1853 3354 1908 merito.
3385 1850 3466 1905 Ad
3492 1850 3638 1904 hanc

2049 1949 2462 2022 quadragesima
2512 1946 2742 2017 septima
2794 1947 2881 2000 die
2944 1944 3288 2015 perveniunt,
3343 1940 3637 2009 Scriptura

2052 2046 2265 2101 dicente
2298 2062 2310 2097 :
2344 2042 2524 2097 Mense
2554 2041 2705 2095 tertio
2746 2039 3055 2111 egressionis
3083 2038 3316 2107 ﬁliorum
3360 2033 3537 2088 Israel
3576 2032 3641 2085 de

2052 2137 2308 2208 Ai'gypto,
2339 2137 2393 2189 in
2416 2134 2503 2188 die
2547 2135 2645 2187 hac
2672 2132 2992 2186 transierunt
3013 2131 3067 2183 in
3091 2128 3427 2184 solitudinem
3457 2124 3640 2189 Sinni,

2053 2240 2161 2288 etc.
2194 2234 2271 2287 De
2300 2246 2408 2301 quo
2442 2244 2603 2300 supra
2627 2228 2682 2281 in
2711 2225 2950 2281 secundo
3000 2222 3139 2277 libro
3188 2220 3400 2289 plenius
3425 2218 3642 2288 exposi-

2057 2339 2168 2384 tum
2215 2336 2319 2382 est.
2355 2306 2423 2379 Et
2466 2322 2684 2396 profecti
2746 2321 2810 2375 de
2844 2318 3125 2374 solitudine
3145 2314 3316 2379 Sinai,
3356 2323 3643 2367 castrame-

2056 2421 2150 2474 tati
2176 2418 2375 2473 suntin
2418 2414 2671 2486 sepulcris
2715 2408 3169 2480 concupiscentiae.
3216 2404 3400 2460 Tertia
3428 2402 3644 2458 decima

2058 2510 2285 2575 msnsio,
2338 2507 2490 2577 cujus
2521 2520 2717 2560 nomen
2765 2518 2889 2558 cum
2925 2498 3369 2569 interpretatione
3435 2495 3643 2550 editum

2058 2609 2164 2665 est,
2189 2602 2328 2672 apud
2360 2598 2616 2653 llcbrtcos
2640 2593 2957 2665 appellatur,
2989 2588 3235 2645 Cibarotlt
3279 2589 3517 2641 bataare.
3548 2586 3645 2640 Est

2061 2703 2241 2746 autem
2264 2705 2458 2746 sensus
2478 2688 2568 2743 ille
2596 2687 2666 2741 de
2682 2683 2973 2754 Evangelio
3000 2680 3142 2751 qttod
3163 2679 3322 2734 Jesus
3338 2679 3646 2747 baptizatus

2062 2782 2244 2837 statim
2278 2798 2310 2834 a
2347 2779 2536 2850 spiritu
2575 2776 2763 2830 ductus
2806 2782 2879 2827 est
2927 2773 2984 2826 in
3020 2772 3302 2836 desertum,
3329 2780 3377 2823 et
3408 2769 3646 2823 tentaba-

2061 2880 2149 2925 tur
2190 2888 2221 2924 a
2246 2868 2455 2924 diabolo
2480 2866 2695 2939 (Matth.
2724 2865 2821 2938 tv).
2853 2864 3040 2932 Itaque
3089 2871 3145 2916 et
3198 2861 3364 2916 Israel
3419 2868 3543 2930 post
3568 2859 3647 2912 fa-

2064 2963 2328 3019 miliarem
2359 2976 2481 3016 eum
2520 2959 2748 3015 Domino
2795 2970 3124 3019 sermonem,
3175 2962 3463 3023 postquam
3489 2952 3645 3020 juxta

2067 3064 2302 3112 montem
2358 3054 2507 3109 Sinai
2539 3057 2909 3107 commoratus
2936 3056 3019 3104 est
3057 3063 3200 3102 anno
3238 3061 3346 3101 uno
3376 3054 3429 3100 et
3457 3044 3647 3100 diebus

2066 3154 2319 3217 quatuor,
2348 3144 2487 3199 mira
2529 3142 2879 3213 dispositione
2938 3145 3244 3195 castrorum
3272 3150 3539 3208 egressus
3564 3143 3651 3189 est

2065 3239 2120 3294 in
2147 3236 2495 3292 solitudinem
2548 3233 2788 3299 Pltaran,
2843 3246 2963 3303 quae
3018 3232 3409 3300 interpretatur
3454 3241 3652 3296 onager

2066 3335 2161 3382 aut
2189 3327 2393 3396 feritas.
2430 3325 2616 3395 Ibique
2641 3323 2945 3379 succumbit
2972 3322 3129 3377 make
3151 3321 3337 3376 bestia:
3364 3319 3650 3374 fastidiens

2065 3418 2341 3474 cmlestem
2400 3432 2619 3488 panem,
2663 3424 2718 3470 et
2746 3414 3129 3486 Egyptiorum
3181 3426 3375 3467 carnes
3425 3410 3647 3465 deside-

2067 3524 2216 3575 rans,
2248 3509 2467 3578 quando
2498 3507 2698 3563 multos
2723 3507 2962 3561 subitum
2995 3504 3207 3558 voravit
3234 3503 3571 3567 incendium,
3595 3507 3655 3556 et

2067 3600 2438 3655 intercedente
2468 3597 2669 3668 Moyse,
2699 3597 2923 3651 humum
2950 3607 3118 3650 vorax
3146 3593 3359 3647 ﬂamma
3395 3606 3655 3646 consum-

2065 3694 2193 3765 psit.
2228 3692 2294 3746 Et
2318 3691 2537 3763 profecti
2571 3690 2637 3743 de
2667 3687 2917 3759 sepulcris
2950 3685 3401 3757 concupiscentirr,
3451 3692 3658 3738 castra-

2066 3784 2245 3837 metati
2278 3790 2397 3836 sunt
2432 3781 2489 3835 in
2539 3779 2817 3833 Haserotlt.
2851 3778 3054 3845 Quarta
3081 3777 3291 3831 decima
3322 3775 3537 3830 mansio
3567 3784 3656 3830 est

2068 3872 2122 3925 in
2151 3872 2439 3927 solitudine
2472 3871 2712 3937 Pbaran,
2742 3883 2861 3939 quae
2888 3870 2942 3923 in
2991 3867 3129 3922 atria
3158 3867 3409 3921 vertitur.
3447 3865 3507 3920 ln
3549 3866 3657 3921 hac

2066 3962 2248 4017 Aaron
2287 3971 2343 4016 et
2372 3961 2538 4016 Maria
2576 3971 2797 4032 propter
2846 3959 3238 4029 Ethiopissam
3284 3966 3477 4013 contra
3506 3956 3653 4028 Moy-

2068 4069 2165 4109 sen
2211 4061 2585 4117 murmurant,
2644 4060 2700 4106 et
2729 4053 2784 4105 in
2821 4058 3002 4122 typum
3039 4050 3137 4104 zeli
3174 4050 3434 4103 adversus
3465 4047 3659 4102 Eccle-

2069 4149 2207 4204 siam
2235 4149 2301 4204 de
2346 4148 2595 4217 gentibus
2629 4155 3034 4217 congregatam,
3087 4144 3316 4215 populus
3341 4142 3656 4197 Judmorum

2069 4238 2234 4308 lepra:
2278 4238 2439 4292 sorde
2496 4236 2859 4307 perfunditur,
2907 4250 3009 4290 nec
3039 4235 3178 4289 redit
3213 4233 3280 4287 ad
3331 4232 3661 4287 tabernaru-

2071 4326 2181 4380 lutn
2209 4334 2268 4380 ut
2302 4326 2587 4396 pristinam
2615 4325 2839 4395 recipiat
2868 4324 3152 4378 sanitatem
3190 4323 3360 4377 donec
3386 4330 3655 4376 statutum

1994 4456 2048 4514 Β
2073 4419 2421 4514 plenitudinis
2451 4418 2688 4489 gentium
2739 4424 2948 4486 tempus
2982 4416 3219 4485 impleat.
3252 4414 3321 4468 Et
3340 4415 3565 4483 profecti
3595 4416 3662 4468 de

2077 4507 2360 4573 Haseroth,
2390 4506 2743 4561 castrametati
2791 4506 2987 4560 suntin
3015 4504 3252 4558 Retltma.
3285 4503 3390 4557 Pro
3416 4518 3527 4573 quo
3561 4519 3661 4557 su--

2078 4615 2173 4669 pra
2204 4601 2259 4653 in
2288 4599 2392 4653 hoc
2419 4599 2609 4653 eodem
2640 4597 2776 4651 libro
2832 4595 3061 4666 legimus
3091 4614 3102 4649 :
3141 4594 3433 4664 Postquam
3473 4594 3662 4663 profc-

2078 4700 2201 4743 Ctus
2254 4697 2339 4743 est
2379 4687 2607 4757 populus
2633 4686 2700 4740 de
2753 4685 3005 4749 Aseroth,
3040 4684 3408 4769 castrftmetati
3435 4693 3565 4738 sunt
3601 4684 3655 4737 in

2078 4780 2368 4855 solitudine
2417 4781 2648 4834 Pbaran.
2709 4778 2831 4833 lianc
2861 4787 2943 4832 est
2972 4788 3151 4832 autem
3202 4777 3390 4847 quinta
3442 4775 3660 4831 decima

2082 4871 2316 4925 mansio.
2351 4871 2420 4924 Et
2447 4870 2742 4925 notandum
2773 4869 2919 4937 quod
2959 4869 3198 4939 reliquas
3223 4869 3532 4923 mansiones
3562 4869 3661 4923 de-

2078 4975 2196 5014 cem
2218 4968 2275 5014 et
2303 4974 2516 5023 novem,
2549 4972 2778 5027 quarum
2815 4974 2955 5013 nunc
3000 4959 3240 5013 breviter
3267 4958 3546 5028 catalogus
3569 4956 3662 5012 dc-

2079 5051 2359 5115 scribitur,
2385 5065 2415 5102 a
2444 5049 2673 5103 Rctltma
2730 5064 2903 5119 usque
2931 5050 2997 5104 ad
3041 5050 3393 5120 Asiongaber,
3449 5050 3504 5103 id
3549 5059 3659 5114 est,

2080 5156 2250 5210 usque
2301 5140 2367 5193 ad
2420 5141 2749 5195 tricesimum
2802 5142 3092 5196 secundam
3154 5142 3513 5205 mansionem,
3559 5142 3663 5196 sub

2082 5232 2296 5286 Pharan
2336 5232 2641 5286 solitudinis
2690 5232 2908 5287 nomine
2963 5232 3322 5286 contineatur.
3364 5231 3418 5284 In
3456 5232 3660 5300 quibus

2079 5323 2332 5376 universa
2364 5337 2484 5390 qua:
2513 5323 2718 5392 scripta
2746 5330 2870 5376 sunt
2897 5321 3126 5377 diversis
3155 5321 3488 5392 temporibus
3510 5331 3662 5392 gesta

2082 5413 2363 5467 sentimus.
2396 5411 2506 5466 [loc
2532 5422 2614 5467 est
2640 5413 2707 5466 de
2732 5411 3014 5466 duodecim
3063 5411 3496 5481 exploratoribus
3529 5410 3664 5463 mis-

2084 5503 2160 5557 sis
2189 5502 2254 5556 ad
2306 5510 2505 5556 terram
2534 5512 2802 5568 sanctam,
2830 5511 2886 5557 et
2931 5502 3073 5557 botri
3102 5503 3171 5556 ab
3214 5518 3274 5556 ea
3304 5501 3570 5556 relatione
3605 5503 3662 5556 in

2084 5593 2248 5663 ligno,
2278 5593 2791 5663 demurmuratione
2814 5594 2995 5664 populi
3025 5593 3330 5649 Judmorum
3358 5594 3665 5664 gigantium

2087 5683 2344 5752 impetum
2377 5682 2797 5749 reformidantis,
2824 5693 2878 5738 et
2916 5699 3012 5754 per
3032 5683 3153 5752 ejus
3201 5700 3434 5755 pugnam
3469 5694 3666 5741 contra
