3978 6182
366 304 473 363 817

1065 292 1602 353 ENARRATIONES
1640 295 1707 351 ΙΝ
1747 293 2008 352 LIBRUM
2046 289 2509 349 NUMERORUM.
2555 323 2625 333 --
2657 292 2788 348 LIB.
2831 291 2923 349 IV.

3529 298 3639 354 818

367 415 591 471 Amalec
637 428 668 465 a
693 425 802 482 quo
854 417 1159 480 superatur,
1223 409 1291 465 de
1326 410 1540 465 Dathan
1578 417 1636 465 et
1667 408 1872 464 Abiron
1896 417 1952 463 et
1982 415 2032 473 Α
2056 406 2224 462 frenis
2249 406 2318 461 ad
2345 406 2644 477 Ecclesiam
2673 407 3042 471 retrahuntur,
3076 416 3134 464 et
3160 410 3304 465 fores
3333 427 3471 481 quas
3499 420 3632 468 ante

367 507 493 561 ﬁliis
517 504 678 568 Core,
704 509 762 557 et
781 500 1018 555 vindicta
1047 500 1101 554 in
1131 515 1226 556 eos
1253 501 1484 572 prolata,
1511 501 1577 555 de
1599 500 1749 571 virga
1768 499 1951 555 Aaron

366 598 730 671 germinante,
762 603 818 649 et
842 593 1009 648 vitula
1045 592 1163 647 rufa
1204 594 1257 647 in
1304 592 1679 649 holocaustum
1728 605 1954 646 concre-

367 700 516 746 mata
569 697 625 744 et
679 689 865 743 cinere
899 685 1229 757 aspersionis
1258 704 1271 740 :
1301 701 1422 756 quas
1474 685 1657 739 omnia
1703 699 1865 754 supra
1895 683 1951 737 in

368 781 512 836 libro
543 776 790 847 exposita
826 783 973 830 sunt.
1007 774 1238 829 Rethma
1269 772 1596 829 transfertur
1628 774 1832 828 sonitus
1862 771 1949 827 vel

368 870 672 941 juniperus,
709 880 1023 937 quanquam
1063 864 1309 935 plerique
1354 862 1599 939 ἄρκευθον
1625 862 1768 933 apud
1807 861 1955 918 Grae-

373 975 464 1016 cos
486 959 632 1012 aliud
668 970 839 1028 genus
861 956 1071 1011 arboris
1097 954 1409 1025 signiﬁcare
1428 954 1777 1009 contendant.
1800 951 1955 1008 Juni-

369 1067 560 1123 perum
592 1058 774 1104 autem
803 1056 859 1102 et
875 1047 1085 1117 primus
1113 1047 1375 1117 graduum
1404 1045 1643 1115 psalmus
1657 1044 1815 1114 juxta
1848 1044 1955 1100 He-

368 1144 614 1200 bmicam
671 1140 956 1195 veritatem
994 1145 1173 1202 sonat,
1211 1137 1302 1192 ubi
1342 1137 1604 1207 scriptum
1645 1144 1771 1191 est:
1813 1135 1954 1202 Quid

370 1237 525 1291 detur
550 1234 644 1287 tibi
666 1243 755 1286 aut
783 1232 909 1302 quid
958 1241 1256 1301 apponatur
1279 1231 1371 1284 tibi
1392 1230 1461 1284 ad
1515 1229 1754 1301 linguam
1805 1228 1956 1282 dolo-

370 1343 484 1382 sam
531 1321 707 1396 (Psal.
732 1321 927 1394 esu)?
955 1322 1023 1375 Et
1063 1321 1337 1389 Propheta
1361 1320 1654 1391 respondet
1683 1337 1697 1373 :
1730 1318 1954 1389 Sagitta:

368 1418 594 1490 potentis
622 1424 813 1481 acutte,
844 1431 963 1468 cum
990 1413 1305 1468 carbonibus
1335 1413 1707 1484 juniperorum
1737 1410 1951 1483 (lbid.).

370 1508 477 1563 Pro
514 1522 622 1576 quo
657 1505 797 1576 apud
831 1519 931 1559 nos
979 1504 1195 1575 legitur,
1244 1502 1597 1557 desolatoriis.
1635 1501 1834 1557 Fertur
1860 1517 1956 1555 au-

371 1607 482 1651 tem
511 1596 717 1666 lignum
761 1594 867 1649 hoc
902 1594 1081 1662 ignem
1109 1592 1277 1648 multo
1307 1601 1552 1663 tempore
1600 1607 1952 1658 conservare,

373 1693 435 1740 ut
460 1699 634 1755 pruna
660 1683 706 1738 si
734 1698 800 1738 ex
855 1681 972 1751 ejus
1016 1683 1200 1738 cinere
1235 1692 1420 1753 operta
1451 1683 1635 1748 fuerit,
1685 1698 1857 1753 usque
1886 1682 1954 1736 ad

2056 498 2408 568 reliquerant,
2435 512 2654 552 rursum
2684 497 2891 552 intrare
2908 496 3189 553 festinant.
3221 498 3372 554 Unde
3390 500 3639 571 profecti,

2055 586 2411 642 castrametati
2444 596 2565 641 sunt
2592 587 2647 640 in
2678 596 2852 641 monte
2877 585 3101 657 Sapher.
3129 589 3401 645 Vicesima
3427 592 3640 647 mansio

2056 677 2447 746 interpretatur
2474 674 2836 746 pulchritudo,
2864 686 2919 731 et
2971 676 3026 730 in
3079 686 3264 732 monte
3317 679 3529 735 decoris
3551 688 3638 736 est

2055 768 2369 824 constituta.
2402 767 2479 823 De
2506 783 2612 838 qua
2640 776 2695 824 et
2744 770 2926 838 quarti
2983 769 3178 825 decimi
3211 771 3405 840 psalmi
3434 772 3637 842 princi-

2054 861 2202 930 pium
2230 866 2389 914 sonat
2418 876 2430 912 :
2479 858 2719 922 Domine,
2771 862 2888 931 quis
2919 861 3177 915 habitabit
3208 863 3265 917 in
3298 863 3639 918 tabernaculo

2056 961 2167 1015 tuo,
2199 960 2289 1004 aut
2313 951 2431 1022 quis
2458 952 2739 1021 requiescet
2791 954 3048 1009 inmonte
3100 964 3284 1009 sancto
3336 964 3426 1010 tuo
3462 953 3639 1027 (Psal.

2059 1048 2171 1113 xiv)
2201 1043 2225 1096 2
2264 1042 2401 1098 Vide
2446 1042 2575 1112 quid
2602 1044 2815 1112 prosint
2848 1044 3001 1100 frena
3033 1063 3046 1098 :
3080 1061 3111 1099 a
3147 1046 3298 1101 vitiis
3327 1061 3431 1101 nos
3461 1056 3643 1101 retra-

2057 1133 2215 1197 bunt,
2249 1132 2601 1188 introducunt
2653 1133 2718 1187 ad
2746 1134 3008 1189 virtutum
3058 1135 3274 1201 choros,
3306 1145 3362 1191 et
3396 1136 3450 1190 in
3480 1135 3641 1191 Chri-

2057 1232 2145 1277 sto
2178 1230 2359 1277 monte
2384 1222 2769 1293 pulcherrimo,
2799 1225 3048 1280 habitare
3075 1226 3300 1281 faciunt.
3326 1227 3454 1293 Iste,
3482 1226 3640 1297 juxta

2058 1310 2269 1377 Daniel,
2294 1310 2429 1382 lapis
2454 1312 2657 1367 excisus
2680 1313 2748 1367 de
2776 1324 2949 1369 monte
2972 1317 3085 1370 sine
3113 1317 3377 1383 manibus,
3403 1319 3562 1371 crevit
3584 1318 3642 1371 in

2056 1412 2285 1457 montem
2317 1419 2589 1472 magnum,
2644 1414 2693 1458 et
2740 1404 2965 1475 implevit
3002 1423 3207 1461 omnem
3253 1415 3447 1461 terram
3475 1407 3639 1480 (Dan.

2056 1492 2120 1564 ιι)
2150 1510 2162 1546 :
2200 1492 2330 1557 Iste,
2356 1492 2512 1563 juxta
2564 1493 2837 1560 Ezechiel,
2868 1494 3155 1551 vulneravit
3182 1498 3467 1569 principem
3497 1497 3641 1569 Tyri.

2056 1580 2139 1636 Ad
2163 1580 2324 1636 istum
2355 1583 2410 1636 in
2458 1582 2594 1641 Isaia
2623 1592 2678 1638 et
2734 1584 2955 1641 M-ichtea
3003 1587 3185 1657 populi
3234 1587 3514 1643 conﬂuunt
3560 1589 3641 1643 di—

2057 1682 2245 1731 centes
2277 1693 2292 1728 :
2337 1673 2535 1740 Venite,
2576 1677 2922 1731 ascendamus
2970 1679 3026 1732 in
3062 1689 3288 1734 montem
3317 1680 3554 1745 Domini,
3592 1690 3643 1734 et

371 1791 575 1830 annum
605 1773 907 1844 perveniat.
967 1772 1043 1826 Ex
1098 1788 1207 1842 quo
1238 1773 1500 1828 discimus
1528 1783 1652 1844 post
1700 1772 1951 1842 sepulcra
1983 1768 2027 1827 B
2055 1767 2125 1821 ad
2148 1767 2363 1821 domum
2390 1766 2485 1821 Dei
2511 1766 2676 1823 Iacob
2702 1783 2722 1821 .'
2749 1779 2798 1824 et
2824 1772 3158 1827 annuntiabit
3182 1772 3328 1827 nobis
3355 1773 3465 1827 vias
3491 1789 3640 1838 suas,

369 1864 821 1934 concupiscentia:
867 1870 922 1917 et
947 1862 1211 1917 vestibula
1236 1864 1471 1918 transire
1506 1879 1607 1918 nos
1641 1863 1710 1918 ad
1747 1862 1955 1933 lignum

372 1956 517 2027 quod
573 1955 743 2009 multo
775 1963 1016 2023 tempore
1057 1953 1290 2008 calorem
1341 1961 1512 2020 tenet,
1559 1963 1618 2008 ut
1647 1955 1817 2009 simus
1847 1952 1953 2008 fer-

368 2054 561 2102 ventes
595 2045 810 2115 spiritu,
853 2052 906 2098 et
937 2043 1085 2098 claro
1112 2043 1291 2098 sonitu
1315 2043 1666 2113 Evangelium
1691 2043 1744 2097 in
1786 2041 1956 2096 altum

368 2134 611 2191 cxaltata
663 2147 795 2188 voce
838 2132 1051 2187 Domini
1105 2133 1483 2202 praedicemus.
1542 2130 1960 2202 Profectiquede

376 2225 619 2289 Retltnm,
643 2225 997 2278 castramctati
1018 2232 1139 2277 sunt
1160 2224 1216 2276 in
1244 2221 1517 2277 Remmom
1539 2220 1764 2275 Phares.
1789 2220 1958 2276 Sexta

367 2316 581 2371 decima
610 2313 843 2379 mansio,
899 2328 1021 2383 qua:
1067 2314 1458 2383 interpretatur
1484 2310 1674 2367 Graeco
1703 2327 1957 2366 sermone

366 2411 528 2486 ’ροιᾶς
553 2407 810 2468 ἀποκοπή,
851 2403 1046 2458 Latine
1076 2402 1202 2456 mali
1238 2402 1417 2473 punici
1457 2402 1665 2467 divisio,
1694 2402 1837 2473 quod
1864 2401 1957 2456 alii

360 2497 575 2554 malum
607 2504 891 2564 granatum
939 2502 1155 2548 vocant.
1192 2491 1359 2561 Cujus
1411 2492 1622 2548 arboris
1661 2491 1871 2546 fruetus
1900 2491 1957 2547 in

368 2587 675 2656 Scripturis
727 2585 1016 2655 dupliciter
1077 2583 1385 2653 accipitur:
1427 2590 1522 2637 aut
1593 2583 1649 2636 in
1696 2580 1958 2637 Ecclesiae

368 2678 599 2750 gremio,
623 2692 745 2746 quae
775 2690 992 2730 omnem
1018 2675 1233 2729 turbam
1259 2674 1595 2729 credentium
1625 2688 1725 2729 suo
1754 2672 1957 2729 cortice

368 2769 527 2840 tegit,
591 2776 684 2821 aut
738 2766 792 2821 in
841 2765 1106 2821 varietate
1157 2764 1620 2834 consonantiaque
1671 2764 1954 2829 virtutum,

361 2858 521 2930 juxta
543 2857 672 2911 illud
701 2856 843 2926 quod
884 2855 1147 2926 scriptum
1183 2862 1313 2911 est:
1365 2852 1728 2908 Multitudinis
1780 2862 1957 2907 autem

368 2951 693 3006 credentium
742 2956 854 3003 erat
903 2963 995 3002 cor
1019 2963 1184 3002 unum
1211 2956 1261 3002 et
1308 2947 1488 3001 anima
1516 2963 1624 3001 una
1679 2944 1817 3018 (Act.
1844 2943 1943 3017 tv).

369 3042 572 3112 Sicque
598 3040 797 3095 diversi
825 3048 951 3096 sunt
978 3040 1172 3111 singuli
1203 3030 1428 3110 gradus,
1470 3047 1529 3093 ut
1551 3054 1741 3094 omnes
1765 3038 1955 3094 eadem

2057 1867 2107 1911 et
2154 1858 2539 1913 ambulabimus
2591 1852 2647 1913 in
2688 1862 2886 1915 semitis
2914 1862 3031 1933 ejus
3064 1862 3201 1935 (lsa.
3235 1864 3320 1935 ιι).
3354 1863 3425 1917 Et
3452 1865 3644 1935 egressi

2057 1948 2122 2002 de
2143 1957 2317 2002 monte
2342 1947 2541 2019 Sepher
2565 1959 2811 2004 venerunt
2831 1952 2886 2006 in
2927 1953 3128 2007 Arada.
3170 1952 3440 2009 Vicesima
3467 1953 3644 2022 prima

2058 2038 2268 2093 mansio
2301 2039 2533 2093 vertitur
2562 2038 2617 2093 in
2646 2040 2982 2097 miraculum.
3032 2044 3205 2110 Quam
3255 2044 3481 2115 pulcher
3510 2043 3644 2097 ordo

2056 2126 2419 2198 profectuum,
2443 2144 2605 2199 quam
2631 2131 2847 2201 egregia
2878 2139 3091 2186 textura
3124 2134 3486 2189 credentium.
3511 2133 3645 2189 Post

2057 2233 2194 2288 opus
2238 2218 2429 2274 lateris
2478 2218 2837 2287 infrenamur,
2891 2231 3015 2292 post
3039 2223 3223 2280 frenos
3251 2225 3304 2279 in
3341 2224 3643 2280 Ecclesiam

2057 2308 2471 2375 introducimur,
2502 2318 2626 2380 post
2655 2311 3047 2368 habitationem
3102 2315 3360 2370 Ecclesia:
3391 2316 3460 2369 ad
3487 2314 3647 2370 Chri-

2058 2408 2201 2453 stum
2229 2400 2284 2453 in
2310 2408 2553 2456 montem
2596 2402 2944 2458 ascendimus
2972 2422 2985 2458 :
3022 2404 3075 2458 in
3108 2420 3215 2475 quo
3244 2406 3430 2475 positi,
3464 2413 3648 2475 stupe-

2060 2506 2180 2546 mus
2200 2499 2361 2560 atque
2389 2493 2656 2547 miramur
2679 2501 2738 2547 ut
2760 2503 2947 2550 noster
2976 2496 3029 2551 in
3050 2497 3301 2554 laudibus
3322 2496 3439 2567 ejus
3461 2512 3644 2552 sermo

2058 2590 2367 2653 superetur,
2412 2583 2803 2639 invenientium
2842 2585 2898 2640 in
2927 2602 2992 2643 eo
3025 2603 3144 2658 quae
3166 2604 3258 2643 nec
3284 2586 3468 2642 oculus
3494 2586 3645 2653 vidit,

2059 2688 2153 2725 nec
2204 2673 2351 2726 auris
2385 2673 2605 2739 audivit,
2651 2690 2745 2728 nec
2772 2675 2827 2729 in
2874 2693 2967 2731 cor
3015 2678 3242 2733 hominis
3293 2677 3643 2732 ascenderunt

2059 2760 2147 2833 (II
2177 2760 2302 2816 Cor.
2341 2761 2424 2834 ιι).
2455 2761 2597 2817 Ιηάε
2620 2764 3418 2835 proﬁciscentes,’castrametati
3445 2778 3565 2822 sunt
3585 2769 3646 2823 in

2061 2850 2347 2906 Maceloth.
2386 2853 2657 2908 Vicesima
2684 2855 2924 2909 secunda
2972 2857 3182 2917 mansio
3209 2857 3264 2911 in
3294 2869 3453 2911 cretus
3479 2858 3646 2912 verti-

2063 2955 2172 2998 tur.
2219 2943 2278 2998 ln
2308 2945 2413 2999 hac
2440 2944 2588 2999 enim
2646 2947 2899 3002 consistit
2938 2947 3227 3003 multitudo
3279 2948 3641 3014 credentium,

2062 3033 2301 3088 Ecclesia
2331 3034 2748 3104 primitivorum,
2780 3036 3042 3091 virtutum
3069 3038 3313 3093 omnium
3338 3054 3648 3095 consonan-

366 3146 629 3202 compage
659 3138 967 3185 teneantur.
1008 3128 1156 3184 Unde
1195 3131 1388 3201 egressi
1409 3139 1655 3185 venerunt
1678 3129 1730 3183 in
1753 3128 1950 3183 Lebna.
1984 3117 2027 3177 (ἶ
2062 3127 2158 3180 tia.
2199 3126 2351 3182 Tunc
2383 3142 2511 3182 vere
2538 3142 2827 3197 possumus
2850 3129 3032 3185 dicere
3065 3129 3242 3183 :Ecce
3263 3147 3423 3201 quam
3450 3131 3645 3185 bonum

368 3224 618 3293 Septima
649 3222 859 3277 decima
914 3222 1144 3285 mansio,
1176 3237 1338 3290 quam
1375 3222 1429 3275 ira
1457 3220 1643 3274 lateres
1669 3235 1958 3290 possumus

362 3324 606 3374 vertere.
651 3313 800 3369 Licet
851 3313 1071 3382 quidam
1125 3312 1309 3366 Lebna
1364 3311 1774 3376 transferentes,
1816 3310 1958 3366 male

367 3406 653 3464 candorem
706 3402 1047 3473 interpretati
1100 3409 1245 3457 sunt.
1279 3401 1532 3470 Legimus
1559 3400 1846 3471 Egyptios
1874 3400 1956 3455 la-

368 3505 522 3554 teres
547 3498 601 3551 in
627 3497 833 3559 Exodo,
877 3510 1014 3565 quos
1042 3494 1271 3565 populus
1312 3493 1520 3549 faciens
1545 3494 1827 3565 ingemuit.
1858 3493 1959 3548 Le-

367 3588 551 3659 gimus
582 3587 636 3641 in
664 3586 947 3652 Malachia,
994 3600 1092 3655 pro
1129 3585 1325 3654 quibus
1354 3584 1587 3640 ldumaaa
1642 3584 1956 3650 destructis,

368 3679 575 3750 lapides
602 3677 790 3748 politos
833 3691 1097 3747 reponere
1127 3676 1355 3731 nititur:
1411 3684 1467 3731 et
1492 3675 1707 3729 laterem
1738 3676 1791 3729 in
1823 3675 1960 3729 Eze-

369 3768 536 3833 chiel,
560 3769 615 3822 in
649 3783 757 3837 quo
778 3768 1013 3821 obsessae
1044 3764 1345 3823 Jerusalem
1367 3764 1579 3835 pictura
1607 3765 1955 3820 describitur.

368 3858 453 3913 Es
481 3857 677 3927 quibus
711 3852 968 3911 discimus
994 3854 1050 3909 in
1086 3854 1284 3909 itinere
1310 3852 1467 3908 istius
1494 3852 1639 3920 vitm,
1668 3860 1725 3908 et
1766 3853 1832 3907 de
1853 3852 1960 3907 alio

370 3949 433 4005 in
464 3948 609 4004 aliud
647 3947 879 4001 transitu
934 3961 1079 4001 nunc
1122 3960 1223 4001 nos
1249 3959 1519 4010 crescere,
1563 3959 1708 3999 nunc
1759 3943 1958 4000 decre-

367 4054 553 4104 scere,
583 4046 638 4093 et
665 4046 788 4108 post
840 4037 1086 4091 ordinem
1124 4034 1554 4090 ecclesiasticum
1588 4050 1729 4106 saepe
1755 4036 1822 4090 ad
1879 4034 1958 4088 la-

368 4138 552 4186 terum
597 4143 764 4199 opera
808 4128 1213 4199 transmigrare.
1246 4125 1317 4181 Et
1361 4126 1425 4180 de
1454 4125 1630 4180 Lebna
1672 4137 1958 4181 castrame-

370 4219 475 4275 tati
498 4226 619 4273 sunt
639 4220 692 4271 in
719 4216 906 4271 Ressa.
935 4215 1139 4272 Octava
1186 4215 1400 4271 decima
1450 4216 1661 4271 mansio
1695 4216 1748 4270 in
1777 4215 1956 4285 frenos

370 4309 628 4363 vertitur.
684 4306 742 4362 Si
780 4307 926 4362 enim
967 4314 1091 4376 post
1139 4306 1448 4376 profectum
1484 4321 1699 4361 rursum
1756 4307 1824 4361 ad
1853 4306 1955 4360 luti

370 4415 545 4468 opera
597 4397 996 4462 descendimus,
1061 4389 1366 4451 infrenandi
1390 4411 1598 4460 sumus,
1653 4405 1709 4451 et
1765 4413 1957 4452 rursus

2061 3225 2110 3272 et
2133 3234 2292 3289 quam
2309 3217 2606 3288 jucundum
2634 3219 2872 3274 habitare
2922 3220 3112 3290 fratres
3161 3220 3216 3274 in
3267 3237 3432 3275 unum
3468 3218 3642 3292 (Psal.

2060 3309 2290 3378 cum).
2357 3309 2425 3363 Et
2466 3309 2725 3365 Dominus
2774 3308 2906 3365 facit
2957 3310 3119 3365 unius
3171 3310 3340 3366 moris
3377 3311 3431 3365 in
3463 3311 3643 3366 domo.

2063 3400 2395 3470 Profectique
2418 3399 2483 3453 de
2518 3400 2802 3465 Maceloth,
2861 3402 3218 3457 eastrametali
3256 3411 3378 3456 sunt
3405 3403 3472 3456 in-
3500 3401 3643 3455 Tha-

2060 3490 2207 3543 hath.
2249 3488 2519 3543 Vicesima
2548 3490 2706 3543 tertia
2737 3490 2946 3545 mansio
2976 3498 3159 3560 potest
3198 3498 3254 3544 ct
3278 3490 3459 3544 subter
3488 3489 3647 3544 intel—

2062 3582 2177 3651 ligi.
2227 3580 2332 3635 Sed
2386 3580 2581 3635 melius
2626 3598 2867 3651 pavorem
2914 3582 3413 3651 interpretabimur.
3479 3582 3646 3638 Veni-

2060 3674 2130 3729 sti
2165 3673 2233 3726 a;l
2271 3670 2588 3734 Ecclesiam,
2635 3670 2926 3726 ascendisti
2977 3671 3046 3725 ad
3100 3680 3343 3726 montem
3390 3671 3644 3741 pulcher-

2062 3766 2280 3827 rimum,
2315 3772 2538 3831 stupore
2566 3769 2621 3817 et
2667 3761 2928 3816 miraculo
2959 3760 3162 3817 Christi
3216 3762 3644 3834 magnitudinem
3716 3787 3719 3790 ι

2060 3853 2357 3911 conﬁteris.
2385 3852 2551 3908 Vides
2575 3852 2649 3909 ibi
2705 3853 2903 3908 multos
2930 3854 3148 3908 virtutis
3174 3862 3279 3909 tuae
3314 3854 3509 3921 socios,
3535 3854 3647 3909 noli

2060 3947 2226 4001 altum
2250 3946 2566 4016 sapere,sed
2610 3947 2760 4000 time.
2795 3946 3057 4002 Dominus
3084 3947 3232 4001 enim
3279 3948 3527 4018 superbis
3562 3962 3649 4001 re-

2060 4035 2224 4099 sistit,
2253 4033 2549 4089 humilibus
2581 4042 2760 4089 autem
2790 4035 2882 4090 dat
2906 4037 3162 4107 gratiam.
3212 4037 3279 4091 Et
3304 4038 3392 4108 qui
3414 4052 3471 4092 se
3499 4037 3647 4092 exat-

2061 4134 2159 4190 tat,
2214 4126 2395 4181 videat
2421 4141 2490 4180 ne
2546 4127 2723 4182 cadat.
2778 4126 3038 4183 Potentes
3094 4139 3344 4199 potenter
3374 4138 3645 4184 tormenta

2058 4216 2352 4285 patientur.
2382 4216 2570 4271 Timor
2614 4217 2876 4271 virtutum
2921 4227 3128 4279 custos,
3185 4228 3240 4273 et
3285 4220 3549 4277 securitas
3575 4222 3645 4277 ad

2060 4307 2267 4376 lapsum
2288 4305 2482 4360 facilis.
2509 4305 2662 4361 Unde
2683 4315 2739 4360 et
2769 4306 2821 4359 in
2850 4309 3081 4377 quodam
3105 4309 3333 4378 psalmo,
3356 4318 3644 4380 postquam

2061 4396 2328 4464 Propheta
2356 4394 2608 4448 dixerat:
2645 4394 2903 4449 Dominus
2945 4396 3075 4467 regit
3112 4414 3214 4463 me,
3247 4409 3293 4453 et
3340 4399 3470 4455 nihil
3512 4402 3642 4454 mihi

369 4489 496 4558 vagi
524 4496 687 4556 atque
711 4486 1018 4555 prtecipites
1044 4485 1454 4556 Scripturarum
1488 4485 1803 4541 retinaculis
1829 4487 1961 4541 diri—
1990 4491 2035 4548 Β
2063 4488 2242 4550 deerit,
2276 4488 2331 4539 in
2356 4485 2469 4539 loco
2489 4502 2700 4556 pascua:
2738 4486 2809 4540 ibi
2839 4503 2919 4541 me
2946 4487 3239 4554 collocavit,
3282 4488 3462 4562 jungit
3490 4492 3645 4546 timo.

371 4574 560 4647 gendi.
595 4573 707 4628 lloc
754 4573 997 4637 verbum,
1045 4582 1309 4643 quantum
1372 4574 1634 4630 memoria
1691 4576 1954 4645 suggerit,

372 4678 644 4731 nusquam
668 4662 721 4715 in
761 4660 1057 4730 Scripturis
1087 4664 1289 4717 sanctis
1327 4663 1470 4732 apud
1515 4663 1775 4718 llebrazos
1808 4664 1959 4719 inve-

374 4737 530 4808 nisse
564 4769 651 4807 me
678 4752 826 4818 novi,
850 4753 1054 4822 absque
1074 4753 1211 4808 libro
1235 4756 1543 4825 apocrypha
1573 4757 1663 4824 qui
1695 4772 1723 4808 a
1746 4755 1957 4813 Grmcis

373 4845 727 4920 Μικρογένεσις
752 4843 1071 4913 appellatur.
1096 4845 1172 4898 lbi
1200 4844 1252 4898 in
1284 4845 1636 4901 aedificatione
1668 4848 1833 4903 turris
1860 4866 1959 4919 pro

374 4934 555 4990 stadio
573 4935 812 5001 ponitur,
835 4935 889 4989 in
916 4950 1024 5005 quo
1050 4944 1370 4990 exercentur
1398 4937 1602 5007 pugiles
1629 4946 1684 4991 ct
1711 4940 1953 5005 athletas,

373 5030 438 5077 et
465 5037 743 5077 cursorum
778 5023 1036 5079 velocitas
1087 5025 1493 5095 comprobatur.
1526 5027 1667 5083 Dicit
1716 5036 1772 5084 et
1800 5018 1955 5083 Psal-

375 5114 541 5168 mista
568 5130 580 5165 :
612 5112 677 5166 In
702 5113 848 5182 freno
880 5114 1126 5169 maxillas
1155 5132 1334 5169 eorum
1379 5120 1694 5191 constringe,
1733 5122 1823 5191 qui
1851 5137 1956 5174 non

374 5206 745 5275 approximant
767 5206 836 5259 ad
875 5215 923 5259 te
948 5205 1119 5277 (Psal.
1152 5206 1325 5280 xxxi).
1371 5208 1436 5262 Et
1467 5208 1757 5279 Apostolus
1790 5230 1802 5264 :
1848 5209 1958 5266 Ne-

372 5293 526 5349 scitis
546 5295 795 5364 quoniam
818 5296 907 5364 qui
944 5295 998 5349 in
1031 5296 1199 5350 stadio
1246 5307 1489 5363 currunt,
1518 5316 1696 5353 omnes
1746 5301 1958 5370 quidem

375 5390 621 5445 currunt,
666 5380 756 5434 sed
800 5398 934 5436 unus
978 5385 1167 5456 accipit
1216 5385 1503 5440 brevium?
1552 5386 1640 5441 Sic
1680 5391 1872 5445 currite
1907 5400 1961 5444 ut

376 5474 831 5543 comprehendatis
880 5474 934 5546 (Ι
971 5473 1094 5530 Cor.
1150 5480 1249 5549 ιχ).
1304 5479 1373 5534 Et
1397 5480 1618 5551 profecti
1669 5482 1733 5536 de
1772 5482 1959 5551 Ressa,

379 5567 739 5621 castrametati
773 5578 895 5622 sunt
920 5568 974 5623 in
1026 5566 1297 5624 Ceclatha.
1331 5570 1482 5627 Nona
1514 5573 1718 5628 decima
1752 5578 1963 5634 mansio

378 5654 772 5726 interpretatur
831 5658 1084 5715 Ecclesia.
1151 5659 1279 5731 Vagi
1347 5662 1678 5719 currentium
1734 5682 1957 5735 gressus

2068 4596 2182 4635 rem
2210 4578 2302 4648 qui
2331 4585 2514 4633 custos
2541 4578 2889 4633 beatitudinis
2911 4587 2996 4635 est
3024 4589 3079 4634 et
3102 4579 3265 4645 infert
3303 4598 3315 4634 :
3361 4581 3523 4653 Virga
3551 4592 3644 4637 tua

2064 4683 2111 4726 et
2138 4671 2353 4726 baculus
2389 4678 2531 4732 tuus,
2564 4671 2679 4741 ipsa
2712 4686 2793 4724 me
2839 4669 3108 4725 consolata
3139 4681 3280 4725 sunt.
3317 4671 3386 4726 Et
3413 4682 3497 4728 est
3523 4689 3647 4728 sen-

2066 4781 2159 4819 sus
2189 4781 2201 4816 :
2240 4763 2372 4815 Dum
2413 4769 2679 4816 tormenta
2699 4760 2953 4826 formido,
2984 4763 3197 4816 servavi
3219 4765 3447 4833 gratiam
3480 4781 3645 4835 quam

2068 4867 2403 4921 acceperam,
2433 4850 2509 4905 De
2539 4850 2779 4904 Tlmhath
2827 4854 3188 4907 castrametati
3212 4863 3334 4908 sunt
3364 4856 3421 4910 in
3451 4855 3643 4911 There.

2068 4943 2334 4999 Vicesima
2362 4952 2553 5011 quarta
2586 4944 2795 4997 mansio
2824 4962 2836 4997 :
2866 4960 3028 5014 quam
3058 4947 3299 5002 nonnulli
3341 4958 3558 5005 vertunt
3588 4951 3643 5005 in

2065 5033 2324 5087 malitiam
2349 5032 2433 5088 vel
2459 5033 2513 5086 in
2562 5042 2852 5104 pasturam.
2909 5033 3019 5090 Nec
3045 5047 3314 5103 errarent,
3340 5039 3386 5094 si
3429 5055 3526 5110 per
3554 5040 3643 5093 ain

2064 5133 2108 5210 γ
2140 5125 2373 5180 litteram
2425 5125 2779 5179 scriberetur.
2822 5124 2979 5182 Nunc
3030 5144 3162 5184 vero
3210 5145 3332 5184 cum
3384 5130 3645 5199 aspiratio

2065 5214 2259 5282 duplex
2283 5214 2337 5267 in
2374 5223 2617 5268 extrema
2646 5214 2716 5269 sit
2768 5214 2996 5287 syllaba,
3044 5219 3245 5274 erroris
3272 5230 3434 5272 causa
3465 5218 3641 5271 mani-

2068 5303 2201 5359 festa
2255 5312 2357 5359 est.
2413 5302 2526 5358 Hoc
2577 5304 2766 5359 eodem
2825 5308 3085 5362 vocabulo
3111 5315 3165 5364 et
3195 5308 3393 5361 eisdem
3446 5308 3644 5365 litteris

2062 5396 2320 5465 scriptum
2352 5395 2568 5451 invenio
2599 5407 2799 5466 patrem
2850 5398 3138 5465 Abraham,
3167 5399 3258 5469 qui
3312 5399 3366 5452 in
3393 5401 3641 5469 supradi-

2060 5494 2149 5541 cto
2198 5487 2506 5558 apocrypho
2552 5485 2826 5542 Geneseos
2855 5488 3148 5553 volumine,
3197 5487 3402 5563 abactis
3457 5491 3640 5547 corvis

2061 5577 2148 5644 qui
2178 5575 2455 5630 hominum
2477 5574 2749 5631 frumenta
2775 5577 3080 5639 vastabant,
3125 5575 3400 5634 abaetoris
3426 5580 3509 5635 vel
3541 5582 3662 5638 de-‘

2060 5667 2548 5741 pulsorissortitus
2580 5676 2663 5723 est
2684 5681 2901 5722 nomen.
2936 5665 3119 5735 itaque
3147 5674 3202 5722 et
3228 5684 3326 5724 nos
3356 5670 3635 5731 imitemur
