3978 6182
382 302 487 358 819

1017 293 1083 349 Β.
1119 290 1377 347 RABANI
1415 286 1633 343 MAURI
1668 284 1988 342 ARCHIEP.
2033 283 2341 347 MOGUNT.
2382 284 2663 341 OPERUM
2703 283 2884 341 PARS
2922 285 2964 339 1.

3526 289 3634 344 820

383 419 587 482 Thare,
614 422 671 470 et
694 411 940 466 volucres
985 408 1109 463 ctcli
1136 422 1258 477 quae
1277 406 1432 474 juxta
1461 405 1606 461 viam
1631 384 1833 459 'satum
1861 401 1959 456 tri-
1983 403 2037 462 Α
2064 402 2178 467 Dei,
2226 400 2414 457 afferte
2451 400 2679 455 Domino
2731 400 2873 455 filios
2925 402 3176 455 arietum.
3206 401 3338 469 Quae
3366 412 3451 458 est
3483 414 3638 463 tanta

384 510 553 561 ticum
598 503 861 558 devorare
898 497 1178 563 festinant,
1231 496 1523 551 sollicitius
1548 494 1954 565 prohibeamus.

383 596 521 651 Nam
554 602 609 650 et
633 590 905 647 Abraham
955 586 1289 658 patriarcha,
1319 588 1375 641 in
1427 596 1553 657 typo
1602 586 1835 650 lsraelis,
1861 586 1959 639 ho-

385 687 613 742 stiarum
649 681 834 737 divisit
867 678 1109 733 membra
1140 676 1418 741 sacrificii,
1443 692 1564 747 quae
1592 692 1620 730 a
1652 676 1961 731 volucribus

385 790 493 831 non
528 772 659 828 sinit
685 769 956 825 devorari.
983 767 1052 821 Et
1078 776 1508 838 contemptorem
1560 768 1777 823 oculum
1829 765 1958 821 ell‘o-

385 866 541 922 diunt
565 861 715 918 corvi
744 861 810 915 de
834 858 1187 914 convallibus.
1245 856 1523 927 Verusque
1575 857 1784 928 Moyses
1811 857 1960 911 ducit

386 952 802 1022 Ethiopissam,
829 958 885 1004 et
913 948 1055 1002 Elias
1080 963 1111 1001 a
1159 947 1339 1002 corvis
1367 946 1625 1016 pascitur.
1661 946 1718 1000 Si
1756 946 1959 1000 habue-

388 1045 465 1100 ris
491 1054 768 1113 pavorem,
798 1038 1059 1093 sollicitus
1096 1038 1241 1102 eris;
1276 1037 1321 1091 si
1347 1037 1611 1091 sollicitus
1658 1036 1844 1096 fueris,
1875 1036 1960 1090 leo

390 1135 445 1189 in
472 1131 659 1188 caulas
690 1130 872 1185 ovium
900 1136 1114 1182 tuarum
1145 1127 1372 1181 introire
1424 1142 1531 1181 non
1559 1126 1780 1196 poterit.
1805 1124 1959 1192 Quod

387 1222 473 1278 vel
495 1221 563 1277 ad
613 1219 932 1291 prtcpositos
992 1216 1368 1281 ecclesiarum,
1417 1215 1503 1270 vel
1550 1216 1619 1271 ad
1657 1216 1960 1271 custodiam

388 1312 624 1369 refertur
646 1312 841 1366 animm
871 1318 995 1376 tute,
1025 1309 1091 1364 ad
1119 1323 1282 1378 quam
1341 1306 1586 1362 diabolus
1621 1322 1719 1377 per
1747 1306 1959 1362 diversa

391 1403 645 1458 vitiorum
711 1399 976 1455 foramina
1030 1398 1237 1469 ingredi
1300 1398 1511 1452 nititur.
1565 1396 1718 1453 Unde
1767 1398 1959 1468 egressi

388 1494 551 1562 ﬁxere
597 1491 822 1546 tentoria
854 1492 910 1543 in
954 1488 1183 1543 Methea.
1230 1486 1501 1544 Vicesima
1530 1488 1721 1557 quinta
1748 1489 1961 1543 mansio

388 1583 619 1639 vertitur
669 1582 723 1636 in
783 1580 1130 1634 dulcedinem.
1197 1579 1504 1634 Ascendisti
1544 1580 1598 1635 in
1663 1578 1956 1644 excelsum,

390 1672 689 1727 admiratus
724 1686 784 1727 es
810 1671 1068 1724 virtutum
1098 1670 1315 1735 choros,
1346 1670 1574 1725 timuisti
1606 1671 1841 1735 ruinam,
1871 1672 1961 1726 ab-

2059 490 2357 546 necessitas
2394 506 2514 561 qum
2555 490 2864 547 nolentibus
2895 491 3247 561 imponatur?
3276 491 3413 547 Cum
3439 495 3641 554 divinis

2061 579 2355 649 Seripturis
2390 578 2559 635 fueris
2594 581 2856 645 eruditus,
2888 591 2943 636 et
2982 581 3131 653 leges
3165 598 3352 638 earum
3377 600 3447 640 ac
3482 587 3633 643 testi-

2059 669 2241 741 monia
2272 668 2459 724 scietis
2483 669 2748 733 veritatis,
2783 669 3115 725 contendens
3144 655 3267 725 cum
3292 673 3639 741 adversariis,

2061 758 2252 830 ligabis
2279 775 2396 824 cos,
2426 770 2478 814 et
2505 761 2715 815 vinctos
2761 761 2927 816 duces
2970 761 3022 814 in
3053 762 3421 831 captivitatem
3446 780 3462 830 ;
3495 773 3548 819 et
3574 767 3641 822 de

2061 850 2307 904 hostibus
2333 851 2604 920 quondam
2652 860 2815 921 atque
2843 852 3072 921 captivis
3098 852 3299 908 liberos
3324 856 3419 909 Dei
3448 855 3641 923 facies,

2060 947 2119 993 ut
2147 949 2367 1009 repente
2398 941 2547 995 dicas
2577 957 2699 996 cum
2727 940 2860 996 Sion
2886 959 2899 995 :
2933 941 3045 1011 Ego
3091 943 3293 998 sterilis
3317 956 3374 998 et
3398 961 3504 1000 non
3546 963 3643 1017 pa-

2062 1030 2229 1094 riens,
2255 1031 2636 1100 transmigrata
2674 1038 2728 1085 et
2751 1031 2984 1100 captiva,
3010 1039 3065 1086 et
3089 1031 3222 1087 istos
3266 1033 3392 1101 quis
3427 1035 3643 1088 enutri-

2060 1120 2180 1172 vit?
2211 1119 2323 1190 Ego
2356 1119 2615 1175 destituta
2652 1128 2706 1175 ct
2731 1121 2865 1184 sola,
2895 1129 2950 1175 et
2977 1121 3068 1174 isti
3115 1122 3206 1177 ubi
3235 1124 3434 1177 erant?
3472 1124 3646 1179 Porro

2064 1209 2205 1278 quod
2226 1210 2486 1264 vertimus
2512 1208 2652 1278 filios
2682 1210 2951 1276 stridoris,
2983 1211 3050 1265 ad
3078 1210 3228 1265 illum
3256 1227 3473 1268 sensum
3499 1213 3646 1268 refer

2061 1300 2207 1370 quod
2255 1300 2450 1356 timore
2494 1300 2739 1371 supplicii
2770 1309 2826 1356 et
2852 1299 2969 1370 ejus
3020 1301 3125 1357 loci
3157 1302 3251 1357 ubi
3291 1311 3378 1358 est
3399 1302 3558 1359 fletus
3588 1312 3641 1356 ct

2062 1391 2264 1446 stridor
2292 1392 2532 1446 dentium
2560 1391 2873 1447 deserentes
2920 1393 3120 1448 diaboli
3162 1394 3399 1460 vincula,
3425 1392 3648 1465 Christo

2060 1480 2289 1537 Domino
2313 1483 2647 1537 credentium
2680 1484 2850 1538 turbae
2874 1483 3010 1538 colla
3036 1484 3378 1539 submittant.
3403 1485 3641 1556 Egressi-

2062 1587 2159 1642 que
2178 1571 2241 1625 de
2257 1570 2610 1640 Bcneiaacan,
2624 1583 2869 1627 venerunt
2890 1574 2945 1627 in
2963 1585 3189 1629 montem
3212 1573 3452 1646 Gadgad.
3479 1578 3639 1632 Vice—

2063 1662 2200 1714 sima
2230 1676 2368 1715 nona
2399 1662 2610 1716 mansio
2664 1663 3059 1731 interpretatur
3089 1669 3302 1719 nuntius
3340 1666 3456 1720 sive
3486 1683 3639 1737 expe-

390 1762 548 1833 egisti
576 1761 938 1825 insidiatores,
972 1758 1146 1813 dulcis
1172 1766 1227 1813 te
1280 1760 1528 1829 protinus
1557 1758 1769 1815 fructus
1818 1760 1964 1815 inse-

2069 1752 2195 1805 ditio
2227 1760 2282 1806 et
2299 1752 2596 1818 accinctio;
2629 1752 2713 1808 vel
2738 1761 2904 1837 certe,
2951 1754 3097 1824 quod
3142 1770 3242 1812 nos
3270 1757 3451 1811 verius
3499 1759 3647 1811 arbi-

391 1851 576 1921 quitur
631 1850 873 1905 laboris:
909 1856 967 1904 et
1002 1848 1056 1902 in
1093 1863 1299 1903 morem
1344 1848 1669 1914 litterarum,
1723 1850 1962 1904 radicum

393 1939 810 1994 amaritudinem
840 1953 1123 2007 pomorum
1172 1938 1414 1993 suavitas
1472 1939 1865 2008 compensabit,
1910 1949 1967 1996 et

393 2028 538 2083 dices
568 2041 584 2080 :
618 2026 790 2093 Quam
830 2025 1007 2080 dulcia
1049 2024 1288 2094 faucibus
1313 2026 1441 2080 meis
1461 2025 1669 2097 eloquia
1692 2036 1783 2081 tua
1811 2044 1968 2098 super

392 2116 495 2171 mel
516 2117 596 2172 ori
618 2132 752 2171 meo.
794 2114 1172 2186 Sponsumque
1204 2115 1300 2172 tibi
1328 2116 1518 2172 audies
1536 2118 1917 2173 concinentem
1949 2137 1963 2173 :

391 2207 495 2262 Mcl
527 2205 798 2262 distillant
846 2206 988 2263 labia
1039 2215 1154 2273 tua,
1212 2222 1369 2263 soror
1417 2223 1539 2264 mea
1577 2223 1796 2278 sponsa.
1828 2210 1969 2276 Quid

392 2296 541 2350 enim
588 2296 807 2351 suavius
842 2296 1148 2366 disciplina,
1196 2296 1327 2366 quid
1383 2298 1689 2354 eruditione
1752 2300 1966 2366 melius,

395 2384 528 2454 quid
586 2385 796 2440 dulcius
848 2386 1120 2440 Domino?
1155 2384 1371 2441 Gustate
1413 2396 1460 2441 et
1510 2387 1673 2442 videte
1713 2389 1966 2459 quoniam

394 2474 571 2528 suavis
600 2485 674 2528 est
710 2471 986 2529 Dominus.
1039 2475 1192 2531 Unde
1219 2485 1275 2531 et
1304 2476 1557 2544 Samson,
1591 2478 1683 2548 qui
1713 2479 1971 2550 abegerat

393 2580 426 2621 a
451 2564 718 2620 fructibus
742 2564 858 2619 suis
902 2578 1054 2631 aves,
1096 2574 1151 2621 et
1199 2566 1389 2637 vulpes
1434 2582 1554 2637 qua:
1609 2569 1972 2624 exterminant

395 2656 582 2712 vineas
610 2654 980 2726 colligaverat,
1008 2654 1331 2727 leonemque
1370 2658 1716 2715 interfecerat
1761 2661 1973 2731 rugien-

396 2756 523 2814 tem,
555 2746 735 2802 favum
764 2746 968 2802 invenit
997 2749 1051 2802 in
1079 2764 1176 2804 ore
1205 2750 1424 2805 mortui.
1453 2749 1521 2804 Et
1542 2750 1607 2807 de
1638 2750 1847 2806 Methea
1882 2769 1972 2806 ca-

394 2840 691 2894 strametati
718 2848 839 2894 sunt
860 2840 918 2893 in
945 2839 1234 2895 Hesmona.
1279 2840 1549 2897 V'icesima
1578 2851 1733 2898 sexta
1758 2844 1968 2899 mansio

393 2931 448 2987 in
484 2931 668 3002 lingua
720 2939 906 2987 nostra
957 2931 1343 2999 festinationem
1396 2942 1574 2988 sonat.
1625 2931 1787 2988 Juxta
1842 2933 1972 2989 illud

397 3022 540 3091 quod
566 3022 618 3076 in
641 3022 850 3092 psalmo
874 3022 1133 3077 scribitur
1162 3039 1175 3074 :
1213 3020 1427 3077 Venient
1469 3023 1626 3095 legati
1648 3040 1714 3078 ea:
1737 3023 1969 3095 Egypto

400 3109 575 3180 (Psal.
616 3110 806 3180 van).
846 3109 952 3164 Pro
983 3110 1142 3181 legati
1192 3110 1246 3164 in
1295 3109 1520 3165 Hebraeo
1558 3109 1864 3180 festinantes
1894 3116 1970 3165 le-

397 3202 575 3272 gimus
607 3218 619 3253 :
652 3208 710 3254 ut
738 3210 1026 3269 postquam
1050 3199 1234 3256 dulces
1270 3198 1477 3255 fructus
1507 3199 1707 3255 laboris
1733 3215 1972 3255 messae-

397 3290 591 3354 rimus,
619 3306 723 3344 non
752 3291 921 3344 simus
947 3292 1126 3359 quiete
1151 3292 1387 3346 contenti
1414 3300 1467 3346 et
1494 3291 1642 3357 otio;
1674 3300 1729 3346 et
1754 3308 1970 3347 rursum

400 3380 469 3433 ad
498 3378 754 3433 ulteriora
810 3388 1180 3449 properantes,
1236 3380 1623 3436 obliviscamur
1671 3382 1972 3451 praeterito.

404 3484 521 3523 rum
556 3476 611 3524 et
662 3469 714 3523 in
769 3469 949 3523 futura
997 3486 1096 3525 nos
1141 3471 1514 3527 extendamus.
1548 3471 1617 3526 Et
1662 3472 1881 3543 profecti
1908 3474 1973 3527 de

403 3547 691 3626 Ifesmona,
726 3572 969 3615 venerunt
1011 3563 1069 3615 in
1121 3561 1405 3616 Moscrotlt.
1446 3563 1713 3619 Vicesima
1744 3565 1973 3634 septima

403 3650 612 3705 mansio
666 3652 874 3706 vincula
923 3653 1037 3707 sive
1087 3653 1393 3725 disciplinas
1441 3663 1727 3711 sonatzut
1776 3655 1973 3713 festino

398 3739 567 3808 gradu
602 3754 888 3811 pergamus
911 3743 978 3797 ad
1009 3743 1316 3812 magistros,
1350 3751 1404 3797 et
1437 3758 1625 3798 eorum
1678 3744 1864 3799 limina
1893 3757 1967 3802 te-

403 3844 608 3894 ramus,
659 3840 715 3883 et
734 3841 1002 3901 praecepta
1057 3833 1316 3886 virtutum
1347 3848 1410 3887 ac
1446 3835 1701 3904 mysteria
1730 3833 1973 3905 Scriptu-

403 3930 586 3969 rarum
641 3915 854 3970 vincula
909 3929 1159 3987 putemus
1199 3928 1421 3974 mterna.
1475 3919 1636 3974 Juxta
1666 3921 1796 3975 illud
1829 3923 1971 3992 quod

402 4005 457 4058 in
489 4003 626 4059 lsaia
669 4005 885 4059 dicitur.
952 4007 1020 4060 Et
1070 4007 1287 4061 Sabaim
1344 4010 1445 4062 viri
1510 4010 1770 4064 sublimes
1824 4012 1893 4065 ad
1922 4021 1975 4067 te

404 4093 711 4149 transibunt
738 4104 792 4149 et
821 4096 895 4149 tui
925 4105 1101 4150 erunt.
1132 4097 1259 4152 Post
1286 4099 1399 4154 hare
1433 4100 1785 4156 ambulabunt
1807 4102 1973 4157 vincti

405 4186 652 4242 manicis.
714 4186 782 4241 Et
810 4185 1013 4243 Paulus
1064 4190 1262 4243 vinctus
1301 4189 1431 4246 Jesu
1473 4190 1689 4248 Christi.
1729 4192 1973 4263 Duplicia

405 4290 533 4335 sunt
560 4281 612 4334 in
646 4278 940 4350 Scripturis
978 4281 1189 4337 vincula
1216 4298 1335 4352 quae
1387 4283 1589 4354 dirupit
1645 4283 1894 4351 Samson,
1921 4294 1976 4341 et

407 4372 535 4427 vicit
562 4373 830 4428 inimicos.
886 4374 951 4428 Et
979 4374 1045 4428 de
1093 4374 1377 4430 meretrice
1402 4374 1650 4447 legimus,
1685 4376 1970 4432 Vinculum
1997 4411 2050 4470 Β

404 4464 740 4520 inmanibus
768 4462 902 4535 ejus.
951 4465 1016 4520 Et
1069 4481 1137 4521 ex
1167 4481 1399 4535 persona
1445 4466 1656 4545 Domini
1695 4468 1924 4523 dicentis
1955 4485 1969 4520 :

407 4552 782 4624 Dirumpamus
816 4557 1025 4611 vincula
1053 4572 1255 4621 eorum,
1297 4567 1345 4611 et
1393 4557 1737 4627 projiciamus
1767 4574 1797 4609 a
1828 4557 1974 4611 nobis

394 4641 586 4712 jugum
622 4646 853 4715 ipsorum
877 4644 1049 4716 (Psal.
1083 4646 1165 4717 ιι).
1206 4646 1274 4700 Ει
1301 4646 1426 4700 alibi
1460 4664 1473 4698 :
1506 4646 1747 4715 Laqueus
1782 4646 1974 4698 contri-

400 4742 486 4785 tus
514 4743 611 4798 est,
643 4744 691 4788 et
720 4751 812 4789 nos
838 4737 1041 4790 liberati
1066 4752 1246 4791 sumus
1280 4732 1450 4807 (Psal.
1480 4733 1729 4805 cxxvm).
1770 4733 1973 4788 Christi

406 4830 587 4876 autem
615 4824 825 4879 vincula
853 4827 1157 4881 voluntaria
1184 4835 1331 4892 sunt,
1360 4834 1415 4882 et
1441 4833 1727 4881 vertuntur
1778 4824 1831 4879 in
1856 4840 1970 4878 am-

400 4910 610 4980 plexus.
641 4911 958 4984 Quicunque
983 4916 1146 4970 fuerit
1191 4916 1492 4986 colligatus,
1515 4915 1661 4970 dicet
1689 4929 1702 4967 :
1737 4913 1969 4969 Sinistra

399 5001 514 5070 ejus
541 5001 636 5056 sub
674 5004 840 5072 capite
866 5020 1000 5069 meo,
1029 5014 1077 5059 et
1102 5006 1317 5060 dextera
1355 5007 1467 5077 ejus
1498 5004 1865 5076 complectetur
1890 5021 1970 5059 me

403 5088 579 5160 (Cant.
612 5089 696 5160 tt).
727 5089 795 5143 Et
823 5091 887 5145 de
927 5092 1187 5147 Moserotlt
1220 5093 1575 5147 castrametati
1619 5101 1740 5146 sunt
1775 5094 1830 5146 in
1865 5091 1968 5146 Be-

401 5180 679 5251 nejaacan.
720 5179 985 5238 Vicesima
1024 5192 1211 5239 octava
1240 5184 1450 5239 mansio
1493 5191 1574 5239 est
1608 5182 1966 5253 Benejaacan,

401 5284 522 5339 qua:
548 5269 992 5343 interpretatione
1019 5270 1348 5329 transfertur
1379 5272 1432 5327 in
1480 5272 1620 5343 ﬁlios
1651 5273 1968 5329 necessitatis

400 5373 495 5414 seu
520 5362 781 5418 stridoris.
816 5360 873 5420 Si
896 5363 964 5418 ab
989 5379 1096 5419 uno
1142 5362 1368 5435 incipias
1393 5379 1636 5431 numero,
1690 5372 1745 5420 et
1785 5364 1972 5434 paula-

399 5448 498 5505 tim
523 5452 725 5510 addens
753 5453 821 5509 ad
842 5454 1131 5525 septimum
1155 5470 1325 5526 usque
1353 5457 1657 5525 pervenias,
1680 5457 1971 5516 vicesimus

399 5549 912 5600 octavuS'numerus
932 5542 1178 5599 eﬂlcitur.
1207 5543 1310 5612 Qui
1358 5544 1469 5600 sint
1490 5545 1576 5601 isti
1608 5546 1702 5601 lilii
1732 5547 1970 5603 necessi-

404 5629 529 5685 tatis
556 5632 794 5702 psalmus
820 5634 934 5706 ipse
976 5648 1073 5690 nos
1109 5632 1300 5692 doceat
1324 5650 1338 5691 :
1364 5633 1564 5694 Aﬁ‘ertc
1585 5636 1836 5705 Domino,
1876 5637 1968 5695 lilii

2067 1850 2295 1907 tramur,
2333 1848 2618 1908 κατακοπή,
2648 1840 2699 1896 id
2727 1848 2830 1907 est,
2858 1843 3105 1897 concisio.
3153 1843 3308 1899 Haud
3332 1844 3489 1901 aliter
3521 1861 3647 1916 pos-

2066 1949 2253 1988 sumus
2280 1934 2520 2004 magistri
2563 1934 2947 2004 discipulorum
2992 1942 3156 2004 atque
3180 1934 3513 1989 credentium
3553 1952 3647 1990 eos

2067 2020 2249 2077 facere
2305 2022 2446 2079 filios
2489 2022 2847 2089 necessitatis,
2902 2022 3006 2076 nisi
3051 2033 3412 2094 prmceptores
3454 2039 3648 2080 eorum

2067 2114 2517 2178 interfecerimus,
2550 2113 2799 2171 crudeles
2838 2114 3009 2170 simus
3034 2114 3090 2168 in
3113 2114 3388 2171 occisione
3431 2131 3647 2172 eorum.

2067 2205 2185 2261 Non
2225 2214 2418 2276 parcat
2467 2221 2662 2261 manus
2712 2214 2899 2261 nostra
2945 2221 3158 2260 armum
3203 2214 3299 2260 aut
3336 2216 3646 2262 extremum

2068 2296 2329 2351 auricula:
2359 2297 2427 2352 de
2455 2311 2555 2352 ore
2607 2295 2822 2351 leonum
2864 2297 3171 2351 extrahere.
3207 2296 3521 2353 Maledictus
3555 2301 3649 2367 qui

2069 2384 2203 2441 facit
2261 2402 2398 2456 opus
2450 2386 2547 2442 Dei
2594 2387 2949 2456 negligenter,
2997 2394 3054 2441 et
3096 2387 3348 2458 prohibet
3408 2388 3647 2457 gladium

2070 2490 2226 2529 suum
2257 2491 2288 2529 a
2317 2476 2604 2546 sanguine.
2637 2475 2791 2532 Unde
2823 2484 2878 2531 et
2922 2476 3129 2531 David:
3163 2475 3233 2531 In
3260 2479 3542 2543 matutino,
3570 2481 3652 2534 in-

2070 2566 2210 2634 quit,
2259 2565 2638 2635 interﬁciebam
2694 2582 2871 2620 omnes
2927 2576 3223 2637 peccatores
3268 2575 3423 2622 teme
3470 2565 3645 2641 (Psaf.

2069 2654 2283 2727 cxvm).
2323 2657 2402 2711 De
2429 2656 2621 2711 nuntio
2651 2665 2832 2712 autem
2857 2665 2913 2712 et
2937 2657 3273 2714 accinctione
3316 2658 3423 2714 hac
3475 2657 3651 2716 brevi-

2075 2756 2157 2802 ter
2182 2762 2471 2818 possumus
2492 2747 2673 2803 dicere
2699 2745 2844 2818 quod
2875 2747 3001 2803 filiis
3051 2748 3390 2804 necessitatis
3414 2751 3651 2821 grandes

2073 2837 2141 2891 ad
2172 2838 2430 2893 virtutum
2481 2837 2733 2893 stimulos
2751 2853 3122 2909 suggeramus,
3147 2855 3271 2895 cum
3321 2841 3402 2895 eis
3436 2842 3649 2896 nuntia-

2072 2927 2310 2983 verimus
2335 2928 2554 2999 prazmia
2581 2926 2909 2994 futurorum,
2953 2936 3009 2984 et
3035 2930 3308 2986 accinctos
3333 2930 3473 2987 inire
3500 2931 3639 2986 bella

2074 3019 2436 3074 docuerimus.
2490 3018 2692 3074 Horum
2726 3019 2890 3075 trium
2928 3020 3186 3091 quidquid
3218 3022 3478 3093 magister
3513 3020 3652 3078 fece-

2074 3117 2168 3175 ιἰι,
2197 3111 2250 3164 in
2284 3117 2465 3164 monte
2490 3110 2758 3165 consistit.
2787 3107 2857 3163 Et
2877 3109 3099 3181 profecti
3120 3111 3183 3164 de
3202 3121 3375 3165 monte
3401 3108 3649 3183 Gadgad,

2075 3199 2431 3253 castrametati
2457 3209 2578 3252 sunt
2631 3200 2686 3253 in
2731 3197 3029 3253 Jetebatlta.
3088 3198 3389 3270 Trigesima
3439 3202 3654 3255 mansio

2074 3288 2277 3341 bonitas
2303 3287 2689 3356 interpretatur
2720 3306 2733 3341 :
2768 3296 2826 3341 ut
2854 3304 2979 3341 cum
3006 3289 3411 3358 pervenerimus
3444 3289 3511 3342 ad
3537 3304 3656 3359 per-

2075 3374 2276 3429 fectum
2323 3376 2500 3429 virum
2531 3376 2591 3429 in.
2640 3375 3035 3430 sacerdotalem
3061 3376 3311 3444 gradum,
3350 3384 3406 3431 et
3444 3377 3498 3430 in
3522 3385 3654 3431 teta-

2077 3472 2184 3519 tem
2212 3464 2562 3533 plenitudinis
2608 3463 2833 3531 Christi,
2884 3465 2939 3518 in
2994 3480 3101 3535 qua
3152 3474 3207 3520 et
3234 3465 3483 3521 Ezechiel
3532 3477 3653 3521 erat

2068 3554 2224 3624 juxta
2256 3554 2475 3609 fluvium
2502 3556 2734 3620 Chobar,
2764 3557 3037 3625 possimus
3065 3572 3185 3611 cum
3215 3556 3383 3612 David
3407 3559 3463 3612 in
3494 3559 3655 3614 trice-

2074 3648 2213 3701 simo
2271 3646 2485 3717 psalmo
2536 3662 2731 3701 canere
2762 3662 2776 3700 :
2809 3645 3049 3713 Domine,
3105 3649 3160 3701 in
3213 3657 3261 3700 te
3286 3649 3519 3717 speravi,
3547 3666 3652 3701 non

2074 3735 2372 3805 confundor
2424 3735 2479 3788 in
2523 3746 2793 3790 wternum.
2847 3735 3042 3791 Pastor
3087 3737 3229 3791 enim
3269 3737 3445 3791 bonus
3497 3740 3653 3807 ponit

2074 3826 2309 3880 animum
2340 3841 2492 3879 suam
2523 3839 2621 3895 pro
2650 3825 2849 3880 ovibus
2872 3826 3007 3880 suis.
3055 3825 3122 3880 Et
3154 3825 3376 3896 profecti
3409 3826 3477 3880 de
3527 3826 3654 3880 Jot-

2075 3916 2252 3980 batha,
2278 3915 2633 3969 castrametati
2660 3923 2780 3968 sunt
2812 3914 2866 3968 in
2895 3911 3128 3969 Ebrona.
3170 3912 3471 3986 Trigesima
3501 3931 3652 3969 man-

2075 4004 2155 4060 sio
2185 4004 2572 4074 interpretatur
2626 4004 2878 4059 transitus
2926 4005 3037 4059 sive
3085 4006 3346 4059 transitio.
3394 4005 3479 4059 Ad
3507 4007 3652 4061 lianc

2075 4099 2225 4153 venit
2249 4113 2409 4152 verus
2439 4097 2696 4151 llebrtcus
2722 4106 2884 4167 atque
2921 4099 3177 4152 transitur
3223 4099 3314 4168 qui
3343 4100 3525 4154 dicere
3556 4117 3652 4170 po-

2078 4197 2182 4244 test
2206 4207 2219 4241 :
2260 4188 2551 4242 Transiens
2578 4188 2775 4243 videbo
2798 4189 3057 4243 visionem
3105 4191 3245 4244 lianc
3273 4205 3546 4259 magnam.
3576 4191 3652 4245 De

2076 4294 2182 4350 quo
2223 4287 2279 4333 et
2301 4278 2586 4333 Psalmista
2626 4279 2740 4333 ait:
2773 4276 2840 4333 Et
2872 4298 2974 4333 non
3029 4282 3275 4335 dixerunt
3299 4285 3390 4352 qui
3431 4294 3652 4352 pra'ter-

2077 4371 2242 4436 ibant,
2271 4369 2573 4423 Benedictio
2625 4370 2841 4424 Domini
2864 4388 3019 4441 super
3049 4389 3147 4426 vos
3185 4370 3357 4444 (Psal.
3388 4376 3648 4443 cxxvm).

2075 4462 2324 4516 Praeterit
2372 4462 2514 4516 enim
2547 4461 2714 4532 figura
2770 4462 2928 4529 hujus
2985 4464 3190 4518 mundi.
3255 4464 3320 4518 Et
3358 4476 3650 4535 prepterea

2079 4554 2256 4608 sancti
2296 4554 2519 4624 cupiunt
2562 4554 2628 4606 ad
2680 4552 2901 4607 meliora
2943 4554 3193 4618 transire,
3243 4569 3344 4608 nec
3392 4557 3651 4623 prmsenti

2076 4652 2220 4699 statu
2250 4630 2511 4708 conténti,
2542 4643 2900 4712 ingemiscant
2926 4644 3188 4712 quotidie.
3220 4642 3351 4698 Haec
3406 4645 3654 4699 recorda-

2074 4741 2158 4785 tus
2178 4748 2313 4795 sum,
2363 4742 2411 4784 et
2435 4730 2598 4801 effudi
2644 4731 2697 4783 in
2733 4747 2813 4783 me
2866 4731 3099 4784 animum
3135 4746 3343 4785 meam:
3391 4733 3649 4802 quoniam

2075 4821 2307 4876 transibo
2336 4824 2389 4875 in
2422 4821 2592 4875 locum
2633 4822 2959 4875 tabernaculi
3011 4822 3355 4882 admirabilis.
3390 4840 3554 4893 usque
3577 4824 3650 4876 ad

2074 4914 2289 4968 domum
2314 4915 2410 4969 Dei
2436 4913 2609 4987 (Psal.
2644 4913 2776 4985 xu).
2809 4912 2877 4967 Et
2923 4917 3117 4985 egressi
3171 4915 3236 4969 de
3288 4913 3523 4982 Ebrona,
3557 4935 3653 4971 ca-

2074 5005 2369 5059 strametati
2425 5014 2545 5058 sunt
2585 5005 2639 5059 in
2692 5004 3032 5075 Asiongaber.
3065 5006 3363 5076 Trigesima
3404 5010 3651 5064 secunda

2076 5096 2285 5150 mansio
2313 5104 2392 5151 est
2422 5095 2477 5150 in
2512 5096 2869 5168 Asiongaber,
2914 5112 3036 5166 quae.
3071 5097 3396 5152 transfertur
3420 5099 3476 5153 in
3503 5100 3651 5170 ligno

2074 5185 2191 5239 viri.
2225 5183 2460 5239 Possunt
2508 5185 2623 5240 haec
2656 5184 2802 5255 ligna
2850 5186 2978 5251 viri,
3023 5186 3255 5245 saltuum
3312 5195 3369 5242 et
3396 5188 3649 5242 omnium

2073 5275 2326 5331 arborum
2376 5292 2599 5352 genera,
2649 5277 3049 5332 multitudinem
3100 5278 3342 5348 gentium
3386 5279 3645 5349 figurare.

2072 5366 2190 5422 lluc
2216 5380 2387 5437 usque
2414 5368 2645 5423 solitudo
2676 5367 2887 5425 Pharao
2918 5369 3105 5425 decem
3135 5376 3191 5422 et
3230 5377 3353 5424 octo
3402 5369 3651 5423 continet

2071 5458 2402 5523 mansiones,
2440 5474 2560 5529 qua:
2589 5459 2870 5529 descripta:
2903 5459 2955 5513 in
3004 5458 3271 5529 catalogo,
3301 5459 3353 5513 in
3378 5459 3650 5528 superiori

2073 5546 2265 5601 itinere
2292 5563 2397 5601 non
2425 5557 2713 5618 ponuntur.
2742 5547 2876 5602 Inde
2903 5548 3123 5619 profecti
3170 5558 3416 5604 cenet-unt
3448 5549 3520 5602 ad
3548 5551 3648 5603 de-

2071 5648 2265 5694 sertum
2306 5636 2422 5705 Sin,
2457 5639 2568 5695 Ita'c
2603 5649 2677 5694 est
2735 5637 2922 5698 Gades.
2987 5640 3260 5712 Qumritur
3313 5653 3415 5701 cur
3450 5648 3651 5701 octava
