3932 6188
279 361 376 416 Sil

995 349 1531 408 ENARRATIONES
1570 350 1634 404 ΙΝ
1677 348 1937 403 LIBRUM
1979 346 2444 404 NUMERORUM.
2483 377 2548 386 ——
2587 347 2715 402 LIB.
2754 347 2842 404 lV.

3449 347 3556 402 822

281 471 499 527 mansio
545 483 686 522 nunc
747 466 1027 521 tricesima
1076 465 1234 519 tertia
1284 477 1408 518 esse
1462 463 1696 516 dicatur.
1751 460 1858 514 Sed
1888 461 1937 519 Α
1963 474 2160 514 nomen
2190 457 2406 523 llorma,
2437 457 2491 512 id
2519 466 2624 523 est,
2651 459 2960 512 anathema.
2991 459 3192 514 Eadem
3216 460 3398 516 dicere
3418 459 3552 515 mihi

277 560 562 616 sciendum
616 555 759 626 quod
792 555 942 625 prior
962 570 1060 624 per
1089 553 1308 608 samccb
1335 564 1374 612 ο
1397 552 1631 606 litteram
1671 549 1866 605 scribi-

275 659 389 715 tur,
429 649 925 715 interpretaturque
950 643 1110 696 rubus
1135 643 1250 696 sive
1295 642 1494 694 odium.
1528 641 1654 694 llaec
1682 648 1865 693 autem

273 758 376 812 per
402 738 536 794 sade
561 745 621 800 ν,
643 726 708 789 ‘et
733 734 967 788 vertitur
999 734 1054 788 in
1099 733 1428 787 mandatum.
1456 731 1697 800 llludque
1719 731 1865 799 quod

265 831 536 902 jungitur,
551 825 744 889 Gades,
763 840 866 878 non
883 834 942 879 ut
953 825 1197 894 plerique
1211 823 1524 878 existimant
1535 832 1716 877 sancta
1731 822 1864 876 dici-

273 932 389 986 tur,
406 919 496 974 sed
510 929 718 972 mitrata
732 919 845 974 sive
860 914 1138 968 translata.
1157 915 1409 984 Legimus
1423 915 1476 968 in
1493 913 1686 969 Genesi
1704 911 1857 985 (Cap.

275 1013 506 1081 xxxviii)
526 1012 681 1081 juxta
707 1011 1031 1066 llebraicam
1055 1010 1361 1074 veritatem,
1386 1009 1475 1063 ubi
1504 1008 1670 1064 Judas
1693 1023 1863 1063 mere-

275 1106 468 1159 tricem
492 1112 688 1173 putans
704 1103 958 1165 Thamar,
979 1103 1116 1155 dona
1147 1103 1486 1165 transmittit,
1502 1110 1556 1155 et
1581 1110 1861 1170 sequester

275 1210 563 1249 numerum
617 1195 934 1262 interrogat,
973 1192 1060 1246 ubi
1096 1202 1170 1246 est
1201 1192 1415 1257 eadesa,
1448 1192 1551 1247 hoc
1581 1201 1665 1246 est
1709 1209 1858 1248 scor-

277 1287 411 1342 tum,
474 1279 630 1348 cujus
686 1279 902 1332 habitus
935 1293 963 1331 a
1005 1279 1216 1332 caeteris
1275 1277 1492 1333 feminis
1541 1279 1858 1336 immutatus

271 1377 379 1421 est.
407 1368 464 1422 In
495 1368 680 1422 multis
705 1383 917 1437 quoque
943 1367 1074 1421 locis
1098 1368 1201 1422 hoc
1229 1369 1371 1423 idem
1403 1369 1722 1438 reperimus.
1758 1370 1856 1425 Sin

275 1465 460 1510 autem
512 1465 699 1511 sancta
733 1457 1141 1524 interpretatur,
1173 1457 1283 1513 κατ’
1311 1460 1608 1532 ἀντίφρασιν
1641 1468 1726 1514 est
1775 1460 1856 1514 in-

275 1546 651 1616 telligendum,
695 1548 966 1615 quomodo
1005 1546 1191 1602 Parca:
1239 1549 1496 1604 dicuntur
1523 1551 1590 1606 ab
1615 1566 1681 1606 eo
1711 1553 1855 1620 quod

269 1634 502 1689 minime
532 1645 759 1704 parcant
811 1654 824 1688 :
856 1645 911 1689 et
935 1636 1154 1700 bellum,
1186 1639 1329 1707 quod
1374 1656 1713 1709 nequaquam
1745 1643 1854 1698 bel-

271 1725 386 1779 lum
417 1728 526 1792 sit;
557 1736 611 1781 et
638 1727 810 1790 lucus,
832 1730 975 1797 quod
1004 1730 1224 1784 minime
1244 1730 1440 1785 luceat.
1470 1731 1526 1786 ln
1558 1733 1660 1788 hac
1686 1734 1851 1788 etiam

1969 565 2078 603 non
2109 557 2192 604 est
2217 549 2447 618 pigrum,
2480 549 2784 618 legentibus
2823 550 3212 614 necessarium,
3240 552 3385 619 quod
3403 567 3550 606 sem-

1967 652 2066 706 per
2097 639 2362 692 humanus
2390 645 2564 692 status
2609 639 2660 691 in
2685 638 2844 706 hujus
2871 637 3051 693 saeculi
3084 639 3169 691 via
3198 637 3450 704 ﬂuctuet,
3495 652 3552 694 et

1965 724 2104 779 alius
2137 725 2191 778 in
2237 725 2398 790 valle,
2440 725 2578 780 alius
2621 726 2674 778 in
2718 740 2945 795 campo,
2999 726 3138 780 alius
3186 727 3450 781 moriatur
3493 730 3547 782 in

1965 824 2148 869 monte
2191 830 2339 870 :nec
2384 817 2437 869 in
2485 825 2670 871 monte
2717 816 3058 885 simpliciter,
3109 817 3204 872 sed
3253 818 3306 872 in
3352 819 3551 873 utentis

1964 915 2166 972 monte,
2213 907 2268 961 id
2306 916 2409 971 est,
2441 907 2495 960 in
2523 907 2737 962 excelso
2766 908 2990 964 vertice.
3023 907 3267 978 Cumque
3315 923 3416 963 nos
3454 909 3549 964 Dei

1962 993 2164 1050 auxilio
2213 995 2503 1051 destitutos
2557 997 2728 1052 hostis
2765 997 3043 1064 invaserit,
3088 1001 3410 1070 duxeritquc
3454 1016 3550 1055 ea-

1960 1084 2156 1154 ptivos,
2192 1099 2298 1139 non
2335 1100 2615 1154 speremus
2641 1087 2892 1152 salutem,
2932 1089 3024 1143 sed
3045 1089 3240 1144 iterum
3269 1104 3550 1144 armemur

1962 1176 2029 1229 ad
2061 1175 2324 1243 prmlium.
2357 1176 2542 1231 Potest
2572 1177 2688 1232 ﬁeri
2737 1187 2798 1232 ut
2841 1179 3123 1234 vincamus
3151 1180 3242 1234 ubi
3278 1179 3408 1233 victi
3452 1195 3548 1235 su-

1960 1283 2114 1333 mus;
2145 1276 2201 1323 et
2251 1269 2304 1322 in
2334 1271 2523 1325 eodem
2559 1271 2676 1325 loco
2709 1272 3135 1343 triumphamus,
3185 1273 3239 1327 in
3277 1287 3388 1342 quo
3435 1272 3546 1329 fui-

1960 1374 2081 1414 mus
2109 1366 2234 1414 ante
2263 1360 2481 1428 captivi.

2032 1450 2100 1503 Et
2152 1451 2374 1520 profecti
2405 1451 2470 1504 de
2514 1460 2688 1505 monte
2733 1451 2870 1519 Hor,
2923 1454 3280 1509 castramelati
3327 1464 3448 1508 sunt
3489 1455 3544 1509 in

1960 1541 2231 1597 Selmona.
2269 1541 2418 1597 Unde
2445 1545 2638 1614 egressi
2667 1556 2915 1600 venerunt
2948 1547 3001 1599 in
3033 1545 3264 1599 Phinea.
3295 1545 3387 1600 lla:
3427 1547 3545 1600 duas

1956 1633 2284 1695 mansiones,
2339 1634 2615 1705 trigesima
2643 1635 2831 1704 quinta
2859 1645 2914 1691 et
2957 1637 3231 1707 trigesima
3263 1645 3439 1701 sexta,
3490 1637 3541 1690 in

1955 1723 2144 1778 ordine
2186 1724 2426 1778 historia:
2456 1739 2562 1779 non
2611 1725 2982 1790 inveniuntur,
3032 1727 3126 1780 sed
3165 1726 3426 1796 scriptum
3457 1737 3538 1781 est

268 1817 557 1872 mansione
605 1819 837 1872 moritur
888 1819 1051 1873 Maria
1101 1829 1158 1874 et
1204 1821 1503 1891 sepelitur:
1533 1832 1589 1878 et
1631 1834 1846 1894 propter

1954 1825 2052 1879 pro
2074 1811 2154 1865 cis
2183 1826 2199 1864 :
2232 1812 2446 1882 Egressi
2475 1820 2601 1867 sunt
2627 1813 2694 1868 de
2716 1824 2898 1868 monte
2926 1813 3057 1880 llor,
3087 1831 3183 1884 per
3211 1815 3350 1869 viam
3377 1817 3541 1871 maris

269 1922 450 1978 aquas
499 1910 941 1964 contradictionis
984 1911 1196 1982 Moyses
1243 1921 1298 1966 et
1340 1912 1520 1967 Aaron
1572 1914 1850 1970 oll‘endnnt

265 1997 468 2064 Deum,
495 2009 548 2052 et
579 2000 934 2068 prohibentur
956 2003 1188 2058 transire
1217 2003 1531 2060 Iordanem.
1563 2007 1848 2080 Missisque

265 2091 478 2146 nuntiis
503 2093 572 2146 ad
597 2091 790 2157 Edom,
821 2095 1081 2149 transitus
1117 2097 1320 2165 petitur
1370 2114 1469 2152 nec
1505 2099 1846 2168 impetratur.

265 2177 406 2246 Quis
435 2181 651 2237 timeret
684 2194 802 2252 post
842 2193 1023 2239 tantos
1051 2185 1327 2254 prolectus
1355 2203 1602 2242 murmur
1642 2191 1844 2261 populi,

263 2280 323 2324 et
350 2272 611 2327 oll'ensam
652 2275 1056 2345 magistrorum,
1112 2285 1167 2331 et
1193 2277 1292 2332 via:
1325 2279 1586 2334 transitus
1615 2282 1850 2353 denega-

266 2361 400 2416 tos?
430 2362 494 2415 Et
553 2373 676 2416 nota
729 2365 873 2432 quod
932 2375 1056 2433 post
1107 2375 1337 2420 mortem
1393 2371 1750 2438 prophetissae
1793 2383 1848 2429 et

265 2468 442 2522 aquas
505 2456 952 2512 contradictionis
1007 2457 1299 2513 ldumzeum
1367 2476 1622 2516 carneum
1685 2473 1847 2535 atque

265 2552 546 2598 terrenum
588 2547 822 2601 transire
860 2563 966 2602 non
1005 2549 1230 2617 possint,
1270 2558 1324 2604 et
1365 2565 1486 2605 cum
1523 2554 1706 2609 multis
1731 2569 1851 2625 pre-

263 2633 422 2688 cibus
457 2642 512 2689 et
549 2645 742 2689 conatu
781 2637 922 2691 viam
961 2653 1066 2692 non
1121 2639 1427 2708 impetrent,
1469 2643 1565 2696 sed
1601 2644 1847 2713 egredia-

265 2735 360 2782 tur
399 2730 564 2783 Edom
605 2731 868 2788 adversus
903 2749 996 2788 eos
1033 2735 1084 2788 in
1127 2736 1295 2790 multo
1333 2738 1530 2807 populo
1560 2740 1693 2792 etin
1727 2755 1842 2793 ma-

265 2835 342 2872 nu
380 2815 526 2874 forti.
568 2821 946 2891 lnterpretatio
990 2841 1204 2896 quoque
1230 2828 1464 2882 nominis
1488 2830 1647 2882 tnorti
1679 2838 1732 2883 et
1758 2831 1844 2883 of-

266 2913 452 2977 fensa),
476 2923 531 2969 et
554 2917 766 2986 negatio
804 2917 1051 2972 transitui
1095 2919 1366 2973 convenit.
1394 2919 1493 2975 Ubi
1525 2920 1668 2974 enim
1690 2937 1844 2975 man-

264 3005 472 3066 datum,
492 3005 561 3058 ibi
577 3015 856 3074 peccatum
874 3024 886 3073 ;
903 3009 992 3061 ubi
1007 3018 1309 3078 peceatum,
1329 3010 1398 3064 ibi
1416 3009 1617 3064 otTensa
1635 3028 1648 3076 ;
1665 3013 1754 3066 ubi
1768 3011 1841 3067 of-

263 3096 440 3160 fensa,
460 3097 530 3150 ibi
557 3113 719 3152 mors.
744 3097 867 3153 llrec
881 3107 967 3154 est
992 3101 1197 3154 mansio
1221 3101 1288 3155 de
1313 3116 1418 3170 qua
1439 3100 1722 3157 Psalmista
1748 3119 1836 3157 ca-

261 3187 341 3240 nit
375 3204 387 3238 :
429 3185 799 3240 Commovebit
832 3187 1094 3242 Dominus
1118 3189 1391 3244 desertum
1416 3190 1610 3246 Cades.

333 3275 650 3346 Egressique
703 3276 768 3329 de
808 3275 994 3341 Cades,
1048 3282 1406 3333 castrametati
1435 3291 1556 3334 sunt
1586 3283 1638 3335 in
1667 3293 1840 3336 monte

262 3367 404 3432 llor,
437 3370 491 3422 in
536 3370 778 3423 extremis
810 3371 1003 3439 ﬁnibus
1050 3380 1202 3424 teme
1252 3372 1444 3425 Edam.
1495 3373 1839 3444 Ascemlitque

258 3461 442 3513 Aaron
471 3460 714 3514 sacerdos
745 3469 967 3514 montem
999 3460 1114 3513 llor
1149 3462 1362 3530 jubente
1399 3463 1646 3528 Domino,
1691 3476 1736 3517 et
1767 3467 1838 3518 ibi

259 3558 500 3602 mortuus
543 3559 618 3602 est
650 3565 787 3602 anno
818 3549 1218 3620 quadragesimo
1265 3553 1572 3621 egressionis
1606 3554 1836 3622 ﬁliorum

257 3637 439 3691 Israel
461 3654 528 3690 ex
557 3637 808 3708 :Egypto,
840 3655 1013 3691 mense
1039 3639 1237 3708 quinto,
1270 3641 1440 3708 prima
1489 3641 1572 3694 die
1603 3643 1794 3695 mensis
1821 3683 1836 3707 ,

257 3743 379 3780 cum
411 3738 541 3781 esset
582 3743 841 3781 annorum
870 3739 1075 3781 centum
1107 3730 1286 3797 viginti
1317 3730 1496 3782 trium.
1530 3732 1838 3803 Audieilqae

257 3815 597 3871 Chanamrus
627 3834 717 3871 rea;
747 3818 911 3882 Arad,
942 3819 1031 3888 qui
1069 3819 1334 3871 habitabat
1367 3820 1436 3872 ad
1463 3821 1751 3885 meridiem,
1786 3823 1838 3876 in

255 3915 458 3958 terram
509 3903 766 3959 Chanaan
831 3906 1027 3960 venisse
1089 3906 1228 3974 ﬁlios
1282 3907 1471 3962 Israel.
1535 3909 1835 3980 Trigesima

252 4002 458 4064 quarta
494 3996 702 4050 mansio
756 4003 858 4060 est,
902 4012 1060 4065 quam
1119 3997 1362 4067 plerique
1409 3999 1840 4070 interpretantur

255 4087 437 4141 tamen
453 4105 471 4150 ;
502 4103 601 4141 nec
622 4097 890 4152 errarent,
925 4089 970 4142 si
1001 4103 1098 4157 per
1120 4086 1288 4157 Alepb
1313 4101 1353 4148 κ
1375 4089 1610 4143 litteram
1633 4089 1838 4145 scribe-

256 4188 433 4231 retur.
464 4177 568 4231 Alii
596 4175 814 4246 pellem;
847 4187 901 4232 ct
951 4178 1050 4246 ipsi
1077 4192 1264 4232 verum
1298 4179 1572 4244 dicerent,
1620 4180 1664 4234 si
1697 4189 1841 4234 esset

257 4270 366 4322 Ain
388 4279 427 4331 π
463 4268 718 4338 positum.
752 4267 1004 4320 Nonnulli
1037 4266 1310 4334 foramen;
1340 4269 1482 4337 quod
1533 4277 1716 4338 posset
1745 4284 1839 4322 ac-

256 4359 388 4426 cipi,
421 4359 465 4412 si
500 4358 631 4411 Beth
659 4368 700 4415 3
725 4397 740 4422 ,
775 4359 997 4412 haberet
1023 4357 1367 4412 elementum.
1401 4358 1534 4414 Cum
1562 4368 1740 4414 autem
1761 4361 1842 4415 lc-

1954 1899 2142 1964 llubri,
2175 1909 2229 1954 et
2255 1903 2645 1958 circumierunt
2677 1912 2875 1958 terram
2899 1903 3089 1959 Edom.
3122 1905 3201 1960 Ex
3227 1920 3335 1975 quo
3359 1915 3541 1960 osten-

1951 1988 2100 2044 ditur
2127 1991 2179 2045 in
2194 1991 2393 2047 ﬁnibus
2408 2003 2572 2061 atque
2588 1993 2819 2049 circuitu
2845 2003 3001 2049 terrae
3022 1995 3190 2049 Edom
3208 2011 3300 2050 eas
3311 1997 3534 2066 positas.

1951 2079 2064 2136 Nec
2112 2082 2412 2136 secundum
2464 2096 2670 2137 morem
2720 2083 2936 2155 legitur,
2982 2082 3216 2153 Profecti
3251 2085 3316 2140 de
3363 2095 3538 2140 monte

1951 2171 2093 2238 Hor,
2128 2183 2303 2228 castra
2333 2175 2512 2228 metati
2541 2184 2663 2228 sunt
2691 2175 2747 2228 in
2771 2173 3046 2241 Selmona,
3073 2175 3187 2230 sive
3211 2176 3266 2230 in
3289 2175 3498 2231 Pbinou
3519 2216 3533 2241 ,

1951 2265 2044 2319 sed
2076 2274 2199 2334 post
2225 2265 2488 2320 ambitum
2521 2275 2682 2321 terra;
2723 2267 3110 2332 ldumazorum,
3153 2267 3301 2322 venit
3329 2267 3396 2322 ad
3437 2283 3535 2322 ex-

1952 2363 2184 2409 tremum
2231 2364 2288 2411 et
2349 2357 2427 2412 ait
2465 2371 2482 2410 :
2530 2355 2768 2427 Profecti
2807 2358 2906 2426 ﬁlii
2933 2357 3124 2424 Israel,
3175 2361 3535 2413 eastrametati

1949 2454 2070 2498 sunt
2103 2445 2154 2499 in
2191 2444 2380 2501 Oboth.
2410 2447 2523 2503 Nec
2550 2449 2685 2502 dixit
2727 2448 2954 2518 profecti
2995 2457 3122 2502 sunt
3149 2449 3215 2504 de
3259 2447 3350 2502 illo
3376 2449 3430 2501 in
3471 2447 3534 2502 il-

1948 2535 2060 2590 lum
2089 2536 2282 2603 locum,
2316 2539 2446 2609 quia
2483 2540 2617 2595 duas
2647 2541 2959 2594 mansiones
2986 2539 3201 2594 silentio
3229 2540 3534 2610 praztermi-

1947 2637 2116 2681 serat.
2145 2628 2290 2694 Quas
2317 2629 2370 2683 in
2399 2631 2784 2700 supputatione
2813 2638 3076 2696 tacuerat,
3109 2629 3285 2685 reddit
3307 2630 3362 2684 in
3386 2645 3534 2684 sum-

1946 2733 2055 2771 ma.
2085 2718 2266 2773 Prima
2293 2721 2504 2775 mansio
2533 2720 2812 2786 Selmona,
2857 2721 3245 2790 interpretatur
3290 2722 3533 2791 imagun-

1945 2807 2088 2861 cula.
2121 2807 2372 2865 Secunda
2403 2810 2614 2866 Phinon
2643 2812 2962 2866 diminutive
2997 2829 3054 2866 os
3081 2813 3149 2866 ab
3177 2827 3294 2876 ore,
3326 2827 3430 2866 non
3460 2813 3527 2865 ab

1944 2911 2089 2962 osse,
2139 2898 2400 2968 intellige.
2432 2900 2491 2953 ln
2539 2901 2623 2954 his
2673 2900 2853 2954 Aaron
2897 2908 3146 2966 mortuo,
3190 2909 3532 2954 murmurant

1944 2996 2134 3042 contra
2181 2987 2470 3042 Dominum
2515 2997 2570 3044 et
2613 2989 2864 3060 Moysen;
2906 3005 3102 3044 manna
3144 2989 3455 3056 fastidiunt;
3497 3005 3526 3044 a

1945 3079 2288 3146 serpentibus
2312 3079 2697 3146 vulnerantur;
2730 3088 2784 3135 et
2804 3081 2856 3133 in
2889 3091 3072 3150 typum
3100 3079 3527 3149 Salvatoris,qui

1867 3149 1912 3210 (ἶ
1945 3184 2131 3222 verum
2179 3170 2572 3239 antiquumque
2614 3149 2922 3240 serpentem
2965 3171 3020 3224 in
3052 3170 3296 3240 patibulo
3339 3171 3528 3224 trium-

1938 3265 2148 3333 phavit,
2179 3265 2379 3320 diaboli
2412 3281 2615 3321 venena
2643 3274 2988 3334 superantur.
3024 3265 3176 3319 Unde
3205 3275 3261 3320 ct
3282 3265 3528 3335 imagun-

1939 3354 2081 3419 cula,
2116 3370 2243 3410 vera
2275 3371 2642 3426 expressaque
2689 3357 2865 3426 imago
2913 3355 3006 3410 Dei
3042 3355 3187 3418 Filii,
3218 3355 3524 3424 passionem

1938 3445 2054 3513 ejus
2083 3446 2320 3511 intuens,
2353 3456 2730 3512 conservatur,
2757 3457 2813 3501 et
2842 3448 2985 3515 quod
3013 3448 3174 3502 corde
3197 3448 3400 3512 credit,
3433 3463 3528 3503 ore

1938 3535 2280 3602 pronuntiat,
2307 3535 2493 3605 legens
2521 3537 2648 3590 illud
2681 3537 2923 3606 Apostoli
2956 3555 2968 3589 :
3002 3535 3172 3591 Corde
3198 3538 3432 3591 creditur
3456 3537 3526 3591 ad

1929 3625 2228 3693 justitiam;
2252 3641 2342 3678 ore
2362 3636 2536 3679 autem
2557 3627 2812 3695 confessio
2835 3629 2894 3695 ﬁt
2911 3627 2980 3678 ad
3000 3627 3221 3680 salutent
3247 3627 3521 3698 (RomJ).

2009 3715 2344 3788 Profectique
2366 3718 2430 3771 de
2457 3718 2686 3783 Pltinon,
2709 3721 3068 3773 castrametati
3104 3729 3225 3773 sunt
3250 3723 3303 3774 in
3329 3720 3520 3776 Obotli.

1939 3807 2237 3877 Trigesima
2270 3809 2496 3878 septima
2527 3810 2738 3864 mansio
2767 3819 2850 3864 est
2877 3810 2930 3863 in
2961 3808 3160 3874 Oboth,
3190 3827 3310 3881 qua:
3352 3813 3520 3865 verti-

1940 3911 2030 3954 tur
2060 3902 2112 3954 in
2141 3918 2319 3972 magos
2349 3903 2463 3957 sive
2493 3903 2546 3956 in
2574 3903 2823 3972 pythones
2843 3944 2856 3967 ,
2901 3902 3212 3972 signiﬁcans
3251 3903 3524 3972 spiritales

1939 4003 2222 4059 serpentes
2259 4001 2314 4047 et
2344 4002 2492 4047 artes
2522 3991 2796 4047 maleﬁcas
2822 3995 2890 4047 ad
2913 3992 3049 4046 bella
3075 4009 3169 4047 nos
3191 4007 3520 4063 provocare:

1940 4098 2074 4150 quas
2119 4098 2215 4151 per
2243 4083 2482 4136 divinam
2528 4082 2920 4152 protectionem
2957 4081 3010 4135 in
3047 4083 3291 4136 custodia
3341 4084 3524 4136 cordis

1941 4187 2202 4240 superare
2248 4172 2524 4227 debemus.
2576 4173 2644 4226 Et
2672 4173 2736 4225 de
2772 4171 2940 4225 Obotlt
2975 4182 3219 4225 venerunt
3247 4174 3300 4224 in
3328 4171 3525 4225 Jeaba-

1943 4266 2062 4330 rim,
2123 4283 2240 4336 qua:
2287 4279 2362 4326 est
2412 4269 2468 4320 in
2520 4266 2712 4334 ﬁnibus
2777 4263 3154 4317 Moabitarum.
3223 4264 3522 4332 Trigesitna

1940 4367 2131 4411 octava
2170 4360 2402 4421 mansio,
2435 4375 2645 4411 acervos
2675 4357 2909 4425 lapidum
2937 4358 3319 4410 transeuntium
3343 4367 3518 4410 sonat.

257 4457 420 4514 gatur
446 4462 562 4518 per,
586 4447 712 4504 Hert
735 4449 904 4518 magis
918 4465 1067 4501 mons
1089 4448 1403 4517 intelligitur
1423 4458 1478 4502 et
1507 4449 1606 4517 legi
1624 4459 1833 4519 potest:
1869 4487 1916 4544 υ
1943 4448 2082 4501 Sunt
2107 4448 2279 4500 sancti
2322 4447 2526 4516 l'pides
2565 4449 2654 4515 qui
2687 4447 2977 4500 volvuntur
3001 4462 3167 4516 super
3193 4456 3414 4511 terram,
3445 4449 3521 4502 le-

255 4538 521 4592 Ascendit
548 4536 728 4591 Aaron
759 4539 1011 4592 sacerdos
1039 4539 1092 4591 in
1121 4539 1318 4593 montis
1347 4547 1608 4604 montem,
1638 4541 1690 4594 id
1731 4549 1834 4605 est,

258 4627 312 4680 in
341 4628 602 4680 verticem
632 4629 847 4681 montis.
873 4628 948 4682 Ex
977 4644 1084 4697 quo
1111 4629 1272 4684 etiam
1301 4630 1631 4684 advertimus
1658 4645 1763 4684 non
1787 4631 1844 4686 iu

257 4728 499 4773 montem
529 4719 864 4789 simpliciter,
896 4721 990 4775 sed
1020 4722 1072 4775 in
1103 4730 1286 4775 monte
1315 4722 1512 4775 montis
1534 4723 1840 4790 pontiﬁcem

258 4818 563 4875 mortuum,
595 4819 656 4864 ut
695 4811 888 4881 dignus
919 4812 1068 4866 locus
1093 4813 1298 4865 meritis
1327 4812 1470 4866 illius
1497 4813 1835 4868 demonstra--

258 4913 434 4956 retur.
468 4901 696 4957 Moritur
723 4912 898 4957 autem
927 4917 992 4957 eo
1018 4919 1158 4957 anno
1189 4919 1297 4973 quo
1330 4919 1500 4958 novus
1517 4904 1742 4974 populus
1759 4921 1842 4959 re—

257 4993 1109 5061 promissionis,intraturuserat,
1131 4994 1188 5047 in
1200 4995 1458 5048 extremis
1474 4993 1666 5047 ﬁnibus
1685 5004 1841 5048 terra:

261 5084 648 5148 Nummorum;
679 5090 734 5137 et
761 5083 963 5154 plangit
985 5097 1107 5137 eum
1133 5083 1360 5151 populus
1389 5083 1606 5151 triginta
1632 5083 1838 5137 diebus.

261 5175 442 5227 Aaron
472 5172 764 5242 plangitur,
791 5171 946 5226 Iesus
976 5188 1079 5225 non
1118 5173 1404 5241 plangitur.
1455 5172 1512 5226 ln
1560 5173 1676 5241 lege
1723 5173 1844 5226 des-

261 5277 462 5316 census
511 5263 584 5316 ad
613 5261 814 5315 inferos
861 5272 960 5316 :et
1000 5263 1052 5315 in
1101 5263 1389 5332 Evangelio
1416 5263 1482 5315 ad
1529 5264 1840 5330 paradisum

263 5351 689 5420 transmigratio.
718 5351 880 5404 Audit
906 5365 1119 5420 quoque
1139 5352 1475 5406 Chananteus
1499 5353 1640 5421 quod
1670 5355 1846 5408 venis—
1881 5395 1895 5412 .

263 5452 349 5496 set
375 5441 542 5496 lsrael
568 5451 623 5497 et
667 5444 721 5496 in
750 5443 867 5498 loco
897 5444 1294 5513 exploratorum
1323 5445 1412 5498 ubi
1459 5445 1728 5514 quondam
1766 5445 1846 5498 ο(-

266 5529 504 5588 fendissc
530 5533 782 5603 populum
814 5543 1058 5601 noverat,
1090 5535 1254 5590 infert
1283 5535 1550 5605 praalium,
1595 5545 1650 5590 et
1676 5538 1846 5606 capti-

265 5637 392 5676 vum
419 5624 567 5678 ducit
591 5624 754 5678 lsrael
781 5639 1078 5696 rursusque
1112 5626 1166 5679 in
1193 5628 1382 5682 eodem
1410 5627 1528 5682 loco
1553 5635 1758 5697 pugnat
1775 5642 1844 5681 ex

267 5721 414 5769 voto.
446 5712 635 5772 Victor
658 5716 914 5782 vincitur,
946 5715 1072 5770 victi
1109 5727 1384 5786 superant.
1425 5717 1844 5788 Appellaturque

1947 4552 2058 4599 ves,
2089 4536 2262 4606 politi,
2295 4544 2349 4588 et
2383 4537 2714 4590 rotunditate
2744 4552 2842 4590 sua
2893 4545 3134 4590 rotarum
3163 4537 3410 4591 cursibus
3451 4539 3523 4593 si-

1945 4626 2122 4680 miles.
2157 4627 2294 4679 Snnt
2322 4633 2376 4680 et
2427 4625 2516 4678 alii
2563 4640 2699 4694 quos
2725 4626 2984 4694 propheta
3037 4625 3175 4678 tollit
3202 4626 3267 4679 de
3296 4627 3404 4691 via,
3455 4645 3522 4682 nc

1943 4717 2333 4771 ambulautium
2369 4716 2420 4770 in
2470 4732 2534 4770 eo
2563 4716 2838 4770 oll'endant
2883 4716 3066 4786 pedes.
3114 4715 3216 4783 Qui
3263 4724 3388 4770 sunt
3433 4719 3520 4772 isti

1943 4809 2321 4863 ambulantes?
2349 4809 2542 4877 Utique
2567 4811 2803 4865 viatores
2823 4823 2878 4864 et
2900 4819 3292 4880 praitereuntes
3313 4813 3402 4882 qui
3428 4830 3524 4884 per

1947 4897 2090 4952 istud
2141 4899 2394 4952 sarculum
2446 4901 2512 4953 ad
2557 4900 2691 4955 alias
2738 4903 3046 4967 mansiones
3098 4905 3330 4960 transire
3375 4905 3523 4962 festi~

1948 5004 2098 5048 nant.
2129 4996 2277 5060 Quod
2303 5002 2483 5048 autem
2514 4996 2731 5061 dicitur,
2759 4997 2815 5050 in
2835 4997 3026 5065 ﬁnibus
3051 4997 3210 5052 Moab
3240 5011 3420 5053 contra
3441 5017 3525 5054 so-

1949 5082 2014 5136 lis
2042 5093 2235 5147 ortum,
2261 5085 2498 5139 ostendit
2523 5085 2678 5155 juxta
2706 5086 2966 5153 litteram,
2997 5090 3141 5159 quod
3170 5090 3447 5158 hucusque
3471 5091 3521 5144 iu

1951 5173 2149 5228 ﬁnibus
2195 5182 2351 5229 terra:
2383 5176 2736 5230 ldummorum
2767 5176 3000 5245 fuerint;
3050 5189 3108 5234 et
3132 5196 3276 5234 nunc
3309 5181 3524 5234 veniant

1951 5264 2019 5317 ad
2057 5266 2314 5320 terminos
2342 5266 2518 5331 Moab,
2548 5269 2613 5322 de
2643 5268 2744 5321 alia
2774 5271 3047 5338 provincia
3075 5270 3142 5322 ad
3167 5271 3325 5323 aliam
3351 5278 3525 5322 trans-

1950 5363 2161 5417 euntes,
2213 5355 2354 5410 sicut
2382 5356 2436 5408 in
2467 5359 2834 5425 superioribus
2864 5357 2979 5426 jam
3015 5359 3217 5413 dictum
3248 5366 3348 5411 est.
3400 5356 3513 5410 Non

1947 5443 2090 5496 enim
2117 5459 2328 5513 semper
2359 5447 2446 5498 uni
2481 5447 2665 5500 virtuti
2693 5447 2865 5501 danda
2905 5457 2990 5502 est
3029 5462 3225 5515 opera;
3255 5445 3347 5499 sed
3378 5445 3518 5498 sicut

1947 5532 2210 5600 scriptum
2258 5544 2339 5588 est
2381 5553 2392 5588 :
2429 5535 2585 5590 Ibunt
2615 5537 2679 5590 de
2727 5539 2914 5591 virtute
2956 5539 3009 5590 in
3055 5537 3294 5590 virtutem
3341 5533 3516 5605 (Psal.

1945 5625 2197 5698 Lxxxtu),
2230 5629 2294 5682 de
2320 5628 2425 5682 alia
2447 5629 2830 5684 transeundum
2853 5637 2935 5684 est
2960 5628 3026 5682 ad
3051 5626 3210 5681 aliam
3232 5646 3243 5680 :
3265 5629 3390 5698 quia
3414 5628 3518 5682 hm-

1946 5727 2067 5774 rent
2094 5719 2216 5785 sibi,
2243 5727 2298 5774 et
2339 5719 2410 5772 ita
2439 5720 2580 5773 inter
2608 5734 2667 5774 se
2693 5733 2843 5775 nexae
2866 5725 3008 5784 sunt,
3041 5726 3101 5771 ut
3140 5718 3230 5786 qui
3274 5733 3380 5773 una
3423 5733 3518 5774 ca-
