3964 6192
460 320 567 379 823

1108 321 1169 375 Β.
1208 303 1463 375 ninam
1499 319 1715 375 usura
1751 316 2039 375 Anczusr

2142 316 2418 373 lOGUNT.
2459 313 2744 371 OPEBUM
2802 314 2989 372 PARS
3024 316 3062 371 l.

3614 320 3724 376 8‘21

458 426 655 503 ruerit,
682 428 931 492 omnibus
959 447 1161 492 careat.
1192 436 1258 491 Et
1284 446 1462 491 tamen
1491 437 1724 492 transire
1752 435 1818 490 de
1843 435 1947 489 alia
1971 434 2038 489 ad
2066 440 2114 494 Λ
2143 433 2208 487 de
2247 432 2429 497 Israel,
2460 440 2518 486 et
2553 430 2824 500 percutiet
2848 431 3123 500 principes
3166 429 3349 496 Moab,
3394 438 3451 485 et
3489 433 3729 488 vastabit

455 530 618 584 aliam
672 543 860 583 eorum
909 537 994 583 est
1040 529 1258 598 proprie
1302 528 1394 597 qui
1440 526 1569 582 solis
1598 527 1825 597 justitiaa
1853 534 2036 580 ortum

455 619 821 676 considerant.
863 614 1198 689 Profectique
1218 618 1284 672 de
1302 617 1596 683 Jeabarim,
1624 617 1788 685 fixere
1812 617 2037 670 tentoria

452 709 510 762 in
534 707 830 778 Dibongad.
883 708 1179 777 Trigcsinia
1215 722 1352 762 nona
1382 709 1611 770 mansio,
1649 708 2038 776 interpretatur

456 799 665 869 fortiter
688 796 947 852 intellecta
970 799 1204 852 tentatio.
1235 798 1341 853 Pro
1368 798 1471 852 hac
1498 799 1551 851 in
1578 797 1769 852 ordine
1797 797 2036 850 historiae

457 887 617 942 aliter
642 886 899 955 scriptum
934 887 1129 957 reperi.
1177 887 1468 956 Postquam
1493 887 1633 941 enim
1664 885 2035 941 castrametati

456 983 583 1031 sunt
610 976 664 1031 in
690 974 987 1042 Jeabarim,
1017 978 1073 1031 in
1107 978 1302 1033 ﬁnibus
1331 977 1486 1032 Moab
1515 986 1703 1031 contra
1730 986 1910 1030 ortum
1941 991 2035 1029 so—

455 1066 542 1131 lis,
572 1066 768 1137 lcgitur
797 1082 810 1120 :
845 1067 978 1120 Inde
1003 1067 1222 1138 profecti
1251 1077 1392 1131 sunt,
1425 1077 1471 1121 et
1503 1066 1822 1119 diuerterunt
1844 1065 1913 1118 ad
1935 1074 2038 1118 tor-

455 1168 651 1212 rcutem
676 1156 888 1211 Zareth.
937 1157 1004 1211 Et
1034 1161 1099 1211 de
1124 1159 1223 1211 hoc
1248 1157 1358 1210 loco
1386 1158 1792 1227 proﬁciscentes,
1830 1165 2033 1209 castra-

452 1247 633 1300 metati
661 1257 782 1300 sunt
809 1258 954 1301 trans
981 1249 1180 1313 Aman,
1220 1264 1338 1318 qua’
1363 1258 1434 1301 est
1464 1247 1517 1300 in
1543 1246 1822 1300 solitudine
1846 1247 2034 1314 ﬁnium

454 1338 769 1401 Amorrhtri,
799 1354 858 1391 eo
906 1338 1045 1409 quod
1094 1337 1273 1392 Arnon
1313 1339 1368 1392 in
1405 1340 1641 1391 terminis
1670 1340 1737 1391 sit
1775 1337 2035 1391 Moabita-

450 1442 572 1480 rum
610 1435 657 1479 et
704 1427 1150 1493 Aman/urorum,
1179 1437 1283 1483 etc.
1330 1427 1459 1481 Post
1500 1427 1793 1499 Dilrongad,
1829 1428 2037 1498 geritur

454 1515 653 1570 bellum
683 1524 873 1571 contra
904 1516 1045 1572 Scon
1077 1533 1257 1588 regem
1280 1518 1743 1581 Amorrhacorum,
1768 1527 1822 1572 et
1846 1517 1925 1588 0g
1950 1531 2035 1570 re-

456 1622 576 1676 gem
621 1610 829 1674 Basan;
871 1619 927 1663 et
958 1609 1218 1664 discimus
1256 1610 1399 1679 quod
1440 1626 1564 1664 cum
1611 1610 1921 1664 venerimus
1967 1610 2035 1664 ad

455 1714 749 1765 summum,
782 1710 837 1755 et
882 1700 949 1755 de
977 1700 1124 1756 fonte
1168 1701 1473 1771 principum
1516 1718 1809 1772 regumque
1836 1701 2036 1755 biberi-

2144 522 2281 576 ﬁlios
2311 522 2467 585 Seth,
2493 529 2550 575 et
2576 520 2683 574 erit
2711 520 2880 574 Edoni
2911 520 3201 575 hiereditas
3224 521 3364 591 ejus.
3395 521 3729 579 Fornicatur

2139 628 2262 667 cum
2286 612 2499 666 ﬁliabus
2526 610 2768 675 Madian,
2793 619 2850 664 et
2885 610 3118 665 Phinecs
3143 611 3282 665 titius
3310 611 3559 676 Eleazar,
3589 614 3731 668 κεια-

2142 712 2227 758 tus
2261 703 2435 757 zelum
2463 701 2699 766 Domini,
2724 702 2942 757 Zambri
2964 712 3018 756 et
3042 710 3282 757 scortum
3309 702 3726 760 Madianitarum

2138 797 2372 867 pugione
2391 796 2675 866 transﬁgit.
2697 794 2851 850 Unde
2878 802 2936 850 et
2960 796 3170 866 accepit
3197 796 3484 865 praemium
3502 798 3559 851 in
3575 805 3726 852 atter-

2137 901 2263 939 nam
2286 885 2624 949 memoriam,
2646 899 2860 938 armum
2875 885 3128 939 victimae.
3151 884 3483 941 Numeratur
3507 903 3725 943 rursum

2137 975 2390 1043 populus,
2415 982 2772 1028 numerantur
2809 981 2866 1026 et
2918 972 3144 1037 Levitm,
3177 982 3238 1028 ut
3266 974 3576 1031 interfectis
3602 992 3727 1046 pes-

2138 1066 2311 1132 simis,
2362 1080 2534 1120 novus
2580 1066 2678 1119 Dei
2728 1065 2956 1135 populus
3011 1075 3319 1121 censeatur.
3372 1068 3729 1137 lnterpellant

2138 1158 2374 1227 quinque
2403 1156 2525 1210 ﬁli-.c
2553 1155 2850 1225 Salpbaad,
2878 1163 2936 1209 et
2970 1152 3174 1223 judicio
3225 1155 3442 1211 Domini
3495 1158 3730 1212 haeredi-

2139 1256 2306 1303 tatcm
2338 1246 2613 1316 accipiunt
2641 1247 2784 1300 inter
2812 1244 3009 1300 fratres
3037 1261 3186 1312 suos,
3228 1261 3330 1302 nec
3377 1247 3654 1305 femineus
3694 1265 3727 1305 a

2136 1340 2479 1409 possessione
2525 1338 2622 1392 Dei
2670 1354 2834 1393 sexus
2882 1337 3209 1392 excluditur.
3257 1338 3418 1395 Jesus
3466 1340 3643 1411 Moysi
3668 1342 3724 1397 in

2137 1438 2322 1486 monte
2342 1430 2602 1495 succedit,
2632 1426 2687 1484 ei
2717 1429 2878 1484 discit
2904 1445 2934 1483 a
2978 1428 3098 1499 lege
3137 1445 3258 1499 quae
3297 1431 3626 1501 spiritaliter
3647 1432 3728 1487 ol-

2137 1520 2281 1576 ferre
2309 1520 2505 1574 debeat
2534 1520 2587 1573 in
2618 1519 2847 1575 ecclesia
2874 1537 2890 1572 :
2924 1519 3160 1588 primum
3212 1521 3434 1591 quidem
3481 1538 3586 1591 per
3616 1524 3725 1578 sin-

2138 1611 2292 1682 gulos
2311 1611 2459 1676 dies;
2494 1612 2688 1667 deinde
2713 1613 2841 1682 quid
2871 1614 3117 1679 sabbato,
3166 1615 3296 1684 quid
3346 1616 3399 1670 in
3446 1617 3722 1683 Kalendis,

2140 1702 2268 1770 quid
2299 1702 2352 1754 in
2377 1700 2608 1765 Pascha,
2637 1702 2764 1770 quid
2794 1703 2847 1756 in
2873 1702 3211 1767 Pentecoste,
3242 1706 3371 1774 quid
3411 1707 3467 1760 in
3494 1706 3727 1762 Neome—

454 1805 599 1855 mus,
630 1791 983 1846 ascendentes
1017 1792 1086 1846 ad
1118 1802 1358 1846 montem
1402 1792 1635 1863 Phasga,
1685 1808 1793 1847 non
1838 1793 2031 1848 debea-
2065 1779 2107 1837 Β
2138 1792 2225 1843 nia
2256 1790 2459 1845 mensis
2487 1791 2724 1861 septimi,
2755 1793 2882 1860 quid
2912 1793 2965 1847 in
2992 1791 3199 1862 jejunio
3246 1794 3491 1864 ejusdem
3525 1798 3725 1852 mensis

456 1898 580 1937 mus
619 1878 921 1938 elevari“in
953 1884 1285 1954 superbiam,
1317 1884 1412 1938 sed
1452 1884 1786 1952 propositam
1817 1883 1974 1937 nobis
2001 1901 2033 1938 e

454 1975 730 2028 contrario
755 1973 1099 2028 solitudinem
1124 1974 1452 2028 noverimus.
1480 1972 1622 2028 Ante
1650 1972 2035 2028 contritionem

456 2064 702 2119 elevatur
726 2081 821 2120 cor
850 2067 971 2132 viri,
1000 2075 1055 2121 et
1081 2074 1208 2121 ante
1235 2066 1462 2137 gloriam
1495 2065 1834 2120 humiliatur.

534 2152 684 2209 Unde
729 2156 940 2225 egressi,
981 2157 1337 2210 castrametati
1376 2164 1497 2209 sunt
1532 2157 1587 2209 in
1628 2155 1817 2209 Almon
1847 2154 2040 2211 Debla-

459 2249 706 2302 thaiema.
724 2246 1143 2319 Quadragesima
1159 2248 1365 2305 mansio
1376 2248 1605 2305 vertitur
1620 2247 1672 2302 in
1690 2257 2039 2319 contemptum

457 2338 755 2410 plagarum,
799 2340 913 2394 sive
939 2341 1353 2413 approbriorum.
1385 2341 1451 2395 Et
1488 2356 1584 2412 per
1620 2341 1759 2395 hanc
1784 2340 2041 2394 discimus

460 2430 644 2491 omnia
666 2432 838 2489 dulcia
864 2444 919 2489 et
946 2434 1225 2489 illecebras
1252 2434 1584 2503 voluptatum
1611 2434 1665 2487 in
1691 2432 1887 2488 sat-culo
1911 2449 2040 2488 con-

459 2525 798 2589 temnendas,
826 2540 926 2580 nec
953 2525 1209 2579 inebriari
1240 2540 1340 2579 nos
1368 2525 1565 2579 debere
1597 2524 1720 2578 vino
1748 2524 1954 2587 mundi,
1984 2523 2038 2575 in

458 2630 565 2686 quo
593 2614 928 2669 estluxuria.
962 2614 1064 2669 Mel
1100 2630 1206 2670 non
1234 2612 1456 2669 oﬁ‘ertur
1482 2614 1536 2667 in
1586 2612 1869 2668 sacriﬁciis
1894 2612 1991 2666 Dei
2022 2630 2035 2666 :

460 2713 516 2759 et
540 2712 732 2759 caetera
758 2720 877 2774 qua:
898 2704 1073 2759 dulcia
1105 2706 1400 2767 continent,
1433 2719 1539 2758 non
1567 2703 1749 2759 lucent
1777 2703 1831 2756 in
1862 2704 2041 2757 taber-

458 2793 688 2859 naculo;
721 2794 816 2848 sed
844 2793 1021 2848 oleum
1068 2794 1440 2863 purissimum,
1465 2792 1609 2863 quod
1639 2793 1706 2847 de
1730 2791 1883 2847 olivze
1910 2806 2039 2862 pro-

460 2886 632 2940 fertur
652 2884 1032 2939 amaritudine.
1057 2883 1160 2939 Mel
1185 2884 1329 2937 enim
1383 2882 1610 2938 distillat
1636 2881 1704 2937 de
1733 2881 1889 2937 labiis
1917 2897 2038 2934 mu-

456 2976 610 3032 lieris
632 2974 955 3029 meretricis.
982 2974 1058 3028 De
1078 2989 1184 3043 quo
1214 2982 1346 3043 puto
1378 2971 1533 3041 juxta
1591 2971 1850 3042 mystieos
1879 2969 2041 3023 intel-

458 3067 633 3123 lectus
667 3075 912 3137 gustasse
933 3064 1221 3127 Jonathan,
1257 3072 1311 3117 et
1339 3070 1486 3117 sorte
1528 3061 1925 3131 deprehensum
1949 3059 2039 3112 vix

2135 1879 2222 1934 die
2266 1879 2496 1946 decimo,
2545 1881 2676 1950 quid
2724 1882 2778 1936 in
2836 1882 3169 1954 Scen0pcgia
3215 1887 3431 1956 quando
3488 1886 3726 1958 ﬁguntur

2136 1969 2502 2034 tabernacula,
2534 1971 2724 2040 quinto
2759 1972 2970 2027 decimo
3017 1973 3104 2028 die
3144 1975 3349 2030 mensis
3400 1978 3722 2047 supradicti.

2138 2061 2379 2116 Uxorum
2402 2069 2457 2117 et
2485 2060 2719 2116 ﬁliarum
2747 2071 2895 2123 vota.
2926 2064 3131 2133 absque
3152 2067 3482 2123 auctoritate
3511 2077 3725 2138 patrum

2138 2161 2193 2209 et
2225 2153 2463 2207 virorum
2486 2168 2668 2217 causa,
2701 2162 3102 2220 memorantur;
3137 2156 3338 2212 bellum
3378 2168 3575 2213 contra
3603 2158 3715 2213 Ma-

2139 2243 2399 2308 dianitas,
2422 2252 2478 2299 et
2506 2258 2654 2299 mors
2674 2243 2842 2298 divini
2869 2244 3086 2298 Balaam
3127 2253 3182 2299 et
3209 2246 3408 2315 praedas
3435 2246 3652 2309 divisio,
3674 2255 3728 2301 et

2140 2336 2340 2390 oblatio
2364 2351 2428 2391 ex
2457 2351 2521 2391 ea
2553 2336 2604 2390 in
2632 2335 2982 2392 tabernaculo
3013 2336 3127 2389 Dei.
3157 2335 3375 2391 Primus
3422 2337 3615 2392 Ruben
3659 2347 3716 2393 et

2141 2427 2281 2493 Gad,
2307 2436 2363 2482 ct
2385 2428 2609 2484 dimidia
2636 2429 2810 2483 tribus
2854 2429 3134 2494 Manassae,
3188 2438 3380 2484 contra
3432 2428 3727 2486 Iordanem

2141 2520 2196 2574 in
2222 2534 2408 2574 eremo
2432 2520 2830 2589 possessionem
2862 2520 3153 2591 accipiunt.
3186 2520 3423 2576 Plurima
3456 2520 3604 2575 enim
3631 2521 3728 2575 ba-

2139 2610 2340 2666 bebant
2378 2610 2651 2678 jumenta,
2681 2620 2737 2665 ct
2761 2612 2993 2667 necdum
3027 2612 3093 2667 ad
3120 2613 3173 2668 id
3229 2622 3492 2669 venerant
3519 2621 3580 2668 ut
3603 2627 3731 2683 pos-

2143 2710 2265 2756 sent
2294 2702 2544 2756 habitare
2596 2716 2719 2757 cum
2776 2702 2997 2771 templo.
3037 2702 3274 2758 Docetur
3323 2704 3554 2773 populus
3583 2704 3728 2759 utin

2142 2802 2289 2848 terra
2316 2802 2500 2847 sancta
2532 2793 2673 2848 idola
2704 2793 3044 2859 destruat,et
3075 2794 3256 2849 nullus
3283 2794 3350 2849 de
3373 2795 3543 2865 priori
3572 2795 3729 2849 babi-

2145 2884 2348 2938 tatione
2378 2891 2644 2938 servetur.
2676 2883 3018 2937 Describitur
3046 2882 3174 2937 olim
3218 2883 3398 2952 cupita
3426 2882 3723 2952 provincia,

2143 2983 2198 3029 et
2219 2975 2447 3028 duarum
2468 2973 2633 3029 semis
2663 2974 2904 3027 tribuum
2952 2973 3241 3028 hereditas
3283 2981 3586 3041 separatur.
3615 2971 3731 3027 Nu-

2145 3079 2428 3125 merantur
2450 3069 2685 3123 tribuum
2709 3069 2982 3139 principes
3007 3068 3097 3137 qui
3127 3076 3326 3123 terram
3368 3077 3612 3124 sanctam
3632 3067 3732 3122 de-

458 3157 640 3228 populi
673 3155 925 3224 precibus
963 3154 1270 3208 liberatum.
1327 3152 1482 3218 Quod
1530 3160 1711 3205 autem
1753 3148 2039 3219 opprobria

2145 3160 2307 3214 beant
2338 3160 2582 3214 introire.
2615 3158 2982 3227 Quadraginta
3009 3160 3142 3214 duas
3182 3160 3346 3214 urbes
3380 3174 3506 3214 eum
3537 3158 3734 3214 subur-

462 3245 853 3302 contemnenda
879 3245 1010 3309 sint,
1033 3252 1087 3297 et
1130 3245 1176 3298 si
1210 3242 1345 3297 falsa
1375 3242 1725 3311 objiciuntur,
1752 3240 2045 3295 beatitudi-

464 3351 589 3391 nem
615 3343 863 3404 parcant,
901 3333 1152 3387 Salvator
1201 3333 1514 3403 plenissime
1543 3333 1718 3388 docet.
1753 3331 1822 3385 Et
1852 3332 2047 3402 egressi

466 3429 531 3481 de
556 3424 745 3479 Almon
769 3423 1186 3489 Deblatltaiema,
1219 3433 1462 3478 venerunt
1491 3422 1559 3476 ad
1589 3431 1787 3476 montes
1806 3420 2043 3487 Abarim,

461 3525 649 3570 contra
688 3513 862 3569 Nabo.
896 3513 1321 3584 Quadragesima
1371 3513 1544 3584 prima
1581 3512 1790 3567 mansio
1819 3512 2048 3567 vertitur

460 3607 516 3662 in
545 3613 754 3661 montes
784 3603 1193 3667 transeuntium,
1223 3610 1277 3657 et
1303 3610 1387 3657 est
1407 3612 1596 3657 contra
1628 3601 1829 3655 montis
1851 3600 2043 3655 faciem

458 3697 629 3759 Nubo,
655 3696 745 3749 ubi
771 3694 999 3749 moritur
1027 3703 1081 3747 et
1112 3692 1371 3763 sepelitur
1395 3693 1626 3764 Moyses,
1679 3699 1825 3747 terra
1849 3686 2044 3759 repro-

460 3786 736 3842 missionis
770 3793 896 3839 ante
946 3795 1259 3853 conspecta.
1299 3782 1452 3838 Nabo
1499 3783 1888 3852 interpretatur
1915 3798 2044 3835 cou-

461 3878 652 3940 clusio,
681 3877 736 3931 in
773 3892 880 3945 qua
912 3876 1098 3929 ﬁnitur
1126 3875 1232 3940 lex,
1265 3883 1319 3929 et
1348 3890 1456 3929 non
1499 3873 1774 3929 invenitur
1793 3871 1910 3941 ejus
1931 3887 2046 3926 me-

464 3969 656 4025 moria.
686 3966 857 4023 Porro
910 3968 1085 4038 gratia
1116 3967 1380 4037 evangelii
1427 3968 1631 4035 absque
1665 3964 1776 4019 ullo
1808 3964 2046 4019 tenditur

464 4060 605 4115 loco.
627 4058 696 4114 In
719 4075 922 4113 omnem
949 4068 1144 4111 terram
1168 4059 1328 4111 exivit
1356 4074 1514 4112 sonus
1558 4056 1694 4127 ejus,
1745 4064 1793 4109 et
1830 4055 1884 4109 in
1913 4055 2043 4124 ﬁnes

462 4148 602 4204 orbis
632 4158 785 4203 terra:
814 4148 966 4202 verba
994 4146 1138 4201 illius
1164 4145 1336 4217 (Psal.
1366 4147 1509 4218 vin).
1564 4145 1844 4215 Simulque
1868 4146 2045 4200 consi-

462 4242 591 4296 dera
625 4240 767 4311 quod
798 4239 1064 4294 habitatio
1101 4238 1495 4293 transeuntium
1525 4238 1579 4291 in
1625 4237 1899 4291 montibus
1942 4235 2044 4290 sita

462 4332 557 4398 sit,
583 4340 639 4385 et
660 4331 838 4385 adhuc
864 4329 1110 4400 profectu
1138 4328 1397 4399 indigeat.
1451 4327 1584 4383 Post
1636 4334 1848 4382 montes
1901 4324 2044 4381 enim

463 4423 744 4495 plurimos,
799 4424 866 4477 ad
919 4423 1248 4493 campestria
1297 4422 1452 4477 Moab
1476 4430 1531 4477 et
1555 4419 1804 4475 Jordanis
1841 4419 2043 4475 ﬂuenta

462 4492 862 4579 descendimus,
880 4515 971 4584 qui
990 4492 1376 4584 interpretatur
1391 4514 1689 4569 descensio.
1707 4513 1850 4568 Nihil
1871 4512 2039 4577 enim,
2069 4492 2122 4550 D

464 4615 523 4658 ut
543 4606 733 4660 crebro
760 4605 1016 4668 diximus,
1047 4613 1154 4657 tam
1186 4603 1550 4673 periculosum
1570 4613 1835 4671 estquam
1859 4601 2041 4669 gloriae

469 4695 736 4762 cupiditas
758 4705 813 4751 et
833 4695 1113 4765 jactantia,
1150 4702 1202 4748 et
1254 4693 1468 4746 animus
1515 4691 1846 4746 conscientia
1872 4691 2042 4744 virtu-

470 4794 584 4839 tum
607 4794 836 4841 tumens.

536 4871 870 4945 Profectique
925 4877 990 4931 de
1032 4876 1292 4930 montibus
1354 4874 1591 4938 Abarim,
1627 4873 1942 4926 transierunt
1971 4878 2038 4925 ad

467 4966 779 5036 campestria
831 4966 986 5019 Moab
1026 4984 1182 5038 super
1224 4967 1513 5022 Iordanem
1578 4973 1758 5019 contra
1806 4962 2038 5020 Iericho.

467 5057 654 5127 Ibique
694 5057 1045 5109 castrametati
1070 5066 1189 5110 sunt
1224 5057 1289 5110 de
1327 5054 1721 5117 Bethiesimotlt,
1767 5071 1929 5125 usque
1973 5054 2042 5109 ad

465 5144 782 5208 Bethsittim,
807 5144 861 5197 in
885 5143 1208 5214 planioribus
1239 5144 1366 5198 locis
1414 5142 1787 5197 Moabitarum.
1822 5144 1879 5196 ln
1905 5158 2031 5212 qua‘

468 5226 773 5307 «tragesiiiia
801 5236 1034 5291 secunda
1057 5251 1176 5305 quae
1200 5243 1444 5290 extrema
1474 5236 1680 5291 mansio
1705 5243 1808 5299 est,
1837 5235 2038 5290 cursim

467 5346 589 5403 qua:
610 5339 759 5400 gesta
790 5331 898 5385 sint
922 5343 1225 5383 narremus.
1268 5328 1533 5384 Resideus
1564 5327 1617 5382 in
1644 5343 1708 5382 ea
1734 5328 1983 5398 p0pulus,
2008 5343 2040 5381 a

468 5425 651 5479 divino
671 5424 887 5478 Balaam
903 5437 1065 5493 quem
1085 5422 1335 5478 mercede
1357 5423 1690 5478 conduxerat
1710 5422 1876 5476 Baiae
1901 5420 2042 5474 ﬁlius

470 5519 704 5589 Sephor,
732 5520 829 5574 Dei
853 5517 1191 5574 benedicitur
1208 5516 1452 5585 jussione
1498 5524 1553 5571 et
1579 5515 1888 5571 maledictio
1919 5528 2040 5568 mu-

471 5618 617 5663 tatur
643 5612 695 5664 iu
725 5611 928 5665 laudes.
959 5608 1120 5663 Audit
1146 5624 1305 5664 voces
1329 5607 1565 5673 Domini,
1593 5616 1650 5663 et
1689 5606 1917 5678 profano
1947 5620 2043 5660 ore

475 5710 693 5753 resonat
721 5720 732 5752 :
756 5702 973 5756 Orlctur
998 5701 1149 5756 stella
1173 5716 1236 5756 cx
1269 5700 1457 5766 Jacob,
1481 5709 1533 5755 ct
1565 5708 1850 5766 consurget
1884 5697 2044 5751 homo

2146 3250 2302 3305 hanis
2329 3250 2441 3305 suis
2467 3264 2636 3318 usque
2658 3248 2727 3303 ad
2750 3249 2897 3303 mille
2942 3263 3138 3318 passus
3166 3265 3264 3319 per
3292 3249 3582 3304 circuitum
3624 3246 3733 3302 Le-

2144 3340 2270 3393 vitae
2287 3339 2582 3407 accipiunt,
2616 3347 2696 3393 tot
2720 3354 2946 3394 numero
2984 3346 3118 3408 quot
3164 3348 3219 3394 et
3266 3339 3385 3393 ista:
3410 3347 3542 3393 sunt
3575 3353 3733 3391 man-

2148 3430 2348 3485 siones.
2373 3430 2440 3484 Et
2467 3430 2740 3485 adduntur
2765 3429 3117 3499 fugitivorum
3165 3445 3260 3485 sex
3306 3430 3425 3484 alia:
3452 3429 3728 3493 civitates,

2148 3530 2259 3576 tres
2289 3522 2430 3575 intra
2455 3519 2771 3588 Iordanem,
2801 3529 2856 3576 et
2883 3529 2992 3575 tres
3017 3531 3168 3576 trans
3185 3520 3507 3585 Iordanem,
3536 3528 3601 3575 ut
3619 3520 3731 3576 sint

2147 3611 2307 3667 simul
2329 3612 2690 3682 quadraginta
2709 3620 2854 3667 octo.
2880 3611 2981 3679 Qui
3011 3611 3359 3682 fugitivorum
3384 3610 3609 3680 suscipi,
3634 3610 3731 3679 qui

2146 3702 2376 3758 interﬁci
2408 3701 2656 3766 debeant,
2681 3710 2737 3757 et
2763 3719 2938 3773 usque
2967 3704 3034 3758 ad
3055 3711 3284 3757 mortem
3315 3701 3597 3772 pontiﬁcis
3616 3717 3733 3755 mae

2144 3794 2234 3863 gni
2254 3793 2541 3848 reservari.
2569 3790 2824 3847 Succedit
2848 3792 3322 3847 Deuterouomimn
3345 3791 3587 3845 secunda
3611 3788 3723 3855 lex,

2145 3884 2524 3939 mediatorium
2576 3881 2883 3952 Evangelii;
2942 3882 3125 3950 ibique
3167 3881 3408 3937 breviter
3470 3880 3733 3935 discimus

2145 3991 2267 4045 quae
2297 3977 2437 4030 inter
2463 3975 2698 4038 Pharan,
2728 3974 2932 4044 Topbel
2959 3982 3015 4029 et
3037 3973 3239 4038 Lahan,
3270 3982 3325 4027 et
3352 3971 3646 4035 liaserotb,
3672 3978 3733 4025 et

2145 4066 2262 4120 loca
2294 4082 2458 4120 aurea
2491 4065 2702 4135 abjccto
2724 4063 2862 4120 Juda
2913 4063 3301 4128 infelicissimo,
3334 4062 3591 4117 undecim
3618 4061 3732 4115 die-

2146 4158 2245 4212 bus
2272 4158 2356 4211 via
2384 4158 2450 4212 de
2476 4157 2656 4212 Horeb
2682 4173 2780 4228 per
2802 4157 2947 4211 viam
3005 4157 3204 4211 montis
3250 4154 3394 4211 Scon
3436 4170 3615 4225 usque
3658 4153 3731 4207 ad

2145 4248 2508 4315 Cadesbarne,
2550 4249 2762 4320 Moyses
2809 4248 3008 4319 popqu
3053 4248 3125 4302 sit
3177 4247 3411 4310 locutus.
3448 4256 3509 4301 et
3544 4254 3729 4301 extre-

2146 4356 2293 4395 mum
2339 4348 2500 4395 canat
2539 4341 2829 4401 canticum,
2862 4340 2916 4393 in
2946 4353 3055 4408 quo
3080 4336 3421 4408 apertissime
3450 4351 3728 4408 synagoga

2146 4431 2450 4502 projicitur,
2496 4438 2551 4486 et
2591 4430 2832 4485 Ecclesia
2882 4427 3112 4482 Domino
3163 4425 3468 4496 copulatur.
3526 4424 3734 4494 Impin-

2146 4532 2337 4593 guatus
2366 4531 2438 4575 est
2469 4530 2517 4574 et
2541 4521 2865 4573 incrassatus
2895 4534 2957 4571 ac
2980 4516 3254 4579 dilatatus,
3282 4524 3329 4568 et
3372 4512 3730 4566 recalcitrat-it

2145 4611 2397 4674 dilectus;
2417 4619 2463 4663 et
2488 4608 2676 4663 oblitus
2702 4617 2776 4661 est
2797 4606 2894 4660 Dei
2914 4605 3188 4660 salvatoris
3209 4603 3293 4657 sui
3317 4600 3503 4673 (Deut.
3530 4600 3732 4667 xxx").

2144 4702 2212 4755 Et
2236 4702 2430 4755 iterum
2460 4717 2473 4751 :
2502 4696 2778 4751 Generutio
2806 4696 3031 4766 pessima
3057 4702 3153 4756 est,
3184 4690 3282 4760 ﬁlii
3310 4689 3569 4743 ineruditi
3590 4702 3609 4739 :
3630 4686 3735 4755 ipsi

2145 4790 2213 4843 ad
2243 4788 2631 4856 aemulationem
2664 4802 2745 4840 me
2765 4791 3169 4857 prouocauerunt
3200 4782 3255 4835 in
3282 4796 3341 4833 eo
3360 4779 3451 4850 qui
3482 4794 3590 4832 non
3619 4786 3731 4830 erat

2146 4877 2321 4941 Deus;
2356 4876 2692 4942 irritaverant
2721 4890 2802 4928 me
2829 4874 2885 4927 iu
2911 4869 3217 4941 scuptilibus
3248 4868 3379 4921 suis.
3422 4865 3496 4919 Et
3521 4880 3617 4935 ego
3649 4878 3732 4917 ze-

2145 4968 2258 5023 lare
2302 4968 2497 5037 faciam
2526 4983 2612 5021 eos
2652 4965 2908 5028 nationes,
2954 4972 3002 5016 et
3047 4969 3228 5015 contra
3269 4967 3473 5028 gentem
3512 4954 3731 5008 stultam

2144 5058 2365 5113 irritabo
2401 5057 2540 5111 illos.
2570 5056 2976 5111 Benedieuntur
3017 5051 3112 5105 ﬁlii
3137 5048 3323 5113 Israel,
3353 5055 3410 5101 et
3444 5059 3641 5099 rursus
3675 5044 3729 5097 in

2143 5149 2365 5203 Simone
2392 5147 2422 5201 .l
2429 5146 2559 5201 udas
2579 5144 2919 5201 miserandus
2955 5140 3281 5197 excluditur.
3306 5135 3571 5190 Ascendit
3589 5132 3733 5203 Moy-

2143 5255 2231 5294 ses
2266 5239 2333 5292 ad
2386 5245 2625 5292 montem
2660 5235 2813 5291 Nabo
2865 5236 2919 5289 in
2976 5233 3185 5288 vertice
3234 5229 3471 5298 Phasga,
3511 5227 3608 5297 qui
3649 5232 3731 5279 est

2146 5340 2334 5386 contra
2374 5328 2611 5394 Iericho,
2641 5335 2698 5382 et
2725 5325 2964 5381 ostendit
2991 5322 3040 5378 ei
3072 5320 3333 5375 Dominus
3368 5331 3591 5372 omnem
3622 5323 3731 5369 ter-

2146 5439 2264 5478 ram
2282 5422 2507 5488 Galaad,
2529 5434 2701 5490 usque
2721 5417 2788 5473 ad
2816 5418 2933 5472 Dan
2960 5423 3016 5470 et
3039 5410 3343 5483 Nephtalim
3368 5416 3424 5463 et
3443 5405 3728 5478 prraim,

2147 5524 2202 5570 et
2234 5514 2532 5578 Manasses,
2561 5519 2617 5565 et
2660 5510 2968 5566 universam
3012 5512 3211 5559 terram
3241 5498 3403 5562 Juda,
3444 5511 3623 5566 usque
3663 5494 3728 5548 ad

2148 5619 2298 5660 mare
2327 5618 2579 5672 magnum
2607 5608 2797 5655 contra
2822 5605 3100 5659 austrum;
3130 5599 3185 5648 et
3212 5591 3491 5661 regionem
3514 5600 3735 5654 campe-

2148 5704 2317 5750 strem
2363 5690 2597 5755 Jcriclio,
2628 5695 2877 5746 cunctam
2904 5685 3177 5744 civitatem
3210 5679 3514 5752 palmarum
3561 5687 3737 5746 usque
