3964 6192
362 332 476 390 825

1074 327 1604 386 ENARRATIONES
1642 326 1708 383 1N
1749 326 2006 386 LIBRUM
2044 326 2504 385 NUMERORUM.
2544 359 2614 369 —
2650 329 2780 385 LIB.
2818 330 2908 388 IV.

3511 330 3620 392 826

322 452 335 461 ‘
369 445 566 517 Segor.
596 443 728 511 Quis
745 449 923 513 potest
944 448 1094 498 tanta
1114 458 1276 499 nosse
1298 442 1588 514 mysteria?
1612 440 1746 507 Quis
1768 441 1822 496 in
1845 456 1942 496 est-
1969 445 2017 503 Α
2045 440 2258 496 Pharan
2291 440 2600 498 solitudinis
2623 443 2841 498 nomine
2869 446 3175 500 continetur
3203 446 3502 518 impletum,
3532 447 3618 503 vi-

368 536 565 590 tremis
590 534 725 605 legis
749 541 805 587 et
830 531 992 600 hujus
1013 532 1138 587 vita:
1173 532 1370 588 ﬁnibus
1394 532 1722 587 constitutus
1747 530 1943 586 intelli-

364 626 449 695 git
470 638 682 694 semper
703 622 806 677 sibi
830 636 949 677 esse
979 621 1343 691 pugnandum,
1371 630 1428 676 et
1462 630 1589 677 tunc
1616 621 1828 692 plenam
1863 621 1942 675 \i-

365 714 600 769 ctoriam
631 712 767 774 dari,
800 713 846 767 si
888 711 1052 765 fuerit
1082 712 1136 766 in
1175 712 1597 782 campestribus?
1628 711 1685 766 Si
1714 712 1769 766 in
1807 711 1942 766 Abel

365 806 603 869 Setbim,
637 804 781 873 quod
831 804 1217 872 interpretatur
1261 803 1768 872 luctus'spinarum,
1814 801 1943 857 ﬂeat

364 894 591 963 antiqua
610 900 850 962 peccata,
875 900 930 945 et
948 892 1132 961 spinas
1156 905 1276 960 qua:
1299 890 1699 946 suﬂ'ocaverunt
1726 906 1938 946 semen-

368 994 480 1038 tem
500 984 652 1038 verbi
680 983 799 1046 Dei,
824 990 878 1036 et
911 981 979 1036 de
1005 982 1200 1051 quibus
1225 982 1493 1051 Propheta
1533 981 1663 1035 dicit
1690 998 1703 1033 :
1753 978 1939 1033 Versa-

364 1082 453 1126 tus
479 1089 595 1126 sum
619 1073 677 1125 in
703 1071 935 1134 miseria,
961 1069 1087 1123 dum
1112 1069 1392 1139 configitur
1414 1070 1566 1139 spina
1604 1068 1732 1121 mihi
1759 1065 1933 1138 (Psul.

362 1166 540 1235 uxr).
569 1162 678 1218 Nec
699 1163 964 1218 silendum
991 1162 1245 1226 arbitror,
1271 1161 1413 1230 quod
1452 1160 1670 1229 quidam
1691 1174 1938 1228 qumren-

360 1256 492 1309 dum
543 1260 753 1323 putant,
799 1252 1107 1306 mansiones
1144 1252 1499 1321 quadraginta
1547 1250 1667 1305 dua:
1702 1249 1936 1305 ﬁliorum

359 1344 529 1400 Israel
563 1345 615 1398 in
643 1343 949 1407 solitudine,
986 1356 1106 1410 qua:
1139 1342 1228 1397 hic
1254 1342 1310 1395 in
1356 1341 1544 1395 ultima
1580 1341 1704 1396 libri
1738 1339 1937 1395 Nume-

359 1451 550 1490 rorum
570 1442 725 1504 parte
747 1439 1148 1503 computantur,
1172 1437 1307 1499 quot
1326 1429 1408 1484 vel
1432 1430 1629 1499 quibus
1652 1429 1760 1483 sint
1782 1430 1937 1484 annis

359 1526 626 1596 aptanda,
672 1523 968 1595 longissimi
1015 1522 1160 1577 illius
1208 1522 1418 1576 itineris
1455 1537 1564 1591 quo
1604 1522 1672 1575 ab
1702 1520 1935 1592 Egypto

359 1630 536 1684 usque
562 1615 629 1670 ad
657 1623 858 1668 terram
886 1611 1322 1682 repromissionis
1348 1611 1437 1666 ille
1479 1610 1708 1681 p_0pulus
1741 1611 1937 1681 ageba-

359 1713 469 1759 tur.
498 1704 604 1759 Sed
634 1705 720 1759 his
749 1703 884 1758 satis
910 1716 1226 1770 respousqu
1250 1715 1370 1756 esse
1393 1701 1603 1756 aestimo
1626 1700 1680 1755 in
1708 1700 1932 1769 epistola

2044 532 2269 587 deamus
2297 532 2440 601 quod
2466 533 2608 586 infra
2636 533 2899 603 scriptum
2927 543 3027 589 est.
3057 534 3387 605 Reversique
3430 536 3616 605 explo-

2040 632 2252 678 ratores
2293 631 2455 677 terrae
2497 632 2620 692 post
2644 624 3003 696 quadraginta
3032 625 3170 690 dies,
3199 626 3344 679 omni
3396 626 3615 696 regione

2039 714 2288 778 circuita,
2305 723 2571 768 venerunt
2592 714 2661 769 ad
2688 714 2904 786 Moysen
2933 723 2986 768 et
3006 714 3211 780 Aaron,
3233 724 3286 769 et
3311 716 3377 769 ad
3397 732 3612 771 omnem

2039 814 2238 858 coetum
2264 803 2494 857 ﬁliorum
2518 802 2705 866 Israel,
2734 804 2788 858 in
2812 806 3084 859 desertum
3104 804 3341 869 Pharon,
3364 807 3506 874 quod
3528 814 3615 860 est

2038 891 2093 945 in
2128 891 2319 946 Gades.
2352 890 2458 946 Sed
2487 892 2539 945 in
2570 889 2986 947 Deuteronomio
3007 892 3216 962 Moyses
3239 893 3353 961 ipse
3377 892 3613 961 loquitur

2036 982 2235 1051 populo
2265 981 2444 1050 capite
2475 981 2650 1051 primo
2697 998 2710 1034 :
2758 979 2987 1057 Cumque
3031 982 3293 1035 venissetis
3327 982 3379 1035 in
3419 979 3613 1036 Gades-

2037 1075 2226 1136 barne,
2257 1073 2369 1127 dixi
2421 1073 2604 1128 vobis:
2642 1071 2864 1125 Venistis
2913 1072 2982 1125 ad
3024 1082 3248 1126 montem
3291 1072 3609 1139 Amorrha’i,

2035 1180 2187 1234 quem
2234 1161 2485 1216 Dominus
2527 1161 2668 1214 Deus
2712 1170 2883 1214 noster
2907 1159 3130 1214 daturus
3158 1169 3234 1214 est
3278 1160 3443 1213 nobis.
3483 1158 3611 1216 Vide

2036 1260 2230 1306 terram
2259 1267 2415 1321 quant
2443 1250 2700 1304 Dominus
2730 1249 2868 1302 Deus
2895 1257 3015 1303 tuus
3047 1249 3191 1303 dabit
3218 1249 3310 1302 tibi
3337 1265 3356 1302 :
3388 1250 3610 1303 ascende

2036 1351 2083 1396 et
2110 1340 2315 1411 posside
2365 1356 2501 1394 eam.
2562 1339 2627 1392 Et
2656 1339 2942 1393 accessistis
2989 1337 3059 1391 ad
3100 1354 3181 1391 me
3217 1354 3416 1403 omnes,
3454 1348 3609 1408 atque

2036 1432 2288 1485 dixistis:
2332 1429 2481 1484 Mitte
2528 1430 2663 1483 viros
2709 1430 2798 1500 qui
2855 1428 3176 1481 considerent
3220 1436 3447 1493 terram,
3496 1436 3605 1483 etc.

2036 1523 2189 1588 Quod
2250 1530 2428 1576 autem
2481 1522 2724 1576 eamdem
2780 1520 3114 1575 mansionem
3175 1519 3410 1574 secundo
3465 1534 3608 1574 anno

2034 1612 2236 1681 egressi
2286 1612 2354 1666 de
2400 1609 2636 1681 IEgypto
2678 1610 2928 1673 adierint,
2961 1624 2991 1662 a
3023 1624 3128 1678 qua
3171 1618 3347 1663 tamen
3385 1618 3608 1678 peccato

2037 1699 2484 1755 murmurationis
2532 1707 2678 1752 retro
2727 1698 2991 1763 converti,
3036 1713 3100 1752 ac
3145 1698 3315 1752 multo
3367 1706 3607 1768 tempore

357 1794 519 1850 Beda:
543 1794 862 1865 presbyteri,
902 1807 1065 1861 quam
1093 1791 1160 1845 ad
1209 1790 1391 1845 Accan
1438 1790 1738 1845 antistitem
1771 1804 1935 1859 super
1963 1790 2007 1847 B
2035 1797 2159 1857 post
2197 1788 2474 1843 desertum
2508 1788 2626 1857 vagi
2671 1802 2878 1851 errare,
2928 1794 2983 1841 et
3021 1787 3223 1856 passim
3253 1786 3448 1841 cadere
3495 1804 3609 1843 me—

360 1884 466 1938 hac
491 1898 550 1938 re
574 1882 934 1952 conscripsit:
965 1894 1124 1949 quam
1146 1878 1389 1949 proiecto
1411 1894 1479 1934 ex
1502 1880 1736 1934 maxima
1759 1885 1930 1947 parte,

357 1975 415 2030 in
447 1975 550 2030 hoc
597 1984 786 2029 nostro
810 1972 1067 2043 opusculo
1093 1987 1193 2041 pro
1222 1972 1325 2027 hac
1346 1972 1641 2041 quaestione
1678 1970 1931 2026 solvenda

356 2063 660 2133 ponendam
712 2076 841 2118 esse
894 2062 1226 2117 censuimus.
1290 2059 1483 2116 Castra
1544 2059 1797 2115 videlicet
1848 2059 1933 2113 vel

354 2153 666 2208 mansiones
727 2152 966 2218 easdem,
1029 2152 1191 2206 trium
1259 2150 1630 2205 tantummodo
1697 2165 1934 2220 congrue

352 2257 644 2298 annorum.
694 2242 860 2297 Primi
893 2242 1146 2297 videlicet
1171 2249 1229 2296 et
1264 2241 1506 2306 secundi,
1537 2249 1591 2295 et
1633 2241 1932 2310 quadrage-

351 2332 478 2387 simi
504 2333 829 2402 egressionis
847 2347 914 2388 ex
938 2331 1174 2403 Egypto
1193 2350 1206 2385 :
1225 2346 1454 2402 quorum
1470 2331 1677 2400 primus
1690 2332 1931 2385 continet

351 2438 531 2477 annus
551 2422 855 2477 mansiones
883 2431 1031 2477 certa
1053 2423 1403 2478 distinctione
1424 2422 1725 2477 duodecim.
1749 2421 1929 2476 Prima

351 2513 616 2568 Ramesse
639 2513 826 2582 quinta
854 2514 1059 2569 decima
1087 2515 1174 2569 die
1195 2514 1355 2584 primi
1382 2513 1584 2568 mensis
1608 2513 1926 2580 ingressam,

350 2601 601 2656 ultimam
646 2601 988 2657 solitudinem
1034 2602 1185 2657 Sinai
1214 2602 1389 2672 prima
1416 2602 1502 2657 die
1533 2602 1676 2655 tertii
1725 2601 1929 2656 mensis

350 2690 614 2755 additam,
658 2698 713 2745 et
751 2705 851 2759 per
897 2691 1148 2747 undecim
1195 2706 1412 2746 menses
1462 2692 1746 2747 continuos
1793 2707 1928 2746 con-

346 2778 594 2834 struendi
634 2779 990 2844 tabernaculi,
1028 2791 1082 2837 et
1117 2780 1370 2835 docendae
1406 2781 1541 2849 legis
1593 2783 1765 2853 gratia
1820 2782 1924 2836 mi-

347 2869 497 2923 nime
531 2867 794 2923 relictam.
851 2867 1088 2935 Quarum
1129 2869 1379 2925 videlicet
1425 2870 1733 2938 quindecim
1775 2885 1927 2924 man-

344 2959 582 3026 sionum,
617 2976 809 3017 novem
848 2961 1184 3018 solummodo
1225 2962 1364 3018 liber
1399 2962 1570 3016 Exodi
1606 2962 1924 3016 nominatim

344 3050 680 3119 exprimens,
717 3060 939 3107 caeteras
980 3064 1093 3109 tres
1131 3054 1231 3109 sub
1271 3053 1470 3109 deserti
1502 3051 1598 3108 Sin
1624 3051 1766 3121 quod
1805 3063 1926 3106 esse

2034 1881 2264 1940 ruerint.
2294 1886 2523 1934 testatur
2549 1878 2756 1950 Moyses
2786 1878 2838 1932 in
2869 1878 2989 1932 istis
3027 1877 3484 1947 consequentibus
3526 1878 3606 1932 di-

2032 1985 2162 2024 cens
2209 1968 2476 2023 :Sedistis
2531 1984 2653 2036 ergo
2692 1968 2747 2021 in
2796 1966 3123 2023 Cadcsbarne
3165 1967 3328 2022 multo
3355 1978 3601 2038 tempore.

2033 2058 2364 2129 Profectique
2409 2057 2551 2123 inde,
2583 2058 2812 2112 uenimus
2849 2059 2903 2111 in
2932 2058 3430 2129 solitudinem,qu¢e
3460 2059 3604 2113 ducit

2030 2149 2265 2229 att-mare
2292 2148 2544 2214 Rubrum,
2575 2150 2709 2202 sicut
2733 2148 2861 2201 mihi
2884 2148 3092 2201 dixerat
3121 2147 3376 2202 Dominus
3401 2158 3450 2201 et
3500 2149 3605 2201 cir—

2030 2242 2285 2295 cuivimus
2328 2250 2553 2294 montem
2601 2239 2719 2294 Seir
2761 2239 2924 2293 multo
2972 2250 3198 2310 tempore
3229 2240 3407 2313 (Deut.
3440 2239 3500 2314 ι).
3536 2241 3605 2295 Ει

2030 2332 2170 2387 infra
2215 2350 2228 2386 :
2263 2331 2512 2403 Tempore
2552 2341 2726 2387 autem
2769 2349 2872 2403 quo
2914 2332 3295 2386 ambulavimus
3321 2333 3387 2387 de
3406 2331 3606 2387 Gades-

2029 2424 2208 2489 barne,
2238 2441 2399 2495 usque
2430 2424 2499 2478 ad
2540 2425 2819 2478 transitum
2857 2425 3101 2478 torrentis
3143 2421 3357 2489 Zaretlt,
3390 2425 3602 2496 triginta

2028 2524 2141 2567 octo
2155 2530 2408 2567 annorum
2423 2513 2543 2582 fuit,
2564 2513 2725 2567 donec
2740 2522 3129 2566 consumeretur
3150 2513 3317 2565 omnis
3338 2515 3602 2582 generatio

2027 2602 2294 2655 hominum
2308 2602 2612 2658 bellatorum
2626 2603 2690 2657 de
2706 2604 2911 2667 castris,
2928 2602 3060 2656 sicut
3068 2602 3602 2673 juraveratDominus

2029 2691 2207 2762 (Deut.
2242 2694 2323 2765 ιι).
2379 2695 2576 2749 Zareth
2604 2704 2782 2750 autem
2811 2710 3005 2749 nomen
3049 2705 3133 2750 est
3173 2695 3490 2761 mansionis,
3534 2696 3602 2750 de

2027 2784 2132 2839 illis
2151 2784 2272 2839 dico
2296 2786 2649 2855 quadraginta
2668 2787 2896 2841 duabus.
2912 2787 3004 2841 sed
3032 2800 3225 2841 nomen
3255 2785 3510 2840 torrentis
3532 2785 3603 2839 ad

2026 2888 2208 2942 quem,
2246 2875 2386 2929 sicut
2416 2875 2470 2929 in
2502 2874 2860 2929 Numerorum
2889 2874 3158 2930 volumine
3179 2875 3396 2947 legitur,
3429 2884 3604 2930 trans-

2025 2978 2210 3032 gressa
2238 2964 2494 3018 vicesima
2517 2976 2706 3019 octava
2748 2966 3031 3021 mansione
3060 2965 3277 3020 nomine
3301 2963 3598 3030 Jeabarim,

2025 3060 2309 3107 venerunt.
2344 3051 2514 3118 Quem
2543 3052 2931 3123 relinquentes,
2989 3054 3183 3122 inquit,
3230 3053 3600 3110 castrametati

344 3138 550 3193 dicitur
586 3140 728 3194 inter
789 3141 928 3195 Elim
968 3151 1023 3196 et
1078 3142 1251 3209 Sinai,
1312 3142 1575 3198 vocabulo
1630 3142 1924 3197 indiscrete
1952 3127 1995 3188 C
2027 3150 2155 3197 sunt
2179 3144 2233 3196 in
2263 3141 2473 3207 Arnon,
2521 3159 2640 3213 qua:
2666 3150 2751 3198 est
2796 3144 2852 3199 in
2879 3144 3114 3208 deserto,
3144 3151 3199 3198 et
3240 3143 3509 3214 prominet
3541 3142 3599 3197 in

342 3229 629 3300 praeteriit.
670 3228 950 3286 Secundus
984 3247 1158 3287 annus
1199 3233 1578 3302 complectitur
1615 3231 1923 3286 mansiones

343 3318 544 3389 viginti
576 3328 631 3375 et
655 3336 842 3375 unam.
880 3322 1087 3389 Quibus
1112 3323 1163 3376 in
1196 3322 1388 3378 ordine
1431 3323 1672 3378 historia:
1710 3321 1923 3376 cunctis

346 3408 724 3465 indill‘ercnler
775 3411 879 3466 sub
923 3411 1231 3467 solitudinis
1280 3412 1492 3467 Pharan
1528 3412 1745 3466 nomine
1775 3425 1923 3465 com-

343 3498 654 3567 prehensis,
690 3501 866 3570 prima
893 3501 1066 3555 solum
1099 3502 1337 3557 secunda
1365 3510 1422 3557 et
1449 3502 1661 3567 ultima,
1686 3504 1790 3557 hoc
1813 3510 1917 3567 est,

343 3587 595 3657 sepulcra
641 3589 1119 3658 concupiscentiae,
1171 3590 1434 3646 llaseroth
1482 3600 1536 3645 et
1581 3589 1773 3656 Gades,
1807 3605 1920 3644 suo

344 3676 748 3747 distinguuntur
782 3694 849 3733 ex
880 3680 1115 3734 nomine.
1150 3679 1256 3734 Sed
1282 3680 1336 3733 in
1384 3679 1631 3749 catalogo
1682 3680 1918 3734 mansio~

344 3783 476 3822 num
497 3769 704 3838 pariter
726 3783 914 3823 omnes
937 3776 1069 3838 quot
1094 3783 1321 3822 numero
1349 3767 1568 3832 fuerint,
1592 3766 1676 3821 vel
1701 3783 1807 3837 quo
1823 3783 1921 3821 no-

350 3856 501 3910 mine
548 3857 726 3921 dictae,
775 3858 1056 3929 diligenter
1096 3858 1415 3912 ostenditur.
1465 3858 1701 3924 Quarum
1745 3859 1919 3927 prima

348 3947 582 4010 mansio,
614 3947 717 4000 hoc
745 3959 850 4012 est,
884 3948 1143 4018 Sepulcra
1170 3948 1646 4017 Goncupiseentiaz,
1685 3949 1919 4003 secundo

346 4055 534 4095 mense
562 4041 803 4111 ejusdem
834 4042 1057 4096 secundi
1082 4042 1233 4109 anui,
1266 4043 1525 4097 vicesimo
1555 4041 1791 4097 secundo
1830 4042 1918 4097 die

341 4132 552 4186 mensis
582 4132 825 4187 introita.
859 4132 1016 4186 Anno
1046 4134 1190 4188 enim
1240 4134 1498 4198 secundo,
1532 4140 1589 4186 ut
1636 4133 1918 4203 Scriptura

340 4224 496 4288 dicit,
528 4240 715 4280 mense
761 4228 1019 4291 secundo,
1056 4227 1313 4281 vicesimo
1353 4228 1439 4281 die
1480 4227 1700 4293 mensis,
1732 4242 1916 4281 move-

340 4322 474 4368 runt
501 4323 681 4370 castra
723 4316 789 4370 de
833 4317 1053 4371 deserto
1100 4316 1279 4381 Sinai;
1312 4324 1367 4371 et
1409 4317 1677 4382 recubuit,
1720 4317 1914 4387 inquit,

2023 3234 2219 3288 ﬁnibus
2250 3232 2571 3288 Amorrhaei.
2604 3233 2756 3300 Quod
2781 3235 3196 3304 quadragesimo
3224 3252 3368 3292 anno
3384 3249 3598 3307 gestum

2022 3322 2208 3388 fuisse,
2232 3339 2338 3378 non
2365 3324 2514 3379 latet.
2539 3324 2640 3391 Qui
2665 3325 2913 3380 videlicet
2937 3342 3111 3382 annus
3137 3326 3586 3398 quadragesimus

2020 3412 2164 3467 idem
2192 3421 2246 3467 et
2279 3414 2522 3478 ultimus,
2555 3414 2881 3483 longissima:
2902 3430 3000 3486 per
3026 3415 3297 3471 desertum
3324 3418 3423 3472 via:
3447 3433 3600 3472 man-

2021 3505 2201 3559 siones
2225 3504 2465 3559 continet
2490 3521 2715 3560 numero
2762 3506 2969 3562 decem.
3007 3506 3251 3572 Quorum
3296 3507 3468 3575 prima
3511 3515 3596 3563 est

2019 3608 2217 3661 magno
2256 3593 2505 3648 laborare
2536 3596 2783 3665 repetita,
2811 3597 3000 3650 eadem
3027 3597 3144 3665 ipsa
3170 3596 3343 3651 Gades
3390 3598 3595 3652 deserti

2021 3682 2118 3736 Sin
2148 3700 2160 3736 :
2195 3698 2357 3752 quam
2384 3692 2511 3737 ante
2539 3684 2758 3753 triginta
2786 3694 2911 3739 octo
2940 3699 3114 3740 annos
3148 3694 3207 3739 ut
3235 3686 3438 3741 dictum
3471 3698 3588 3752 est,

2018 3772 2173 3841 culpa
2199 3773 2660 3841 przevaricationis
2684 3774 2954 3843 exigente,
2984 3783 3107 3844 post
3130 3790 3188 3830 se
3227 3777 3426 3831 reversi
3466 3777 3593 3832 reli-

2016 3870 2267 3932 querant.
2300 3862 2377 3917 De
2408 3877 2515 3932 qua
2544 3864 2617 3916 ita
2647 3864 2910 3934 scriptum
2941 3873 3025 3920 est
3071 3882 3085 3918 :
3142 3864 3498 3937 i’eneruntque
3525 3868 3595 3936 ﬁ-

2016 3953 2076 4007 lii
2103 3953 2295 4019 Israel,
2327 3963 2373 4007 et
2398 3954 2567 4008 omnis
2607 3953 2886 4008 multitudo
2919 3955 2984 4009 de
3023 3955 3225 4010 deserto
3259 3955 3379 4022 Sin,
3414 3973 3589 4012 mense

2015 4045 2218 4114 primo;
2250 4052 2299 4097 et
2323 4044 2512 4097 mansit
2536 4043 2758 4114 p0pulus
2786 4045 2841 4099 in
2871 4044 3060 4100 Gades.
3090 4044 3402 4117 Mortuaque
3428 4057 3503 4101 est
3523 4047 3594 4100 ibi

2018 4133 2217 4199 Maria,
2244 4144 2292 4188 et
2315 4134 2517 4204 sepulta
2539 4144 2615 4188 est
2643 4134 2699 4187 in
2721 4134 2899 4188 eodem
2922 4134 3054 4188 loco.
3082 4134 3314 4205 Cumque
3339 4135 3590 4205 indigeret

2016 4240 2154 4293 aqua
2189 4224 2430 4294 populus,
2459 4228 2695 4279 coierunt
2732 4226 3010 4279 adversum
3044 4224 3261 4295 Moysen
3289 4235 3338 4280 et
3384 4226 3584 4291 Aaron,

2014 4321 2070 4365 et
2098 4324 2293 4367 czetera
2322 4329 2489 4381 usque
2515 4314 2583 4366 ad
2614 4315 2667 4366 id
2694 4314 2836 4382 quod
2867 4315 3131 4383 scriptum
3178 4323 3265 4369 est
3302 4328 3317 4367 :
3357 4312 3484 4367 Ha'c
3510 4322 3587 4369 est

338 4400 517 4457 nubes
564 4402 620 4456 in
668 4403 952 4459 solitudine
1001 4405 1244 4470 Pharan;
1294 4404 1629 4475 profectique
1676 4415 1803 4460 sunt
1849 4407 1916 4461 de
1943 4459 1988 4475 ﬁ
2018 4417 2154 4470 aqua
2176 4401 2625 4467 contradictionis,
2654 4403 2741 4455 ubi
2757 4402 2964 4472 jurgati
2983 4412 3103 4456 sunt
3144 4402 3243 4470 ﬁlii
3273 4401 3594 4457 Israel-con-

339 4501 530 4547 monte
558 4493 794 4562 Domini,
819 4497 962 4550 viam
991 4501 1150 4551 trium
1177 4459 1407 4561 dierum,
1450 4496 1624 4551 donec
1667 4474 1917 4552 venirent
1943 4459 1993 4518 Β
2018 4498 2101 4543 ινα
2139 4489 2441 4556 Domuum.
2474 4500 2523 4544 ει
2551 4493 2909 4559 “ludiﬁcatus
2943 4501 3018 4546 εει
3045 4494 3098 4545 in
3134 4494 3208 4547 eis
3236 4492 3426 4564 (Num.
3468 4496 3587 4559 IS)-

336 4590 413 4644 ad
440 4590 616 4646 locum
642 4592 959 4655 mansionis,
981 4608 1103 4661 qua:
1117 4591 1311 4646 merito
1326 4590 1507 4660 populi
1531 4605 1726 4646 carnes
1749 4589 1918 4661 Egy-

338 4680 488 4750 ptias
511 4681 890 4743 desiderantis,
913 4680 1292 4750 Sepulcrorum
1315 4680 1793 4750 Concupiscentiaa,
1822 4696 1917 4735 no-

342 4785 473 4823 men
506 4773 735 4841 accepit.
773 4772 970 4827 Ultima
1001 4780 1180 4826 autem
1226 4772 1419 4826 horum
1459 4772 1690 4837 mansio,
1721 4771 1774 4826 id
1800 4780 1912 4836 est,

339 4856 539 4923 Gades,
570 4874 679 4928 quo
704 4860 792 4915 die
820 4860 904 4915 vel
927 4876 1108 4916 mense
1133 4858 1371 4928 ejusdem
1394 4860 1521 4914 anni
1557 4860 1629 4914 sit
1652 4861 1911 4930 ingressa,

338 4962 451 5001 non
498 4948 724 5014 dicitur;
774 4951 869 5005 sed
904 4959 1083 5005 tamen
1113 4950 1257 5020 quia,
1304 4958 1359 5004 et
1384 4950 1500 5019 ipsa
1544 4950 1599 5004 in
1625 4950 1914 5005 solit-zdine

337 5038 559 5096 Pharan
590 5042 713 5105 sita,
743 5045 867 5112 quia
894 5045 1083 5099 eodem
1114 5059 1256 5099 anno
1286 5044 1449 5099 fuerit
1470 5045 1673 5109 addita,
1701 5061 1807 5099 non
1832 5052 1914 5100 ta-

340 5138 516 5186 cetur.
549 5129 823 5200 Scriptum
853 5139 937 5185 est
958 5132 1103 5186 enim
1129 5149 1142 5184 :
1177 5131 1245 5185 Et
1275 5131 1496 5201 populus
1522 5149 1625 5187 non
1648 5142 1723 5187 est
1742 5141 1913 5186 motus

339 5220 408 5272 de
436 5218 528 5272 illo
567 5219 701 5282 loco,
729 5220 891 5274 donec
935 5231 1170 5274 revocata
1210 5219 1406 5285 Maria,
1449 5222 1709 5290 profectus
1750 5231 1824 5276 est
1850 5221 1914 5274 de

342 5306 605 5363 Haseroth
632 5310 755 5377 ﬁxis
782 5311 1015 5364 tentoriis
1040 5311 1095 5363 in
1118 5310 1318 5364 deserto
1340 5308 1574 5371 Pharon,
1600 5310 1686 5363 ubi
1708 5310 1910 5363 locutus

336 5406 421 5450 est
450 5397 707 5453 Dominus
731 5399 801 5452 ad
830 5399 1067 5469 Moysen,
1097 5400 1272 5454 dicens
1298 5412 1315 5450 :
1346 5399 1495 5453 Mitte
1523 5398 1657 5453 viros
1676 5399 1765 5468 qui
1785 5416 1911 5453 con-

339 5483 569 5537 siderent
595 5495 790 5538 terram
815 5484 1068 5540 Chanaan
1092 5486 1277 5557 (Num.
1309 5486 1429 5555 xu).
1460 5486 1612 5553 Quod
1638 5502 1707 5541 ne
1731 5488 1912 5555 proxi-

338 5587 427 5625 m-n
454 5582 575 5642 post
596 5574 861 5631 Haseroth
892 5576 1169 5631 mansione
1190 5577 1401 5646 jussum
1423 5575 1731 5647 factumque
1758 5588 1912 5647 pute-

339 5670 451 5726 tur,
479 5661 573 5716 sed
601 5664 780 5733 potius
799 5664 1129 5737 intelligatur
1157 5667 1209 5720 in
1234 5665 1419 5720 ultima
1446 5681 1652 5733 earum,
1676 5682 1795 5737 qua:
1813 5668 1913 5722 sub

2014 4579 2425 4649 Notandumque
2473 4582 2616 4651 quod
2674 4582 2864 4636 eadem
2919 4581 3091 4636 Gades
3155 4589 3210 4636 et
3262 4582 3317 4635 in
3371 4581 3592 4636 deserto

2018 4669 2229 4724 Pharan
2253 4686 2373 4727 esse
2403 4680 2457 4727 et
2485 4673 2538 4726 in
2568 4674 2780 4726 deserto
2813 4671 2907 4726 Sin
2961 4672 3239 4742 Scriptura
3264 4674 3423 4728 sitam
3454 4673 3594 4727 reie-

2016 4768 2120 4814 rat.
2156 4761 2309 4817 Unde
2354 4762 2672 4831 conjiciatur
2705 4772 2965 4817 consueto
3009 4777 3157 4818 more
3205 4763 3466 4827 locorum,
3497 4780 3593 4834 pa-

2015 4852 2148 4907 riter
2179 4853 2375 4907 deserti
2403 4853 2637 4918 Pharan,
2681 4853 2769 4907 ubi
2805 4854 2979 4907 Gades
3010 4861 3114 4918 cst,
3153 4854 3462 4923 specialiter
3494 4854 3590 4909 Sin

2013 4942 2293 5010 appellari.
2336 4942 2431 4996 Sin
2465 4951 2644 4997 autem
2672 4959 2778 4998 non
2804 4944 2917 5012 ipsa
2945 4954 3028 4998 est
3052 4944 3225 5000 Gades
3262 4961 3423 5015 quam
3463 4962 3589 5000 mox

2013 5043 2353 5103 transgresso
2375 5034 2509 5087 mari
2529 5033 2733 5098 Rubro,
2760 5036 2897 5089 inter
2911 5036 3047 5089 Elim
3073 5045 3127 5091 et
3143 5036 3293 5091 Sinai
3313 5048 3592 5107 pertrans-

2014 5125 2145 5190 icre,
2184 5126 2278 5180 sed
2315 5125 2420 5180 alia
2456 5142 2677 5196 prorsus
2711 5127 2939 5198 aliisque
2982 5131 3121 5198 apud
3154 5129 3409 5184 lichanos
3455 5129 3590 5183 scri-

2014 5224 2105 5284 pta
2157 5215 2455 5270 elementis.
2502 5215 2745 5272 Secunda
2770 5233 2896 5273 vero
2925 5218 3162 5287 ejusdem
3190 5216 3588 5287 quadragesimi

2016 5306 2142 5360 anui
2174 5308 2381 5362 mansio
2409 5317 2494 5363 est
2541 5323 2693 5362 mons
2723 5308 2852 5373 llor,
2891 5310 2945 5363 in
2971 5325 3077 5378 quo
3128 5309 3381 5363 occubuit
3405 5307 3586 5361 Aaron

2014 5396 2191 5463 prima
2224 5396 2311 5451 die
2348 5397 2549 5451 mensis
2592 5398 2786 5465 quinti.
2839 5398 3034 5453 Ultima
3064 5393 3388 5463 campestria
3428 5390 3587 5445 Moab

2014 5499 2176 5554 super
2195 5483 2484 5541 Jordanem
2525 5495 2710 5541 contra
2736 5484 2973 5550 Iericho,
3002 5486 3091 5539 ubi
3115 5480 3587 5537 Deuteronomiutn

2015 5580 2336 5634 meditantes
2382 5588 2720 5645 manserunt,
2786 5595 2954 5649 usque
3006 5578 3132 5631 dum
3190 5582 3312 5645 post
3352 5583 3585 5629 mortem

2016 5669 2203 5742 Moysi,
2242 5670 2405 5727 Josue
2449 5672 2602 5738 duce,
2632 5671 2804 5741 prima
2829 5670 2914 5725 die
2954 5667 3146 5722 decimi
3189 5665 3413 5731 mensis,
3442 5665 3586 5721 sicca
