3978 6182
409 290 514 361 82-7

1050 298 1111 353 Β.
1152 297 1405 352 MBAN
1447 295 1668 352 MAURI
1706 291 2030 352 ARCHIEP.
2070 293 2378 351 MOGUNT.
2419 292 2704 351 OPERUM
2738 291 2921 347 PARS
2956 293 2996 348 l.

3559 295 3664 352 ηε

410 413 557 468 ﬂuvii
608 409 863 467 Iordanis
914 409 1180 479 profunda
1239 411 1589 464 transierunt.
1640 407 1804 462 Fiunt
1859 421 1990 476 ergo
2017 410 2065 468 Α
2092 408 2199 460 dite
2248 417 2459 462 cunctos
2512 407 2832 460 habitatores
2874 406 3098 476 regionis
3153 404 3315 460 illius.
3371 406 3571 464 Vitulos
3619 423 3669 466 et

410 517 601 558 omnes
651 501 958 556 mansiones
999 500 1162 570 primi
1205 501 1355 566 anni,
1383 500 1686 555 duodecim.
1735 499 1991 562 Secundi,

411 594 604 663 viginti
636 606 759 646 una.
794 590 978 645 Ultimi
1005 631 1020 654 ,
1042 599 1098 645 et
1126 591 1227 660 ipsi
1255 590 1508 644 vicesima
1533 590 1707 658 prima
1729 629 1744 652 ,
1769 603 1888 652 qua:
1915 596 2001 642 est

413 686 617 748 Cades;
646 691 703 737 et
723 683 842 736 alia:
875 696 1092 745 novem,
1121 683 1172 735 id
1197 692 1302 744 (εει,
1338 680 1499 734 simul
1540 693 1730 733 omnes
1761 679 1996 748 quadra-

416 778 562 847 ginta
586 776 722 829 duae.
739 775 817 828 lbi
837 773 1144 841 diligentius
1165 772 1496 835 intuendum,
1515 785 1684 840 quare
1698 768 1995 838 legislator,

417 873 570 919 tanta
611 864 832 918 solertia
863 861 1026 914 trium
1078 875 1344 914 annorum
1375 860 1686 928 conscripto
1732 857 1995 926 catalogo,

417 957 657 1025 reliquas
713 954 966 1008 maluerit
1014 953 1294 1022 praeterire
1354 951 1570 1006 silentio
1595 991 1609 1017 ,
1641 951 1716 1004 ita
1755 959 1815 1003 ut
1853 958 2001 1002 tanto

2095 507 2298 552 statuas
2319 498 2670 559 comntinuite,
2695 503 2852 567 atque
2871 495 3075 551 excelsa
3106 507 3326 563 oastate,
3357 500 3675 557 inundantes

2095 599 2290 642 terram
2333 599 2381 641 et
2429 589 2723 642 habitantes
2749 589 2808 640 in
2827 604 2890 642 ea
2913 601 2932 638 :
2957 604 3050 658 ego
3075 588 3212 642 enim
3239 588 3363 642 dedi
3385 589 3527 644 vobis
3555 607 3670 644 eam

2095 679 2151 731 in
2188 678 2563 746 possessionem
2583 717 2597 741 ,
2627 693 2782 747 quam
2809 677 3047 732 dieidetis
3069 677 3210 732 vobis
3231 689 3388 733 sorte.
3423 677 3671 736 Pluribus

2097 764 2290 818 dabitis
2335 763 2596 828 latiorem,
2643 774 2692 817 et
2731 766 2913 835 paucis
2945 767 3319 835 angustiorem.
3355 767 3594 840 Singulis
3617 781 3671 824 ut

2098 871 2212 910 sors
2232 854 2504 919 ceciderit,
2534 855 2611 908 ita
2636 854 2914 909 htereditas
2963 856 3240 910 tribuetur.
3287 857 3396 912 Per
3435 859 3604 914 tribus
3628 872 3672 915 et

2099 942 2331 1012 familias
2359 945 2613 1012 possessio
2654 944 2933 998 dividetur.
2967 944 3110 1012 Quid
3135 954 3217 1001 est
3245 949 3388 1017 quod
3417 948 3678 1006 Dominus

420 1056 695 1114 tempore,
739 1044 886 1097 nullo
943 1043 1122 1113 potius
1166 1043 1486 1096 saeculorum
1533 1042 1706 1110 spatio
1749 1040 1998 1094 distincta
2093 1030 2246 1100 jubet
2279 1032 2538 1089 lsraelitis-
2563 1042 2623 1088 ut
2649 1035 2866 1104 quando
2896 1036 3213 1091 transierint
3244 1035 3561 1104 Jordanem,
3591 1041 3676 1095 in-

419 1135 758 1189 mansionum
807 1133 922 1187 loca
951 1173 964 1198 ,
1005 1133 1104 1187 sub
1145 1141 1292 1186 textu
1338 1132 1608 1186 continua
1651 1129 1998 1193 narrationis,

418 1225 575 1294 quasi
603 1239 722 1277 mox
743 1223 844 1277 sibi
869 1223 1097 1278 invicem
1121 1222 1463 1277 succedentia
1479 1227 1785 1275 connectat.
1812 1219 2004 1288 Egres-

423 1313 569 1383 sique
620 1313 683 1365 de
732 1312 967 1377 Ebron‘a,
1013 1313 1367 1366 castrametati
1397 1321 1517 1364 sunt
1557 1311 1613 1364 in
1659 1307 2001 1378 Asiongaber.

421 1402 555 1455 Inde
581 1401 799 1471 profecti
818 1411 1063 1455 venerunt
1089 1402 1143 1454 in
1171 1401 1426 1455 desertum
1449 1398 1562 1464 Sin,
1588 1400 1684 1452 hoc
1709 1407 1784 1452 e’st
1811 1396 2000 1451 Gades.

425 1491 739 1561 Egressique
783 1491 845 1544 de
874 1488 1064 1555 Cades,
1087 1491 1441 1544 castrametati
1467 1497 1585 1542 sunt
1606 1489 1661 1540 in
1687 1495 1861 1540 monte
1888 1485 1937 1538 II
1945 1502 2005 1539 οι·

424 1581 615 1661 (filum.
646 1582 750 1650 ιιι).
797 1580 930 1634 Cum
967 1582 1246 1650 superiora
1281 1579 1562 1634 sollicitius
1601 1576 1878 1646 inquisita,
1910 1576 2006 1629 do-

425 1679 585 1726 ceant
611 1687 704 1726 eos
731 1671 967 1725 secundo
994 1687 1104 1726 sua:
1138 1669 1486 1741 profectionis
1515 1683 1676 1733 anno,
1715 1667 1783 1722 de
1807 1665 2004 1720 Asion-

2100 1131 2307 1178 trantes
2333 1132 2534 1178 terram
2566 1124 2843 1189 Chanaan,
2877 1124 3190 1194 disperdant
3220 1136 3446 1183 cunctos
3468 1129 3677 1184 habita-

2101 1224 2249 1271 tores
2283 1216 2518 1286 regionis
2559 1215 2733 1281 illius,
2769 1223 2825 1270 et
2861 1214 3210 1288 confringant
3255 1218 3458 1274 vitulos
3515 1229 3677 1290 atque

2100 1305 2280 1363 omnia
2315 1307 2529 1363 excelsa
2561 1315 2776 1362 vastent
2801 1347 2816 1373 ,
2869 1307 3192 1363 mundantes
3223 1317 3422 1364 terram
3458 1311 3676 1366 habita-

2101 1398 2266 1453 tionis
2308 1411 2435 1460 suze,
2468 1397 2574 1450 nisi
2601 1405 2662 1451 ut
2689 1407 2813 1466 post
2839 1399 3096 1469 baptismi
3133 1405 3538 1474 perceptionem
3573 1413 3683 1460 stu-

2102 1486 2325 1541 deamus
2353 1486 2639 1556 omnigena
2670 1487 2925 1542 vitiorum
2956 1491 3170 1561 agmina
3207 1493 3273 1547 de
3303 1509 3470 1550 carne
3494 1503 3680 1549 nostra

2103 1577 2405 1645 exstirpare
2430 1616 2444 1641 ,
2475 1578 2799 1632 mundantes
2844 1587 3047 1635 terram
3074 1583 3254 1638 cordis
3285 1585 3457 1640 nostri
3499 1597 3684 1655 quate-

2103 1685 2229 1734 nus,
2262 1681 2487 1724 mUnere
2515 1669 2782 1724 virtutum
2811 1670 2967 1727 ditati
2992 1713 3008 1738 ,
3058 1674 3346 1730 salubriter
3372 1676 3428 1730 in
3457 1692 3523 1732 ea
3552 1693 3682 1732 eon-

425 1763 590 1833 gaber
615 1764 824 1817 venisse
846 1765 898 1817 in
925 1763 1117 1827 Cades,
1143 1771 1198 1817 et
1221 1769 1342 1832 post
1363 1763 1548 1832 longos
1575 1761 1790 1829 triginta
1813 1767 1872 1813 et
1884 1766 2008 1813 octo
2036 1747 2082 1806 Β
2109 1759 2424 1814 versemur?
2444 1758 2737 1815 Jordanem
2761 1774 2892 1831 ergo
2921 1764 3158 1828 transiit,
3196 1765 3289 1835 qui
3320 1766 3554 1822 crimina
3577 1766 3686 1822 cal-

426 1865 692 1904 anuorum
734 1851 1034 1916 anfractus,
1061 1852 1128 1905 de
1166 1853 1390 1921 repetita
1433 1851 1648 1904 tandem
1687 1849 1874 1904 eadem
1899 1846 2006 1902 Ca-

427 1941 540 2003 des,
586 1942 800 1995 venisse
831 1942 884 1994 in
923 1949 1161 1994 montem
1198 1940 1327 2004 Hor,
1361 1954 1698 2009 nequaquam
1745 1937 1849 1993 hoc
1894 1936 2010 1990 fru-

429 2041 564 2097 stra,
581 2033 674 2087 sed
705 2033 882 2102 magni
905 2033 1144 2103 mysterii
1176 2032 1346 2099 gratia
1369 2031 1550 2084 taliter
1574 2039 1752 2085 actum
1771 2026 2013 2084 conscri-

426 2131 582 2192 ptum
607 2122 864 2194 intellige.
897 2121 1016 2187 Ubi,
1047 2122 1192 2177 salvo
1223 2123 1504 2178 subtiliore
1528 2129 1782 2186 tractatu,
1824 2133 2008 2174 mora-

427 2213 553 2268 liter
579 2223 709 2285 puto
753 2214 1094 2269 sentiendum
1137 2215 1281 2283 quod
1327 2214 1453 2282 quia
1489 2213 1832 2267 mansionum
1882 2223 2012 2264 con-

433 2310 611 2357 textus
640 2303 952 2357 earumdem
983 2304 1074 2371 qui
1095 2305 1160 2358 de
1193 2304 1455 2358 servitute
1479 2302 1732 2372 Egyptia
1755 2301 2011 2355 liberatos

432 2393 500 2444 ad
553 2400 754 2445 terram
816 2393 1254 2459 repromissionis
1306 2391 1574 2461 provehit,
1629 2390 1770 2444 sicut
1823 2389 2011 2441 beatus

433 2480 794 2550 Hieronymus
843 2481 982 2535 libro
1017 2497 1179 2550 super
1220 2482 1300 2536 eis
1327 2481 1531 2535 dictato
1559 2479 1891 2534 enucleatius
1919 2493 2013 2532 ex-

431 2573 622 2640 ponit:
662 2572 934 2641 Altipetax
961 2582 1044 2626 est
1068 2574 1392 2642 spiritalium
1430 2573 1677 2627 ascensio
1708 2572 2007 2625 virtutum:

431 2664 629 2732 quibus
678 2663 932 2718 Ecclesiae
958 2663 1182 2729 Christi,
1229 2665 1422 2734 quibus
1449 2677 1787 2733 unaquaeque
1832 2662 2011 2716 anima

434 2751 624 2813 ﬁdelis,
673 2767 768 2822 spe
802 2752 1068 2806 libertatis
1096 2761 1395 2822 assumpta,
1424 2767 1453 2806 a
1480 2751 1722 2807 convalle
1751 2751 2015 2821 lacryma-

437 2857 556 2896 rum
589 2843 658 2896 ad
683 2843 1000 2912 dispositum
1023 2843 1124 2898 sibi
1152 2843 1347 2909 locum,
1384 2844 1487 2900 hoc
1523 2852 1607 2898 est
1633 2843 1700 2897 ad
1725 2840 2012 2900 videndum

435 2936 604 2990 Deum
647 2935 870 2990 deorum
899 2937 952 2990 in
982 2934 1110 2991 Sion
1161 2934 1403 2999 festinat,
1451 2934 1650 3004 satagit
1697 2931 2008 2995 ascendere,

435 3024 606 3078 donec
628 3024 778 3078 salvo
797 3024 968 3078 nostri
990 3025 1114 3079 boni
1141 3025 1320 3092 Operis
1345 3025 1573 3087 incessu,
1599 3023 1912 3091 proficimus
1946 3021 2010 3075 de

434 3115 635 3167 virtute
661 3114 714 3166 in
747 3115 1022 3178 virtutem,
1045 3115 1199 3182 quasi
1226 3114 1468 3181 qutcdam
1490 3123 1668 3166 castra
1686 3113 2016 3166 mansiones-

438 3217 543 3270 que
577 3203 688 3255 Deo
720 3204 853 3256 duce
901 3203 1263 3266 rectissimas,
1308 3202 1401 3255 Dei
1442 3209 1735 3269 conspectu
1770 3200 2018 3268 dignissi-

437 3306 577 3354 mas,
602 3306 700 3358 per
721 3291 990 3344 desertum
1020 3291 1202 3344 mundi
1238 3291 1482 3344 sitientes
1518 3304 1764 3359 agamus.
1789 3289 1860 3340 At
1891 3303 2021 3356 quo-

439 3380 544 3433 ties
568 3379 689 3432 victi
713 3378 1040 3447 quibuslibet
1064 3378 1458 3446 d‘iripientibus,
1493 3385 1714 3446 accepto
1740 3378 2018 3432 varietatis

441 3468 580 3522 calle
619 3468 912 3523 deviamus.
943 3468 1058 3523 Non
1094 3470 1236 3524 enim
1291 3470 1473 3523 statim
1514 3469 1580 3522 ad
1605 3465 1822 3523 altiores
1843 3470 2016 3523 virtu-

441 3566 554 3612 tum
581 3561 780 3628 gradus
805 3559 1095 3615 ascendere
1120 3575 1426 3630 possumus,
1452 3561 1545 3615 sed
1582 3561 1803 3614 interim:
1826 3561 1895 3614 ab
1936 3561 2018 3614 in-

443 3650 584 3704 ﬁmis
609 3651 822 3705 misera:
861 3652 1058 3706 mentis
1102 3650 1400 3706 defectibus
1436 3651 1694 3720 paulatim
1741 3653 2017 3720 superiora

440 3742 701 3797 debemus
742 3742 1052 3810 pcenitendo
1095 3751 1366 3810 repetere;
1397 3743 1586 3807 donec,
1628 3741 1810 3811 dignis
1848 3742 2020 3810 pinni-

441 3831 622 3884 tentiae
644 3830 905 3884 fructibus
926 3833 1080 3894 actis,
1109 3832 1484 3900 perveniamus
1505 3832 1730 3885 reduces
1754 3831 1820 3884 ad
1844 3832 2018 3899 ipsum

444 3919 508 3972 de
535 3933 642 3985 quo
685 3917 820 3987 lapsi
846 3917 1046 3973 fuimus
1072 3921 1287 3973 modum
1334 3920 1656 3988 culmenque
1686 3921 1874 3988 gratia:
1915 3920 2020 3988 spi-

448 4006 620 4060 ritalis
660 4025 672 4058 :
708 4022 771 4060 ac
820 4007 901 4061 sic
945 4008 1308 4062 intermissum
1339 4009 1404 4062 ad
1440 4019 1652 4076 tempus
1697 4009 2018 4078 incipiamus

446 4095 552 4149 iter
597 4110 758 4165 agere
792 4095 1071 4160 virtutum,
1120 4097 1266 4150 exuti
1306 4105 1538 4150 veterem
1579 4099 1851 4152 hominem
1895 4113 2016 4152 cum

445 4185 652 4239 actibus
681 4186 815 4255 ejus,
854 4196 907 4240 et
937 4187 1107 4241 induti
1133 4203 1325 4240 novum
1374 4187 1464 4256 qui
1511 4187 1805 4242 secundum
1851 4188 2015 4241 Deum

445 4287 660 4333 creatus
681 4286 763 4332 est
809 4280 859 4332 in
877 4277 1086 4346 justitia
1117 4287 1170 4332 et
1195 4279 1483 4333 sanctitate
1505 4287 1558 4331 et
1586 4282 1833 4332 veritate.
1864 4276 2018 4343 Quod

443 4382 590 4422 mors
636 4379 691 4422 et
720 4368 985 4424 funeratio
1029 4379 1243 4440 patrum
1280 4371 1621 4438 peccantium
1668 4371 1721 4424 in
1770 4371 2013 4432 deserto,

448 4458 754 4527 ibidemque
791 4468 930 4513 natae
965 4469 1019 4514 et
1044 4459 1236 4514 adulta:
1277 4458 1544 4528 signiﬁcat
1570 4458 1868 4527 juventutis
1903 4458 2015 4511 ala-

444 4551 646 4604 critas:
675 4567 795 4621 quae
823 4552 983 4607 ﬂuvio
1009 4552 1200 4606 mortis
1225 4552 1456 4614 devicto,
1489 4553 1647 4620 digna
1682 4551 1755 4605 sit
1789 4559 2015 4619 regnum

446 4656 694 4709 superna:
735 4643 1110 4710 promissionis
1157 4643 1380 4696 intrare.
1422 4643 1498 4696 Ita
1527 4641 1668 4695 enim
1711 4641 1770 4693 ﬁt
1815 4648 1890 4700 ut,
1933 4654 2017 4692 re-

447 4741 642 4784 novata
689 4743 886 4787 nostra:
923 4734 1076 4788 bona:
1105 4733 1531 4788 conversationis
1560 4731 1840 4798 juventute
1875 4729 2016 4782 sicut

445 4821 659 4888 aquilae,
689 4830 833 4876 tanta
853 4823 962 4891 jam
995 4840 1058 4878 ac
1080 4825 1226 4889 talia,
1260 4823 1510 4894 malignis
1529 4821 1806 4892 spiritibus
1825 4834 2016 4872 occur-

447 4919 649 4975 rentes,
675 4911 953 4968 valeamus
981 4913 1195 4968 ﬁrmare
1231 4923 1411 4969 castra
1459 4927 1812 4982 supernorum
1840 4909 2016 4978 profe-

445 5014 651 5069 ctuum,
711 5019 831 5072 qua:
887 5021 990 5058 non
1053 5007 1226 5060 solum
1286 5007 1470 5061 divino
1509 5003 1777 5073 respectui
1835 5010 2009 5071 grata,

445 5094 540 5148 sed
563 5093 723 5148 etiam
751 5095 1068 5164 spiritalium
1093 5096 1314 5150 Patrum
1357 5097 1468 5150 sint
1494 5094 1708 5163 scriptis
1755 5108 1818 5147 ac
1860 5093 2015 5146 laude

445 5185 778 5255 dignissima.

1058 5275 1286 5333 CAPUT
1318 5277 1409 5332 1X.

448 5362 774 5437 Prmeeptum
797 5367 1002 5421 Domini
1025 5367 1095 5420 ad
1108 5365 1324 5436 Moysen
1346 5366 1409 5419 de
1427 5365 1580 5419 idolis
1605 5362 2010 5432 confringendis.

519 5455 696 5530 (ἰηιο.)
747 5457 974 5511 Locutus
1023 5466 1099 5511 est
1139 5456 1396 5510 Dominus
1435 5455 1504 5509 ad
1544 5454 1758 5523 Moysen
1789 5453 1964 5506 dicens
1993 5469 2012 5505 :

453 5543 685 5614 I’rtrcipe
714 5547 840 5614 ﬁliis
871 5545 1040 5599 Israel
1065 5586 1079 5611 ,
1104 5553 1153 5598 et
1179 5545 1318 5598 dices
1343 5543 1412 5597 ad
1439 5555 1565 5596 eos:
1591 5541 1814 5608 Quando
1841 5549 2014 5594 trans—

451 5633 613 5688 ieritis
636 5633 926 5690 Iordanem
961 5637 1215 5690 intrantes
1255 5643 1446 5688 terram
1493 5632 1774 5694 Chanaan,
1813 5629 2012 5702 disper-

2105 1859 2295 1922 parum
2327 1851 2467 1906 unda
2496 1851 2838 1922 baptismatis
2889 1852 3078 1907 abluit.
3129 1849 3352 1909 Terram
3380 1855 3642 1912 Chanaan
3668 1899 3685 1923 ,

2107 1942 2210 1996 hoc
2232 1949 2317 1996 est
2352 1948 2553 1995 terram
2581 1940 3037 2010 repromissionis,
3062 1943 3198 2007 adit,
3219 1943 3312 2013 qui
3338 1944 3441 1999 sibi
3471 1960 3688 2016 posses-

2107 2032 2313 2086 sionem
2333 2032 2595 2086 virtutum
2618 2031 2871 2101 acquirit,
2895 2041 2970 2095 ut,
3002 2034 3248 2104 deposito
3268 2036 3439 2090 veteri
3469 2035 3687 2091 homine

2107 2135 2231 2175 cum
2284 2121 2493 2174 actibus
2541 2121 2678 2186 suis,
2711 2121 2802 2190 qui
2833 2123 3200 2193 corrumpitur
3223 2124 3523 2178 secundum
3549 2125 3690 2181 desi-

2109 2210 2259 2265 deria
2289 2210 2517 2276 erroris,
2556 2209 2744 2264 induat
2779 2221 2977 2266 novum
3006 2252 3022 2278 ,
3048 2227 3171 2267 eum
3199 2213 3289 2283 qui
3322 2223 3617 2270 renovatur
3635 2216 3686 2270 in

2108 2299 2382 2370 agnitione
2425 2299 2555 2365 Dei,
2583 2300 2877 2356 seen-udum
2903 2301 3195 2373 imaginem
3220 2302 3338 2372 ejus
3366 2306 3460 2375 qui
3486 2306 3691 2362 creavit

2108 2406 2252 2446 eum.
2308 2391 2413 2446 lste
2457 2391 2722 2461 dispertiit
2778 2402 3002 2449 cunctos
3073 2395 3410 2452 habitatores
3455 2399 3690 2470 regionis

2110 2483 2271 2547 illius,
2288 2499 2408 2538 cum
2434 2484 2697 2556 malignos
2721 2485 2944 2555 spiritus
2972 2503 3095 2542 cum
3122 2490 3558 2560 suggestionibus
3580 2493 3690 2547 suis

2111 2589 2174 2629 ae
2207 2577 2582 2645 phantasmate
2611 2577 2865 2632 vitiorum
2895 2617 2910 2642 ,
2943 2578 3138 2632 timore
3186 2581 3386 2634 Christi
3429 2596 3689 2650 compun-

2111 2675 2250 2730 ctus,
2289 2667 2358 2720 de
2385 2674 2567 2721 mente
2613 2682 2711 2722 sua
2758 2675 3039 2724 conterere
3083 2671 3297 2741 satagit.
3333 2671 3417 2726 De
3459 2681 3573 2742 quo
3597 2689 3690 2743 per

2111 2747 2449 2812 Psalmistam
2491 2757 2691 2812 dicitur
2734 2776 2748 2812 :
2793 2759 2990 2814 Beatus
3026 2761 3117 2832 qui
3163 2761 3350 2816 tenebit
3398 2773 3449 2816 et
3500 2763 3682 2816 allidet

2111 2845 2354 2914 parvulos
2381 2861 2506 2900 suos
2541 2846 2610 2899 ad
2644 2857 2843 2918 petram
2879 2846 3051 2919 (Psal.
3077 2848 3318 2920 cxxxvi).
3349 2850 3447 2904 Hic
3478 2851 3687 2905 uerba

2112 2944 2308 2996 vastat.
2336 2952 2458 2990 cum
2483 2938 2786 3007 superbiam
2818 2938 3002 2993 carnis
3027 2954 3139 2994 sua:
3163 2939 3415 2995 edomare
3442 2941 3685 2995 festinat:

2115 3028 2299 3095 sicque
2335 3029 2588 3082 mundam
2618 3035 2817 3082 terram
2848 3029 3200 3085 habitationis
3237 3046 3348 3086 suae
3369 3030 3496 3100 jure
3524 3033 3691 3086 [NEPO-

2115 3116 2313 3171 ditario
2346 3118 2616 3186 possidet,
2657 3120 2874 3189 quando
2915 3135 3136 3175 carnem
3181 3135 3334 3176 suam
3378 3139 3407 3176 a
3442 3123 3692 3192 squalore

2113 3217 2460 3277 peccatorum
2497 3217 2784 3280 purgatam
2813 3217 2868 3266 et
2893 3228 2922 3266 a
2958 3213 3153 3284 pugnis
3177 3214 3430 3268 vitiorum
3454 3216 3690 3284 quietam

2115 3299 2336 3352 detinet.
2370 3298 2520 3364 Quod
2551 3308 2731 3354 autem
2753 3299 2908 3368 jubet
2931 3302 3182 3371 pluribus
3204 3302 3450 3358 latiorem
3477 3319 3690 3373 posscs-

2117 3386 2322 3440 sionem
2349 3387 2486 3451 dari,
2510 3397 2565 3442 et
2585 3389 2771 3456 paucis
2792 3393 3159 3461 angustiorem
3185 3433 3201 3458 ,
3232 3393 3460 3465 singulis
3490 3406 3550 3449 ut
3574 3411 3691 3450 sors

2117 3479 2393 3542 ceciderit,
2427 3479 2699 3547 signiﬁcat
2725 3483 2868 3548 quod
2893 3483 2946 3536 hi
2977 3484 3068 3553 qui
3110 3484 3321 3554 copiam
3355 3485 3559 3540 habent
3586 3489 3693 3540 vir-

2117 3576 2314 3633 tutum,
2338 3569 2673 3624 latitudinem
2699 3585 2920 3640 sperare
2954 3574 3151 3629 debent
3186 3575 3556 3643 przemiomm.
3591 3572 3690 3643 Qui

2118 3671 2297 3715 autem
2333 3662 2602 3732 paucitate
2635 3663 2896 3716 virtutum
2928 3665 3164 3718 contenti
3199 3673 3344 3729 sunt,
3370 3674 3426 3720 et
3453 3667 3691 3721 contenti

2116 3763 2235 3802 esse
2270 3749 2466 3803 debent
2495 3750 2787 3804 secundum
2821 3765 2980 3804 suum
3010 3752 3260 3806 meritum
3295 3754 3562 3822 qualitate
3608 3771 3692 3808 re-

2117 3838 2494 3893 tribution-um.
2527 3838 2679 3893 Unde
2706 3838 2904 3894 Paulus
2935 3839 3243 3897 Corinthios
3281 3843 3350 3896 ad
3397 3843 3692 3914 eleemosy-

2116 3950 2306 3988 narum
2337 3933 2638 4002 largitatem
2662 3947 2962 4002 provocans
2991 3934 3066 3987 ait
3096 3953 3108 3986 :
3144 3933 3248 3998 Qui
3269 3952 3425 4001 parce
3449 3938 3689 4000 seminat,

2115 4039 2271 4092 parce
2294 4031 2342 4074 et
2363 4031 2534 4075 metet.
2568 4021 2637 4075 Et
2661 4023 2750 4092 qui
2775 4024 2996 4077 seminat
3022 4023 3077 4075 in
3101 4023 3458 4078 benedictione
3481 4067 3495 4088 ,
3525 4027 3590 4078 de
3615 4027 3692 4078 be-

2118 4113 2404 4165 nedictione
2427 4122 2579 4165 metet
2595 4114 2750 4166 vitam
2770 4123 3018 4166 wternam
3035 4113 3119 4184 (II
3137 4114 3259 4168 Cor.
3278 4116 3374 4184 ιιι).
3393 4117 3686 4187 Sequitur:

2189 4203 2365 4274 (Ιιιιο.)
2415 4202 2509 4258 Sin
2539 4214 2710 4258 autem
2742 4205 3014 4261 nolueritis
3058 4208 3350 4278 interﬁcere
3372 4211 3692 4265 habitatores

2118 4303 2271 4347 teme
2293 4293 2382 4362 qui
2412 4295 2777 4357 remanserint,
2814 4307 2966 4349 erunt
2995 4297 3133 4350 vobis
3154 4301 3306 4368 quasi
3339 4300 3475 4354 clavi
3498 4303 3554 4356 in
3575 4319 3693 4354 oru-

2120 4383 2204 4446 lis,
2235 4393 2282 4436 et
2319 4382 2514 4437 lancem
2551 4384 2605 4436 in
2631 4383 2877 4438 lateribus
2905 4399 2923 4436 :
2951 4395 3000 4440 et
3034 4388 3452 4443 adversabuntur
3478 4392 3619 4445 vobis
3639 4393 3690 4444 in

2118 4483 2257 4527 terra
2284 4473 2618 4527 habitationis
2641 4483 2841 4539 vestrm,
2869 4485 2916 4528 et
2939 4477 3190 4546 quidquid
3221 4477 3327 4531 illis
3347 4480 3523 4547 facere
3546 4483 3683 4549 cogi—

2115 4575 2343 4618 taverant
2369 4605 2384 4627 ,
2429 4565 2622 4632 faciam
2667 4564 2827 4618 vobis.
2883 4565 2967 4620 Ac"
3012 4567 3062 4620 si
3096 4567 3339 4622 diceret:
3373 4569 3688 4638 Quicunque

2115 4655 2295 4708 hostes
2323 4655 2593 4724 spiritales
2622 4655 2688 4708 de
2715 4655 2967 4710 cordi-bus
2996 4656 3109 4711 suis
3155 4657 3429 4726 expellere
3460 4675 3567 4713 non
3597 4675 3689 4713 cu-

2119 4742 2340 4804 raverit,
2365 4751 2420 4795 et
2442 4759 2472 4796 a
2497 4743 2692 4796 finibus
2716 4751 2934 4797 actuum
2965 4752 3128 4814 atque
3150 4747 3540 4816 cogitationum
3570 4763 3688 4800 sua-

2116 4849 2234 4885 rum
2271 4847 2456 4886 arcere
2491 4847 2596 4886 non
2625 4833 2983 4894 contenderit,
3017 4833 3186 4888 clavis
3211 4837 3559 4891 continentia:
3582 4852 3687 4890 sua:

2113 4925 2510 4994 coznpuugitur,
2531 4940 2630 4979 nec
2659 4925 2895 4993 quietem
2925 4926 2977 4979 in
3009 4929 3425 4983 conversatione
3451 4945 3546 4983 sua
3581 4928 3686 4982 ullo

2115 5016 2272 5068 modo
2301 5014 2500 5067 habere
2521 5015 2738 5083 poterit,
2771 5016 2900 5084 quin
2927 5017 3110 5085 potius
3144 5032 3172 5071 a
3193 5016 3342 5084 justo
3364 5021 3684 5073 retributore

2114 5118 2218 5155 non
2262 5100 2510 5155 solatium
2553 5103 2870 5169 amicorum,
2901 5106 2995 5159 sed
3028 5107 3261 5161 hostium
3289 5109 3498 5164 sentire
3517 5125 3684 5164 mere-

2112 5193 2258 5247 bit—ur
2278 5193 2575 5248 interitum.

2735 5283 2964 5341 CAPUT
3003 5285 3071 5339 X.

2113 5377 2191 5430 De
2228 5376 2676 5431 distributionibus
2719 5377 3330 5448 terrwgrepromissionis
3376 5378 3550 5434 Israel
3593 5394 3684 5448 per

2637 5455 2828 5500 sortem
2867 5445 3141 5515 faciendis.

2186 5535 2336 5606 (Car.
2366 5533 2577 5605 xxxrv.)
2612 5534 2938 5604 Locutusque
2964 5545 3038 5589 est
3069 5535 3326 5590 Dominus
3365 5535 3436 5589 ad
3468 5535 3679 5603 loyscu

2111 5628 2288 5682 dicens
2325 5640 2342 5679 :
2373 5624 2608 5697 Prsecipe
2639 5625 2768 5694 ﬁliis
2798 5625 2967 5680 Israel
2993 5636 3040 5680 et
3084 5625 3223 5679 dines
3250 5626 3319 5680 ad
3353 5642 3441 5680 eos
3479 5640 3502 5681 ε
3549 5620 3678 5698 Curat
