3964 6192
218 341 333 399 899

936 336 1473 395 ENABRATIONES
1503 337 1573 393 1N
1611 338 1871 397 LIBRUM
1910 339 2376 400 NUMERORUM.
2415 374 2488 387 -—
2520 344 2651 403 LIB.
2690 348 2779 407 IV.

3384 363 3492 419 859

215 450 445 522 ingressi
475 447 696 541 fueritis
713 457 907 541 terram
933 447 1223 514 Chanaan,
1249 457 1299 503 et
1341 449 1400 503 in
1437 452 1812 519 possessionem
1841 456 1889 512 Α
1918 454 2222 509 orientalem
2274 458 2486 528 plagam
2518 458 2583 513 de
2638 460 2766 515 villa
2797 463 2949 518 Enan
2996 482 3159 538 usque
3182 471 3253 526 ad
3287 470 3491 541 Sepha.

217 543 365 597 vobis
398 548 542 595 sorte
592 538 857 605 ceciderit,
891 540 974 594 his
1008 541 1205 611 ﬁnibus
1247 541 1635 596 terminabitur.
1664 541 1814 598 Scri-

214 640 374 703 ptum
419 638 506 686 est
554 629 699 685 enim
737 629 793 684 in
826 630 965 685 libro
995 628 1386 698 Numerorum,
1418 632 1475 687 in
1501 648 1610 702 quo
1635 635 1814 690 omnis

218 734 369 779 terra
409 722 851 791 repromissionis
883 737 983 792 per
1023 734 1255 793 quatuor
1280 725 1469 795 plagas
1495 725 1647 780 brevi
1699 741 1815 781 ser-

216 828 389 870 mone
417 813 693 867 dividitur.
727 809 868 866 Pars
900 814 1194 867 meridiem
1226 814 1436 884 incipiet
1457 832 1491 867 a
1522 814 1807 869 solitudine

218 903 349 969 Sin,
371 919 489 975 quis
518 911 592 956 est
608 901 772 971 juxta
797 902 969 958 Edom
995 918 1013 955 :
1040 913 1092 957 et
1107 902 1313 958 habebit
1337 906 1585 959 terminos
1628 913 1812 959 contra

216 996 476 1051 orientem
507 1008 652 1047 more
675 991 1047 1049 salsissimum.
1078 991 1182 1058 Qui
1201 994 1494 1048 circuibunt
1523 994 1810 1049 australem

216 1081 436 1154 plagam
462 1098 556 1152 per
582 1096 856 1135 ascensum
883 1080 1211 1152 Scorpionis,
1248 1083 1327 1136 ita
1368 1093 1423 1137 ut
1458 1093 1729 1138 transeam
1757 1084 1811 1138 in

221 1172 404 1226 Senna
427 1211 448 1236 ,
491 1180 542 1224 et
579 1170 886 1241 perveniant
926 1171 985 1224 in
1010 1170 1303 1238 meridiem,
1333 1187 1497 1243 usque
1518 1173 1587 1227 ad
1617 1171 1812 1227 Gades-

219 1261 404 1314 barne.
444 1257 597 1314 Unde
624 1259 957 1330 egredientur
985 1260 1218 1329 conﬁnia
1259 1260 1329 1313 ad
1375 1259 1552 1316 villam
1605 1261 1812 1316 nomine

218 1351 406 1443 Δάαι)
447 1359 499 1404 et
554 1349 763 1404 tendent
818 1366 983 1420 usque
1040 1349 1111 1403 ad
1163 1350 1441 1404 Asemona.
1482 1347 1690 1420 Ibitque
1721 1365 1813 1419 per

217 1439 408 1511 gyrum
464 1440 721 1494 terminus
773 1439 839 1492 ab
899 1439 1162 1493 Asemona
1220 1456 1383 1510 usque
1416 1439 1487 1492 ad
1529 1449 1810 1494 torrentem

224 1528 471 1600 .Eggpti,
497 1539 547 1582 et
576 1529 738 1583 maris
771 1529 949 1599 magni
983 1528 1156 1583 littore
1185 1529 1421 1597 finietur.
1452 1529 1561 1584 Pro
1603 1543 1712 1599 quo
1754 1530 1810 1584 in

219 1622 414 1676 ultima
467 1619 676 1675 visione
727 1618 1030 1674 Ezechielis
1080 1619 1283 1675 dicitur
1343 1637 1356 1674 :
1410 1617 1584 1690 Plaga
1636 1634 1811 1675 autem

214 1710 503 1774 australis,
532 1710 587 1765 id
607 1719 695 1765 est
718 1710 1017 1765 meridiana
1033 1749 1051 1775 ,
1068 1726 1103 1762 a
1120 1708 1354 1764 Thamar
1372 1724 1537 1780 usque
1557 1711 1625 1764 ad
1645 1727 1810 1781 aquas

1914 556 2000 596 ma
2028 584 2043 609 ,
2089 554 2140 597 et
2179 544 2244 600 de
2294 545 2558 616 Sephama
2606 549 2925 607 descendunt
2983 558 3193 613 tormini
3234 562 3291 616 in
3328 563 3491 620 Rebla

1915 644 2101 688 contra
2139 635 2338 705 fontem
2386 636 2653 707 Daphnim
2707 653 2726 691 :
2777 638 2915 696 Inde
2967 648 3262 707 pervenient
3307 662 3489 708 contra

1914 725 2166 781 orientem
2190 728 2259 781 ad
2287 742 2433 784 mare
2459 729 2728 797 Cenereth,
2766 742 2814 787 et
2844 736 3056 791 tendent
3080 752 3247 809 usque
3264 742 3333 794 ad
3355 741 3485 797 Ior-

1912 816 2143 883 donem;
2171 828 2218 873 et
2247 820 2317 874 ad
2349 819 2593 876 ultimum
2646 824 2941 881 salsissime
2981 828 3295 885 claudentur
3328 839 3485 891 mari.

1911 907 1957 963 A
1994 906 2101 962 line
2144 908 2310 980 igitur
2342 912 2781 981 septentrionalis
2808 915 2977 986 plaga:
3005 959 3020 983 ,
3059 918 3165 974 bo'c
3197 932 3286 975 est
3307 962 3321 986 ,
3355 926 3493 981 atrio

1912 996 2086 1063 Euan,
2103 996 2331 1053 tendunt
2357 999 2493 1054 lines
2511 1015 2683 1071 usque
2703 1002 2773 1056 ad
2794 1002 3080 1074 Sepbama,
3097 1022 3257 1075 quam
3280 1009 3488 1068 Βεδνωί

1911 1084 2193 1157 Apamiam
2243 1090 2546 1144 nominant.
2604 1092 2673 1146 Et
2719 1094 2786 1148 de
2834 1093 3104 1165 Sepbama
3158 1098 3493 1157 descendunt

1914 1179 2128 1231 termini
2158 1179 2210 1233 in
2261 1179 2430 1234 Rebla
2455 1220 2470 1246 ,
2523 1195 2643 1250 quae
2676 1199 2821 1239 nunc
2849 1184 3020 1256 Syria:
3049 1199 3274 1243 vocatur
3295 1190 3487 1246 Antio‘

1911 1270 2055 1324 cbia.
2095 1270 2167 1335 Et
2197 1279 2258 1325 ut
2304 1273 2447 1327 scias
2492 1273 2717 1328 RebL-tm
2769 1275 2915 1331 hanc
2953 1278 3265 1348 signiﬁcare
3292 1282 3482 1336 urbem

1911 1376 2035 1429 qua:
2069 1377 2211 1415 nunc
2238 1362 2293 1416 in
2336 1362 2494 1434 Syria
2518 1364 2671 1419 lee‘
2703 1366 3036 1422 nobilissima
3063 1378 3148 1424 est
3171 1410 3189 1435 ,
3217 1372 3486 1441 sequitur,

1911 1460 2102 1505 contra
2125 1451 2327 1508 fontem
2348 1469 2510 1523 quem
2532 1457 2875 1526 perspicuum
2890 1469 2974 1513 est
2987 1460 3293 1531 signiﬁcare
3317 1462 3492 1533 Daph-

1913 1543 2026 1597 nim
2057 1585 2071 1609 ,
2114 1545 2180 1600 de
2217 1560 2326 1615 quo
2353 1545 2501 1600 fonte
2535 1548 2843 1616 supradicta
2873 1549 3003 1604 urbs
3027 1550 3181 1619 aquis
3209 1552 3488 1608 abundan-

1915 1633 2140 1688 tissimis
2182 1632 2398 1688 frui-tur.
2447 1636 2596 1702 Inde,
2651 1637 2846 1706 inquit,
2896 1640 3221 1707 perveniunt
3273 1644 3490 1697 termini

1913 1735 2103 1782 contra
2132 1722 2398 1783 orientem
2446 1730 2514 1782 ad
2544 1744 2693 1783 mare
2721 1729 2986 1785 Cenereth
3011 1771 3027 1796 ,
3056 1731 3109 1785 id
3139 1740 3251 1797 est,
3285 1733 3353 1788 ad
3379 1743 3492 1788 sta-

220 1801 465 1856 ιιοεϋοτ
486 1799 705 1871 (Ezech.
735 1798 863 1870 ult.)
885 1840 899 1864 ,
934 1800 987 1854 id
1006 1809 1117 1865 est,
1145 1800 1610 1856 cornradietionis.
1639 1801 1803 1856 Gades

1913 1828 2083 1886 gnum
2121 1816 2442 1871 Tiberiadis.
2483 1818 2634 1872 Mare
2660 1830 2841 1872 autem
2876 1818 3078 1874 dicitur
3119 1836 3245 1875 cum
3292 1822 3492 1876 habeat

218 1905 439 1962 quoque
464 1900 525 1945 et
562 1899 777 1947 torrens
803 1903 977 1961 usque
1005 1893 1075 1947 ad
1116 1908 1271 1947 mare
1321 1906 1610 1964 magnum,
1663 1894 1810 1963 quod

220 1986 501 2058 signiﬁcat
525 1982 846 2038 latissimam
875 1982 1215 2037 latitudinem
1262 1982 1358 2037 Sin
1391 2024 1406 2049 ,
1457 1983 1601 2053 quod
1651 1984 1808 2053 juxta

218 2078 389 2132 Edam
417 2116 434 2142 ,
464 2084 523 2130 et
554 2076 609 2130 in
640 2074 780 2128 mari
817 2074 1003 2129 Rubro
1028 2075 1325 2130 terminum
1343 2074 1573 2129 circuire
1591 2115 1607 2140 ,
1634 2083 1690 2129 et
1715 2088 1811 2145 per

217 2182 508 2223 ascensum
538 2164 853 2236 Scorpionis
880 2173 936 2219 et
975 2178 1073 2234 per
1111 2164 1292 2220 Senna
1316 2172 1372 2218 et
1404 2163 1751 2219 Cadesbarne
1780 2204 1796 2230 ,

213 2266 272 2313 et
295 2257 503 2312 atrium
531 2257 646 2312 sive
686 2254 870 2309 villam
912 2254 1098 2310 Addar
1121 2262 1177 2309 et
1218 2254 1486 2310 Asemona
1511 2255 1801 2324 pervenire

216 2362 391 2421 usque
418 2348 489 2403 ad
521 2355 816 2403 torrentem
846 2344 1099 2417 ASgypti,
1141 2348 1232 2418 qui
1255 2345 1412 2417 juxta
1448 2349 1640 2404 urbem
1676 2349 1811 2404 Rhi-

220 2455 559 2498 nocoruram
593 2440 728 2494 mari
771 2437 964 2493 inﬂuit.
1004 2437 1105 2494 Hic
1148 2453 1289 2495 vero
1343 2440 1609 2495 terminus
1641 2439 1810 2511 plagae

216 2531 476 2590 australis
512 2532 698 2602 incipit
731 2545 763 2585 a
793 2528 1033 2585 Thamar
1056 2566 1073 2595 ,
1124 2545 1246 2600 quae
1272 2533 1402 2588 urbs
1430 2531 1483 2587 in
1517 2532 1809 2589 solitudine

215 2634 320 2693 est,
358 2641 527 2696 tritam
562 2633 620 2680 et
647 2623 903 2679 Salomon
937 2623 1088 2679 miris
1113 2625 1369 2694 operibus
1402 2626 1711 2692 exstruxit,
1750 2635 1807 2681 et

218 2716 380 2772 hodie
422 2715 676 2786 Palmyra
722 2721 1064 2784 nuncupatur
1089 2755 1104 2781 ,
1144 2714 1517 2786 Bebraicoque
1555 2730 1807 2771 sermone

219 2804 463 2860 Thamar
481 2805 700 2870 dicitur,
727 2820 847 2874 quae
870 2805 925 2858 in
951 2804 1130 2876 lingua
1153 2813 1339 2861 nostra
1367 2805 1599 2875 palmam
1626 2816 1802 2873 sonat,

1912 1906 2095 1960 dulces
2132 1920 2332 1975 aquas,
2387 1906 2542 1975 juxta
2602 1908 2801 1963 idioma
2859 1908 3264 1979 Scripturarnm
3298 1950 3313 1974 ,
3369 1924 3491 1979 qua:

1909 1997 2357 2066 congregationes
2386 2011 2648 2066 aquarum
2695 1986 2971 2068 appellant
3011 2002 3201 2055 maria.
3255 2001 3324 2057 Et
3371 2009 3490 2056 ten.

1909 2091 2056 2152 dent,
2076 2087 2448 2158 inquit,usque
2474 2087 2540 2141 ad
2561 2085 2872 2153 Iordanem,
2893 2098 2949 2144 et
2968 2092 3038 2146 ad
3064 2090 3311 2146 ultimum
3340 2090 3492 2148 clau-

1910 2177 2107 2233 dentur
2129 2178 2267 2232 mari
2296 2177 2535 2243 Mortuo;
2558 2177 2665 2243 vel,
2694 2188 2755 2233 ut
2777 2177 2869 2234 alii
2891 2188 3104 2249 putant,
3121 2180 3300 2252 lingua
3323 2181 3492 2239 maris

1913 2270 2106 2332 Rubri,
2135 2271 2191 2324 in
2219 2269 2374 2340 cujus
2399 2269 2579 2325 littore
2607 2269 2799 2325 Achila
2836 2271 3012 2340 posita
3046 2278 3149 2326 est.
3204 2271 3487 2342 Praecepit-

1908 2375 2009 2431 que
2033 2356 2237 2429 Moyses
2260 2358 2386 2428 ﬁliis
2412 2358 2584 2414 Israel
2611 2359 2786 2414 dicens
2808 2377 2826 2414 :
2854 2359 2987 2415 Haec
3022 2362 3120 2415 erit
3164 2370 3306 2415 terra
3331 2378 3491 2431 quam

1907 2451 2236 2523 possidebitis
2280 2462 2444 2518 sorte,
2489 2462 2537 2506 et
2575 2467 2733 2523 quam
2764 2453 2925 2522 jussit
2953 2453 3074 2507 dari
3101 2453 3359 2508 Dominus
3400 2471 3493 2508 no-

1907 2560 2021 2597 uem
2048 2543 2304 2609 tribubus,
2339 2554 2389 2598 et
2409 2544 2645 2599 dimidim
2669 2543 2848 2599 tribui.
2878 2544 3067 2599 Tribus
3093 2548 3228 2599 enim
3258 2544 3493 2615 ﬁliorum

1912 2626 2089 2686 Ruben
2112 2672 2126 2697 ,
2181 2649 2275 2704 per
2328 2633 2561 2704 familias
2608 2652 2733 2689 suas
2758 2674 2775 2701 ,
2811 2644 2859 2688 et
2910 2635 3075 2689 tribus
3100 2634 3335 2703 ﬁliorum
3374 2634 3492 2689 God

1900 2724 2060 2794 juxta
2088 2726 2457 2794 cognationum
2486 2742 2759 2781 numerum
2787 2767 2807 2793 ,
2849 2726 3123 2796 mediaque
3163 2727 3332 2779 tribus
3371 2724 3493 2779 Ma-

1909 2831 2089 2879 nasse,
2130 2815 2186 2868 id
2213 2824 2306 2878 est,
2350 2816 2470 2869 duo:
2508 2817 2664 2869 semis
2709 2815 2904 2879 tribus,
2943 2825 3255 2885 acceperunt
3290 2822 3489 2884 partem

220 2912 393 2967 usque
422 2897 488 2951 ad
520 2911 690 2967 aquas
731 2896 1181 2951 contradictionis
1207 2896 1403 2963 Cadcs,
1433 2912 1595 2967 quam
1626 2898 1679 2952 in
1705 2896 1802 2952 de-
1907 2919 2058 2957 suam
2091 2914 2237 2957 trans
2259 2903 2546 2956 Iordanem
2573 2913 2753 2956 contra
2778 2899 2992 2967 Iericho
3015 2942 3030 2965 ,
3074 2902 3144 2955 ad
3186 2902 3486 2955 occidenta-

219 2995 368 3043 serto
398 3001 523 3043 esse
561 3002 668 3042 non
699 2986 921 3042 dubium
959 2993 1076 3053 est;
1128 2995 1185 3041 et
1238 2995 1451 3042 torrens
1498 2987 1804 3057 ingrediens
1906 2992 2009 3047 lem
2044 2991 2273 3063 plagam.
2301 2992 2360 3046 In
2394 2992 2560 3062 priori
2584 2991 2729 3045 enim
2756 2991 3019 3045 divisione
3042 2998 3317 3043 terrarum
3337 2998 3489 3042 trans

216 3095 368 3135 mare
415 3094 673 3151 magnum
704 3120 720 3145 ,
773 3078 877 3134 hoc
926 3078 1071 3147 quod
1127 3076 1347 3149 Egypti
1394 3077 1802 3150 Palaestinaequc
1906 3081 2197 3138 Iordanem
2236 3098 2334 3152 per
2366 3078 2585 3151 Moysen
2641 3081 2849 3135 duabus
2896 3079 3149 3134 tribubus
3195 3078 3383 3132 Ruben
3432 3086 3488 3149 et

216 3170 511 3240 pmtendit
532 3168 829 3223 littoribus.
864 3165 1120 3236 Sequitur
1143 3165 1198 3221 in
1227 3167 1366 3222 libro
1389 3166 1752 3223 Numerorum
1786 3187 1798 3223 :
1833 3166 1877 3226 C
1908 3172 2047 3238 Gad,
2078 3181 2133 3226 et
2159 3171 2395 3226 dimidia:
2448 3170 2612 3224 tribui
2661 3170 2909 3224 Manasse
2946 3177 3087 3224 terra
3129 3168 3301 3223 divisa
3352 3174 3434 3220 est
3467 3182 3483 3228 ;

217 3257 393 3330 Plaga
420 3267 597 3313 autem
624 3255 960 3312 occidentalis
1012 3273 1046 3309 α
1095 3257 1237 3309 *ηανξ
1258 3272 1448 3327 magno
1491 3256 1724 3327 incipiet,
1755 3264 1807 3311 ei
1911 3263 2052 3318 intra
2080 3261 2373 3316 Iordanem
2415 3267 2619 3323 autem,
2663 3258 2850 3331 [inter]
2875 3258 3044 3312 lilium
3070 3257 3189 3311 Nun
3218 3256 3401 3319 Iosue,
3432 3263 3488 3309 et

216 3357 335 3421 ipso
363 3351 472 3420 ﬁne
496 3350 772 3404 claudatur
797 3386 812 3414 ,
850 3349 956 3404 hoc
991 3355 1095 3412 est,
1120 3361 1155 3401 αι
1174 3348 1310 3401 mari
1337 3362 1509 3417 usque
1536 3348 1607 3402 ad
1633 3364 1804 3403 mare.

215 3440 260 3494 Α
288 3447 536 3494 torrente
561 3437 814 3493 videlicet
838 3435 1429 3504 Rbinocorurae,quiin
1441 3436 1579 3490 mari
1612 3435 1803 3502 inﬂuit,

214 3541 394 3596 usque
432 3527 501 3581 ad
528 3541 652 3581 eum
697 3525 881 3580 locum
910 3525 1003 3579 ubi
1037 3532 1123 3580 est
1168 3524 1362 3578 Eumth
1404 3525 1535 3578 urbs
1593 3524 1765 3595 Syriae
1787 3566 1803 3591 ,

213 3619 377 3690 cujus
406 3618 471 3672 in
488 3618 590 3673 hac
611 3618 767 3687 plaga
791 3625 847 3672 et
867 3631 1062 3672 nomen
1084 3616 1528 3687 ponithecbiel,
1551 3625 1609 3671 et
1626 3616 1803 3686 plaga,

214 3709 491 3780 inquiens,
523 3709 692 3763 maris
711 3750 725 3773 ,
749 3722 898 3763 mare
924 3722 1183 3779 magnum
1205 3723 1237 3762 a
1271 3706 1506 3762 conﬁnio
1536 3721 1632 3776 per
1666 3708 1807 3762 dire-

212 3810 387 3866 ctum,
412 3802 582 3857 donec
611 3802 801 3856 venias
818 3801 1030 3864 Emath,
1060 3812 1180 3869 quin
1199 3814 1347 3853 nunc
1371 3798 1672 3867 Epiphania
1700 3813 1802 3853 no—

212 3893 461 3949 minatur
494 3932 509 3956 ,
555 3893 626 3946 ab
672 3890 943 3945 Antiocho
990 3888 1368 3943 crudelissimo
1400 3896 1754 3958 tyrannorum
1784 3927 1799 3952 ,

212 3982 435 4040 nomine
464 3988 817 4036 commutato.
841 3979 982 4034 Nam
1011 3987 1427 4051 cognomentum
1457 3979 1642 4033 habuit
1670 3979 1800 4049 Epi-

210 4072 446 4144 phanes.
474 4068 645 4124 Porro
673 4070 741 4123 ad
781 4068 1259 4139 septentrionalem,
1290 4069 1485 4136 inquit,
1513 4076 1735 4137 partem,
1768 4086 1800 4122 a

208 4164 349 4217 mari
386 4176 584 4232 magno
612 4160 820 4215 termini
848 4160 1093 4229 incipient
1113 4198 1127 4223 ,
1170 4158 1531 4228 pervenientes
1550 4173 1712 4228 usque
1731 4156 1800 4210 ad

209 4264 445 4309 montem
471 4251 808 4317 altissimum,
836 4268 869 4304 a
889 4267 992 4320 quo
1025 4251 1193 4305 venies
1233 4251 1290 4302 in
1319 4248 1513 4303 Emath
1548 4265 1709 4320 usque
1730 4247 1801 4301 ad

209 4347 469 4401 terminos
515 4342 746 4398 Sedada.
789 4342 1049 4412 Ibunlquc
1087 4340 1323 4410 conﬁnia
1362 4356 1524 4411 usque
1568 4342 1638 4394 ad
1698 4339 1793 4393 Ze-

208 4437 417 4508 phrona
464 4445 515 4491 et
568 4434 749 4489 uillam
799 4434 977 4488 Euan.
1024 4433 1096 4487 Hi
1133 4442 1295 4487 erunt
1326 4433 1534 4487 tennini
1562 4434 1616 4486 in
1643 4442 1792 4503 parte

1909 3352 2229 3407 Eleazarum
2266 3351 2433 3405 illium
2467 3349 2669 3404 Aaron.
2702 3347 2870 3403 Iuds
2897 3347 3137 3418 possedit
3161 3346 3228 3400 ab
3255 3353 3438 3398 austro
3470 3385 3485 3408 ,

1908 3451 1966 3497 et
2011 3443 2265 3513 Ephraim
2296 3449 2352 3494 et
2377 3440 2622 3495 Manasse
2653 3439 2825 3493 tribus
2854 3438 3074 3495 dimidia
3114 3435 3184 3490 ab
3210 3435 3483 3504 aquilone.

1905 3533 2100 3588 Postea
2150 3543 2280 3585 vero
2305 3533 2372 3584 de
2411 3530 2525 3585 Silo
2556 3530 2735 3583 missis
2768 3527 3202 3598 exploratoribus
3248 3540 3348 3593 per
3374 3524 3487 3579 sin-

1907 3625 2062 3696 gulas
2089 3623 2262 3677 tribus
2286 3662 2300 3685 ,
2332 3629 2387 3676 et
2429 3620 2794 3688 descriptione
2839 3628 2999 3672 terrae
3039 3616 3198 3669 allata
3225 3615 3292 3668 ad
3319 3611 3485 3668 Iosue

1907 3723 1961 3768 et
1989 3714 2233 3776 Eleazar,
2259 3709 2534 3777 Beniamin
2549 3708 2700 3776 juxta
2721 3705 2914 3761 Iudam
2936 3705 3004 3759 ab
3029 3712 3235 3768 austro,
3256 3711 3314 3756 et
3326 3701 3482 3770 juxta

1906 3804 2159 3873 Ephraim
2189 3811 2244 3856 et
2286 3801 2565 3855 dimidium
2613 3798 2813 3852 tribum
2842 3795 3089 3849 Manasse
3117 3793 3329 3863 accepit
3362 3807 3486 3863 pos~

1906 3893 2230 3947 sessionem.
2263 3889 2513 3944 Secunda
2547 3888 2720 3941 tribus
2760 3884 2977 3939 Simeon
3009 3882 3217 3953 accepit
3258 3882 3485 3936 hurrcdi-

1905 3990 2073 4038 tatem
2102 3984 2156 4036 in
2184 3980 2335 4035 tribu
2358 3978 2493 4033 Inda
2521 4020 2535 4044 ,
2566 3988 2627 4032 ut
2667 3976 2983 4046 impleretur
3026 3975 3169 4044 quod
3221 3973 3481 4042 scriptum

1904 4072 2089 4128 estde
2127 4070 2254 4125 Levi
2301 4078 2356 4125 et
2395 4068 2635 4124 Simeon.
2688 4066 2939 4121 Dividam
2981 4082 3067 4118 eos
3111 4066 3167 4117 in
3196 4062 3362 4116 Iacob
3387 4102 3400 4125 ,
3435 4069 3482 4114 et

1904 4169 2197 4236 dispergam
2237 4180 2324 4217 eos
2354 4164 2411 4217 in
2446 4160 2616 4215 Israel
2637 4158 2791 4231 (Gen.
2835 4156 3003 4229 χιιι).
3033 4156 3215 4211 Tertia
3244 4153 3481 4208 Zabulon

1904 4256 2179 4311 Galilaeam
2216 4252 2456 4322 accepit,
2488 4251 2541 4304 in
2573 4265 2678 4319 qua
2708 4257 2793 4303 est
2822 4263 2978 4303 mons
3007 4247 3245 4301 Tltabor.
3275 4245 3480 4310 Quarta

1901 4343 2174 4406 lssachar,
2190 4340 2283 4394 ubi
2302 4347 2386 4394 est
2407 4336 2617 4391 Iezrael
2638 4350 2808 4404 usque
2842 4335 2910 4389 ad
2939 4332 3250 4387 Iordanem.
3281 4331 3480 4397 Quinta

1903 4434 2064 4497 Azer,
2096 4444 2267 4499 usque
2312 4429 2379 4482 ad
2426 4434 2666 4481 montem
2705 4423 3014 4480 Carmelum
3042 4463 3056 4488 ,
3099 4423 3189 4491 qui
3234 4421 3481 4475 imminet

208 4496 500 4599 aquilonis.
551 4527 750 4583 Dicunt
803 4525 1016 4581 Hebraei
1066 4524 1540 4595 septentrionalem
1581 4496 1797 4594 plagam
1830 4496 1878 4554 θ
1906 4496 2268 4591 marimag—no
2296 4558 2312 4584 ,
2342 4517 2651 4589 Tyrumque
2688 4525 2744 4570 et
2789 4513 3065 4569 Sidonem.
3102 4513 3265 4566 Sexta
3306 4510 3474 4579 Nepbo

210 4621 461 4689 incipere
486 4633 517 4672 a
549 4618 684 4672 mari
711 4632 934 4687 magno,
986 4616 1135 4685 quod
1159 4613 1484 4679 Palaestinas,
1511 4613 1800 4668 Phoenices

205 4720 262 4765 et
290 4705 471 4781 Syrius
497 4725 618 4780 quae
647 4707 945 4778 appellatur
973 4708 1137 4771 κοίλη,
1163 4707 1475 4778 Ciliciaeque
1513 4707 1801 4778 praetendit

206 4801 507 4866 littoribus,
534 4810 591 4855 et
616 4814 713 4869 per
737 4798 1030 4870 Egyptum
1066 4798 1241 4852 tendit
1270 4799 1337 4852 ad
1368 4798 1615 4869 Libyam.
1644 4798 1797 4865 Quod

208 4901 402 4946 autem
428 4891 656 4955 dicunt,
702 4890 1129 4959 «pervenientes
1182 4888 1447 4944 terminos
1506 4903 1678 4958 usque
1734 4889 1800 4943 ad

209 4990 459 5037 montem
506 4980 873 5045 altissimum,
920 5000 949 5032 »η
1004 4980 1065 5034 id
1109 4980 1322 5035 llebrmi
1373 4990 1660 5036 autumant
1713 4978 1798 5034 vel

206 5070 487 5126 Amanum
518 5076 755 5124 montem
805 5068 1112 5139 signiﬁcare
1137 5108 1151 5133 ,
1204 5069 1287 5122 vel
1323 5068 1562 5123 Taurum
1599 5108 1614 5134 ,
1652 5068 1796 5138 quod

211 5161 372 5216 nobis
393 5160 611 5215 videtur
631 5160 830 5214 verius.
853 5160 1121 5228 lbontque
1142 5159 1337 5229 inquit,
1369 5160 1602 5215 conﬁnia
1628 5175 1799 5229 usque

207 5251 280 5305 ad
330 5250 638 5320 Zcpbrona,
674 5250 1025 5320 quamobrem
1057 5249 1214 5304 hodie
1242 5250 1502 5319 Zipbeum
1531 5251 1786 5320 oppidum

209 5341 418 5396 Cilicia:
469 5348 687 5395 vocant.
744 5340 898 5407 Quod
948 5348 1127 5393 autem
1175 5341 1418 5409 sequitur
1450 5380 1464 5403 ,
1501 5358 1518 5389 ι
1555 5349 1617 5393 et
1662 5339 1791 5394 villa

210 5433 386 5498 Euan,
428 5449 455 5483 ι
478 5445 578 5500 pro
598 5445 707 5500 quo
735 5431 791 5485 in
820 5430 1045 5485 ﬁebrazo
1071 5430 1465 5499 scriptumcst,
1491 5428 1793 5497 Aserenan,

212 5522 357 5593 quod
384 5522 775 5592 interpretatur
800 5523 997 5576 atrium
1033 5519 1201 5574 fontis
1218 5560 1232 5585 ,
1288 5521 1553 5576 terminus
1577 5530 1661 5575 est
1687 5522 1794 5576 Da-

212 5615 401 5669 masci.
436 5612 503 5669 Et
537 5613 604 5669 ab
631 5613 898 5683 Aquilone
944 5626 1115 5681 usque
1163 5613 1237 5667 ad
1283 5612 1592 5683 aquilonem
1639 5612 1796 5684 plaga

213 5705 674 5779 septentrionalis.
704 5703 1209 5771 Inde-metuuntur,
1238 5703 1432 5781 inquit,
1459 5703 1591 5775 ﬁnes
1612 5714 1797 5758 contra

1899 4613 2113 4678 thalim,
2149 4612 2204 4666 in
2234 4608 2477 4675 Galiluaa,
2516 4622 2685 4677 usque
2712 4608 2785 4661 ad
2808 4604 3118 4668 Iordanem,
3151 4604 3242 4657 ubi
3268 4610 3353 4658 est
3384 4602 3478 4656 Τί-

1899 4702 2084 4758 berias
2116 4740 2132 4766 ,
2184 4713 2304 4769 quae
2339 4697 2479 4753 olim
2515 4694 2890 4766 appellabatur
2920 4691 3205 4747 Ccnereth.
3241 4690 3479 4761 Septima

1900 4791 2035 4853 Dan,
2061 4803 2232 4859 usque
2256 4787 2324 4842 ad
2343 4785 2572 4856 Ioppen,
2601 4784 2689 4839 ubi
2724 4792 2850 4839 sunt
2883 4793 3058 4837 turres
3093 4781 3353 4836 Achiloan
3377 4797 3393 4843 ;
3425 4789 3481 4835 et

1902 4884 2178 4944 Emmaus,
2205 4888 2261 4934 et
2286 4877 2464 4933 Selebi
2495 4891 2615 4948 quae
2648 4892 2791 4931 mmc
2828 4873 3133 4945 appellatur
3166 4872 3436 4943 Nicopolis
3461 4912 3477 4938 ,

1900 4972 2029 5025 licet
2059 4977 2245 5038 postea
2274 4968 2562 5037 legerimus
2589 4966 2733 5035 quod
2768 4965 3014 5033 ceperint
3042 4963 3165 5027 sibi,
3200 4971 3480 5018 transceu.

1898 5061 1977 5114 sis
2003 5059 2124 5113 aliis
2168 5058 2445 5122 tribubus,
2477 5057 2666 5110 urbem
2704 5055 2895 5110 Lesam
2926 5054 2978 5108 in
3012 5054 3153 5107 tribu
3176 5053 3288 5107 Dan
3312 5092 3328 5116 ,
3357 5062 3478 5121 qua:

1898 5151 2060 5206 hodie
2087 5148 2386 5220 appellatur
2403 5147 2633 5203 Paucas.
2665 5145 2792 5201 Hrcc
2810 5145 3010 5201 locutio
3027 5156 3191 5215 quam
3215 5144 3472 5199 liabemns

1901 5245 1954 5300 in
2010 5245 2298 5307 manibus,
2336 5241 2582 5297 umbram
2637 5240 2802 5295 habet
2845 5236 3149 5292 futurorum
3189 5237 3473 5291 bonorum.

1899 5334 2257 5403 Consequens
2289 5332 2504 5387 videtur
2560 5338 2614 5384 et
2666 5328 3081 5391 necessarium,
3133 5324 3312 5380 omnia
3358 5335 3478 5388 qua:

1902 5425 2057 5494 quasi
2084 5425 2150 5479 de
2180 5423 2342 5477 rebus
2372 5420 2607 5476 terrenis
2652 5418 3034 5473 describuntur
3079 5415 3133 5467 in
3183 5412 3321 5481 lege,
3351 5422 3470 5462 um-

1903 5515 2030 5570 bras
2064 5529 2188 5569 esse
2212 5514 2482 5567 bonorum
2510 5509 2847 5575 caelestium;
2876 5506 3158 5574 omnisque
3186 5501 3481 5557 hoereditas

1904 5614 2064 5661 terra:
2088 5604 2252 5670 illius,
2279 5617 2401 5673 quae
2424 5603 2487 5657 in
2499 5601 2685 5656 ludum
2710 5608 2853 5654 terra
2880 5602 3143 5651 sanctact
3166 5601 3309 5648 terra
3335 5593 3476 5647 bona

1904 5696 2221 5772 appellatur,
2256 5695 2431 5766 imago
2467 5693 2542 5748 sit
2578 5693 2843 5746 bonorum
2871 5685 3208 5752 cotlestinm,
3244 5698 3476 5756 quorum
