3964 6192
428 330 529 385 831

1064 317 1127 372 Β.
1162 311 1416 371 RABAM
1456 307 1676 365 MAURI
1713 301 2035 361 ARCIIIEP.
2077 297 2384 358 MOGUNT.
2425 293 2713 353 OPERUM
2749 290 2932 347 PARS
2971 289 3015 344 I.

3567 283 3691 342 85‘!

426 441 547 497 lwec
586 433 821 491 diximus
869 441 992 498 quae
1035 423 1091 479 in
1141 423 1303 478 terris
1331 422 1470 476 bona
1499 424 1867 473 memorantur
1890 428 2008 467 um-
2035 415 2081 473 Α
2110 409 2273 466 habet
2299 410 2384 463 lex
2412 408 2714 463 futurorum
2748 406 3047 468 bonorum,
3077 409 3132 456 et
3158 399 3455 476 exemplari
3483 408 3537 456 et
3568 414 3703 455 um-

632 531 794 591 atque
826 492 1116 587 imaginem
1148 523 1352 568 tenere.
1404 508 1573 563 Nemo
1621 506 1833 561 dubitat
1864 502 2007 573 quod
2090 504 2218 561 .brae
2260 500 2605 564 deserviunt,
2651 496 2953 553 cmlestium
2991 492 3084 563 qui
3130 492 3325 563 inlcge
3354 492 3700 558 deserviunt,

431 620 487 674 in
519 628 660 672 terra
688 611 873 667 Judaaa
905 585 1083 662 omnis
1108 604 1256 657 locus
1278 642 1292 666 ,
1342 598 1517 653 omnis
1539 611 1713 661 mons,
1735 593 1914 648 omnis
1935 592 2012 646 ci-
2107 601 2163 649 et
2190 607 2332 647 nunc
2360 606 2457 660 per
2484 587 2761 660 speculum
2800 595 2854 642 et
2898 587 2950 641 in
2976 585 3264 655 aenigmate
3292 624 3308 648 ,
3346 591 3473 639 tunc
3507 592 3706 641 autem

431 713 572 766 vitas
591 718 648 764 et
668 706 838 769 vicus,
862 702 1029 757 certis
1050 697 1352 767 quibusque
1377 689 1653 746 vocabulis
1674 686 2006 757 designetur:

433 819 535 858 nec
559 808 644 856 est
672 797 812 853 ullus
842 793 1064 849 omnino
1090 789 1207 843 sine
1249 784 1465 839 nomine
1505 781 1656 836 locus
1681 819 1696 845 ,
1737 776 1836 831 sed
1885 789 2013 845 pro-

432 894 568 964 priis
630 886 840 959 singula
908 882 1135 951 quaeque
1184 872 1632 945 appellationibus
1682 869 2008 939 designata;

433 958 585 1039 verbi
620 958 816 1050 gratia,
845 973 1041 1043 quibus
1069 975 1161 1023 aut
1187 963 1475 1021 Chananaei
1517 961 1573 1015 in
1614 960 1726 1015 suis
1772 958 1924 1020 locis,
1955 962 2015 1009 ut

433 1044 706 1128 Phereiei
722 1060 1135 1120 nihilominusin
1156 1056 1290 1120 suis,
1311 1050 1717 1118 Amorrlueique
1734 1055 1828 1101 aut
1846 1044 2011 1107 Evaei,

434 1161 519 1216 vel
557 1159 719 1215 etiam
763 1151 972 1210 Ilebrani
1011 1148 1438 1204 nominarentur.
1466 1141 1544 1194 Ita
1572 1154 1699 1209 ergo
1721 1135 2014 1192 secundum

437 1249 762 1308 sententiam
788 1244 964 1308 Pauli,
1002 1240 1094 1311 qui
1122 1239 1372 1293 umbram
1423 1242 1480 1288 et
1517 1229 1793 1298 exemplar
1823 1224 2017 1282 caeles-

438 1346 577 1398 tium
613 1340 747 1396 dicit
781 1352 904 1393 esse
950 1344 1198 1396 terrena,
1246 1328 1476 1383 fortasse
1506 1324 1563 1378 in
1591 1321 1901 1377 cmlestibus
1929 1332 2018 1371 re-

441 1433 692 1505 gionibus
719 1435 879 1484 erunt
908 1427 1149 1480 locorum
1172 1417 1486 1476 differentiae
1524 1413 1762 1468 nomine.
1810 1407 2020 1464 Descri—

440 1498 589 1579 bitur
611 1534 740 1591 ergo
764 1518 988 1572 verbum
1019 1513 1115 1567 Dei
1144 1511 1197 1564 in
1222 1509 1339 1579 lege
1365 1506 1544 1560 divina
1566 1510 1727 1556 terrae
1746 1498 1943 1553 Judazae
1964 1504 2019 1549 ct

442 1617 561 1671 haec
583 1587 775 1668 referri
804 1607 1001 1663 debent
1024 1604 1092 1660 ad
1121 1601 1408 1672 imaginem
1433 1593 1754 1652 cmlestium.
1780 1590 1836 1644 In
1863 1587 2019 1644 cmlis

442 1716 624 1759 autem
654 1701 930 1756 evidenter
957 1710 1077 1750 esse
1104 1690 1400 1747 Jerusalem
1430 1686 1637 1746 civitas,
1666 1683 1733 1737 ab
1761 1678 2018 1750 Apostolo

2110 683 2248 739 facie
2276 682 2345 736 ad
2372 680 2586 744 faciem,
2615 678 2705 748 qui
2736 685 2915 732 tamen
2936 676 3307 738 merebuntur,
3323 674 3708 729 conversatio-

2112 789 2235 828 nem
2281 771 2556 827 habebunt
2582 771 2637 824 ln
2676 769 2850 825 caelis.
2883 767 2943 823 Si
2967 782 3098 836 ergo
3120 782 3217 837 per
3246 768 3702 836 consequentiam

2113 853 2293 919 rerum
2334 871 2389 918 et
2421 860 2843 932 promissionum
2893 858 3096 913 fmdere
3141 856 3427 914 transferri
3478 872 3575 912 nos
3630 856 3709 912 de

2112 955 2274 1010 terris
2299 960 2512 1023 oportet
2536 953 2603 1007 ad
2627 951 2846 1015 ctelum,
2884 959 3015 1021 puto
3043 949 3188 1018 quod
3223 950 3278 1004 in
3303 948 3434 1020 ipsis
3457 949 3711 1005 caelesti-

2112 1044 2213 1100 bus
2241 1043 2375 1099 locis
2398 1040 2557 1097 Jesus
2586 1049 2771 1096 noster
2798 1039 3056 1095 Dominus
3082 1077 3097 1102 ,
3132 1053 3241 1093 non
3287 1039 3491 1109 absque
3529 1039 3716 1093 meri—

2114 1143 2293 1189 torum
2336 1141 2485 1188 sorte
2519 1143 2958 1198 unumquemque
2988 1129 3043 1183 in
3088 1128 3178 1182 illa
3222 1127 3308 1183 vel
3352 1128 3405 1182 in
3447 1128 3537 1183 illa
3562 1128 3711 1184 caeli

2115 1234 2271 1295 parte
2309 1230 2363 1277 et
2392 1221 2723 1277 habitatione
2751 1220 3068 1274 constituat.
3103 1217 3209 1273 Sed
3252 1219 3394 1273 sicut
3418 1219 3587 1273 multa
3615 1225 3719 1272 est

2116 1314 2417 1369 dill‘erentia
2444 1313 2498 1366 in
2532 1311 2726 1376 terris,
2756 1310 2906 1364 verbi
2947 1308 3123 1379 gratia
3143 1348 3158 1372 ,
3191 1309 3436 1363 habitare
3460 1309 3519 1363 in
3554 1307 3716 1363 locis

2119 1405 2360 1461 fecundis
2384 1413 2439 1460 et
2466 1404 2699 1473 copiosis
2726 1418 2790 1457 ac
2817 1402 2973 1457 bonis
2992 1400 3243 1455 omnibus
3266 1401 3710 1466 abundantibus,

2118 1497 2209 1551 ubi
2237 1503 2295 1551 et
2321 1495 2465 1549 aeris
2492 1495 2780 1563 temperies
2814 1502 2870 1546 et
2892 1491 3127 1546 eruditio
3154 1491 3427 1545 hominum
3453 1506 3520 1546 ac
3547 1491 3719 1547 Iibe-

2120 1589 2255 1642 ralia
2294 1588 2541 1642 instituta
2584 1601 2692 1640 non
2721 1586 2949 1649 desunt;
2981 1592 3036 1638 et
3063 1584 3223 1653 longe
3248 1582 3393 1636 aliud
3419 1590 3502 1637 est
3536 1582 3725 1637 habi-

2121 1685 2239 1731 tare
2263 1684 2356 1729 aut
2380 1674 2436 1728 in
2456 1673 2590 1729 locis
2610 1672 2916 1728 infecundis
2955 1680 3012 1726 et
3049 1686 3232 1727 rerum
3266 1671 3485 1739 penuria
3527 1686 3727 1740 squa-

440 1790 847 1863 pronuntiatur,
871 1795 927 1840 et
947 1798 1102 1839 mons
1138 1780 1288 1835 Sion.
1332 1777 1681 1844 Consequens
1720 1746 1884 1841 igitur
1933 1776 2015 1823 est
2049 1746 2092 1804 Β
2120 1767 2243 1822 lidis
2267 1805 2282 1831 ,
2321 1772 2416 1820 aut
2443 1772 2579 1820 aestu
2603 1763 2853 1826 torridis,
2884 1769 2978 1816 aut
3005 1760 3202 1832 frigore
3225 1760 3447 1831 geluque
3472 1769 3725 1831 torpen-

440 1859 503 1935 ut
526 1880 665 1935 sicut
685 1877 803 1932 alia:
825 1876 1071 1930 civitates
1094 1871 1240 1925 circa
1263 1864 1560 1922 Jerusalem
1584 1871 1853 1916 terrenam
1876 1859 2012 1922 sitae,

439 1981 495 2027 et
526 1971 629 2026 vici
653 2011 669 2035 ,
711 1977 766 2025 et
795 1968 1022 2022 diversa:
1060 1976 1287 2032 quaeque
1316 1957 1589 2027 regiones,
1620 1954 1693 2008 ita
1714 1960 1771 2006 et
1794 1950 1882 2006 illa
1906 1966 2018 2005 οω-

442 2062 599 2118 lestis
619 2059 942 2123 Jerusalem,
986 2055 1279 2111 secundum
1311 2048 1600 2119 imaginem
1625 2054 1963 2100 terrenorum
2001 2082 2016 2107 ,

442 2151 640 2206 habeat
666 2150 811 2205 circa
837 2161 897 2201 se
934 2154 990 2200 et
1015 2145 1149 2198 alias
1179 2142 1430 2198 civitates
1468 2147 1521 2193 et
1551 2138 1720 2201 vicos,
1749 2135 2021 2188 diversas.

441 2258 549 2315 que
572 2244 839 2315 regiones,
877 2242 932 2294 in
976 2240 1174 2310 quibus
1211 2235 1442 2307 populus
1468 2234 1561 2287 Dei
1584 2240 1640 2286 et
1665 2244 1826 2283 verus
1854 2225 2017 2281 Israel

444 2351 543 2405 per
574 2332 760 2389 Jesum
813 2347 1034 2397 verum,
1083 2330 1237 2400 cujus
1285 2327 1374 2382 ille
1418 2324 1574 2379 Jesus
1615 2322 1762 2377 Nave
1814 2318 2023 2374 ferebat

448 2423 759 2493 imaginem,
784 2420 1125 2477 collocandus
1151 2426 1253 2482 est,
1287 2415 1499 2486 quando
1546 2421 1601 2467 et
1650 2411 2021 2466 haereditatem

446 2510 611 2566 sortis
657 2511 1070 2571 distributione,
1129 2509 1182 2562 id
1219 2517 1302 2561 est
1331 2506 1643 2560 meritorum
1686 2501 2021 2569 contempla-

380 2657 389 2664 _
449 2600 626 2665 tione,
682 2607 767 2655 est
811 2607 1085 2668 capturus.
1128 2597 1184 2651 Si
1224 2611 1352 2664 ergo
1394 2610 1538 2648 nunc
1584 2592 1840 2646 Dominus
1893 2589 2024 2643 dicit

448 2688 503 2743 in
545 2687 923 2743 distributione
947 2695 1125 2751 terrm,
1162 2685 1313 2740 verbi
1341 2682 1533 2754 gratia,
1567 2681 1828 2737 terminos
1852 2678 2024 2734 tribus

448 2779 595 2834 illius
622 2794 742 2835 esse
778 2779 912 2834 istos
935 2820 949 2843 ,
996 2784 1049 2832 et
1073 2776 1294 2831 alterius
1318 2774 1482 2837 alios,
1511 2788 1581 2828 ne
1605 2771 1744 2827 forte
1768 2770 2023 2841 quoniam

449 2872 659 2927 diversa
688 2879 847 2926 erant
870 2869 1058 2924 merita
1087 2883 1273 2923 eorum
1301 2868 1392 2936 qui
1429 2862 1801 2920 hazrcditatem
1831 2876 2024 2917 conse-

451 2962 564 3019 cuti
597 2971 724 3018 sunt
752 2962 903 3030 regni
952 2959 1232 3015 caelorum.
1286 2958 1495 3012 Idcirco
1542 2956 1596 3010 in
1641 2955 1726 3009 his
1774 2953 2024 3008 tribubus

450 3054 801 3109 observantes
831 3091 846 3115 ,
885 3048 1061 3104 dirimi
1103 3047 1323 3116 jubetur
1385 3046 1488 3100 ista
1519 3042 1794 3098 distinctio
1846 3040 2026 3096 termi-

450 3157 645 3197 norum
678 3181 693 3205 ,
750 3148 810 3194 ut
864 3140 1099 3193 sciamus
1149 3151 1270 3192 esse
1341 3137 1440 3190 has
1496 3135 1810 3187 meritorum
1870 3129 2021 3185 diffe-

451 3232 655 3285 rentias
717 3229 771 3282 in
811 3241 1145 3296 unoquoque
1182 3225 1565 3280 observandas.
1624 3221 1786 3277 Verbi
1828 3222 2023 3291 gratia,

457 3319 549 3387 qui
605 3318 680 3370 ita
737 3314 1070 3384 negligenter
1101 3314 1341 3375 vixerit,
1385 3321 1444 3365 ut
1503 3327 1601 3380 pro
1657 3311 1759 3364 ﬁde
1810 3309 2027 3379 quidem

460 3421 556 3461 sua
582 3412 855 3459 mereatur
882 3403 1068 3456 haberi
1100 3402 1242 3456 inter
1269 3400 1408 3455 ﬁlios
1426 3401 1612 3464 Israel,
1637 3415 1736 3469 pro
1759 3400 2031 3471 negligen—

458 3496 532 3548 tia
562 3509 691 3549 vero
722 3493 845 3547 vita:
876 3501 1149 3562 gestorum
1180 3491 1384 3546 desidia
1410 3531 1424 3556 ,
1460 3491 1513 3545 in
1554 3490 1696 3545 tribu
1726 3489 1911 3543 Ruben
1938 3498 2032 3543 aut

458 3583 596 3650 Gad,
636 3591 728 3638 aut
764 3580 986 3637 dimidia
1017 3580 1159 3636 tribu
1191 3580 1434 3636 Manasse
1458 3581 1651 3635 debeat
1689 3579 1952 3649 reputari,
1976 3586 2031 3634 et

455 3690 564 3730 non
600 3675 741 3729 intra
768 3671 1080 3737 Iordanem,
1116 3671 1210 3727 sed
1236 3680 1389 3726 extra
1420 3687 1542 3727 eum
1574 3680 1774 3726 sortem
1805 3663 2033 3726 haeredié

458 3765 586 3819 tatis
625 3764 889 3832 accipere.
939 3761 1091 3817 Alius
1118 3775 1248 3815 vero
1284 3761 1375 3828 qui
1416 3774 1474 3814 se
1507 3760 1884 3816 emendatione
1910 3761 2032 3814 vita:

456 3862 511 3909 et
540 3853 889 3908 conversione
913 3850 1175 3922 propositi
1209 3850 1370 3905 talem
1398 3849 1713 3916 reddiderit,
1742 3859 1801 3904 ut
1834 3865 2032 3905 secun-

458 3942 586 3996 dum
616 3956 752 4010 quas
781 3941 927 3996 solus
958 3941 1101 3996 Deus
1143 3940 1293 3994 novit
1340 3941 1609 4006 rationes,
1653 3951 1746 3994 aut
1788 3941 1841 3994 in
1891 3941 2034 3994 tribu

457 4033 618 4097 Juda,
663 4042 757 4087 aut
789 4033 843 4087 in
880 4032 1022 4087 tribu
1050 4030 1350 4100 Benjamin,
1378 4033 1430 4086 in
1461 4048 1566 4100 qua
1592 4033 1709 4102 ipsa
1733 4031 2032 4087 Jerusalem

459 4136 517 4181 et
546 4126 799 4195 templum
831 4125 925 4180 Dei
956 4133 1116 4194 atque
1146 4123 1317 4178 altare
1344 4124 1620 4188 consistit,
1649 4123 1843 4178 debeat
1869 4139 2029 4193 repu-

459 4219 586 4284 tari,
612 4225 668 4273 et
724 4216 862 4272 alius
910 4217 963 4271 in
994 4216 1119 4283 alia,
1166 4224 1330 4285 atque
1389 4215 1528 4269 alius
1587 4214 1643 4268 in
1677 4215 1804 4269 alia.
1835 4215 1903 4269 Et
1930 4216 2033 4271 hoc

460 4311 622 4367 modo
657 4311 770 4365 haec
800 4324 919 4379 quae
964 4324 1108 4364 nunc
1150 4309 1205 4363 in
1260 4308 1397 4362 libro
1440 4308 1797 4362 Numerorum
1831 4308 2030 4377 scripta

2119 1857 2285 1921 tibus,
2311 1854 2398 1911 vel
2424 1861 2573 1909 certe
2594 1852 2686 1908 ubi
2713 1852 2875 1908 nulla:
2902 1851 3071 1921 leges,
3100 1853 3195 1906 sed
3224 1850 3469 1904 immanis
3495 1859 3552 1905 et
3575 1851 3723 1905 fera

2118 1946 2397 2002 barbaries
2427 1985 2441 2009 ,
2493 1944 2584 1999 ubi
2629 1942 2769 1997 bella
2795 1956 3010 2011 semper
3037 1948 3092 1993 et
3131 1953 3400 2008 nunquam
3450 1938 3718 2007 requies.

2119 2038 2187 2091 Et
2214 2037 2330 2091 haec
2354 2051 2462 2090 non
2487 2034 2605 2087 sine
2628 2031 2839 2087 occulta
2871 2031 3102 2100 quadam
3134 2027 3227 2084 Dei
3273 2028 3723 2098 diSpensatione,

2119 2135 2175 2181 et
2205 2126 2392 2197 judicii
2429 2122 2546 2191 ejus
2594 2122 2808 2193 justitia
2855 2121 3145 2190 unicuique
3202 2120 3563 2174 decernuntur
3602 2139 3624 2173 :
3656 2131 3727 2175 ct

2121 2218 2197 2272 ita
2224 2217 2277 2270 in
2308 2215 2411 2271 illis
2446 2214 2581 2270 locis
2606 2213 2711 2269 erit
2733 2212 2936 2280 aliquid
2973 2210 3099 2276 tale,
3135 2218 3192 2265 et
3220 2211 3274 2264 in
3298 2210 3443 2265 nullo
3468 2226 3730 2281 prorsus

2123 2307 2300 2363 inanis
2342 2307 2604 2361 habeatur
2649 2304 2705 2358 in
2756 2302 2918 2357 terris
2969 2302 3159 2356 umbra
3211 2300 3529 2356 caelestium.
3578 2301 3733 2355 Erit

2121 2415 2270 2471 ergo,
2302 2408 2364 2454 ut
2387 2399 2641 2462 diximus,
2684 2403 2741 2451 et
2785 2394 2857 2449 ibi
2894 2394 3072 2464 aliqua
3115 2393 3307 2449 civitas
3356 2391 3544 2463 refugii
3572 2430 3593 2458 ,
3658 2402 3732 2448 et

2122 2492 2226 2546 erit
2252 2491 2358 2544 alia
2385 2490 2440 2543 in
2462 2489 2697 2552 deserto,
2725 2485 2865 2540 sicut
2890 2484 3060 2539 Bosor
3081 2483 3134 2537 in
3156 2482 3465 2537 hznreditate
3483 2481 3732 2537 Ruben.

2122 2580 2312 2635 Ruben
2342 2579 2533 2634 civitas
2576 2592 2698 2633 esse
2751 2576 2806 2630 in
2855 2574 3073 2629 deserto
3121 2572 3341 2628 dicitur.
3374 2570 3480 2626 Sed
3509 2580 3566 2625 et
3594 2571 3735 2626 alia

2123 2668 2477 2723 nihilominus
2509 2663 2886 2734 consequenda
2933 2662 3019 2716 vel
3055 2660 3317 2730 capienda
3354 2667 3455 2715 est.
3483 2658 3636 2725 Quia
3673 2660 3737 2714 si

2123 2761 2266 2817 Deus
2315 2776 2437 2816 cum
2476 2757 2812 2828 disperderet
2868 2755 3009 2811 ﬁlios
3057 2754 3228 2809 Adam
3256 2795 3272 2821 ,
3323 2754 3512 2809 statuit
3564 2752 3737 2810 ﬁnes

2123 2854 2362 2924 gentium
2405 2870 2424 2902 ‹
2460 2852 2754 2906 secundum
2804 2863 3088 2903 numerum
3143 2846 3453 2918 angelorum
3503 2846 3660 2911 Dei,
3700 2867 3729 2898 ›
3784 2870 3785 2873 η

2123 2945 2209 2999 vel
2236 2985 2251 3009 ,
2283 2952 2341 2997 ut
2371 2942 2424 2997 in
2450 2941 2571 2996 aliis
2593 2939 2997 3008 exemplaribus
3038 2937 3268 3008 legimus
3293 2976 3308 3002 ,
3355 2955 3372 2987 α
3406 2937 3737 2992 secundum

2130 3048 2413 3089 numerum
2464 3032 2695 3086 ﬁliorum
2734 3027 2897 3083 Israel
2942 3027 2999 3080 in
3055 3027 3207 3081 initio
3255 3026 3458 3090 mundi,
3492 3045 3512 3078 ι
3542 3034 3598 3080 et
3638 3027 3737 3081 ita

2128 3127 2355 3196 dispersi
2403 3132 2528 3180 sunt
2583 3122 2678 3177 ﬁlii
2725 3120 2868 3175 illius
2920 3118 3114 3182 Adam,
3162 3117 3304 3172 sicut
3343 3115 3427 3170 vel
3485 3115 3738 3173 illorum

2125 3218 2319 3275 merita
2347 3257 2361 3279 ,
2419 3215 2505 3269 vel
2576 3213 2746 3283 ipsius
2817 3209 2947 3265 Adae
3024 3207 3402 3276 contemplatio
3458 3206 3740 3276 postula-

2127 3311 2262 3375 bat,
2314 3307 2443 3379 quid
2491 3307 2734 3361 dicemus
2762 3302 3004 3359 futurum
3042 3316 3166 3357 cum
3201 3298 3475 3356 novissimi
3503 3299 3731 3362 Adam,

2127 3400 2219 3469 qui
2247 3414 2354 3453 non
2375 3398 2429 3452 in
2453 3397 2691 3452 animam
2721 3394 3017 3458 viventem,
3047 3392 3143 3448 sed
3178 3392 3232 3445 in
3276 3391 3526 3460 spiritum
3569 3389 3739 3445 vivi-

2128 3493 2378 3548 ﬁcantem
2417 3488 2592 3544 factus
2617 3494 2723 3550 est,
2766 3485 2992 3554 coeperit
3023 3483 3161 3538 ﬁlios
3186 3483 3489 3552 dispergere
3516 3479 3735 3536 divina

2129 3581 2387 3652 dignatio,
2414 3594 2520 3633 non
2546 3578 2603 3632 in
2635 3576 2807 3642 initio,
2836 3574 2930 3630 sed
2957 3574 3011 3627 in
3037 3572 3146 3627 ﬁne
3172 3571 3384 3636 mundi;
3413 3577 3467 3625 et
3495 3585 3605 3624 non
3658 3579 3738 3625 ut

2130 3673 2249 3728 illos
2295 3671 2386 3740 qui
2435 3669 2489 3723 in
2535 3667 2708 3722 Adam
2742 3679 2931 3721 omnes
2974 3662 3173 3719 mortui
3220 3669 3370 3726 sunt,
3399 3660 3493 3716 sed
3520 3669 3584 3714 ut
3610 3675 3735 3716 eos

2130 3765 2222 3833 qui
2251 3764 2305 3817 in
2333 3760 2550 3816 Christo
2577 3771 2767 3813 omnes
2790 3753 3047 3809 viviﬁcati
3073 3761 3219 3816 sunt,
3258 3752 3374 3806 sine
3404 3750 3572 3805 dubio
3599 3752 3737 3806 erit

2130 3851 2375 3923 quaedam
2400 3848 2592 3905 divisio
2632 3854 2687 3901 et
2723 3843 3031 3901 distributio
3067 3842 3212 3906 talis,
3239 3856 3360 3911 qua:
3388 3855 3494 3895 non
3526 3840 3730 3895 solum

2130 3959 2230 4014 pro
2280 3941 2489 3997 meritis
2528 3953 2650 4008 quae
2689 3937 3100 4006 dispensantur,
3148 3934 3242 3989 sed
3279 3941 3335 3987 et
3370 3946 3467 4002 pro
3524 3932 3733 3987 novis-

2130 4034 2254 4090 simi
2283 4032 2471 4094 Adam,
2502 4031 2557 4085 in
2584 4044 2691 4099 quo
2720 4041 2912 4083 omnes
2932 4024 3239 4081 viviﬁcandi
3267 4024 3535 4088 dicuntur,
3574 4037 3731 4078 oon-

2131 4121 2480 4192 templatione
2526 4117 2798 4188 pensanda
2840 4116 2931 4171 sit.
2981 4113 3093 4169 Sed
3135 4113 3258 4184 quis
3301 4121 3547 4168 nostrum
3582 4112 3731 4167 talis

2131 4221 2236 4276 est,
2265 4219 2326 4266 ut
2355 4211 2424 4265 ab
2454 4206 2761 4279 hujusmodi
2788 4204 3173 4262 distributione
3198 4204 3264 4258 ad
3290 4203 3437 4257 illam
3467 4200 3728 4258 celestis

2132 4299 2464 4357 hmredilatis
2508 4304 2712 4353 sortem
2749 4295 2937 4351 venire
2980 4293 3295 4349 mereatur?
3316 4292 3446 4359 Quis
3475 4291 3550 4346 ita
3577 4291 3729 4347 bea-

460 4400 791 4466 referuntur,
822 4400 1164 4454 adumbratio
1192 4399 1435 4469 quaadam
1477 4400 1585 4454 sint
1626 4398 1821 4455 futura:
1869 4400 2033 4455 sortis
2058 4416 2109 4475 Ι)
2136 4403 2221 4449 tus
2254 4392 2396 4457 erit,
2426 4388 2579 4458 cujus
2603 4402 2723 4443 sors
2746 4385 3046 4442 Jerusalem
3091 4384 3293 4448 veniet,
3325 4391 3384 4436 ut
3411 4383 3485 4437 sit
3506 4381 3586 4436 ibi
3615 4382 3727 4437 ubi

461 4491 516 4544 in
544 4492 696 4547 caelis
720 4532 734 4553 ,
769 4507 954 4546 eorum
982 4492 1244 4546 duntaxat
1269 4493 1361 4561 qui
1396 4506 1493 4561 per
1532 4491 1712 4547 Jesum
1747 4491 2033 4546 Dominum

466 4595 531 4634 ac
558 4579 888 4636 Saivatorem
918 4591 1158 4637 nostrum
1203 4581 1592 4645 hereditatem,
1636 4589 1696 4633 ut
1741 4579 1979 4633 diximus
2010 4619 2025 4644 ,

463 4670 680 4738 capiant
709 4672 856 4740 regni
884 4671 1163 4726 cmlorum.
1192 4670 1288 4732 Ibi,
1320 4670 1502 4734 credo,
1526 4670 1809 4737 diligenter
1839 4667 2031 4721 obser-

464 4759 734 4815 vabuntur
757 4764 919 4816 etiam
942 4764 1066 4827 ista,
1102 4777 1221 4832 quae
1251 4762 1338 4817 hic
1369 4762 1782 4823 adumbrantur,
1810 4760 2031 4827 privile-

464 4849 551 4920 gia
577 4853 914 4907 sacerdotum
937 4894 950 4917 ,
981 4855 1174 4922 quibus
1207 4854 1382 4907 vicina
1412 4864 1641 4921 qumque
1667 4848 1890 4903 urbibus
1916 4848 2031 4903 loca

467 4947 522 4994 et
546 4939 676 5008 ipsis
702 4943 967 4997 moenibus
979 4942 1185 5010 juncta,
1215 4942 1489 5013 segregari
1514 4938 1836 4995 mandantur
1857 4955 1887 4993 a
1911 4939 2035 4994 ﬁliis

465 5027 651 5085 Israel.
683 5028 907 5083 Videtur
956 5031 1275 5099 quibusdam
1324 5030 1465 5098 quod
1519 5027 1853 5097 singulorum
1899 5043 2035 5097 quo-

468 5132 700 5188 rumque
744 5118 982 5172 siderum
1031 5120 1230 5189 positio
1258 5160 1271 5185 ,
1297 5129 1351 5173 et
1375 5127 1569 5184 cretus,
1602 5119 1796 5174 civitas
1818 5119 1923 5174 dici
1949 5119 2032 5174 vel

470 5211 659 5265 haberi
706 5210 875 5279 possit
922 5210 975 5264 in
1010 5212 1167 5266 cmlo.
1202 5211 1354 5278 Quod
1388 5226 1487 5282 ego
1536 5211 1755 5281 quidem
1808 5210 2037 5267 deﬁnire

470 5319 577 5358 non
609 5303 799 5385 audeo.
834 5300 1001 5356 Video
1028 5301 1169 5355 enim
1218 5316 1429 5356 omnem
1478 5310 1785 5357 creaturam
1838 5302 1893 5356 in
1945 5318 2040 5373 spe

469 5394 690 5467 quidem
733 5402 953 5465 propter
1001 5408 1124 5447 eum
1160 5393 1253 5462 qui
1294 5392 1521 5462 subjecit
1545 5409 1667 5449 esse
1696 5392 1993 5462 subjectam
2022 5433 2038 5458 ,

465 5495 805 5554 exspectare,
832 5492 887 5540 et
930 5494 1111 5539 tamen
1162 5482 1466 5539 libertatem
1513 5484 1567 5538 in
1614 5483 2039 5553 redemptionem

468 5578 700 5635 ﬁliorum
728 5581 891 5636 Israel
938 5580 1057 5636 sine
1099 5579 1261 5635 dubio
1308 5586 1363 5633 et
1399 5577 1711 5648 praeclarius
1738 5576 1940 5646 aliquid
1977 5590 2042 5630 ac

471 5667 752 5726 sublimius
780 5671 1012 5742 operari.
1054 5671 1111 5726 Si
1141 5685 1289 5742 ergo,
1349 5677 1409 5725 ut
1459 5669 1693 5725 diximus
1726 5708 1744 5732 ,
1788 5667 2037 5722 umbram

2136 4483 2389 4554 templum
2425 4481 2520 4536 Dei
2545 4487 2645 4543 est,
2678 4478 2785 4532 imo
2810 4484 2867 4531 et
2891 4476 3005 4546 ipse
3027 4474 3098 4529 sit
3119 4474 3213 4529 Dei
3241 4471 3539 4541 templum?
3575 4469 3729 4538 Quis

2134 4578 2209 4632 ita
2248 4576 2440 4629 beatus
2476 4578 2599 4635 est,
2632 4575 2693 4624 ut
2733 4567 2806 4622 ibi
2849 4566 2965 4621 dies
3010 4563 3179 4621 festos
3230 4571 3355 4634 agat
3391 4562 3483 4615 ubi
3537 4560 3727 4616 altare

2133 4666 2371 4722 divinum
2395 4661 2668 4734 perpetuis
2703 4660 2919 4730 ignibus
2946 4657 3234 4712 adolatur?
3262 4655 3395 4721 Quis
3417 4653 3494 4707 ita
3515 4654 3724 4708 beatus

2132 4765 2217 4811 est
2241 4756 2330 4825 qui
2374 4752 2702 4809 sacriﬁcium
2727 4765 2881 4805 suum
2907 4756 2963 4803 ct
2990 4749 3268 4802 incensum
3306 4745 3593 4799 suavitatis
3620 4759 3725 4798 su-

2135 4865 2233 4919 pra
2282 4845 2429 4901 illum
2479 4845 2657 4913 ignem
2706 4847 2871 4910 ponat
2918 4839 2985 4893 de
3021 4854 3129 4907 quo
3165 4837 3379 4892 dicebat
3421 4835 3677 4889 Salvator
3702 4877 3719 4899 ,

2140 4937 2320 5005 Ignem
2350 4933 2463 4987 veni
2488 4929 2730 4984 mittere?
2751 4926 2902 4999 (Luc.
2937 4926 3016 4997 ι.)
3044 4925 3178 4992 Quis
3224 4925 3298 4979 ita
3345 4925 3542 4979 beatus
3580 4932 3664 4978 est
3698 4964 3716 4985 ,

2138 5026 2229 5096 qui
2264 5024 2339 5079 ibi
2378 5037 2591 5093 seraper
2634 5027 2758 5090 agat
2784 5016 2991 5072 Pascha
3016 5056 3030 5081 ,
3070 5015 3270 5071 inloco
3292 5029 3458 5084 quem
3489 5014 3721 5085 elegerit

2139 5116 2398 5171 Dominus
2425 5129 2585 5177 suus;
2615 5111 2687 5166 ibi
2712 5110 3056 5165 Pentecostes
3081 5107 3220 5162 diem
3250 5113 3402 5177 gerat
3426 5146 3443 5170 ,
3479 5115 3539 5161 et
3566 5106 3719 5162 festi-

2137 5208 2358 5264 vitatem
2404 5201 2878 5276 repropitiationis,
2919 5206 2974 5254 et
3002 5196 3474 5253 tabernaculorum
3519 5196 3718 5252 solem.

2138 5302 2363 5355 nitatem
2387 5338 2402 5363 ,
2445 5312 2551 5352 non
2588 5292 2703 5362 jam
2731 5308 2827 5363 per
2856 5292 3123 5355 umbram,
3155 5288 3250 5344 sed
3274 5289 3447 5357 ipsam
3477 5289 3715 5358 speciem

2141 5401 2427 5457 rerumque
2468 5381 2791 5440 veritatem?
2823 5379 2954 5446 Quis
3006 5386 3255 5433 nostrum
3296 5376 3496 5446 dignus
3550 5374 3718 5430 habe-

2139 5482 2285 5536 bitur
2303 5493 2424 5534 cum
2462 5476 2633 5530 beatae
2658 5471 2823 5529 sortis
2845 5470 3127 5530 electione,
3158 5482 3282 5522 cum
3306 5465 3554 5520 dividere
3574 5466 3715 5519 Deus

2141 5569 2364 5640 cmperit
2405 5565 2542 5621 ﬁlios
2586 5561 2864 5618 novissimi
2916 5559 3125 5620 Adam,
3194 5557 3279 5612 cui
3337 5555 3537 5611 dicat:
3592 5554 3718 5607 Eri:

2141 5678 2297 5731 super
2324 5660 2549 5730 quinque
2574 5656 2803 5711 civitates
2828 5661 3130 5724 potestatem
3158 5648 3349 5704 habent
3373 5646 3528 5718 (Luc.
3554 5646 3673 5717 xix)
3698 5661 3717 5706 ξ
