  <div class='ocr_page' id='page_1' title='image "/cluster/home/n/w/nwhite01/storage/ocr_20150623/108/hvd.32044054759733/422.png"; bbox 0 0 3964 6192; ppageno 0'>
   <div class='ocr_carea' id='block_1_1' title="bbox 256 277 371 331">
    <p class='ocr_par' dir='ltr' id='par_1_1' title="bbox 256 277 371 331">
     <span class='ocr_line' id='line_1_1' title="bbox 256 277 371 331; baseline 0 0"><span class='ocrx_word' id='word_1_1' title='bbox 256 277 371 331; x_wconf 76' lang='grc'><strong>835</strong></span> 
     </span>
    </p>
   </div>
   <div class='ocr_carea' id='block_1_2' title="bbox 972 272 2862 337">
    <p class='ocr_par' dir='ltr' id='par_1_2' title="bbox 972 272 2862 337">
     <span class='ocr_line' id='line_1_2' title="bbox 972 272 2862 337; baseline 0.005 -8"><span class='ocrx_word' id='word_1_2' title='bbox 972 272 1503 331; x_wconf 74' lang='lat' dir='ltr'><strong>ENARRATIONES</strong></span> <span class='ocrx_word' id='word_1_3' title='bbox 1554 273 1618 328; x_wconf 81' lang='lat' dir='ltr'><strong>IN</strong></span> <span class='ocrx_word' id='word_1_4' title='bbox 1659 273 1916 330; x_wconf 74' lang='lat' dir='ltr'><strong>LIBRUM</strong></span> <span class='ocrx_word' id='word_1_5' title='bbox 1959 275 2419 333; x_wconf 75' lang='lat' dir='ltr'><strong>NUMERORUM.</strong></span> <span class='ocrx_word' id='word_1_6' title='bbox 2463 310 2528 319; x_wconf 91' lang='lat'><strong>—</strong></span> <span class='ocrx_word' id='word_1_7' title='bbox 2568 279 2692 336; x_wconf 80' lang='lat' dir='ltr'><strong>LIB.</strong></span> <span class='ocrx_word' id='word_1_8' title='bbox 2737 282 2862 337; x_wconf 48' lang='lat' dir='ltr'><strong>IV.’</strong></span> 
     </span>
    </p>
   </div>
   <div class='ocr_carea' id='block_1_3' title="bbox 3426 290 3532 347">
    <p class='ocr_par' dir='ltr' id='par_1_3' title="bbox 3426 290 3532 347">
     <span class='ocr_line' id='line_1_3' title="bbox 3426 290 3532 347; baseline -0.009 0"><span class='ocrx_word' id='word_1_9' title='bbox 3426 290 3532 347; x_wconf 60' lang='lat'><strong>834</strong></span> 
     </span>
    </p>
   </div>
   <div class='ocr_carea' id='block_1_4' title="bbox 253 382 3530 457">
    <p class='ocr_par' dir='ltr' id='par_1_4' title="bbox 253 382 3530 457">
     <span class='ocr_line' id='line_1_4' title="bbox 253 382 3530 457; baseline 0.001 -13"><span class='ocrx_word' id='word_1_10' title='bbox 253 404 365 444; x_wconf 86' lang='lat' dir='ltr'><strong>nec</strong></span> <span class='ocrx_word' id='word_1_11' title='bbox 395 385 482 441; x_wconf 86' lang='lat' dir='ltr'><strong>cui</strong></span> <span class='ocrx_word' id='word_1_12' title='bbox 509 384 655 440; x_wconf 96' lang='lat' dir='ltr'><strong>dicat</strong></span> <span class='ocrx_word' id='word_1_13' title='bbox 683 400 694 438; x_wconf 94' lang='lat'>:</span> <span class='ocrx_word' id='word_1_14' title='bbox 728 382 850 437; x_wconf 84' lang='lat' dir='ltr'><strong>Eris</strong></span> <span class='ocrx_word' id='word_1_15' title='bbox 883 401 1040 454; x_wconf 85' lang='lat' dir='ltr'><strong>super</strong></span> <span class='ocrx_word' id='word_1_16' title='bbox 1082 385 1258 439; x_wconf 88' lang='lat' dir='ltr'><strong>decem</strong></span> <span class='ocrx_word' id='word_1_17' title='bbox 1284 385 1514 438; x_wconf 76' lang='lat' dir='ltr'><strong>civitates</strong></span> <span class='ocrx_word' id='word_1_18' title='bbox 1542 392 1845 454; x_wconf 86' lang='lat' dir='ltr'><strong>potestatem</strong></span> <span class='ocrx_word' id='word_1_19' title='bbox 1876 388 1922 446; x_wconf 84' lang='grc' dir='ltr'>Α</span> <span class='ocrx_word' id='word_1_20' title='bbox 1950 385 2108 450; x_wconf 92' lang='lat' dir='ltr'><strong>mori,</strong></span> <span class='ocrx_word' id='word_1_21' title='bbox 2139 400 2303 454; x_wconf 92' lang='lat' dir='ltr'><strong>quam</strong></span> <span class='ocrx_word' id='word_1_22' title='bbox 2333 388 2605 441; x_wconf 89' lang='lat' dir='ltr'><strong>communi</strong></span> <span class='ocrx_word' id='word_1_23' title='bbox 2643 390 2746 443; x_wconf 89' lang='lat' dir='ltr'><strong>hac</strong></span> <span class='ocrx_word' id='word_1_24' title='bbox 2773 399 2947 446; x_wconf 92' lang='lat' dir='ltr'><strong>morte</strong></span> <span class='ocrx_word' id='word_1_25' title='bbox 2978 392 3218 448; x_wconf 82' lang='lat' dir='ltr'><strong>dissolvi.</strong></span> <span class='ocrx_word' id='word_1_26' title='bbox 3269 396 3326 451; x_wconf 89' lang='lat' dir='ltr'><strong>Si</strong></span> <span class='ocrx_word' id='word_1_27' title='bbox 3349 409 3530 457; x_wconf 79' lang='lat' dir='ltr'><strong>autem</strong></span> 
     </span>
    </p>
   </div>
   <div class='ocr_carea' id='block_1_5' title="bbox 251 475 1845 547">
    <p class='ocr_par' dir='ltr' id='par_1_5' title="bbox 251 475 1845 547">
     <span class='ocr_line' id='line_1_5' title="bbox 251 475 1845 547; baseline -0.004 -15"><span class='ocrx_word' id='word_1_28' title='bbox 251 479 457 532; x_wconf 84' lang='lat' dir='ltr'><strong>habens</strong></span> <span class='ocrx_word' id='word_1_29' title='bbox 485 475 634 547; x_wconf 90' lang='lat' dir='ltr'><strong>(Luc.</strong></span> <span class='ocrx_word' id='word_1_30' title='bbox 663 475 811 546; x_wconf 72' lang='lat' dir='ltr'><strong>ius);</strong></span> <span class='ocrx_word' id='word_1_31' title='bbox 853 490 953 529; x_wconf 89' lang='lat' dir='ltr'><strong>nec</strong></span> <span class='ocrx_word' id='word_1_32' title='bbox 989 476 1074 529; x_wconf 92' lang='lat' dir='ltr'><strong>cui</strong></span> <span class='ocrx_word' id='word_1_33' title='bbox 1119 476 1264 530; x_wconf 87' lang='lat' dir='ltr'><strong>dicat</strong></span> <span class='ocrx_word' id='word_1_34' title='bbox 1293 495 1304 528; x_wconf 90' lang='lat'><strong>:</strong></span> <span class='ocrx_word' id='word_1_35' title='bbox 1340 475 1492 528; x_wconf 88' lang='lat' dir='ltr'><strong>Intra</strong></span> <span class='ocrx_word' id='word_1_36' title='bbox 1515 477 1568 528; x_wconf 87' lang='lat' dir='ltr'><strong>in</strong></span> <span class='ocrx_word' id='word_1_37' title='bbox 1592 475 1845 544; x_wconf 83' lang='lat' dir='ltr'><strong>gaudium</strong></span> 
     </span>
    </p>
   </div>
   <div class='ocr_carea' id='block_1_6' title="bbox 251 565 1843 638">
    <p class='ocr_par' dir='ltr' id='par_1_6' title="bbox 251 565 1843 638">
     <span class='ocr_line' id='line_1_6' title="bbox 251 565 1843 638; baseline -0.004 -14"><span class='ocrx_word' id='word_1_38' title='bbox 251 569 461 624; x_wconf 82' lang='lat' dir='ltr'><strong>domini</strong></span> <span class='ocrx_word' id='word_1_39' title='bbox 481 568 559 621; x_wconf 86' lang='lat' dir='ltr'><strong>tui</strong></span> <span class='ocrx_word' id='word_1_40' title='bbox 582 565 804 638; x_wconf 83' lang='lat' dir='ltr'><strong>(Ibid.);</strong></span> <span class='ocrx_word' id='word_1_41' title='bbox 829 567 922 620; x_wconf 89' lang='lat' dir='ltr'><strong>sed</strong></span> <span class='ocrx_word' id='word_1_42' title='bbox 938 567 1024 621; x_wconf 91' lang='lat' dir='ltr'><strong>cui</strong></span> <span class='ocrx_word' id='word_1_43' title='bbox 1054 567 1201 621; x_wconf 81' lang='lat' dir='ltr'><strong>dicat</strong></span> <span class='ocrx_word' id='word_1_44' title='bbox 1227 584 1239 620; x_wconf 90' lang='lat'>:</span> <span class='ocrx_word' id='word_1_45' title='bbox 1260 566 1446 622; x_wconf 88' lang='lat' dir='ltr'><strong>Sedete</strong></span> <span class='ocrx_word' id='word_1_46' title='bbox 1472 576 1521 620; x_wconf 92' lang='lat' dir='ltr'><strong>et</strong></span> <span class='ocrx_word' id='word_1_47' title='bbox 1535 583 1620 620; x_wconf 76' lang='lat' dir='ltr'><strong>vos</strong></span> <span class='ocrx_word' id='word_1_48' title='bbox 1642 582 1843 619; x_wconf 87' lang='lat' dir='ltr'><strong>mecum</strong></span> 
     </span>
    </p>
   </div>
   <div class='ocr_carea' id='block_1_7' title="bbox 251 655 1844 727">
    <p class='ocr_par' dir='ltr' id='par_1_7' title="bbox 251 655 1844 727">
     <span class='ocr_line' id='line_1_7' title="bbox 251 655 1844 727; baseline -0.002 -16"><span class='ocrx_word' id='word_1_49' title='bbox 251 674 420 727; x_wconf 80' lang='lat' dir='ltr'><strong>super</strong></span> <span class='ocrx_word' id='word_1_50' title='bbox 450 655 728 709; x_wconf 75' lang='lat' dir='ltr'><strong>duodecim</strong></span> <span class='ocrx_word' id='word_1_51' title='bbox 757 656 971 708; x_wconf 84' lang='lat' dir='ltr'><strong>thronos</strong></span> <span class='ocrx_word' id='word_1_52' title='bbox 996 695 1011 720; x_wconf 93' lang='lat'><strong>,</strong></span> <span class='ocrx_word' id='word_1_53' title='bbox 1045 655 1346 724; x_wconf 87' lang='lat' dir='ltr'><strong>judicanles</strong></span> <span class='ocrx_word' id='word_1_54' title='bbox 1376 656 1650 709; x_wconf 80' lang='lat' dir='ltr'><strong><em>duodecim</em></strong></span> <span class='ocrx_word' id='word_1_55' title='bbox 1678 656 1844 708; x_wconf 88' lang='lat' dir='ltr'><strong>tribus</strong></span> 
     </span>
    </p>
   </div>
   <div class='ocr_carea' id='block_1_8' title="bbox 253 741 1842 815">
    <p class='ocr_par' dir='ltr' id='par_1_8' title="bbox 253 741 1842 815">
     <span class='ocr_line' id='line_1_8' title="bbox 253 741 1842 815; baseline -0.003 -16"><span class='ocrx_word' id='word_1_56' title='bbox 253 744 439 799; x_wconf 86' lang='lat' dir='ltr'><strong>Israel</strong></span> <span class='ocrx_word' id='word_1_57' title='bbox 459 743 608 815; x_wconf 88' lang='lat' dir='ltr'><strong>(Luc.</strong></span> <span class='ocrx_word' id='word_1_58' title='bbox 647 743 784 812; x_wconf 70' lang='grc' dir='ltr'>χχιι)</span> <span class='ocrx_word' id='word_1_59' title='bbox 811 783 824 805; x_wconf 88' lang='grc'><strong>,</strong></span> <span class='ocrx_word' id='word_1_60' title='bbox 865 751 920 797; x_wconf 86' lang='grc' dir='ltr'><strong>ει</strong></span> <span class='ocrx_word' id='word_1_61' title='bbox 950 743 1016 797; x_wconf 86' lang='lat' dir='ltr'><strong>de</strong></span> <span class='ocrx_word' id='word_1_62' title='bbox 1040 743 1236 812; x_wconf 84' lang='lat' dir='ltr'><strong>quibus</strong></span> <span class='ocrx_word' id='word_1_63' title='bbox 1267 744 1410 798; x_wconf 92' lang='lat' dir='ltr'><strong>dicat</strong></span> <span class='ocrx_word' id='word_1_64' title='bbox 1441 761 1452 796; x_wconf 93' lang='lat'><strong>:</strong></span> <span class='ocrx_word' id='word_1_65' title='bbox 1489 741 1650 796; x_wconf 87' lang='lat' dir='ltr'><strong>Pater</strong></span> <span class='ocrx_word' id='word_1_66' title='bbox 1672 783 1687 808; x_wconf 95' lang='lat'><strong>,</strong></span> <span class='ocrx_word' id='word_1_67' title='bbox 1731 743 1842 797; x_wconf 85' lang='lat' dir='ltr'><strong>rolo</strong></span> 
     </span>
    </p>
   </div>
   <div class='ocr_carea' id='block_1_9' title="bbox 251 833 1844 905">
    <p class='ocr_par' dir='ltr' id='par_1_9' title="bbox 251 833 1844 905">
     <span class='ocr_line' id='line_1_9' title="bbox 251 833 1844 905; baseline -0.001 -17"><span class='ocrx_word' id='word_1_68' title='bbox 251 845 310 888; x_wconf 82' lang='lat' dir='ltr'><strong>ut</strong></span> <span class='ocrx_word' id='word_1_69' title='bbox 341 835 435 888; x_wconf 88' lang='lat' dir='ltr'><strong>ubi</strong></span> <span class='ocrx_word' id='word_1_70' title='bbox 464 851 575 888; x_wconf 85' lang='lat' dir='ltr'><strong>sum</strong></span> <span class='ocrx_word' id='word_1_71' title='bbox 617 851 730 903; x_wconf 89' lang='lat' dir='ltr'><strong><em>ego,</em></strong></span> <span class='ocrx_word' id='word_1_72' title='bbox 769 843 815 887; x_wconf 90' lang='lat' dir='ltr'><strong>et</strong></span> <span class='ocrx_word' id='word_1_73' title='bbox 858 835 945 888; x_wconf 91' lang='lat' dir='ltr'><strong>isti</strong></span> <span class='ocrx_word' id='word_1_74' title='bbox 975 835 1079 887; x_wconf 90' lang='lat' dir='ltr'><strong>sint</strong></span> <span class='ocrx_word' id='word_1_75' title='bbox 1117 850 1318 887; x_wconf 86' lang='lat' dir='ltr'><strong>mecum</strong></span> <span class='ocrx_word' id='word_1_76' title='bbox 1355 833 1536 904; x_wconf 87' lang='lat' dir='ltr'><strong>(Joan.</strong></span> <span class='ocrx_word' id='word_1_77' title='bbox 1568 833 1743 905; x_wconf 84' lang='lat' dir='ltr'><strong>xvn);</strong></span> <span class='ocrx_word' id='word_1_78' title='bbox 1789 842 1844 886; x_wconf 87' lang='lat' dir='ltr'><strong>et</strong></span> 
     </span>
    </p>
   </div>
   <div class='ocr_carea' id='block_1_10' title="bbox 249 923 1836 995">
    <p class='ocr_par' dir='ltr' id='par_1_10' title="bbox 249 923 1836 995">
     <span class='ocr_line' id='line_1_10' title="bbox 249 923 1836 995; baseline -0.001 -17"><span class='ocrx_word' id='word_1_79' title='bbox 249 925 426 978; x_wconf 84' lang='lat' dir='ltr'><strong>etiam</strong></span> <span class='ocrx_word' id='word_1_80' title='bbox 458 923 590 978; x_wconf 92' lang='lat' dir='ltr'><strong>istos</strong></span> <span class='ocrx_word' id='word_1_81' title='bbox 630 939 751 978; x_wconf 88' lang='lat' dir='ltr'><strong>esse</strong></span> <span class='ocrx_word' id='word_1_82' title='bbox 781 938 936 993; x_wconf 83' lang='lat' dir='ltr'><strong>reges</strong></span> <span class='ocrx_word' id='word_1_83' title='bbox 963 933 1022 977; x_wconf 92' lang='lat' dir='ltr'><strong>ut</strong></span> <span class='ocrx_word' id='word_1_84' title='bbox 1055 923 1144 977; x_wconf 89' lang='lat' dir='ltr'><strong>ubi</strong></span> <span class='ocrx_word' id='word_1_85' title='bbox 1186 939 1286 994; x_wconf 92' lang='lat' dir='ltr'><strong>ego</strong></span> <span class='ocrx_word' id='word_1_86' title='bbox 1315 939 1433 977; x_wconf 91' lang='lat' dir='ltr'><strong>sum</strong></span> <span class='ocrx_word' id='word_1_87' title='bbox 1479 940 1573 978; x_wconf 81' lang='lat' dir='ltr'><strong>rex</strong></span> <span class='ocrx_word' id='word_1_88' title='bbox 1609 939 1793 995; x_wconf 85' lang='lat' dir='ltr'><strong>regum</strong></span> <span class='ocrx_word' id='word_1_89' title='bbox 1822 943 1836 990; x_wconf 86' lang='lat'><strong>;</strong></span> 
     </span>
    </p>
   </div>
   <div class='ocr_carea' id='block_1_11' title="bbox 248 1014 1838 1085">
    <p class='ocr_par' dir='ltr' id='par_1_11' title="bbox 248 1014 1838 1085">
     <span class='ocr_line' id='line_1_11' title="bbox 248 1014 1838 1085; baseline 0.002 -18"><span class='ocrx_word' id='word_1_90' title='bbox 248 1014 382 1068; x_wconf 80' lang='lat' dir='ltr'><strong>volo</strong></span> <span class='ocrx_word' id='word_1_91' title='bbox 427 1023 484 1069; x_wconf 91' lang='lat' dir='ltr'><strong>et</strong></span> <span class='ocrx_word' id='word_1_92' title='bbox 524 1014 657 1068; x_wconf 92' lang='lat' dir='ltr'><strong>istos</strong></span> <span class='ocrx_word' id='word_1_93' title='bbox 697 1015 899 1068; x_wconf 88' lang='lat' dir='ltr'><strong>habere</strong></span> <span class='ocrx_word' id='word_1_94' title='bbox 940 1014 1385 1079; x_wconf 79' lang='lat' dir='ltr'><strong>dominationem,</strong></span> <span class='ocrx_word' id='word_1_95' title='bbox 1427 1024 1487 1069; x_wconf 88' lang='lat' dir='ltr'><strong>ut</strong></span> <span class='ocrx_word' id='word_1_96' title='bbox 1511 1025 1565 1069; x_wconf 91' lang='lat' dir='ltr'><strong>et</strong></span> <span class='ocrx_word' id='word_1_97' title='bbox 1593 1032 1694 1085; x_wconf 87' lang='lat' dir='ltr'><strong>ego</strong></span> <span class='ocrx_word' id='word_1_98' title='bbox 1720 1032 1838 1071; x_wconf 90' lang='lat' dir='ltr'><strong>sum</strong></span> 
     </span>
    </p>
   </div>
   <div class='ocr_carea' id='block_1_12' title="bbox 251 1102 1839 1174">
    <p class='ocr_par' dir='ltr' id='par_1_12' title="bbox 251 1102 1839 1174">
     <span class='ocr_line' id='line_1_12' title="bbox 251 1102 1839 1174; baseline 0.001 -16"><span class='ocrx_word' id='word_1_99' title='bbox 251 1105 520 1159; x_wconf 83' lang='lat' dir='ltr'><strong>Dominus</strong></span> <span class='ocrx_word' id='word_1_100' title='bbox 559 1104 995 1158; x_wconf 75' lang='lat' dir='ltr'><strong>dominantium?</strong></span> <span class='ocrx_word' id='word_1_101' title='bbox 1035 1102 1188 1157; x_wconf 85' lang='lat' dir='ltr'><strong>Beati</strong></span> <span class='ocrx_word' id='word_1_102' title='bbox 1240 1104 1331 1173; x_wconf 91' lang='lat' dir='ltr'><strong>qui</strong></span> <span class='ocrx_word' id='word_1_103' title='bbox 1385 1105 1451 1158; x_wconf 89' lang='lat' dir='ltr'><strong>ad</strong></span> <span class='ocrx_word' id='word_1_104' title='bbox 1490 1105 1632 1159; x_wconf 87' lang='lat' dir='ltr'><strong>hanc</strong></span> <span class='ocrx_word' id='word_1_105' title='bbox 1653 1121 1839 1174; x_wconf 84' lang='lat' dir='ltr'><strong>perve-</strong></span> 
     </span>
    </p>
   </div>
   <div class='ocr_carea' id='block_1_13' title="bbox 253 1193 1836 1263">
    <p class='ocr_par' dir='ltr' id='par_1_13' title="bbox 253 1193 1836 1263">
     <span class='ocr_line' id='line_1_13' title="bbox 253 1193 1836 1263; baseline 0 -15"><span class='ocrx_word' id='word_1_106' title='bbox 253 1195 411 1248; x_wconf 87' lang='lat' dir='ltr'><strong>nient</strong></span> <span class='ocrx_word' id='word_1_107' title='bbox 468 1193 858 1248; x_wconf 81' lang='lat' dir='ltr'><strong>beatitudinem</strong></span> <span class='ocrx_word' id='word_1_108' title='bbox 923 1208 1209 1247; x_wconf 85' lang='lat' dir='ltr'><strong>summam.</strong></span> <span class='ocrx_word' id='word_1_109' title='bbox 1259 1193 1409 1247; x_wconf 87' lang='lat' dir='ltr'><strong>Beati</strong></span> <span class='ocrx_word' id='word_1_110' title='bbox 1467 1194 1558 1263; x_wconf 88' lang='lat' dir='ltr'><strong>qui</strong></span> <span class='ocrx_word' id='word_1_111' title='bbox 1613 1195 1682 1248; x_wconf 91' lang='lat' dir='ltr'><strong>ad</strong></span> <span class='ocrx_word' id='word_1_112' title='bbox 1735 1196 1836 1248; x_wconf 89' lang='lat' dir='ltr'><strong>ista</strong></span> 
     </span>
    </p>
   </div>
   <div class='ocr_carea' id='block_1_14' title="bbox 253 1281 1838 1351">
    <p class='ocr_par' dir='ltr' id='par_1_14' title="bbox 253 1281 1838 1351">
     <span class='ocr_line' id='line_1_14' title="bbox 253 1281 1838 1351; baseline 0 -15"><span class='ocrx_word' id='word_1_113' title='bbox 253 1282 681 1337; x_wconf 88' lang='lat' dir='ltr'><strong>conscenderint</strong></span> <span class='ocrx_word' id='word_1_114' title='bbox 736 1281 954 1351; x_wconf 78' lang='lat' dir='ltr'><strong>fastigia</strong></span> <span class='ocrx_word' id='word_1_115' title='bbox 1007 1282 1322 1336; x_wconf 89' lang='lat' dir='ltr'><strong>meritorum</strong></span> <span class='ocrx_word' id='word_1_116' title='bbox 1364 1300 1376 1335; x_wconf 93' lang='lat'><strong>:</strong></span> <span class='ocrx_word' id='word_1_117' title='bbox 1416 1291 1471 1337; x_wconf 93' lang='lat' dir='ltr'><strong>et</strong></span> <span class='ocrx_word' id='word_1_118' title='bbox 1523 1283 1838 1337; x_wconf 82' lang='lat' dir='ltr'><strong>benedictus</strong></span> 
     </span>
    </p>
   </div>
   <div class='ocr_carea' id='block_1_15' title="bbox 253 1373 1840 1444">
    <p class='ocr_par' dir='ltr' id='par_1_15' title="bbox 253 1373 1840 1444">
     <span class='ocr_line' id='line_1_15' title="bbox 253 1373 1840 1444; baseline 0.002 -19"><span class='ocrx_word' id='word_1_119' title='bbox 253 1373 402 1428; x_wconf 88' lang='lat' dir='ltr'><strong>Deus</strong></span> <span class='ocrx_word' id='word_1_120' title='bbox 427 1382 613 1428; x_wconf 88' lang='lat' dir='ltr'><strong>noster</strong></span> <span class='ocrx_word' id='word_1_121' title='bbox 631 1373 724 1442; x_wconf 90' lang='lat' dir='ltr'><strong>qui</strong></span> <span class='ocrx_word' id='word_1_122' title='bbox 748 1374 862 1428; x_wconf 61' lang='lat' dir='ltr'><strong>haec</strong></span> <span class='ocrx_word' id='word_1_123' title='bbox 886 1373 1134 1443; x_wconf 86' lang='lat' dir='ltr'><strong>promisit</strong></span> <span class='ocrx_word' id='word_1_124' title='bbox 1153 1373 1498 1444; x_wconf 77' lang='lat' dir='ltr'><strong>diligentibus</strong></span> <span class='ocrx_word' id='word_1_125' title='bbox 1520 1390 1596 1429; x_wconf 88' lang='lat' dir='ltr'><strong>se.</strong></span> <span class='ocrx_word' id='word_1_126' title='bbox 1623 1374 1685 1427; x_wconf 89' lang='lat' dir='ltr'><strong>Hi</strong></span> <span class='ocrx_word' id='word_1_127' title='bbox 1713 1383 1840 1428; x_wconf 89' lang='lat' dir='ltr'><strong>sunt</strong></span> 
     </span>
    </p>
   </div>
   <div class='ocr_carea' id='block_1_16' title="bbox 250 1462 1833 1532">
    <p class='ocr_par' dir='ltr' id='par_1_16' title="bbox 250 1462 1833 1532">
     <span class='ocr_line' id='line_1_16' title="bbox 250 1462 1833 1532; baseline 0.001 -18"><span class='ocrx_word' id='word_1_128' title='bbox 250 1477 386 1518; x_wconf 84' lang='lat' dir='ltr'><strong>vere</strong></span> <span class='ocrx_word' id='word_1_129' title='bbox 414 1462 546 1532; x_wconf 89' lang='lat' dir='ltr'><strong>ipsis</strong></span> <span class='ocrx_word' id='word_1_130' title='bbox 595 1462 768 1517; x_wconf 88' lang='lat' dir='ltr'><strong>sacris</strong></span> <span class='ocrx_word' id='word_1_131' title='bbox 809 1462 1050 1517; x_wconf 85' lang='lat' dir='ltr'><strong>numeris</strong></span> <span class='ocrx_word' id='word_1_132' title='bbox 1103 1463 1372 1516; x_wconf 82' lang='lat' dir='ltr'><strong>numerati</strong></span> <span class='ocrx_word' id='word_1_133' title='bbox 1420 1463 1561 1532; x_wconf 89' lang='lat' dir='ltr'><strong>apud</strong></span> <span class='ocrx_word' id='word_1_134' title='bbox 1618 1464 1784 1517; x_wconf 91' lang='lat' dir='ltr'><strong>Deum</strong></span> <span class='ocrx_word' id='word_1_135' title='bbox 1818 1501 1833 1528; x_wconf 96' lang='lat'><strong>,</strong></span> 
     </span>
    </p>
   </div>
   <div class='ocr_carea' id='block_1_17' title="bbox 251 1553 1832 1626">
    <p class='ocr_par' dir='ltr' id='par_1_17' title="bbox 251 1553 1832 1626">
     <span class='ocr_line' id='line_1_17' title="bbox 251 1553 1832 1626; baseline 0 -18"><span class='ocrx_word' id='word_1_136' title='bbox 251 1553 368 1608; x_wconf 88' lang='lat' dir='ltr'><strong>imo</strong></span> <span class='ocrx_word' id='word_1_137' title='bbox 398 1554 499 1624; x_wconf 87' lang='lat' dir='ltr'><strong>ipsi</strong></span> <span class='ocrx_word' id='word_1_138' title='bbox 528 1562 654 1609; x_wconf 89' lang='lat' dir='ltr'><strong>sunt</strong></span> <span class='ocrx_word' id='word_1_139' title='bbox 676 1569 908 1624; x_wconf 89' lang='lat' dir='ltr'><strong>quorum</strong></span> <span class='ocrx_word' id='word_1_140' title='bbox 935 1556 1097 1609; x_wconf 91' lang='lat' dir='ltr'><strong>etiam</strong></span> <span class='ocrx_word' id='word_1_141' title='bbox 1121 1555 1300 1626; x_wconf 88' lang='lat' dir='ltr'><strong>capilli</strong></span> <span class='ocrx_word' id='word_1_142' title='bbox 1331 1555 1524 1624; x_wconf 84' lang='lat' dir='ltr'><strong>capitis</strong></span> <span class='ocrx_word' id='word_1_143' title='bbox 1565 1565 1832 1608; x_wconf 79' lang='lat' dir='ltr'><strong>numerati</strong></span> 
     </span>
    </p>
   </div>
   <div class='ocr_carea' id='block_1_18' title="bbox 245 1642 1628 1714">
    <p class='ocr_par' dir='ltr' id='par_1_18' title="bbox 245 1642 1628 1714">
     <span class='ocr_line' id='line_1_18' title="bbox 245 1642 1628 1714; baseline -0.001 -16"><span class='ocrx_word' id='word_1_144' title='bbox 245 1651 384 1698; x_wconf 86' lang='lat' dir='ltr'><strong>sunt</strong></span> <span class='ocrx_word' id='word_1_145' title='bbox 406 1658 504 1714; x_wconf 88' lang='lat' dir='ltr'><strong>per</strong></span> <span class='ocrx_word' id='word_1_146' title='bbox 528 1642 710 1699; x_wconf 82' lang='lat' dir='ltr'><strong>Jesum</strong></span> <span class='ocrx_word' id='word_1_147' title='bbox 736 1643 1010 1699; x_wconf 90' lang='lat' dir='ltr'><strong>Christum</strong></span> <span class='ocrx_word' id='word_1_148' title='bbox 1043 1646 1324 1700; x_wconf 89' lang='lat' dir='ltr'><strong>Dominum</strong></span> <span class='ocrx_word' id='word_1_149' title='bbox 1362 1653 1628 1698; x_wconf 86' lang='lat' dir='ltr'><strong>nostrum.</strong></span> 
     </span>
    </p>
   </div>
   <div class='ocr_carea' id='block_1_19' title="bbox 869 1753 1223 1808">
    <p class='ocr_par' dir='ltr' id='par_1_19' title="bbox 869 1753 1223 1808">
     <span class='ocr_line' id='line_1_19' title="bbox 869 1753 1223 1808; baseline -0.003 0"><span class='ocrx_word' id='word_1_150' title='bbox 869 1753 1096 1808; x_wconf 86' lang='lat' dir='ltr'><strong>CAPUT</strong></span> <span class='ocrx_word' id='word_1_151' title='bbox 1133 1753 1223 1808; x_wconf 74' lang='lat' dir='ltr'><strong>XI.</strong></span> 
     </span>
    </p>
   </div>
   <div class='ocr_carea' id='block_1_20' title="bbox 772 1822 1325 1892">
    <p class='ocr_par' dir='ltr' id='par_1_20' title="bbox 772 1822 1325 1892">
     <span class='ocr_line' id='line_1_20' title="bbox 772 1822 1325 1892; baseline 0 -16"><span class='ocrx_word' id='word_1_152' title='bbox 772 1822 850 1877; x_wconf 88' lang='lat' dir='ltr'><strong>De</strong></span> <span class='ocrx_word' id='word_1_153' title='bbox 879 1824 1091 1877; x_wconf 78' lang='lat' dir='ltr'><strong>urbibus</strong></span> <span class='ocrx_word' id='word_1_154' title='bbox 1118 1824 1325 1892; x_wconf 89' lang='lat' dir='ltr'><strong>refugii.</strong></span> 
     </span>
    </p>
   </div>
   <div class='ocr_carea' id='block_1_21' title="bbox 324 1910 1838 1984">
    <p class='ocr_par' dir='ltr' id='par_1_21' title="bbox 324 1910 1838 1984">
     <span class='ocr_line' id='line_1_21' title="bbox 324 1910 1838 1984; baseline 0.001 -18"><span class='ocrx_word' id='word_1_155' title='bbox 324 1910 477 1982; x_wconf 67' lang='lat' dir='ltr'><strong>(Car.</strong></span> <span class='ocrx_word' id='word_1_156' title='bbox 528 1911 719 1984; x_wconf 77' lang='lat' dir='ltr'><strong>xxxv.)</strong></span> <span class='ocrx_word' id='word_1_157' title='bbox 771 1912 856 1965; x_wconf 86' lang='lat' dir='ltr'><strong>Ait</strong></span> <span class='ocrx_word' id='word_1_158' title='bbox 900 1913 1153 1966; x_wconf 77' lang='lat' dir='ltr'><strong>Dominus</strong></span> <span class='ocrx_word' id='word_1_159' title='bbox 1204 1913 1272 1965; x_wconf 90' lang='lat' dir='ltr'><strong>ad</strong></span> <span class='ocrx_word' id='word_1_160' title='bbox 1321 1911 1576 1983; x_wconf 81' lang='lat' dir='ltr'><strong>Moysen:</strong></span> <span class='ocrx_word' id='word_1_161' title='bbox 1607 1913 1838 1984; x_wconf 85' lang='lat' dir='ltr'><strong>Loquere</strong></span> 
     </span>
    </p>
   </div>
   <div class='ocr_carea' id='block_1_22' title="bbox 247 2001 1835 2074">
    <p class='ocr_par' dir='ltr' id='par_1_22' title="bbox 247 2001 1835 2074">
     <span class='ocr_line' id='line_1_22' title="bbox 247 2001 1835 2074; baseline 0.003 -20"><span class='ocrx_word' id='word_1_162' title='bbox 247 2003 380 2070; x_wconf 79' lang='lat' dir='ltr'><strong>ﬁliis</strong></span> <span class='ocrx_word' id='word_1_163' title='bbox 409 2001 605 2067; x_wconf 85' lang='lat' dir='ltr'><strong>Israel,</strong></span> <span class='ocrx_word' id='word_1_164' title='bbox 642 2011 688 2056; x_wconf 92' lang='lat' dir='ltr'><strong>et</strong></span> <span class='ocrx_word' id='word_1_165' title='bbox 709 2003 848 2056; x_wconf 86' lang='lat' dir='ltr'><strong>dices</strong></span> <span class='ocrx_word' id='word_1_166' title='bbox 881 2003 950 2056; x_wconf 90' lang='lat' dir='ltr'><strong>ad</strong></span> <span class='ocrx_word' id='word_1_167' title='bbox 975 2020 1096 2057; x_wconf 88' lang='lat' dir='ltr'><strong>eos:</strong></span> <span class='ocrx_word' id='word_1_168' title='bbox 1125 2003 1348 2067; x_wconf 83' lang='lat' dir='ltr'><strong>Quando</strong></span> <span class='ocrx_word' id='word_1_169' title='bbox 1381 2007 1692 2074; x_wconf 86' lang='lat' dir='ltr'><strong>transgressi</strong></span> <span class='ocrx_word' id='word_1_170' title='bbox 1718 2009 1835 2074; x_wconf 85' lang='lat' dir='ltr'><strong>fue-</strong></span> 
     </span>
    </p>
   </div>
   <div class='ocr_carea' id='block_1_23' title="bbox 249 2093 1836 2167">
    <p class='ocr_par' dir='ltr' id='par_1_23' title="bbox 249 2093 1836 2167">
     <span class='ocr_line' id='line_1_23' title="bbox 249 2093 1836 2167; baseline 0.003 -20"><span class='ocrx_word' id='word_1_171' title='bbox 249 2095 370 2147; x_wconf 88' lang='lat' dir='ltr'><strong>ritis</strong></span> <span class='ocrx_word' id='word_1_172' title='bbox 396 2093 687 2147; x_wconf 75' lang='lat' dir='ltr'><strong>Iordanem</strong></span> <span class='ocrx_word' id='word_1_173' title='bbox 711 2096 762 2148; x_wconf 89' lang='lat' dir='ltr'><strong>in</strong></span> <span class='ocrx_word' id='word_1_174' title='bbox 787 2103 980 2148; x_wconf 87' lang='lat' dir='ltr'><strong>terram</strong></span> <span class='ocrx_word' id='word_1_175' title='bbox 1013 2094 1289 2158; x_wconf 83' lang='lat' dir='ltr'><strong>Chanaan.</strong></span> <span class='ocrx_word' id='word_1_176' title='bbox 1325 2096 1580 2150; x_wconf 73' lang='lat' dir='ltr'><strong>decernite</strong></span> <span class='ocrx_word' id='word_1_177' title='bbox 1604 2115 1720 2167; x_wconf 74' lang='lat' dir='ltr'><strong>qua’</strong></span> <span class='ocrx_word' id='word_1_178' title='bbox 1741 2115 1836 2151; x_wconf 90' lang='lat' dir='ltr'><strong>ur-</strong></span> 
     </span>
    </p>
   </div>
   <div class='ocr_carea' id='block_1_24' title="bbox 248 2183 1836 2258">
    <p class='ocr_par' dir='ltr' id='par_1_24' title="bbox 248 2183 1836 2258">
     <span class='ocr_line' id='line_1_24' title="bbox 248 2183 1836 2258; baseline 0.004 -22"><span class='ocrx_word' id='word_1_179' title='bbox 248 2183 338 2236; x_wconf 88' lang='lat' dir='ltr'><strong>bes</strong></span> <span class='ocrx_word' id='word_1_180' title='bbox 369 2200 480 2238; x_wconf 85' lang='lat' dir='ltr'><strong>esse</strong></span> <span class='ocrx_word' id='word_1_181' title='bbox 502 2183 721 2238; x_wconf 85' lang='lat' dir='ltr'><strong>debeant</strong></span> <span class='ocrx_word' id='word_1_182' title='bbox 751 2185 807 2236; x_wconf 88' lang='lat' dir='ltr'><strong>in</strong></span> <span class='ocrx_word' id='word_1_183' title='bbox 833 2184 1081 2254; x_wconf 74' lang='lat' dir='ltr'><strong>prtesidia</strong></span> <span class='ocrx_word' id='word_1_184' title='bbox 1104 2185 1460 2254; x_wconf 78' lang='lat' dir='ltr'><strong>fugitivorum,</strong></span> <span class='ocrx_word' id='word_1_185' title='bbox 1489 2189 1577 2258; x_wconf 86' lang='lat' dir='ltr'><strong>qui</strong></span> <span class='ocrx_word' id='word_1_186' title='bbox 1607 2188 1836 2242; x_wconf 82' lang='lat' dir='ltr'><strong>nolentes</strong></span> 
     </span>
    </p>
   </div>
   <div class='ocr_carea' id='block_1_25' title="bbox 245 2273 1833 2348">
    <p class='ocr_par' dir='ltr' id='par_1_25' title="bbox 245 2273 1833 2348">
     <span class='ocr_line' id='line_1_25' title="bbox 245 2273 1833 2348; baseline 0.003 -22"><span class='ocrx_word' id='word_1_187' title='bbox 245 2275 560 2343; x_wconf 84' lang='lat' dir='ltr'><strong>sanguinem</strong></span> <span class='ocrx_word' id='word_1_188' title='bbox 603 2273 854 2342; x_wconf 80' lang='lat' dir='ltr'><strong>fuderint.</strong></span> <span class='ocrx_word' id='word_1_189' title='bbox 900 2274 965 2328; x_wconf 87' lang='lat' dir='ltr'><strong>In</strong></span> <span class='ocrx_word' id='word_1_190' title='bbox 995 2275 1180 2344; x_wconf 83' lang='lat' dir='ltr'><strong>quibus</strong></span> <span class='ocrx_word' id='word_1_191' title='bbox 1209 2293 1326 2329; x_wconf 87' lang='lat' dir='ltr'><strong>cum</strong></span> <span class='ocrx_word' id='word_1_192' title='bbox 1374 2277 1531 2345; x_wconf 86' lang='lat' dir='ltr'><strong>fuerit</strong></span> <span class='ocrx_word' id='word_1_193' title='bbox 1558 2279 1833 2348; x_wconf 78' lang='lat' dir='ltr'><strong>profugus,</strong></span> 
     </span>
    </p>
   </div>
   <div class='ocr_carea' id='block_1_26' title="bbox 247 2365 1834 2435">
    <p class='ocr_par' dir='ltr' id='par_1_26' title="bbox 247 2365 1834 2435">
     <span class='ocr_line' id='line_1_26' title="bbox 247 2365 1834 2435; baseline 0.006 -19"><span class='ocrx_word' id='word_1_194' title='bbox 247 2374 503 2433; x_wconf 84' lang='lat' dir='ltr'><strong>cognatus</strong></span> <span class='ocrx_word' id='word_1_195' title='bbox 526 2365 682 2419; x_wconf 85' lang='lat' dir='ltr'><strong>occisi</strong></span> <span class='ocrx_word' id='word_1_196' title='bbox 717 2381 834 2418; x_wconf 90' lang='lat' dir='ltr'><strong>eum</strong></span> <span class='ocrx_word' id='word_1_197' title='bbox 862 2381 964 2418; x_wconf 91' lang='lat' dir='ltr'><strong>non</strong></span> <span class='ocrx_word' id='word_1_198' title='bbox 1002 2367 1186 2435; x_wconf 88' lang='lat' dir='ltr'><strong>poterit</strong></span> <span class='ocrx_word' id='word_1_199' title='bbox 1229 2368 1461 2422; x_wconf 86' lang='lat' dir='ltr'><strong>occidere</strong></span> <span class='ocrx_word' id='word_1_200' title='bbox 1484 2410 1498 2435; x_wconf 96' lang='lat'><strong>,</strong></span> <span class='ocrx_word' id='word_1_201' title='bbox 1536 2371 1698 2425; x_wconf 90' lang='lat' dir='ltr'><strong>donec</strong></span> <span class='ocrx_word' id='word_1_202' title='bbox 1740 2382 1834 2426; x_wconf 87' lang='lat' dir='ltr'><strong>stet</strong></span> 
     </span>
    </p>
   </div>
   <div class='ocr_carea' id='block_1_27' title="bbox 246 2459 1836 2532">
    <p class='ocr_par' dir='ltr' id='par_1_27' title="bbox 246 2459 1836 2532">
     <span class='ocr_line' id='line_1_27' title="bbox 246 2459 1836 2532; baseline 0.006 -22"><span class='ocrx_word' id='word_1_203' title='bbox 246 2459 304 2511; x_wconf 82' lang='lat' dir='ltr'><strong>in</strong></span> <span class='ocrx_word' id='word_1_204' title='bbox 330 2469 610 2529; x_wconf 86' lang='lat' dir='ltr'><strong>conspectu</strong></span> <span class='ocrx_word' id='word_1_205' title='bbox 648 2460 1020 2524; x_wconf 82' lang='lat' dir='ltr'><strong>multitudinis,</strong></span> <span class='ocrx_word' id='word_1_206' title='bbox 1051 2470 1098 2514; x_wconf 90' lang='lat' dir='ltr'><strong>et</strong></span> <span class='ocrx_word' id='word_1_207' title='bbox 1125 2478 1286 2515; x_wconf 88' lang='lat' dir='ltr'><strong>causa</strong></span> <span class='ocrx_word' id='word_1_208' title='bbox 1316 2463 1430 2531; x_wconf 86' lang='lat' dir='ltr'><strong>ejus</strong></span> <span class='ocrx_word' id='word_1_209' title='bbox 1443 2463 1730 2532; x_wconf 87' lang='lat' dir='ltr'><strong>judicetur.</strong></span> <span class='ocrx_word' id='word_1_210' title='bbox 1758 2465 1836 2520; x_wconf 88' lang='lat' dir='ltr'><strong>De</strong></span> 
     </span>
    </p>
   </div>
   <div class='ocr_carea' id='block_1_28' title="bbox 245 2547 1837 2620">
    <p class='ocr_par' dir='ltr' id='par_1_28' title="bbox 245 2547 1837 2620">
     <span class='ocr_line' id='line_1_28' title="bbox 245 2547 1837 2620; baseline 0.006 -21"><span class='ocrx_word' id='word_1_211' title='bbox 245 2547 374 2617; x_wconf 83' lang='lat' dir='ltr'><strong>ipsis</strong></span> <span class='ocrx_word' id='word_1_212' title='bbox 407 2558 584 2601; x_wconf 86' lang='lat' dir='ltr'><strong>autem</strong></span> <span class='ocrx_word' id='word_1_213' title='bbox 614 2548 825 2602; x_wconf 89' lang='lat' dir='ltr'><strong>urbibus</strong></span> <span class='ocrx_word' id='word_1_214' title='bbox 869 2566 984 2618; x_wconf 77' lang='lat' dir='ltr'><strong>qua:</strong></span> <span class='ocrx_word' id='word_1_215' title='bbox 1009 2550 1078 2602; x_wconf 88' lang='lat' dir='ltr'><strong>ad</strong></span> <span class='ocrx_word' id='word_1_216' title='bbox 1111 2549 1448 2620; x_wconf 85' lang='lat' dir='ltr'><strong>fugitivorum</strong></span> <span class='ocrx_word' id='word_1_217' title='bbox 1483 2552 1716 2608; x_wconf 80' lang='lat' dir='ltr'><strong>subsidia</strong></span> <span class='ocrx_word' id='word_1_218' title='bbox 1754 2571 1837 2608; x_wconf 89' lang='lat' dir='ltr'><strong>sc-</strong></span> 
     </span>
    </p>
   </div>
   <div class='ocr_carea' id='block_1_29' title="bbox 245 2639 1832 2706">
    <p class='ocr_par' dir='ltr' id='par_1_29' title="bbox 245 2639 1832 2706">
     <span class='ocr_line' id='line_1_29' title="bbox 245 2639 1832 2706; baseline 0.007 -18"><span class='ocrx_word' id='word_1_219' title='bbox 245 2648 524 2706; x_wconf 78' lang='lat' dir='ltr'><strong>parantur,</strong></span> <span class='ocrx_word' id='word_1_220' title='bbox 558 2647 663 2692; x_wconf 86' lang='lat' dir='ltr'><strong>tres</strong></span> <span class='ocrx_word' id='word_1_221' title='bbox 697 2649 847 2692; x_wconf 91' lang='lat' dir='ltr'><strong>erunt</strong></span> <span class='ocrx_word' id='word_1_222' title='bbox 875 2649 1024 2692; x_wconf 88' lang='lat' dir='ltr'><strong>trans</strong></span> <span class='ocrx_word' id='word_1_223' title='bbox 1045 2639 1355 2705; x_wconf 80' lang='lat' dir='ltr'><strong>Iordanem,</strong></span> <span class='ocrx_word' id='word_1_224' title='bbox 1395 2653 1442 2696; x_wconf 88' lang='lat' dir='ltr'><strong>et</strong></span> <span class='ocrx_word' id='word_1_225' title='bbox 1483 2654 1586 2698; x_wconf 87' lang='lat' dir='ltr'><strong>tres</strong></span> <span class='ocrx_word' id='word_1_226' title='bbox 1614 2646 1668 2697; x_wconf 91' lang='lat' dir='ltr'><strong>in</strong></span> <span class='ocrx_word' id='word_1_227' title='bbox 1693 2655 1832 2700; x_wconf 90' lang='lat' dir='ltr'><strong>terra</strong></span> 
     </span>
    </p>
   </div>
   <div class='ocr_carea' id='block_1_30' title="bbox 248 2729 1833 2805">
    <p class='ocr_par' dir='ltr' id='par_1_30' title="bbox 248 2729 1833 2805">
     <span class='ocr_line' id='line_1_30' title="bbox 248 2729 1833 2805; baseline 0.003 -21"><span class='ocrx_word' id='word_1_228' title='bbox 248 2729 530 2796; x_wconf 85' lang='lat' dir='ltr'><strong>Chanaan,</strong></span> <span class='ocrx_word' id='word_1_229' title='bbox 566 2740 673 2783; x_wconf 90' lang='lat' dir='ltr'><strong>tam</strong></span> <span class='ocrx_word' id='word_1_230' title='bbox 716 2730 842 2799; x_wconf 80' lang='lat' dir='ltr'><strong>ﬁliis</strong></span> <span class='ocrx_word' id='word_1_231' title='bbox 891 2730 1094 2798; x_wconf 85' lang='lat' dir='ltr'><strong>Israel,</strong></span> <span class='ocrx_word' id='word_1_232' title='bbox 1151 2749 1309 2802; x_wconf 83' lang='lat' dir='ltr'><strong>quant</strong></span> <span class='ocrx_word' id='word_1_233' title='bbox 1349 2734 1563 2789; x_wconf 85' lang='lat' dir='ltr'><strong>advenis</strong></span> <span class='ocrx_word' id='word_1_234' title='bbox 1601 2745 1650 2789; x_wconf 88' lang='lat' dir='ltr'><strong>et</strong></span> <span class='ocrx_word' id='word_1_235' title='bbox 1688 2753 1833 2805; x_wconf 86' lang='lat' dir='ltr'><strong>pere-</strong></span> 
     </span>
    </p>
   </div>
   <div class='ocr_carea' id='block_1_31' title="bbox 247 2820 1830 2895">
    <p class='ocr_par' dir='ltr' id='par_1_31' title="bbox 247 2820 1830 2895">
     <span class='ocr_line' id='line_1_31' title="bbox 247 2820 1830 2895; baseline 0.004 -23"><span class='ocrx_word' id='word_1_236' title='bbox 247 2822 436 2890; x_wconf 86' lang='lat' dir='ltr'><strong>grinis,</strong></span> <span class='ocrx_word' id='word_1_237' title='bbox 466 2829 521 2874; x_wconf 89' lang='lat' dir='ltr'><strong>ut</strong></span> <span class='ocrx_word' id='word_1_238' title='bbox 546 2820 812 2890; x_wconf 81' lang='lat' dir='ltr'><strong>confugiat</strong></span> <span class='ocrx_word' id='word_1_239' title='bbox 846 2821 914 2874; x_wconf 90' lang='lat' dir='ltr'><strong>ad</strong></span> <span class='ocrx_word' id='word_1_240' title='bbox 951 2839 1040 2876; x_wconf 87' lang='lat' dir='ltr'><strong>eas</strong></span> <span class='ocrx_word' id='word_1_241' title='bbox 1061 2823 1151 2892; x_wconf 87' lang='lat' dir='ltr'><strong>qui</strong></span> <span class='ocrx_word' id='word_1_242' title='bbox 1181 2823 1360 2877; x_wconf 86' lang='lat' dir='ltr'><strong>nolens</strong></span> <span class='ocrx_word' id='word_1_243' title='bbox 1391 2826 1696 2894; x_wconf 87' lang='lat' dir='ltr'><strong>sanguinem</strong></span> <span class='ocrx_word' id='word_1_244' title='bbox 1741 2826 1830 2895; x_wconf 90' lang='lat' dir='ltr'><strong>fu-</strong></span> 
     </span>
    </p>
   </div>
   <div class='ocr_carea' id='block_1_32' title="bbox 248 2911 1831 2985">
    <p class='ocr_par' dir='ltr' id='par_1_32' title="bbox 248 2911 1831 2985">
     <span class='ocr_line' id='line_1_32' title="bbox 248 2911 1831 2985; baseline 0.006 -21"><span class='ocrx_word' id='word_1_245' title='bbox 248 2912 402 2966; x_wconf 88' lang='lat' dir='ltr'><strong>derit.</strong></span> <span class='ocrx_word' id='word_1_246' title='bbox 448 2911 560 2966; x_wconf 88' lang='lat' dir='ltr'><strong>lloc</strong></span> <span class='ocrx_word' id='word_1_247' title='bbox 588 2914 854 2982; x_wconf 87' lang='lat' dir='ltr'><strong>quomodo</strong></span> <span class='ocrx_word' id='word_1_248' title='bbox 876 2912 1076 2968; x_wconf 79' lang='lat' dir='ltr'><strong>factum</strong></span> <span class='ocrx_word' id='word_1_249' title='bbox 1106 2915 1178 2970; x_wconf 90' lang='lat' dir='ltr'><strong>sit</strong></span> <span class='ocrx_word' id='word_1_250' title='bbox 1204 2915 1342 2970; x_wconf 89' lang='lat' dir='ltr'><strong>liber</strong></span> <span class='ocrx_word' id='word_1_251' title='bbox 1363 2917 1452 2985; x_wconf 89' lang='lat' dir='ltr'><strong>qui</strong></span> <span class='ocrx_word' id='word_1_252' title='bbox 1480 2917 1678 2972; x_wconf 88' lang='lat' dir='ltr'><strong>dicitur</strong></span> <span class='ocrx_word' id='word_1_253' title='bbox 1703 2918 1831 2975; x_wconf 88' lang='lat' dir='ltr'><strong>Jesu</strong></span> 
     </span>
    </p>
   </div>
   <div class='ocr_carea' id='block_1_33' title="bbox 249 3006 1825 3081">
    <p class='ocr_par' dir='ltr' id='par_1_33' title="bbox 249 3006 1825 3081">
     <span class='ocr_line' id='line_1_33' title="bbox 249 3006 1825 3081; baseline 0.008 -21"><span class='ocrx_word' id='word_1_254' title='bbox 249 3006 393 3061; x_wconf 79' lang='lat' dir='ltr'><strong>Nave</strong></span> <span class='ocrx_word' id='word_1_255' title='bbox 425 3009 735 3063; x_wconf 76' lang='lat' dir='ltr'><strong>manifestat</strong></span> <span class='ocrx_word' id='word_1_256' title='bbox 757 3008 905 3080; x_wconf 88' lang='lat' dir='ltr'><strong>(Cap.</strong></span> <span class='ocrx_word' id='word_1_257' title='bbox 937 3011 1055 3075; x_wconf 80' lang='lat' dir='ltr'><strong>xx),</strong></span> <span class='ocrx_word' id='word_1_258' title='bbox 1085 3027 1207 3066; x_wconf 93' lang='lat' dir='ltr'><strong>cum</strong></span> <span class='ocrx_word' id='word_1_259' title='bbox 1233 3025 1624 3068; x_wconf 87' lang='lat' dir='ltr'><strong>commemorat</strong></span> <span class='ocrx_word' id='word_1_260' title='bbox 1644 3015 1825 3081; x_wconf 84' lang='lat' dir='ltr'><strong>Josnc,</strong></span> 
     </span>
    </p>
   </div>
   <div class='ocr_carea' id='block_1_34' title="bbox 247 3096 1828 3173">
    <p class='ocr_par' dir='ltr' id='par_1_34' title="bbox 247 3096 1828 3173">
     <span class='ocr_line' id='line_1_34' title="bbox 247 3096 1828 3173; baseline 0.007 -23"><span class='ocrx_word' id='word_1_261' title='bbox 247 3098 479 3152; x_wconf 88' lang='lat' dir='ltr'><strong>Domino</strong></span> <span class='ocrx_word' id='word_1_262' title='bbox 501 3096 746 3166; x_wconf 74' lang='lat' dir='ltr'><strong>iubente,</strong></span> <span class='ocrx_word' id='word_1_263' title='bbox 793 3114 888 3153; x_wconf 74' lang='lat' dir='ltr'><strong>sex</strong></span> <span class='ocrx_word' id='word_1_264' title='bbox 921 3099 1167 3156; x_wconf 87' lang='lat' dir='ltr'><strong>civitates</strong></span> <span class='ocrx_word' id='word_1_265' title='bbox 1197 3100 1387 3173; x_wconf 83' lang='lat' dir='ltr'><strong>refugii</strong></span> <span class='ocrx_word' id='word_1_266' title='bbox 1413 3104 1704 3160; x_wconf 88' lang='lat' dir='ltr'><strong>decernere</strong></span> <span class='ocrx_word' id='word_1_267' title='bbox 1730 3107 1828 3161; x_wconf 87' lang='lat' dir='ltr'><strong>ho-</strong></span> 
     </span>
    </p>
   </div>
   <div class='ocr_carea' id='block_1_35' title="bbox 245 3190 1832 3265">
    <p class='ocr_par' dir='ltr' id='par_1_35' title="bbox 245 3190 1832 3265">
     <span class='ocr_line' id='line_1_35' title="bbox 245 3190 1832 3265; baseline 0.008 -22"><span class='ocrx_word' id='word_1_268' title='bbox 245 3190 461 3246; x_wconf 86' lang='lat' dir='ltr'><strong>micidis</strong></span> <span class='ocrx_word' id='word_1_269' title='bbox 502 3193 592 3260; x_wconf 88' lang='lat' dir='ltr'><strong>qui</strong></span> <span class='ocrx_word' id='word_1_270' title='bbox 637 3193 982 3251; x_wconf 76' lang='lat' dir='ltr'><strong>homicidium</strong></span> <span class='ocrx_word' id='word_1_271' title='bbox 1029 3210 1134 3250; x_wconf 93' lang='lat' dir='ltr'><strong>non</strong></span> <span class='ocrx_word' id='word_1_272' title='bbox 1184 3206 1373 3265; x_wconf 89' lang='lat' dir='ltr'><strong>sponte</strong></span> <span class='ocrx_word' id='word_1_273' title='bbox 1419 3196 1680 3264; x_wconf 79' lang='lat' dir='ltr'><strong>fecerunt,</strong></span> <span class='ocrx_word' id='word_1_274' title='bbox 1729 3201 1832 3256; x_wconf 87' lang='lat' dir='ltr'><strong>hoc</strong></span> 
     </span>
    </p>
   </div>
   <div class='ocr_carea' id='block_1_36' title="bbox 244 3281 1831 3355">
    <p class='ocr_par' dir='ltr' id='par_1_36' title="bbox 244 3281 1831 3355">
     <span class='ocr_line' id='line_1_36' title="bbox 244 3281 1831 3355; baseline 0.006 -21"><span class='ocrx_word' id='word_1_275' title='bbox 244 3289 329 3336; x_wconf 89' lang='lat' dir='ltr'><strong>est</strong></span> <span class='ocrx_word' id='word_1_276' title='bbox 355 3299 368 3334; x_wconf 91' lang='lat'><strong>:</strong></span> <span class='ocrx_word' id='word_1_277' title='bbox 400 3281 574 3338; x_wconf 92' lang='lat' dir='ltr'><strong>Cades</strong></span> <span class='ocrx_word' id='word_1_278' title='bbox 597 3284 649 3337; x_wconf 91' lang='lat' dir='ltr'><strong>in</strong></span> <span class='ocrx_word' id='word_1_279' title='bbox 679 3283 897 3339; x_wconf 79' lang='lat' dir='ltr'><strong>Galtlaea</strong></span> <span class='ocrx_word' id='word_1_280' title='bbox 924 3287 1124 3340; x_wconf 88' lang='lat' dir='ltr'><strong>montis</strong></span> <span class='ocrx_word' id='word_1_281' title='bbox 1149 3287 1506 3355; x_wconf 87' lang='lat' dir='ltr'><strong>Nephthalim,</strong></span> <span class='ocrx_word' id='word_1_282' title='bbox 1535 3287 1750 3344; x_wconf 88' lang='lat' dir='ltr'><strong>Sicbem</strong></span> <span class='ocrx_word' id='word_1_283' title='bbox 1777 3292 1831 3344; x_wconf 90' lang='lat' dir='ltr'><strong>in</strong></span> 
     </span>
    </p>
   </div>
   <div class='ocr_carea' id='block_1_37' title="bbox 247 3372 1830 3447">
    <p class='ocr_par' dir='ltr' id='par_1_37' title="bbox 247 3372 1830 3447">
     <span class='ocr_line' id='line_1_37' title="bbox 247 3372 1830 3447; baseline 0.008 -24"><span class='ocrx_word' id='word_1_284' title='bbox 247 3380 433 3425; x_wconf 77' lang='lat' dir='ltr'><strong>monte</strong></span> <span class='ocrx_word' id='word_1_285' title='bbox 461 3372 736 3442; x_wconf 87' lang='lat' dir='ltr'><strong>Ephraim,</strong></span> <span class='ocrx_word' id='word_1_286' title='bbox 779 3383 834 3428; x_wconf 89' lang='lat' dir='ltr'><strong>et</strong></span> <span class='ocrx_word' id='word_1_287' title='bbox 863 3374 1194 3441; x_wconf 89' lang='lat' dir='ltr'><strong>Cariatarbe,</strong></span> <span class='ocrx_word' id='word_1_288' title='bbox 1223 3379 1336 3446; x_wconf 90' lang='lat' dir='ltr'><strong>ipsa</strong></span> <span class='ocrx_word' id='word_1_289' title='bbox 1367 3387 1450 3432; x_wconf 91' lang='lat' dir='ltr'><strong>est</strong></span> <span class='ocrx_word' id='word_1_290' title='bbox 1495 3379 1724 3447; x_wconf 80' lang='lat' dir='ltr'><strong>ilebron,</strong></span> <span class='ocrx_word' id='word_1_291' title='bbox 1777 3383 1830 3436; x_wconf 91' lang='lat' dir='ltr'><strong>in</strong></span> 
     </span>
    </p>
   </div>
   <div class='ocr_carea' id='block_1_38' title="bbox 245 3461 1831 3528">
    <p class='ocr_par' dir='ltr' id='par_1_38' title="bbox 245 3461 1831 3528">
     <span class='ocr_line' id='line_1_38' title="bbox 245 3461 1831 3528; baseline 0.009 -14"><span class='ocrx_word' id='word_1_292' title='bbox 245 3472 430 3516; x_wconf 85' lang='lat' dir='ltr'><strong>monte</strong></span> <span class='ocrx_word' id='word_1_293' title='bbox 454 3461 610 3517; x_wconf 78' lang='lat' dir='ltr'><strong>luda.</strong></span> <span class='ocrx_word' id='word_1_294' title='bbox 647 3466 711 3519; x_wconf 82' lang='lat' dir='ltr'><strong>Et</strong></span> <span class='ocrx_word' id='word_1_295' title='bbox 739 3475 890 3521; x_wconf 87' lang='lat' dir='ltr'><strong>trans</strong></span> <span class='ocrx_word' id='word_1_296' title='bbox 917 3466 1205 3522; x_wconf 84' lang='lat' dir='ltr'><strong>Jordanem</strong></span> <span class='ocrx_word' id='word_1_297' title='bbox 1232 3478 1420 3523; x_wconf 88' lang='lat' dir='ltr'><strong>contra</strong></span> <span class='ocrx_word' id='word_1_298' title='bbox 1443 3472 1831 3528; x_wconf 87' lang='lat' dir='ltr'><strong>occidentalem</strong></span> 
     </span>
    </p>
   </div>
   <div class='ocr_carea' id='block_1_39' title="bbox 245 3553 1832 3630">
    <p class='ocr_par' dir='ltr' id='par_1_39' title="bbox 245 3553 1832 3630">
     <span class='ocr_line' id='line_1_39' title="bbox 245 3553 1832 3630; baseline 0.009 -26"><span class='ocrx_word' id='word_1_299' title='bbox 245 3553 458 3624; x_wconf 80' lang='lat' dir='ltr'><strong>plagam</strong></span> <span class='ocrx_word' id='word_1_300' title='bbox 499 3553 733 3619; x_wconf 87' lang='lat' dir='ltr'><strong>Jericbo,</strong></span> <span class='ocrx_word' id='word_1_301' title='bbox 771 3557 958 3613; x_wconf 85' lang='lat' dir='ltr'><strong>urbem</strong></span> <span class='ocrx_word' id='word_1_302' title='bbox 999 3559 1187 3624; x_wconf 89' lang='lat' dir='ltr'><strong>Bosor,</strong></span> <span class='ocrx_word' id='word_1_303' title='bbox 1223 3577 1342 3630; x_wconf 65' lang='lat' dir='ltr'><strong>qua:</strong></span> <span class='ocrx_word' id='word_1_304' title='bbox 1369 3562 1470 3615; x_wconf 85' lang='lat' dir='ltr'><strong>sita</strong></span> <span class='ocrx_word' id='word_1_305' title='bbox 1498 3564 1655 3617; x_wconf 89' lang='lat' dir='ltr'><strong>estin</strong></span> <span class='ocrx_word' id='word_1_306' title='bbox 1685 3581 1832 3618; x_wconf 87' lang='lat' dir='ltr'><strong>cam-</strong></span> 
     </span>
    </p>
   </div>
   <div class='ocr_carea' id='block_1_40' title="bbox 244 3646 1828 3715">
    <p class='ocr_par' dir='ltr' id='par_1_40' title="bbox 244 3646 1828 3715">
     <span class='ocr_line' id='line_1_40' title="bbox 244 3646 1828 3715; baseline 0.008 -16"><span class='ocrx_word' id='word_1_307' title='bbox 244 3646 412 3715; x_wconf 78' lang='lat' dir='ltr'><strong>pestri</strong></span> <span class='ocrx_word' id='word_1_308' title='bbox 461 3647 747 3703; x_wconf 87' lang='lat' dir='ltr'><strong>solitudine</strong></span> <span class='ocrx_word' id='word_1_309' title='bbox 774 3690 788 3712; x_wconf 94' lang='lat'><strong>,</strong></span> <span class='ocrx_word' id='word_1_310' title='bbox 839 3651 904 3705; x_wconf 89' lang='lat' dir='ltr'><strong>de</strong></span> <span class='ocrx_word' id='word_1_311' title='bbox 949 3652 1089 3706; x_wconf 90' lang='lat' dir='ltr'><strong>tribu</strong></span> <span class='ocrx_word' id='word_1_312' title='bbox 1119 3653 1350 3708; x_wconf 79' lang='lat' dir='ltr'><strong>Ruben:</strong></span> <span class='ocrx_word' id='word_1_313' title='bbox 1391 3661 1447 3707; x_wconf 91' lang='lat' dir='ltr'><strong>et</strong></span> <span class='ocrx_word' id='word_1_314' title='bbox 1491 3655 1721 3710; x_wconf 82' lang='lat' dir='ltr'><strong>Ramotb</strong></span> <span class='ocrx_word' id='word_1_315' title='bbox 1774 3657 1828 3710; x_wconf 93' lang='lat' dir='ltr'><strong>in</strong></span> 
     </span>
    </p>
   </div>
   <div class='ocr_carea' id='block_1_41' title="bbox 244 3735 1829 3807">
    <p class='ocr_par' dir='ltr' id='par_1_41' title="bbox 244 3735 1829 3807">
     <span class='ocr_line' id='line_1_41' title="bbox 244 3735 1829 3807; baseline 0.007 -19"><span class='ocrx_word' id='word_1_316' title='bbox 244 3735 452 3791; x_wconf 87' lang='lat' dir='ltr'><strong>Calaad</strong></span> <span class='ocrx_word' id='word_1_317' title='bbox 491 3739 556 3792; x_wconf 88' lang='lat' dir='ltr'><strong>de</strong></span> <span class='ocrx_word' id='word_1_318' title='bbox 587 3739 727 3792; x_wconf 89' lang='lat' dir='ltr'><strong>tribu</strong></span> <span class='ocrx_word' id='word_1_319' title='bbox 758 3739 894 3807; x_wconf 90' lang='lat' dir='ltr'><strong>Gad,</strong></span> <span class='ocrx_word' id='word_1_320' title='bbox 940 3750 995 3796; x_wconf 91' lang='lat' dir='ltr'><strong>et</strong></span> <span class='ocrx_word' id='word_1_321' title='bbox 1025 3741 1230 3795; x_wconf 88' lang='lat' dir='ltr'><strong>Gaulon</strong></span> <span class='ocrx_word' id='word_1_322' title='bbox 1257 3744 1310 3796; x_wconf 92' lang='lat' dir='ltr'><strong>in</strong></span> <span class='ocrx_word' id='word_1_323' title='bbox 1336 3743 1534 3806; x_wconf 87' lang='lat' dir='ltr'><strong>Baran,</strong></span> <span class='ocrx_word' id='word_1_324' title='bbox 1565 3746 1630 3798; x_wconf 88' lang='lat' dir='ltr'><strong>de</strong></span> <span class='ocrx_word' id='word_1_325' title='bbox 1685 3746 1829 3800; x_wconf 87' lang='lat' dir='ltr'><strong>tribu</strong></span> 
     </span>
    </p>
   </div>
   <div class='ocr_carea' id='block_1_42' title="bbox 245 3826 1829 3890">
    <p class='ocr_par' dir='ltr' id='par_1_42' title="bbox 245 3826 1829 3890">
     <span class='ocr_line' id='line_1_42' title="bbox 245 3826 1829 3890; baseline 0.006 -10"><span class='ocrx_word' id='word_1_326' title='bbox 245 3826 512 3883; x_wconf 77' lang='lat' dir='ltr'><strong>Manasse.</strong></span> <span class='ocrx_word' id='word_1_327' title='bbox 553 3827 647 3883; x_wconf 68' lang='lat' dir='ltr'><strong>Ha:</strong></span> <span class='ocrx_word' id='word_1_328' title='bbox 673 3829 919 3886; x_wconf 84' lang='lat' dir='ltr'><strong>civitates</strong></span> <span class='ocrx_word' id='word_1_329' title='bbox 961 3832 1268 3886; x_wconf 77' lang='lat' dir='ltr'><strong>constitutae</strong></span> <span class='ocrx_word' id='word_1_330' title='bbox 1300 3841 1425 3887; x_wconf 92' lang='lat' dir='ltr'><strong>sunt</strong></span> <span class='ocrx_word' id='word_1_331' title='bbox 1468 3835 1678 3888; x_wconf 89' lang='lat' dir='ltr'><strong>cunctis</strong></span> <span class='ocrx_word' id='word_1_332' title='bbox 1706 3835 1829 3890; x_wconf 91' lang='lat' dir='ltr'><strong>ﬁliis</strong></span> 
     </span>
    </p>
   </div>
   <div class='ocr_carea' id='block_1_43' title="bbox 241 3916 1828 3995">
    <p class='ocr_par' dir='ltr' id='par_1_43' title="bbox 241 3916 1828 3995">
     <span class='ocr_line' id='line_1_43' title="bbox 241 3916 1828 3995; baseline 0.006 -24"><span class='ocrx_word' id='word_1_333' title='bbox 241 3916 435 3982; x_wconf 84' lang='lat' dir='ltr'><strong>Israel,</strong></span> <span class='ocrx_word' id='word_1_334' title='bbox 472 3926 528 3972; x_wconf 92' lang='lat' dir='ltr'><strong>et</strong></span> <span class='ocrx_word' id='word_1_335' title='bbox 565 3919 788 3974; x_wconf 87' lang='lat' dir='ltr'><strong>advenis</strong></span> <span class='ocrx_word' id='word_1_336' title='bbox 831 3921 921 3988; x_wconf 91' lang='lat' dir='ltr'><strong>qui</strong></span> <span class='ocrx_word' id='word_1_337' title='bbox 951 3921 1266 3976; x_wconf 87' lang='lat' dir='ltr'><strong>habitabant</strong></span> <span class='ocrx_word' id='word_1_338' title='bbox 1305 3923 1446 3976; x_wconf 88' lang='lat' dir='ltr'><strong>inter</strong></span> <span class='ocrx_word' id='word_1_339' title='bbox 1473 3938 1565 3978; x_wconf 90' lang='lat' dir='ltr'><strong>eos</strong></span> <span class='ocrx_word' id='word_1_340' title='bbox 1591 3933 1648 3977; x_wconf 89' lang='lat' dir='ltr'><strong>ut</strong></span> <span class='ocrx_word' id='word_1_341' title='bbox 1680 3925 1828 3995; x_wconf 78' lang='lat' dir='ltr'><strong>iugc-</strong></span> 
     </span>
    </p>
   </div>
   <div class='ocr_carea' id='block_1_44' title="bbox 242 4007 1826 4081">
    <p class='ocr_par' dir='ltr' id='par_1_44' title="bbox 242 4007 1826 4081">
     <span class='ocr_line' id='line_1_44' title="bbox 242 4007 1826 4081; baseline 0.006 -21"><span class='ocrx_word' id='word_1_342' title='bbox 242 4015 328 4062; x_wconf 89' lang='lat' dir='ltr'><strong>rct</strong></span> <span class='ocrx_word' id='word_1_343' title='bbox 365 4007 434 4061; x_wconf 90' lang='lat' dir='ltr'><strong>ad</strong></span> <span class='ocrx_word' id='word_1_344' title='bbox 463 4022 556 4062; x_wconf 87' lang='lat' dir='ltr'><strong>eas</strong></span> <span class='ocrx_word' id='word_1_345' title='bbox 593 4009 684 4077; x_wconf 91' lang='lat' dir='ltr'><strong>qui</strong></span> <span class='ocrx_word' id='word_1_346' title='bbox 712 4010 946 4065; x_wconf 89' lang='lat' dir='ltr'><strong>animam</strong></span> <span class='ocrx_word' id='word_1_347' title='bbox 977 4012 1191 4066; x_wconf 85' lang='lat' dir='ltr'><strong>nescius</strong></span> <span class='ocrx_word' id='word_1_348' title='bbox 1217 4013 1591 4081; x_wconf 87' lang='lat' dir='ltr'><strong>percussisset,</strong></span> <span class='ocrx_word' id='word_1_349' title='bbox 1623 4024 1678 4069; x_wconf 92' lang='lat' dir='ltr'><strong>et</strong></span> <span class='ocrx_word' id='word_1_350' title='bbox 1719 4032 1826 4069; x_wconf 92' lang='lat' dir='ltr'><strong>non</strong></span> 
     </span>
    </p>
   </div>
   <div class='ocr_carea' id='block_1_45' title="bbox 242 4097 1827 4174">
    <p class='ocr_par' dir='ltr' id='par_1_45' title="bbox 242 4097 1827 4174">
     <span class='ocr_line' id='line_1_45' title="bbox 242 4097 1827 4174; baseline 0.006 -23"><span class='ocrx_word' id='word_1_351' title='bbox 242 4106 550 4152; x_wconf 84' lang='lat' dir='ltr'><strong>moreretur</strong></span> <span class='ocrx_word' id='word_1_352' title='bbox 573 4097 626 4151; x_wconf 90' lang='lat' dir='ltr'><strong>in</strong></span> <span class='ocrx_word' id='word_1_353' title='bbox 653 4114 812 4153; x_wconf 90' lang='lat' dir='ltr'><strong>manu</strong></span> <span class='ocrx_word' id='word_1_354' title='bbox 841 4101 1073 4169; x_wconf 84' lang='lat' dir='ltr'><strong>proximi</strong></span> <span class='ocrx_word' id='word_1_355' title='bbox 1109 4101 1334 4156; x_wconf 76' lang='lat' dir='ltr'><strong>effusum</strong></span> <span class='ocrx_word' id='word_1_356' title='bbox 1365 4104 1678 4174; x_wconf 85' lang='lat' dir='ltr'><strong>sanguinem</strong></span> <span class='ocrx_word' id='word_1_357' title='bbox 1710 4106 1827 4160; x_wconf 90' lang='lat' dir='ltr'><strong>vin-</strong></span> 
     </span>
    </p>
   </div>
   <div class='ocr_carea' id='block_1_46' title="bbox 241 4187 1826 4266">
    <p class='ocr_par' dir='ltr' id='par_1_46' title="bbox 241 4187 1826 4266">
     <span class='ocr_line' id='line_1_46' title="bbox 241 4187 1826 4266; baseline 0.006 -26"><span class='ocrx_word' id='word_1_358' title='bbox 241 4187 426 4242; x_wconf 85' lang='lat' dir='ltr'><strong>dicare</strong></span> <span class='ocrx_word' id='word_1_359' title='bbox 455 4189 724 4258; x_wconf 88' lang='lat' dir='ltr'><strong>cupientis</strong></span> <span class='ocrx_word' id='word_1_360' title='bbox 758 4191 930 4245; x_wconf 91' lang='lat' dir='ltr'><strong>donec</strong></span> <span class='ocrx_word' id='word_1_361' title='bbox 965 4200 1134 4246; x_wconf 88' lang='lat' dir='ltr'><strong>staret</strong></span> <span class='ocrx_word' id='word_1_362' title='bbox 1159 4202 1284 4248; x_wconf 86' lang='lat' dir='ltr'><strong>ante</strong></span> <span class='ocrx_word' id='word_1_363' title='bbox 1316 4195 1567 4264; x_wconf 90' lang='lat' dir='ltr'><strong>populum</strong></span> <span class='ocrx_word' id='word_1_364' title='bbox 1612 4196 1826 4266; x_wconf 80' lang='lat' dir='ltr'><strong>exposi-</strong></span> 
     </span>
    </p>
   </div>
   <div class='ocr_carea' id='block_1_47' title="bbox 241 4281 1820 4357">
    <p class='ocr_par' dir='ltr' id='par_1_47' title="bbox 241 4281 1820 4357">
     <span class='ocr_line' id='line_1_47' title="bbox 241 4281 1820 4357; baseline 0.004 -26"><span class='ocrx_word' id='word_1_365' title='bbox 241 4286 396 4332; x_wconf 88' lang='lat' dir='ltr'><strong>turus</strong></span> <span class='ocrx_word' id='word_1_366' title='bbox 420 4293 636 4333; x_wconf 84' lang='lat' dir='ltr'><strong>causam</strong></span> <span class='ocrx_word' id='word_1_367' title='bbox 662 4296 834 4335; x_wconf 83' lang='lat' dir='ltr'><strong>suam.</strong></span> <span class='ocrx_word' id='word_1_368' title='bbox 867 4281 1004 4336; x_wconf 88' lang='lat' dir='ltr'><strong>Ecce</strong></span> <span class='ocrx_word' id='word_1_369' title='bbox 1029 4282 1196 4337; x_wconf 90' lang='lat' dir='ltr'><strong>habes</strong></span> <span class='ocrx_word' id='word_1_370' title='bbox 1219 4299 1310 4337; x_wconf 80' lang='lat' dir='ltr'><strong>sex</strong></span> <span class='ocrx_word' id='word_1_371' title='bbox 1341 4284 1530 4357; x_wconf 80' lang='lat' dir='ltr'><strong>refugii</strong></span> <span class='ocrx_word' id='word_1_372' title='bbox 1551 4286 1820 4341; x_wconf 85' lang='lat' dir='ltr'><strong>civitates.</strong></span> 
     </span>
    </p>
   </div>
   <div class='ocr_carea' id='block_1_48' title="bbox 241 4365 1901 4468">
    <p class='ocr_par' dir='ltr' id='par_1_48' title="bbox 241 4365 1901 4468">
     <span class='ocr_line' id='line_1_48' title="bbox 241 4365 1901 4468; baseline 0.006 -49"><span class='ocrx_word' id='word_1_373' title='bbox 241 4365 408 4433; x_wconf 85' lang='lat' dir='ltr'><strong>Quas,</strong></span> <span class='ocrx_word' id='word_1_374' title='bbox 439 4369 486 4422; x_wconf 88' lang='lat' dir='ltr'><strong>si</strong></span> <span class='ocrx_word' id='word_1_375' title='bbox 522 4367 714 4438; x_wconf 86' lang='lat' dir='ltr'><strong>placet,</strong></span> <span class='ocrx_word' id='word_1_376' title='bbox 742 4369 1056 4440; x_wconf 83' lang='lat' dir='ltr'><strong>ingredere;</strong></span> <span class='ocrx_word' id='word_1_377' title='bbox 1083 4385 1148 4424; x_wconf 89' lang='lat' dir='ltr'><strong>ac</strong></span> <span class='ocrx_word' id='word_1_378' title='bbox 1174 4372 1219 4424; x_wconf 91' lang='lat' dir='ltr'><strong>si</strong></span> <span class='ocrx_word' id='word_1_379' title='bbox 1249 4371 1386 4426; x_wconf 82' lang='lat' dir='ltr'><strong>forte</strong></span> <span class='ocrx_word' id='word_1_380' title='bbox 1419 4389 1517 4442; x_wconf 91' lang='lat' dir='ltr'><strong>pro</strong></span> <span class='ocrx_word' id='word_1_381' title='bbox 1548 4375 1823 4429; x_wconf 89' lang='lat' dir='ltr'><strong>conscien—</strong></span> <span class='ocrx_word' id='word_1_382' title='bbox 1848 4409 1901 4468; x_wconf 69' lang='grc' dir='ltr'>Β</span> 
     </span>
    </p>
   </div>
   <div class='ocr_carea' id='block_1_49' title="bbox 241 4455 1819 4528">
    <p class='ocr_par' dir='ltr' id='par_1_49' title="bbox 241 4455 1819 4528">
     <span class='ocr_line' id='line_1_49' title="bbox 241 4455 1819 4528; baseline 0.004 -20"><span class='ocrx_word' id='word_1_383' title='bbox 241 4455 313 4508; x_wconf 89' lang='lat' dir='ltr'><strong>tia</strong></span> <span class='ocrx_word' id='word_1_384' title='bbox 339 4464 686 4526; x_wconf 82' lang='lat' dir='ltr'><strong>peccatorum</strong></span> <span class='ocrx_word' id='word_1_385' title='bbox 711 4457 827 4511; x_wconf 89' lang='lat' dir='ltr'><strong>illas</strong></span> <span class='ocrx_word' id='word_1_386' title='bbox 855 4473 975 4526; x_wconf 76' lang='lat' dir='ltr'><strong>qua:</strong></span> <span class='ocrx_word' id='word_1_387' title='bbox 1016 4466 1143 4512; x_wconf 90' lang='lat' dir='ltr'><strong>sunt</strong></span> <span class='ocrx_word' id='word_1_388' title='bbox 1190 4459 1242 4511; x_wconf 90' lang='lat' dir='ltr'><strong>in</strong></span> <span class='ocrx_word' id='word_1_389' title='bbox 1268 4467 1407 4513; x_wconf 86' lang='lat' dir='ltr'><strong>terra</strong></span> <span class='ocrx_word' id='word_1_390' title='bbox 1443 4461 1819 4528; x_wconf 89' lang='lat' dir='ltr'><strong>repromissio-</strong></span> 
     </span>
    </p>
   </div>
   <div class='ocr_carea' id='block_1_50' title="bbox 240 4546 1823 4616">
    <p class='ocr_par' dir='ltr' id='par_1_50' title="bbox 240 4546 1823 4616">
     <span class='ocr_line' id='line_1_50' title="bbox 240 4546 1823 4616; baseline 0.005 -18"><span class='ocrx_word' id='word_1_391' title='bbox 240 4546 344 4608; x_wconf 90' lang='lat' dir='ltr'><strong>nis,</strong></span> <span class='ocrx_word' id='word_1_392' title='bbox 378 4546 481 4601; x_wconf 87' lang='lat' dir='ltr'><strong>hoc</strong></span> <span class='ocrx_word' id='word_1_393' title='bbox 515 4556 600 4601; x_wconf 92' lang='grc' dir='ltr'><strong>εει</strong></span> <span class='ocrx_word' id='word_1_394' title='bbox 645 4547 700 4600; x_wconf 90' lang='lat' dir='ltr'><strong>in</strong></span> <span class='ocrx_word' id='word_1_395' title='bbox 743 4547 1006 4614; x_wconf 86' lang='lat' dir='ltr'><strong>Ecclesia,</strong></span> <span class='ocrx_word' id='word_1_396' title='bbox 1058 4549 1260 4604; x_wconf 86' lang='lat' dir='ltr'><strong>intrare</strong></span> <span class='ocrx_word' id='word_1_397' title='bbox 1306 4565 1412 4604; x_wconf 93' lang='lat' dir='ltr'><strong>non</strong></span> <span class='ocrx_word' id='word_1_398' title='bbox 1456 4551 1690 4616; x_wconf 86' lang='lat' dir='ltr'><strong>audeas,</strong></span> <span class='ocrx_word' id='word_1_399' title='bbox 1739 4561 1823 4606; x_wconf 86' lang='lat' dir='ltr'><strong>est</strong></span> 
     </span>
    </p>
   </div>
   <div class='ocr_carea' id='block_1_51' title="bbox 238 4635 1818 4709">
    <p class='ocr_par' dir='ltr' id='par_1_51' title="bbox 238 4635 1818 4709">
     <span class='ocr_line' id='line_1_51' title="bbox 238 4635 1818 4709; baseline 0.003 -19"><span class='ocrx_word' id='word_1_400' title='bbox 238 4636 408 4691; x_wconf 85' lang='lat' dir='ltr'><strong>Bosor</strong></span> <span class='ocrx_word' id='word_1_401' title='bbox 434 4637 580 4691; x_wconf 88' lang='lat' dir='ltr'><strong>circa</strong></span> <span class='ocrx_word' id='word_1_402' title='bbox 605 4635 894 4692; x_wconf 80' lang='lat' dir='ltr'><strong>Jordanem</strong></span> <span class='ocrx_word' id='word_1_403' title='bbox 923 4639 979 4692; x_wconf 93' lang='lat' dir='ltr'><strong>in</strong></span> <span class='ocrx_word' id='word_1_404' title='bbox 1012 4639 1321 4704; x_wconf 90' lang='lat' dir='ltr'><strong>solitudine,</strong></span> <span class='ocrx_word' id='word_1_405' title='bbox 1349 4655 1468 4708; x_wconf 85' lang='lat' dir='ltr'><strong>quae</strong></span> <span class='ocrx_word' id='word_1_406' title='bbox 1494 4640 1818 4709; x_wconf 74' lang='lat' dir='ltr'><strong>interpreta=</strong></span> 
     </span>
    </p>
   </div>
   <div class='ocr_carea' id='block_1_52' title="bbox 240 4726 1818 4797">
    <p class='ocr_par' dir='ltr' id='par_1_52' title="bbox 240 4726 1818 4797">
     <span class='ocr_line' id='line_1_52' title="bbox 240 4726 1818 4797; baseline 0.003 -17"><span class='ocrx_word' id='word_1_407' title='bbox 240 4735 330 4780; x_wconf 85' lang='lat' dir='ltr'><strong>tur</strong></span> <span class='ocrx_word' id='word_1_408' title='bbox 356 4728 626 4796; x_wconf 85' lang='lat' dir='ltr'><strong>angustia,</strong></span> <span class='ocrx_word' id='word_1_409' title='bbox 672 4726 727 4781; x_wconf 90' lang='lat' dir='ltr'><strong>id</strong></span> <span class='ocrx_word' id='word_1_410' title='bbox 765 4735 880 4792; x_wconf 89' lang='lat' dir='ltr'><strong>est,</strong></span> <span class='ocrx_word' id='word_1_411' title='bbox 930 4727 1118 4782; x_wconf 86' lang='lat' dir='ltr'><strong>cellula</strong></span> <span class='ocrx_word' id='word_1_412' title='bbox 1170 4729 1480 4782; x_wconf 86' lang='lat' dir='ltr'><strong>monasterii</strong></span> <span class='ocrx_word' id='word_1_413' title='bbox 1524 4745 1688 4797; x_wconf 88' lang='lat' dir='ltr'><strong>parva</strong></span> <span class='ocrx_word' id='word_1_414' title='bbox 1736 4732 1818 4786; x_wconf 89' lang='lat' dir='ltr'><strong>vel</strong></span> 
     </span>
    </p>
   </div>
   <div class='ocr_carea' id='block_1_53' title="bbox 239 4819 1820 4888">
    <p class='ocr_par' dir='ltr' id='par_1_53' title="bbox 239 4819 1820 4888">
     <span class='ocr_line' id='line_1_53' title="bbox 239 4819 1820 4888; baseline 0.003 -16"><span class='ocrx_word' id='word_1_415' title='bbox 239 4819 494 4872; x_wconf 87' lang='lat' dir='ltr'><strong>modica:</strong></span> <span class='ocrx_word' id='word_1_416' title='bbox 548 4827 606 4872; x_wconf 88' lang='lat' dir='ltr'><strong>et</strong></span> <span class='ocrx_word' id='word_1_417' title='bbox 637 4819 838 4888; x_wconf 88' lang='lat' dir='ltr'><strong>optime</strong></span> <span class='ocrx_word' id='word_1_418' title='bbox 872 4820 966 4873; x_wconf 90' lang='lat' dir='ltr'><strong>tibi</strong></span> <span class='ocrx_word' id='word_1_419' title='bbox 1006 4820 1331 4884; x_wconf 83' lang='lat' dir='ltr'><strong>conveniet,</strong></span> <span class='ocrx_word' id='word_1_420' title='bbox 1379 4819 1521 4888; x_wconf 87' lang='lat' dir='ltr'><strong>quod</strong></span> <span class='ocrx_word' id='word_1_421' title='bbox 1564 4820 1628 4874; x_wconf 91' lang='lat' dir='ltr'><strong>de</strong></span> <span class='ocrx_word' id='word_1_422' title='bbox 1673 4831 1820 4877; x_wconf 87' lang='lat' dir='ltr'><strong>sorte</strong></span> 
     </span>
    </p>
   </div>
   <div class='ocr_carea' id='block_1_54' title="bbox 238 4908 1812 4979">
    <p class='ocr_par' dir='ltr' id='par_1_54' title="bbox 238 4908 1812 4979">
     <span class='ocr_line' id='line_1_54' title="bbox 238 4908 1812 4979; baseline 0.003 -18"><span class='ocrx_word' id='word_1_423' title='bbox 238 4908 428 4962; x_wconf 75' lang='lat' dir='ltr'><strong>Ruben</strong></span> <span class='ocrx_word' id='word_1_424' title='bbox 457 4916 560 4973; x_wconf 89' lang='lat' dir='ltr'><strong>est,</strong></span> <span class='ocrx_word' id='word_1_425' title='bbox 595 4923 650 4966; x_wconf 90' lang='lat' dir='ltr'><strong>et</strong></span> <span class='ocrx_word' id='word_1_426' title='bbox 689 4909 804 4977; x_wconf 89' lang='lat' dir='ltr'><strong>ipse</strong></span> <span class='ocrx_word' id='word_1_427' title='bbox 831 4917 914 4964; x_wconf 85' lang='lat' dir='ltr'><strong>est</strong></span> <span class='ocrx_word' id='word_1_428' title='bbox 947 4910 1038 4977; x_wconf 89' lang='lat' dir='ltr'><strong>qui</strong></span> <span class='ocrx_word' id='word_1_429' title='bbox 1067 4910 1278 4964; x_wconf 86' lang='lat' dir='ltr'><strong>thorum</strong></span> <span class='ocrx_word' id='word_1_430' title='bbox 1302 4909 1470 4979; x_wconf 88' lang='lat' dir='ltr'><strong>patris</strong></span> <span class='ocrx_word' id='word_1_431' title='bbox 1506 4911 1587 4964; x_wconf 87' lang='lat' dir='ltr'><strong>sui</strong></span> <span class='ocrx_word' id='word_1_432' title='bbox 1628 4927 1812 4966; x_wconf 84' lang='lat' dir='ltr'><strong>macu-</strong></span> 
     </span>
    </p>
   </div>
   <div class='ocr_carea' id='block_1_55' title="bbox 235 5000 1816 5070">
    <p class='ocr_par' dir='ltr' id='par_1_55' title="bbox 235 5000 1816 5070">
     <span class='ocr_line' id='line_1_55' title="bbox 235 5000 1816 5070; baseline 0.002 -17"><span class='ocrx_word' id='word_1_433' title='bbox 235 5001 367 5054; x_wconf 86' lang='lat' dir='ltr'><strong>lavit</strong></span> <span class='ocrx_word' id='word_1_434' title='bbox 414 5000 620 5056; x_wconf 89' lang='lat' dir='ltr'><strong>iliicite.</strong></span> <span class='ocrx_word' id='word_1_435' title='bbox 669 5000 764 5054; x_wconf 89' lang='lat' dir='ltr'><strong>Est</strong></span> <span class='ocrx_word' id='word_1_436' title='bbox 791 5009 846 5054; x_wconf 90' lang='lat' dir='ltr'><strong>et</strong></span> <span class='ocrx_word' id='word_1_437' title='bbox 877 5000 1106 5056; x_wconf 80' lang='lat' dir='ltr'><strong>Ramoth</strong></span> <span class='ocrx_word' id='word_1_438' title='bbox 1145 5001 1210 5054; x_wconf 87' lang='lat' dir='ltr'><strong>de</strong></span> <span class='ocrx_word' id='word_1_439' title='bbox 1230 5011 1381 5070; x_wconf 82' lang='lat' dir='ltr'><strong>sorte</strong></span> <span class='ocrx_word' id='word_1_440' title='bbox 1413 5000 1550 5065; x_wconf 89' lang='lat' dir='ltr'><strong>Cad,</strong></span> <span class='ocrx_word' id='word_1_441' title='bbox 1590 5017 1708 5070; x_wconf 74' lang='lat' dir='ltr'><strong>qua:</strong></span> <span class='ocrx_word' id='word_1_442' title='bbox 1735 5003 1816 5056; x_wconf 92' lang='lat' dir='ltr'><strong>in-</strong></span> 
     </span>
    </p>
   </div>
   <div class='ocr_carea' id='block_1_56' title="bbox 237 5089 1852 5160">
    <p class='ocr_par' dir='ltr' id='par_1_56' title="bbox 237 5089 1852 5160">
     <span class='ocr_line' id='line_1_56' title="bbox 237 5089 1852 5160; baseline 0.001 -15"><span class='ocrx_word' id='word_1_443' title='bbox 237 5100 566 5160; x_wconf 85' lang='lat' dir='ltr'><strong>terpretatur</strong></span> <span class='ocrx_word' id='word_1_444' title='bbox 588 5091 800 5148; x_wconf 75' lang='lat' dir='ltr'><strong>excelsa</strong></span> <span class='ocrx_word' id='word_1_445' title='bbox 826 5105 995 5156; x_wconf 89' lang='lat' dir='ltr'><strong>mors,</strong></span> <span class='ocrx_word' id='word_1_446' title='bbox 1022 5090 1105 5144; x_wconf 89' lang='lat' dir='ltr'><strong>vel</strong></span> <span class='ocrx_word' id='word_1_447' title='bbox 1125 5089 1262 5145; x_wconf 82' lang='lat' dir='ltr'><strong>visio</strong></span> <span class='ocrx_word' id='word_1_448' title='bbox 1282 5092 1491 5146; x_wconf 90' lang='lat' dir='ltr'><strong>mortis.</strong></span> <span class='ocrx_word' id='word_1_449' title='bbox 1517 5093 1656 5147; x_wconf 84' lang='lat' dir='ltr'><strong>Vere</strong></span> <span class='ocrx_word' id='word_1_450' title='bbox 1670 5093 1812 5146; x_wconf 90' lang='lat' dir='ltr'><strong>enim</strong></span> <span class='ocrx_word' id='word_1_451' title='bbox 1846 5124 1852 5130; x_wconf 95' lang='lat'><strong><em>-</em></strong></span> 
     </span>
    </p>
   </div>
   <div class='ocr_carea' id='block_1_57' title="bbox 235 5182 1816 5253">
    <p class='ocr_par' dir='ltr' id='par_1_57' title="bbox 235 5182 1816 5253">
     <span class='ocr_line' id='line_1_57' title="bbox 235 5182 1816 5253; baseline -0.002 -15"><span class='ocrx_word' id='word_1_452' title='bbox 235 5183 447 5238; x_wconf 76' lang='lat' dir='ltr'><strong>excelsa</strong></span> <span class='ocrx_word' id='word_1_453' title='bbox 487 5199 634 5238; x_wconf 87' lang='lat' dir='ltr'><strong>mors</strong></span> <span class='ocrx_word' id='word_1_454' title='bbox 653 5183 969 5253; x_wconf 78' lang='lat' dir='ltr'><strong>ptenitentia</strong></span> <span class='ocrx_word' id='word_1_455' title='bbox 992 5197 1112 5236; x_wconf 88' lang='lat' dir='ltr'><strong>esse</strong></span> <span class='ocrx_word' id='word_1_456' title='bbox 1140 5182 1363 5241; x_wconf 73' lang='lat' dir='ltr'><strong>dicenda</strong></span> <span class='ocrx_word' id='word_1_457' title='bbox 1387 5190 1491 5247; x_wconf 89' lang='lat' dir='ltr'><strong>est,</strong></span> <span class='ocrx_word' id='word_1_458' title='bbox 1520 5198 1644 5237; x_wconf 90' lang='lat' dir='ltr'><strong>eum</strong></span> <span class='ocrx_word' id='word_1_459' title='bbox 1673 5197 1816 5237; x_wconf 92' lang='lat' dir='ltr'><strong>mor-</strong></span> 
     </span>
    </p>
   </div>
   <div class='ocr_carea' id='block_1_58' title="bbox 238 5272 1809 5329">
    <p class='ocr_par' dir='ltr' id='par_1_58' title="bbox 238 5272 1809 5329">
     <span class='ocr_line' id='line_1_58' title="bbox 238 5272 1809 5329; baseline -0.002 0"><span class='ocrx_word' id='word_1_460' title='bbox 238 5274 456 5329; x_wconf 85' lang='lat' dir='ltr'><strong>tiﬁcatis</strong></span> <span class='ocrx_word' id='word_1_461' title='bbox 481 5274 740 5328; x_wconf 88' lang='lat' dir='ltr'><strong>membris</strong></span> <span class='ocrx_word' id='word_1_462' title='bbox 778 5273 1075 5328; x_wconf 87' lang='lat' dir='ltr'><strong>deducatur</strong></span> <span class='ocrx_word' id='word_1_463' title='bbox 1102 5272 1263 5327; x_wconf 83' lang='lat' dir='ltr'><strong>homo</strong></span> <span class='ocrx_word' id='word_1_464' title='bbox 1291 5274 1358 5327; x_wconf 88' lang='lat' dir='ltr'><strong>ad</strong></span> <span class='ocrx_word' id='word_1_465' title='bbox 1385 5272 1599 5326; x_wconf 83' lang='lat' dir='ltr'><strong>excelsa</strong></span> <span class='ocrx_word' id='word_1_466' title='bbox 1641 5272 1809 5326; x_wconf 89' lang='lat' dir='ltr'><strong>coelo-</strong></span> 
     </span>
    </p>
   </div>
   <div class='ocr_carea' id='block_1_59' title="bbox 237 5361 1815 5433">
    <p class='ocr_par' dir='ltr' id='par_1_59' title="bbox 237 5361 1815 5433">
     <span class='ocr_line' id='line_1_59' title="bbox 237 5361 1815 5433; baseline -0.001 -15"><span class='ocrx_word' id='word_1_467' title='bbox 237 5380 358 5418; x_wconf 89' lang='lat' dir='ltr'><strong>rum</strong></span> <span class='ocrx_word' id='word_1_468' title='bbox 377 5364 518 5418; x_wconf 86' lang='lat' dir='ltr'><strong>unde</strong></span> <span class='ocrx_word' id='word_1_469' title='bbox 547 5364 723 5418; x_wconf 82' lang='lat' dir='ltr'><strong>fuerat</strong></span> <span class='ocrx_word' id='word_1_470' title='bbox 750 5372 875 5418; x_wconf 89' lang='lat' dir='ltr'><strong>ante</strong></span> <span class='ocrx_word' id='word_1_471' title='bbox 903 5363 1170 5433; x_wconf 90' lang='lat' dir='ltr'><strong>delapsus.</strong></span> <span class='ocrx_word' id='word_1_472' title='bbox 1209 5362 1334 5418; x_wconf 88' lang='lat' dir='ltr'><strong>Sive</strong></span> <span class='ocrx_word' id='word_1_473' title='bbox 1349 5361 1502 5430; x_wconf 81' lang='lat' dir='ltr'><strong>juxta</strong></span> <span class='ocrx_word' id='word_1_474' title='bbox 1532 5363 1688 5416; x_wconf 87' lang='lat' dir='ltr'><strong>istam</strong></span> <span class='ocrx_word' id='word_1_475' title='bbox 1718 5363 1815 5416; x_wconf 84' lang='lat' dir='ltr'><strong>hu-</strong></span> 
     </span>
    </p>
   </div>
   <div class='ocr_carea' id='block_1_60' title="bbox 235 5453 1808 5526">
    <p class='ocr_par' dir='ltr' id='par_1_60' title="bbox 235 5453 1808 5526">
     <span class='ocr_line' id='line_1_60' title="bbox 235 5453 1808 5526; baseline -0.003 -16"><span class='ocrx_word' id='word_1_476' title='bbox 235 5456 416 5511; x_wconf 90' lang='lat' dir='ltr'><strong>milem</strong></span> <span class='ocrx_word' id='word_1_477' title='bbox 445 5465 675 5510; x_wconf 90' lang='lat' dir='ltr'><strong>mortem</strong></span> <span class='ocrx_word' id='word_1_478' title='bbox 705 5471 822 5525; x_wconf 80' lang='lat' dir='ltr'><strong>quae</strong></span> <span class='ocrx_word' id='word_1_479' title='bbox 846 5455 1168 5526; x_wconf 83' lang='lat' dir='ltr'><strong>generaliter</strong></span> <span class='ocrx_word' id='word_1_480' title='bbox 1188 5455 1334 5508; x_wconf 90' lang='lat' dir='ltr'><strong>omni</strong></span> <span class='ocrx_word' id='word_1_481' title='bbox 1357 5454 1506 5508; x_wconf 89' lang='lat' dir='ltr'><strong>carni</strong></span> <span class='ocrx_word' id='word_1_482' title='bbox 1543 5453 1808 5515; x_wconf 90' lang='lat' dir='ltr'><strong>imminet,</strong></span> 
     </span>
    </p>
   </div>
   <div class='ocr_carea' id='block_1_61' title="bbox 236 5543 1811 5615">
    <p class='ocr_par' dir='ltr' id='par_1_61' title="bbox 236 5543 1811 5615">
     <span class='ocr_line' id='line_1_61' title="bbox 236 5543 1811 5615; baseline -0.001 -15"><span class='ocrx_word' id='word_1_483' title='bbox 236 5547 325 5600; x_wconf 90' lang='lat' dir='ltr'><strong>illa</strong></span> <span class='ocrx_word' id='word_1_484' title='bbox 345 5547 413 5601; x_wconf 88' lang='lat' dir='ltr'><strong>ad</strong></span> <span class='ocrx_word' id='word_1_485' title='bbox 447 5547 900 5615; x_wconf 85' lang='lat' dir='ltr'><strong>comparationem</strong></span> <span class='ocrx_word' id='word_1_486' title='bbox 929 5544 1044 5613; x_wconf 86' lang='lat' dir='ltr'><strong>ejus</strong></span> <span class='ocrx_word' id='word_1_487' title='bbox 1072 5544 1461 5600; x_wconf 87' lang='lat' dir='ltr'><strong>rationabiliter</strong></span> <span class='ocrx_word' id='word_1_488' title='bbox 1489 5543 1696 5597; x_wconf 72' lang='lat' dir='ltr'><strong>excelsa</strong></span> <span class='ocrx_word' id='word_1_489' title='bbox 1721 5559 1811 5598; x_wconf 83' lang='lat' dir='ltr'><strong>no-</strong></span> 
     </span>
    </p>
   </div>
   <div class='ocr_carea' id='block_1_62' title="bbox 238 5635 1808 5705">
    <p class='ocr_par' dir='ltr' id='par_1_62' title="bbox 238 5635 1808 5705">
     <span class='ocr_line' id='line_1_62' title="bbox 238 5635 1808 5705; baseline -0.004 -12"><span class='ocrx_word' id='word_1_490' title='bbox 238 5639 493 5704; x_wconf 88' lang='lat' dir='ltr'><strong>minatur,</strong></span> <span class='ocrx_word' id='word_1_491' title='bbox 520 5639 644 5705; x_wconf 88' lang='lat' dir='ltr'><strong>quia</strong></span> <span class='ocrx_word' id='word_1_492' title='bbox 685 5638 910 5698; x_wconf 89' lang='lat' dir='ltr'><strong>multum</strong></span> <span class='ocrx_word' id='word_1_493' title='bbox 935 5637 1166 5691; x_wconf 88' lang='lat' dir='ltr'><strong>nobilius</strong></span> <span class='ocrx_word' id='word_1_494' title='bbox 1207 5644 1291 5692; x_wconf 90' lang='lat' dir='ltr'><strong>est</strong></span> <span class='ocrx_word' id='word_1_495' title='bbox 1318 5651 1414 5705; x_wconf 87' lang='lat' dir='ltr'><strong>per</strong></span> <span class='ocrx_word' id='word_1_496' title='bbox 1437 5635 1808 5704; x_wconf 74' lang='lat' dir='ltr'><strong>ptenitentiam</strong></span> 
     </span>
    </p>
   </div>
   <div class='ocr_carea' id='block_1_63' title="bbox 1951 474 3530 562">
    <p class='ocr_par' dir='ltr' id='par_1_63' title="bbox 1951 474 3530 562">
     <span class='ocr_line' id='line_1_63' title="bbox 1951 474 3530 562; baseline 0.013 -35"><span class='ocrx_word' id='word_1_497' title='bbox 1951 474 2213 529; x_wconf 90' lang='lat' dir='ltr'><strong>visionem</strong></span> <span class='ocrx_word' id='word_1_498' title='bbox 2239 477 2431 531; x_wconf 88' lang='lat' dir='ltr'><strong>mortis</strong></span> <span class='ocrx_word' id='word_1_499' title='bbox 2458 478 2662 532; x_wconf 86' lang='lat' dir='ltr'><strong>sentire</strong></span> <span class='ocrx_word' id='word_1_500' title='bbox 2699 479 2952 545; x_wconf 90' lang='lat' dir='ltr'><strong>velimus,</strong></span> <span class='ocrx_word' id='word_1_501' title='bbox 2997 481 3074 534; x_wconf 88' lang='lat' dir='ltr'><strong>ita</strong></span> <span class='ocrx_word' id='word_1_502' title='bbox 3101 493 3280 552; x_wconf 87' lang='lat' dir='ltr'><strong>potest</strong></span> <span class='ocrx_word' id='word_1_503' title='bbox 3304 487 3530 562; x_wconf 79' lang='lat' dir='ltr'><strong>intelligi</strong></span> 
     </span>
    </p>
   </div>
   <div class='ocr_carea' id='block_1_64' title="bbox 1950 564 3532 636">
    <p class='ocr_par' dir='ltr' id='par_1_64' title="bbox 1950 564 3532 636">
     <span class='ocr_line' id='line_1_64' title="bbox 1950 564 3532 636; baseline 0.011 -20"><span class='ocrx_word' id='word_1_504' title='bbox 1950 564 2077 632; x_wconf 88' lang='lat' dir='ltr'><strong>quia</strong></span> <span class='ocrx_word' id='word_1_505' title='bbox 2106 580 2228 618; x_wconf 90' lang='lat' dir='ltr'><strong>cum</strong></span> <span class='ocrx_word' id='word_1_506' title='bbox 2268 581 2454 620; x_wconf 89' lang='lat' dir='ltr'><strong>sumus</strong></span> <span class='ocrx_word' id='word_1_507' title='bbox 2495 567 2549 620; x_wconf 90' lang='lat' dir='ltr'><strong>in</strong></span> <span class='ocrx_word' id='word_1_508' title='bbox 2595 568 2911 636; x_wconf 78' lang='lat' dir='ltr'><strong>pmnitentia</strong></span> <span class='ocrx_word' id='word_1_509' title='bbox 2940 573 3254 636; x_wconf 90' lang='lat' dir='ltr'><strong>constituti,</strong></span> <span class='ocrx_word' id='word_1_510' title='bbox 3310 585 3365 630; x_wconf 87' lang='lat' dir='ltr'><strong>et</strong></span> <span class='ocrx_word' id='word_1_511' title='bbox 3406 588 3532 636; x_wconf 88' lang='lat' dir='ltr'><strong>ante</strong></span> 
     </span>
    </p>
   </div>
   <div class='ocr_carea' id='block_1_65' title="bbox 1948 654 3533 726">
    <p class='ocr_par' dir='ltr' id='par_1_65' title="bbox 1948 654 3533 726">
     <span class='ocr_line' id='line_1_65' title="bbox 1948 654 3533 726; baseline 0.008 -18"><span class='ocrx_word' id='word_1_512' title='bbox 1948 654 2133 709; x_wconf 91' lang='lat' dir='ltr'><strong>oculos</strong></span> <span class='ocrx_word' id='word_1_513' title='bbox 2184 656 2340 710; x_wconf 91' lang='lat' dir='ltr'><strong>nobis</strong></span> <span class='ocrx_word' id='word_1_514' title='bbox 2383 657 2632 726; x_wconf 89' lang='lat' dir='ltr'><strong>ponimus</strong></span> <span class='ocrx_word' id='word_1_515' title='bbox 2686 656 2884 712; x_wconf 84' lang='lat' dir='ltr'><strong>inferni</strong></span> <span class='ocrx_word' id='word_1_516' title='bbox 2944 667 3230 725; x_wconf 90' lang='lat' dir='ltr'><strong>tormenta,</strong></span> <span class='ocrx_word' id='word_1_517' title='bbox 3285 664 3533 722; x_wconf 84' lang='lat' dir='ltr'><strong>videmus</strong></span> 
     </span>
    </p>
   </div>
   <div class='ocr_carea' id='block_1_66' title="bbox 1949 741 3530 818">
    <p class='ocr_par' dir='ltr' id='par_1_66' title="bbox 1949 741 3530 818">
     <span class='ocr_line' id='line_1_66' title="bbox 1949 741 3530 818; baseline 0.009 -23"><span class='ocrx_word' id='word_1_518' title='bbox 1949 741 2120 811; x_wconf 88' lang='lat' dir='ltr'><strong>ipsam</strong></span> <span class='ocrx_word' id='word_1_519' title='bbox 2145 745 2380 813; x_wconf 88' lang='lat' dir='ltr'><strong>speciem</strong></span> <span class='ocrx_word' id='word_1_520' title='bbox 2410 747 2620 811; x_wconf 89' lang='lat' dir='ltr'><strong>mortis,</strong></span> <span class='ocrx_word' id='word_1_521' title='bbox 2653 747 2719 802; x_wconf 92' lang='lat' dir='ltr'><strong>de</strong></span> <span class='ocrx_word' id='word_1_522' title='bbox 2757 763 2862 816; x_wconf 92' lang='lat' dir='ltr'><strong>qua</strong></span> <span class='ocrx_word' id='word_1_523' title='bbox 2890 749 3222 818; x_wconf 69' lang='lat' dir='ltr'><strong>poenitentia:</strong></span> <span class='ocrx_word' id='word_1_524' title='bbox 3269 753 3530 810; x_wconf 89' lang='lat' dir='ltr'><strong>beneﬁcio</strong></span> 
     </span>
    </p>
   </div>
   <div class='ocr_carea' id='block_1_67' title="bbox 1946 833 3533 900">
    <p class='ocr_par' dir='ltr' id='par_1_67' title="bbox 1946 833 3533 900">
     <span class='ocr_line' id='line_1_67' title="bbox 1946 833 3533 900; baseline 0.009 -16"><span class='ocrx_word' id='word_1_525' title='bbox 1946 833 2279 900; x_wconf 88' lang='lat' dir='ltr'><strong>liberemur;</strong></span> <span class='ocrx_word' id='word_1_526' title='bbox 2321 836 2492 890; x_wconf 91' lang='lat' dir='ltr'><strong>donec</strong></span> <span class='ocrx_word' id='word_1_527' title='bbox 2524 839 2835 892; x_wconf 87' lang='lat' dir='ltr'><strong>memineris</strong></span> <span class='ocrx_word' id='word_1_528' title='bbox 2866 848 2917 893; x_wconf 90' lang='lat' dir='ltr'><strong>te</strong></span> <span class='ocrx_word' id='word_1_529' title='bbox 2949 841 3006 894; x_wconf 93' lang='lat' dir='ltr'><strong>in</strong></span> <span class='ocrx_word' id='word_1_530' title='bbox 3035 843 3244 897; x_wconf 80' lang='lat' dir='ltr'><strong>ancillae</strong></span> <span class='ocrx_word' id='word_1_531' title='bbox 3279 844 3374 898; x_wconf 88' lang='lat' dir='ltr'><strong>ﬁlii</strong></span> <span class='ocrx_word' id='word_1_532' title='bbox 3403 845 3533 899; x_wconf 86' lang='lat' dir='ltr'><strong>civi-</strong></span> 
     </span>
    </p>
   </div>
   <div class='ocr_carea' id='block_1_68' title="bbox 1949 917 3531 1002">
    <p class='ocr_par' dir='ltr' id='par_1_68' title="bbox 1949 917 3531 1002">
     <span class='ocr_line' id='line_1_68' title="bbox 1949 917 3531 1002; baseline 0.009 -26"><span class='ocrx_word' id='word_1_533' title='bbox 1949 917 2057 976; x_wconf 68' lang='grc' dir='ltr'>ιῖιιε</span> <span class='ocrx_word' id='word_1_534' title='bbox 2100 939 2260 993; x_wconf 89' lang='lat' dir='ltr'><strong>agere</strong></span> <span class='ocrx_word' id='word_1_535' title='bbox 2287 927 2683 994; x_wconf 81' lang='lat' dir='ltr'><strong>pcenitentiam,</strong></span> <span class='ocrx_word' id='word_1_536' title='bbox 2713 929 2839 998; x_wconf 86' lang='lat' dir='ltr'><strong>quia</strong></span> <span class='ocrx_word' id='word_1_537' title='bbox 2867 931 3044 985; x_wconf 92' lang='lat' dir='ltr'><strong>omnis</strong></span> <span class='ocrx_word' id='word_1_538' title='bbox 3070 933 3161 1000; x_wconf 89' lang='lat' dir='ltr'><strong>qui</strong></span> <span class='ocrx_word' id='word_1_539' title='bbox 3198 943 3388 1002; x_wconf 89' lang='lat' dir='ltr'><strong>peccat</strong></span> <span class='ocrx_word' id='word_1_540' title='bbox 3415 951 3531 990; x_wconf 92' lang='lat' dir='ltr'><strong>ser-</strong></span> 
     </span>
    </p>
   </div>
   <div class='ocr_carea' id='block_1_69' title="bbox 1945 1013 3530 1089">
    <p class='ocr_par' dir='ltr' id='par_1_69' title="bbox 1945 1013 3530 1089">
     <span class='ocr_line' id='line_1_69' title="bbox 1945 1013 3530 1089; baseline 0.01 -27"><span class='ocrx_word' id='word_1_541' title='bbox 1945 1026 2045 1064; x_wconf 85' lang='lat' dir='ltr'><strong>vus</strong></span> <span class='ocrx_word' id='word_1_542' title='bbox 2072 1021 2154 1066; x_wconf 89' lang='lat' dir='ltr'><strong>est</strong></span> <span class='ocrx_word' id='word_1_543' title='bbox 2173 1014 2382 1082; x_wconf 89' lang='lat' dir='ltr'><strong>peccati</strong></span> <span class='ocrx_word' id='word_1_544' title='bbox 2410 1029 2424 1078; x_wconf 90' lang='lat'><strong>;</strong></span> <span class='ocrx_word' id='word_1_545' title='bbox 2459 1024 2513 1067; x_wconf 90' lang='lat' dir='ltr'><strong>et</strong></span> <span class='ocrx_word' id='word_1_546' title='bbox 2533 1013 2763 1070; x_wconf 77' lang='lat' dir='ltr'><strong>formam</strong></span> <span class='ocrx_word' id='word_1_547' title='bbox 2799 1020 2942 1072; x_wconf 88' lang='lat' dir='ltr'><strong>servi</strong></span> <span class='ocrx_word' id='word_1_548' title='bbox 2965 1021 3254 1089; x_wconf 89' lang='lat' dir='ltr'><strong>accipiens,</strong></span> <span class='ocrx_word' id='word_1_549' title='bbox 3279 1024 3530 1080; x_wconf 73' lang='lat' dir='ltr'><strong>humilics</strong></span> 
     </span>
    </p>
   </div>
   <div class='ocr_carea' id='block_1_70' title="bbox 1946 1102 3529 1172">
    <p class='ocr_par' dir='ltr' id='par_1_70' title="bbox 1946 1102 3529 1172">
     <span class='ocr_line' id='line_1_70' title="bbox 1946 1102 3529 1172; baseline 0.009 -18"><span class='ocrx_word' id='word_1_550' title='bbox 1946 1102 2178 1171; x_wconf 88' lang='lat' dir='ltr'><strong>teipsum</strong></span> <span class='ocrx_word' id='word_1_551' title='bbox 2227 1119 2397 1172; x_wconf 83' lang='lat' dir='ltr'><strong>usque</strong></span> <span class='ocrx_word' id='word_1_552' title='bbox 2447 1105 2514 1159; x_wconf 88' lang='lat' dir='ltr'><strong>ad</strong></span> <span class='ocrx_word' id='word_1_553' title='bbox 2550 1117 2796 1161; x_wconf 89' lang='lat' dir='ltr'><strong>mortem.</strong></span> <span class='ocrx_word' id='word_1_554' title='bbox 2854 1109 2952 1163; x_wconf 87' lang='lat' dir='ltr'><strong>Est</strong></span> <span class='ocrx_word' id='word_1_555' title='bbox 2994 1109 3201 1164; x_wconf 88' lang='lat' dir='ltr'><strong>Caulon</strong></span> <span class='ocrx_word' id='word_1_556' title='bbox 3249 1113 3302 1166; x_wconf 90' lang='lat' dir='ltr'><strong>in</strong></span> <span class='ocrx_word' id='word_1_557' title='bbox 3331 1114 3529 1169; x_wconf 77' lang='lat' dir='ltr'><strong>finibus</strong></span> 
     </span>
    </p>
   </div>
   <div class='ocr_carea' id='block_1_71' title="bbox 1945 1189 3529 1264">
    <p class='ocr_par' dir='ltr' id='par_1_71' title="bbox 1945 1189 3529 1264">
     <span class='ocr_line' id='line_1_71' title="bbox 1945 1189 3529 1264; baseline 0.01 -22"><span class='ocrx_word' id='word_1_558' title='bbox 1945 1189 2209 1256; x_wconf 88' lang='lat' dir='ltr'><strong>Manasse,</strong></span> <span class='ocrx_word' id='word_1_559' title='bbox 2256 1207 2376 1260; x_wconf 67' lang='lat' dir='ltr'><strong>quas</strong></span> <span class='ocrx_word' id='word_1_560' title='bbox 2406 1195 2794 1262; x_wconf 87' lang='lat' dir='ltr'><strong>interpretatur</strong></span> <span class='ocrx_word' id='word_1_561' title='bbox 2823 1198 3114 1264; x_wconf 81' lang='lat' dir='ltr'><strong>volutatio,</strong></span> <span class='ocrx_word' id='word_1_562' title='bbox 3161 1211 3219 1255; x_wconf 89' lang='lat' dir='ltr'><strong>ut</strong></span> <span class='ocrx_word' id='word_1_563' title='bbox 3256 1211 3309 1257; x_wconf 90' lang='lat' dir='ltr'><strong>tu</strong></span> <span class='ocrx_word' id='word_1_564' title='bbox 3339 1205 3529 1257; x_wconf 88' lang='lat' dir='ltr'><strong>memi-</strong></span> 
     </span>
    </p>
   </div>
   <div class='ocr_carea' id='block_1_72' title="bbox 1942 1282 3527 1348">
    <p class='ocr_par' dir='ltr' id='par_1_72' title="bbox 1942 1282 3527 1348">
     <span class='ocr_line' id='line_1_72' title="bbox 1942 1282 3527 1348; baseline 0.009 -15"><span class='ocrx_word' id='word_1_565' title='bbox 1942 1283 2088 1335; x_wconf 87' lang='lat' dir='ltr'><strong>neris</strong></span> <span class='ocrx_word' id='word_1_566' title='bbox 2117 1282 2208 1335; x_wconf 90' lang='lat' dir='ltr'><strong>tibi</strong></span> <span class='ocrx_word' id='word_1_567' title='bbox 2239 1283 2292 1336; x_wconf 90' lang='lat' dir='ltr'><strong>in</strong></span> <span class='ocrx_word' id='word_1_568' title='bbox 2319 1283 2494 1338; x_wconf 89' lang='lat' dir='ltr'><strong>cilicio</strong></span> <span class='ocrx_word' id='word_1_569' title='bbox 2516 1293 2571 1339; x_wconf 91' lang='lat' dir='ltr'><strong>et</strong></span> <span class='ocrx_word' id='word_1_570' title='bbox 2599 1287 2779 1340; x_wconf 90' lang='lat' dir='ltr'><strong>cinere</strong></span> <span class='ocrx_word' id='word_1_571' title='bbox 2802 1303 2922 1342; x_wconf 90' lang='lat' dir='ltr'><strong>esse</strong></span> <span class='ocrx_word' id='word_1_572' title='bbox 2940 1289 3308 1346; x_wconf 88' lang='lat' dir='ltr'><strong>volutandum.</strong></span> <span class='ocrx_word' id='word_1_573' title='bbox 3336 1293 3401 1346; x_wconf 87' lang='lat' dir='ltr'><strong>Et</strong></span> <span class='ocrx_word' id='word_1_574' title='bbox 3423 1295 3527 1348; x_wconf 90' lang='lat' dir='ltr'><strong>hoc</strong></span> 
     </span>
    </p>
   </div>
   <div class='ocr_carea' id='block_1_73' title="bbox 1941 1372 3527 1448">
    <p class='ocr_par' dir='ltr' id='par_1_73' title="bbox 1941 1372 3527 1448">
     <span class='ocr_line' id='line_1_73' title="bbox 1941 1372 3527 1448; baseline 0.009 -24"><span class='ocrx_word' id='word_1_575' title='bbox 1941 1372 1994 1425; x_wconf 91' lang='lat' dir='ltr'><strong>in</strong></span> <span class='ocrx_word' id='word_1_576' title='bbox 2038 1373 2234 1428; x_wconf 89' lang='lat' dir='ltr'><strong>ﬁnibus</strong></span> <span class='ocrx_word' id='word_1_577' title='bbox 2271 1374 2552 1440; x_wconf 88' lang='lat' dir='ltr'><strong>Manasse,</strong></span> <span class='ocrx_word' id='word_1_578' title='bbox 2603 1379 2694 1445; x_wconf 91' lang='lat' dir='ltr'><strong>qui</strong></span> <span class='ocrx_word' id='word_1_579' title='bbox 2753 1379 3138 1448; x_wconf 89' lang='lat' dir='ltr'><strong>interpretatur</strong></span> <span class='ocrx_word' id='word_1_580' title='bbox 3183 1382 3413 1448; x_wconf 86' lang='lat' dir='ltr'><strong>oblivio,</strong></span> <span class='ocrx_word' id='word_1_581' title='bbox 3465 1393 3527 1438; x_wconf 88' lang='lat' dir='ltr'><strong>ut</strong></span> 
     </span>
    </p>
   </div>
   <div class='ocr_carea' id='block_1_74' title="bbox 1939 1461 3527 1540">
    <p class='ocr_par' dir='ltr' id='par_1_74' title="bbox 1939 1461 3527 1540">
     <span class='ocr_line' id='line_1_74' title="bbox 1939 1461 3527 1540; baseline 0.008 -24"><span class='ocrx_word' id='word_1_582' title='bbox 1939 1461 2275 1517; x_wconf 89' lang='lat' dir='ltr'><strong>obliviscaris</strong></span> <span class='ocrx_word' id='word_1_583' title='bbox 2304 1479 2366 1518; x_wconf 90' lang='lat' dir='ltr'><strong>ea</strong></span> <span class='ocrx_word' id='word_1_584' title='bbox 2392 1481 2510 1534; x_wconf 69' lang='lat' dir='ltr'><strong>quae</strong></span> <span class='ocrx_word' id='word_1_585' title='bbox 2547 1475 2670 1520; x_wconf 88' lang='lat' dir='ltr'><strong>ante</strong></span> <span class='ocrx_word' id='word_1_586' title='bbox 2699 1470 2936 1538; x_wconf 82' lang='lat' dir='ltr'><strong>gessisti,</strong></span> <span class='ocrx_word' id='word_1_587' title='bbox 2980 1481 3035 1524; x_wconf 91' lang='lat' dir='ltr'><strong>et</strong></span> <span class='ocrx_word' id='word_1_588' title='bbox 3061 1471 3112 1524; x_wconf 92' lang='lat' dir='ltr'><strong>in</strong></span> <span class='ocrx_word' id='word_1_589' title='bbox 3140 1473 3322 1540; x_wconf 87' lang='lat' dir='ltr'><strong>priora</strong></span> <span class='ocrx_word' id='word_1_590' title='bbox 3353 1483 3405 1528; x_wconf 92' lang='lat' dir='ltr'><strong>te</strong></span> <span class='ocrx_word' id='word_1_591' title='bbox 3432 1489 3527 1529; x_wconf 77' lang='lat' dir='ltr'><strong>ex-</strong></span> 
     </span>
    </p>
   </div>
   <div class='ocr_carea' id='block_1_75' title="bbox 1940 1552 3526 1632">
    <p class='ocr_par' dir='ltr' id='par_1_75' title="bbox 1940 1552 3526 1632">
     <span class='ocr_line' id='line_1_75' title="bbox 1940 1552 3526 1632; baseline 0.009 -27"><span class='ocrx_word' id='word_1_592' title='bbox 1940 1552 2146 1606; x_wconf 89' lang='lat' dir='ltr'><strong>tendas.</strong></span> <span class='ocrx_word' id='word_1_593' title='bbox 2197 1552 2297 1607; x_wconf 79' lang='lat' dir='ltr'><strong>llic</strong></span> <span class='ocrx_word' id='word_1_594' title='bbox 2328 1569 2458 1624; x_wconf 87' lang='lat' dir='ltr'><strong>ergo</strong></span> <span class='ocrx_word' id='word_1_595' title='bbox 2502 1557 2764 1621; x_wconf 78' lang='lat' dir='ltr'><strong>inliabita,</strong></span> <span class='ocrx_word' id='word_1_596' title='bbox 2821 1567 2878 1611; x_wconf 91' lang='lat' dir='ltr'><strong>ut</strong></span> <span class='ocrx_word' id='word_1_597' title='bbox 2906 1575 3003 1629; x_wconf 89' lang='lat' dir='ltr'><strong>per</strong></span> <span class='ocrx_word' id='word_1_598' title='bbox 3029 1563 3308 1632; x_wconf 82' lang='lat' dir='ltr'><strong>angustias</strong></span> <span class='ocrx_word' id='word_1_599' title='bbox 3335 1565 3526 1618; x_wconf 89' lang='lat' dir='ltr'><strong>mortis</strong></span> 
     </span>
    </p>
   </div>
   <div class='ocr_carea' id='block_1_76' title="bbox 1938 1642 3526 1723">
    <p class='ocr_par' dir='ltr' id='par_1_76' title="bbox 1938 1642 3526 1723">
     <span class='ocr_line' id='line_1_76' title="bbox 1938 1642 3526 1723; baseline 0.01 -29"><span class='ocrx_word' id='word_1_600' title='bbox 1938 1652 1994 1695; x_wconf 90' lang='lat' dir='ltr'><strong>et</strong></span> <span class='ocrx_word' id='word_1_601' title='bbox 2018 1642 2397 1710; x_wconf 88' lang='lat' dir='ltr'><strong>volutationis,</strong></span> <span class='ocrx_word' id='word_1_602' title='bbox 2437 1646 2574 1700; x_wconf 89' lang='lat' dir='ltr'><strong>iram</strong></span> <span class='ocrx_word' id='word_1_603' title='bbox 2616 1651 2981 1716; x_wconf 90' lang='lat' dir='ltr'><strong>persecutoris</strong></span> <span class='ocrx_word' id='word_1_604' title='bbox 3026 1651 3226 1706; x_wconf 86' lang='lat' dir='ltr'><strong>evadas</strong></span> <span class='ocrx_word' id='word_1_605' title='bbox 3271 1661 3327 1708; x_wconf 90' lang='lat' dir='ltr'><strong>et</strong></span> <span class='ocrx_word' id='word_1_606' title='bbox 3371 1669 3526 1723; x_wconf 90' lang='lat' dir='ltr'><strong>spem</strong></span> 
     </span>
    </p>
   </div>
   <div class='ocr_carea' id='block_1_77' title="bbox 1866 1733 3527 1814">
    <p class='ocr_par' dir='ltr' id='par_1_77' title="bbox 1866 1733 3527 1814">
     <span class='ocr_line' id='line_1_77' title="bbox 1866 1733 3527 1814; baseline 0.009 -28"><span class='ocrx_word' id='word_1_607' title='bbox 1866 1734 1914 1793; x_wconf 90' lang='lat' dir='ltr'><strong>B</strong></span> <span class='ocrx_word' id='word_1_608' title='bbox 1941 1733 2130 1788; x_wconf 89' lang='lat' dir='ltr'><strong>salutis</strong></span> <span class='ocrx_word' id='word_1_609' title='bbox 2158 1735 2421 1791; x_wconf 89' lang='lat' dir='ltr'><strong>invenias.</strong></span> <span class='ocrx_word' id='word_1_610' title='bbox 2472 1737 2623 1792; x_wconf 90' lang='lat' dir='ltr'><strong>Tunc</strong></span> <span class='ocrx_word' id='word_1_611' title='bbox 2647 1738 2842 1794; x_wconf 89' lang='lat' dir='ltr'><strong>deinde</strong></span> <span class='ocrx_word' id='word_1_612' title='bbox 2882 1741 2935 1794; x_wconf 92' lang='lat' dir='ltr'><strong>in</strong></span> <span class='ocrx_word' id='word_1_613' title='bbox 2965 1742 3046 1796; x_wconf 88' lang='lat' dir='ltr'><strong>his</strong></span> <span class='ocrx_word' id='word_1_614' title='bbox 3074 1744 3120 1796; x_wconf 90' lang='lat' dir='ltr'><strong>si</strong></span> <span class='ocrx_word' id='word_1_615' title='bbox 3149 1743 3353 1814; x_wconf 90' lang='lat' dir='ltr'><strong>aliquid</strong></span> <span class='ocrx_word' id='word_1_616' title='bbox 3379 1747 3527 1800; x_wconf 89' lang='lat' dir='ltr'><strong>utili-</strong></span> 
     </span>
    </p>
   </div>
   <div class='ocr_carea' id='block_1_78' title="bbox 1943 1827 3524 1904">
    <p class='ocr_par' dir='ltr' id='par_1_78' title="bbox 1943 1827 3524 1904">
     <span class='ocr_line' id='line_1_78' title="bbox 1943 1827 3524 1904; baseline 0.01 -25"><span class='ocrx_word' id='word_1_617' title='bbox 1943 1834 2024 1879; x_wconf 90' lang='lat' dir='ltr'><strong>ter</strong></span> <span class='ocrx_word' id='word_1_618' title='bbox 2057 1827 2252 1896; x_wconf 85' lang='lat' dir='ltr'><strong>egeris,</strong></span> <span class='ocrx_word' id='word_1_619' title='bbox 2294 1829 2458 1883; x_wconf 89' lang='lat' dir='ltr'><strong>etiam</strong></span> <span class='ocrx_word' id='word_1_620' title='bbox 2500 1829 2566 1883; x_wconf 90' lang='lat' dir='ltr'><strong>ad</strong></span> <span class='ocrx_word' id='word_1_621' title='bbox 2594 1829 2765 1886; x_wconf 87' lang='lat' dir='ltr'><strong>Cades</strong></span> <span class='ocrx_word' id='word_1_622' title='bbox 2810 1831 2865 1885; x_wconf 88' lang='lat' dir='ltr'><strong>in</strong></span> <span class='ocrx_word' id='word_1_623' title='bbox 2908 1840 3052 1887; x_wconf 90' lang='lat' dir='ltr'><strong>terra</strong></span> <span class='ocrx_word' id='word_1_624' title='bbox 3092 1838 3524 1904; x_wconf 88' lang='lat' dir='ltr'><strong>repromissionis</strong></span> 
     </span>
    </p>
   </div>
   <div class='ocr_carea' id='block_1_79' title="bbox 1937 1917 3524 1997">
    <p class='ocr_par' dir='ltr' id='par_1_79' title="bbox 1937 1917 3524 1997">
     <span class='ocr_line' id='line_1_79' title="bbox 1937 1917 3524 1997; baseline 0.009 -29"><span class='ocrx_word' id='word_1_625' title='bbox 1937 1929 2055 1984; x_wconf 82' lang='lat' dir='ltr'><strong>quae</strong></span> <span class='ocrx_word' id='word_1_626' title='bbox 2079 1924 2162 1970; x_wconf 89' lang='lat' dir='ltr'><strong>est</strong></span> <span class='ocrx_word' id='word_1_627' title='bbox 2185 1917 2239 1970; x_wconf 90' lang='lat' dir='ltr'><strong>in</strong></span> <span class='ocrx_word' id='word_1_628' title='bbox 2265 1917 2504 1982; x_wconf 80' lang='lat' dir='ltr'><strong>Galilaea,</strong></span> <span class='ocrx_word' id='word_1_629' title='bbox 2543 1921 2748 1988; x_wconf 89' lang='lat' dir='ltr'><strong>poteris</strong></span> <span class='ocrx_word' id='word_1_630' title='bbox 2769 1923 3074 1990; x_wconf 87' lang='lat' dir='ltr'><strong>pervenire,</strong></span> <span class='ocrx_word' id='word_1_631' title='bbox 3119 1941 3238 1995; x_wconf 81' lang='lat' dir='ltr'><strong>quae</strong></span> <span class='ocrx_word' id='word_1_632' title='bbox 3260 1927 3524 1997; x_wconf 87' lang='lat' dir='ltr'><strong>interpre-</strong></span> 
     </span>
    </p>
   </div>
   <div class='ocr_carea' id='block_1_80' title="bbox 1938 2008 3523 2085">
    <p class='ocr_par' dir='ltr' id='par_1_80' title="bbox 1938 2008 3523 2085">
     <span class='ocr_line' id='line_1_80' title="bbox 1938 2008 3523 2085; baseline 0.008 -25"><span class='ocrx_word' id='word_1_633' title='bbox 1938 2013 2086 2060; x_wconf 89' lang='lat' dir='ltr'><strong>tatur</strong></span> <span class='ocrx_word' id='word_1_634' title='bbox 2111 2016 2317 2062; x_wconf 88' lang='lat' dir='ltr'><strong>sancta.</strong></span> <span class='ocrx_word' id='word_1_635' title='bbox 2357 2008 2428 2063; x_wconf 88' lang='lat' dir='ltr'><strong>Ut</strong></span> <span class='ocrx_word' id='word_1_636' title='bbox 2454 2017 2511 2062; x_wconf 94' lang='lat' dir='ltr'><strong>tu</strong></span> <span class='ocrx_word' id='word_1_637' title='bbox 2540 2025 2664 2063; x_wconf 91' lang='lat' dir='ltr'><strong>cum</strong></span> <span class='ocrx_word' id='word_1_638' title='bbox 2688 2011 2742 2064; x_wconf 94' lang='lat' dir='ltr'><strong>in</strong></span> <span class='ocrx_word' id='word_1_639' title='bbox 2777 2013 3123 2068; x_wconf 89' lang='lat' dir='ltr'><strong>tribulatione</strong></span> <span class='ocrx_word' id='word_1_640' title='bbox 3148 2019 3523 2085; x_wconf 88' lang='lat' dir='ltr'><strong>corruptiones</strong></span> 
     </span>
    </p>
   </div>
   <div class='ocr_carea' id='block_1_81' title="bbox 1937 2097 3519 2167">
    <p class='ocr_par' dir='ltr' id='par_1_81' title="bbox 1937 2097 3519 2167">
     <span class='ocr_line' id='line_1_81' title="bbox 1937 2097 3519 2167; baseline 0.006 -15"><span class='ocrx_word' id='word_1_641' title='bbox 1937 2097 2222 2167; x_wconf 87' lang='lat' dir='ltr'><strong>abjeceris,</strong></span> <span class='ocrx_word' id='word_1_642' title='bbox 2247 2100 2413 2154; x_wconf 89' lang='lat' dir='ltr'><strong>etiam</strong></span> <span class='ocrx_word' id='word_1_643' title='bbox 2436 2101 2504 2155; x_wconf 88' lang='lat' dir='ltr'><strong>ad</strong></span> <span class='ocrx_word' id='word_1_644' title='bbox 2533 2109 2770 2155; x_wconf 88' lang='lat' dir='ltr'><strong>sanctam</strong></span> <span class='ocrx_word' id='word_1_645' title='bbox 2798 2102 3093 2158; x_wconf 74' lang='lat' dir='ltr'><strong>Ecclesium</strong></span> <span class='ocrx_word' id='word_1_646' title='bbox 3133 2105 3400 2160; x_wconf 84' lang='lat' dir='ltr'><strong>tribuatur</strong></span> <span class='ocrx_word' id='word_1_647' title='bbox 3425 2123 3519 2161; x_wconf 88' lang='lat' dir='ltr'><strong>ac-</strong></span> 
     </span>
    </p>
   </div>
   <div class='ocr_carea' id='block_1_82' title="bbox 1935 2189 3522 2261">
    <p class='ocr_par' dir='ltr' id='par_1_82' title="bbox 1935 2189 3522 2261">
     <span class='ocr_line' id='line_1_82' title="bbox 1935 2189 3522 2261; baseline 0.003 -17"><span class='ocrx_word' id='word_1_648' title='bbox 1935 2203 2122 2244; x_wconf 88' lang='lat' dir='ltr'><strong>cessus</strong></span> <span class='ocrx_word' id='word_1_649' title='bbox 2153 2199 2212 2244; x_wconf 90' lang='lat' dir='ltr'><strong>ut</strong></span> <span class='ocrx_word' id='word_1_650' title='bbox 2238 2191 2293 2244; x_wconf 89' lang='lat' dir='ltr'><strong>in</strong></span> <span class='ocrx_word' id='word_1_651' title='bbox 2323 2189 2668 2259; x_wconf 83' lang='lat' dir='ltr'><strong>Nepbthalim</strong></span> <span class='ocrx_word' id='word_1_652' title='bbox 2703 2199 2872 2252; x_wconf 87' lang='lat' dir='ltr'><strong>sorte,</strong></span> <span class='ocrx_word' id='word_1_653' title='bbox 2907 2193 2999 2261; x_wconf 89' lang='lat' dir='ltr'><strong>qui</strong></span> <span class='ocrx_word' id='word_1_654' title='bbox 3043 2194 3240 2248; x_wconf 87' lang='lat' dir='ltr'><strong>dicitur</strong></span> <span class='ocrx_word' id='word_1_655' title='bbox 3285 2195 3408 2250; x_wconf 87' lang='lat' dir='ltr'><strong>vitis</strong></span> <span class='ocrx_word' id='word_1_656' title='bbox 3436 2210 3522 2248; x_wconf 90' lang='lat' dir='ltr'><strong>re-</strong></span> 
     </span>
    </p>
   </div>
   <div class='ocr_carea' id='block_1_83' title="bbox 1935 2281 3520 2356">
    <p class='ocr_par' dir='ltr' id='par_1_83' title="bbox 1935 2281 3520 2356">
     <span class='ocr_line' id='line_1_83' title="bbox 1935 2281 3520 2356; baseline 0.005 -23"><span class='ocrx_word' id='word_1_657' title='bbox 1935 2281 2123 2344; x_wconf 90' lang='lat' dir='ltr'><strong>missa,</strong></span> <span class='ocrx_word' id='word_1_658' title='bbox 2141 2281 2206 2336; x_wconf 87' lang='lat' dir='ltr'><strong>de</strong></span> <span class='ocrx_word' id='word_1_659' title='bbox 2232 2291 2570 2336; x_wconf 88' lang='lat' dir='ltr'><strong>sacramento</strong></span> <span class='ocrx_word' id='word_1_660' title='bbox 2599 2283 2863 2338; x_wconf 89' lang='lat' dir='ltr'><strong>Dominici</strong></span> <span class='ocrx_word' id='word_1_661' title='bbox 2887 2285 3164 2355; x_wconf 78' lang='lat' dir='ltr'><strong>sanguinis</strong></span> <span class='ocrx_word' id='word_1_662' title='bbox 3192 2287 3520 2356; x_wconf 88' lang='lat' dir='ltr'><strong>participare</strong></span> 
     </span>
    </p>
   </div>
   <div class='ocr_carea' id='block_1_84' title="bbox 1937 2369 3518 2444">
    <p class='ocr_par' dir='ltr' id='par_1_84' title="bbox 1937 2369 3518 2444">
     <span class='ocr_line' id='line_1_84' title="bbox 1937 2369 3518 2444; baseline 0.004 -22"><span class='ocrx_word' id='word_1_663' title='bbox 1937 2370 2214 2424; x_wconf 88' lang='lat' dir='ltr'><strong>merearis.</strong></span> <span class='ocrx_word' id='word_1_664' title='bbox 2249 2369 2356 2424; x_wconf 89' lang='lat' dir='ltr'><strong>Sed</strong></span> <span class='ocrx_word' id='word_1_665' title='bbox 2383 2385 2482 2424; x_wconf 90' lang='lat' dir='ltr'><strong>nec</strong></span> <span class='ocrx_word' id='word_1_666' title='bbox 2505 2370 2719 2426; x_wconf 80' lang='lat' dir='ltr'><strong>llebron</strong></span> <span class='ocrx_word' id='word_1_667' title='bbox 2752 2373 2846 2426; x_wconf 89' lang='lat' dir='ltr'><strong>tibi</strong></span> <span class='ocrx_word' id='word_1_668' title='bbox 2872 2373 3049 2427; x_wconf 88' lang='lat' dir='ltr'><strong>aditus</strong></span> <span class='ocrx_word' id='word_1_669' title='bbox 3079 2375 3367 2440; x_wconf 89' lang='lat' dir='ltr'><strong>clauditur,</strong></span> <span class='ocrx_word' id='word_1_670' title='bbox 3397 2391 3518 2444; x_wconf 63' lang='lat' dir='ltr'><strong>quas</strong></span> 
     </span>
    </p>
   </div>
   <div class='ocr_carea' id='block_1_85' title="bbox 1935 2460 3520 2536">
    <p class='ocr_par' dir='ltr' id='par_1_85' title="bbox 1935 2460 3520 2536">
     <span class='ocr_line' id='line_1_85' title="bbox 1935 2460 3520 2536; baseline 0.004 -22"><span class='ocrx_word' id='word_1_671' title='bbox 1935 2461 2319 2532; x_wconf 87' lang='lat' dir='ltr'><strong>interpretatur</strong></span> <span class='ocrx_word' id='word_1_672' title='bbox 2343 2460 2654 2530; x_wconf 86' lang='lat' dir='ltr'><strong>conjunctio</strong></span> <span class='ocrx_word' id='word_1_673' title='bbox 2687 2463 2800 2518; x_wconf 85' lang='lat' dir='ltr'><strong>sive</strong></span> <span class='ocrx_word' id='word_1_674' title='bbox 2825 2464 3150 2536; x_wconf 74' lang='lat' dir='ltr'><strong>coniugium.</strong></span> <span class='ocrx_word' id='word_1_675' title='bbox 3196 2465 3520 2520; x_wconf 81' lang='lat' dir='ltr'><strong>Revertetur</strong></span> 
     </span>
    </p>
   </div>
   <div class='ocr_carea' id='block_1_86' title="bbox 1933 2554 3519 2626">
    <p class='ocr_par' dir='ltr' id='par_1_86' title="bbox 1933 2554 3519 2626">
     <span class='ocr_line' id='line_1_86' title="bbox 1933 2554 3519 2626; baseline 0.003 -19"><span class='ocrx_word' id='word_1_676' title='bbox 1933 2555 2075 2607; x_wconf 84' lang='lat' dir='ltr'><strong>enim</strong></span> <span class='ocrx_word' id='word_1_677' title='bbox 2100 2554 2277 2608; x_wconf 89' lang='lat' dir='ltr'><strong>anima</strong></span> <span class='ocrx_word' id='word_1_678' title='bbox 2309 2563 2396 2608; x_wconf 90' lang='lat' dir='ltr'><strong>tua</strong></span> <span class='ocrx_word' id='word_1_679' title='bbox 2437 2555 2504 2609; x_wconf 91' lang='lat' dir='ltr'><strong>ad</strong></span> <span class='ocrx_word' id='word_1_680' title='bbox 2532 2555 2706 2608; x_wconf 91' lang='lat' dir='ltr'><strong>virum</strong></span> <span class='ocrx_word' id='word_1_681' title='bbox 2735 2571 2913 2620; x_wconf 86' lang='lat' dir='ltr'><strong>suum,</strong></span> <span class='ocrx_word' id='word_1_682' title='bbox 2962 2557 3013 2609; x_wconf 91' lang='lat' dir='ltr'><strong>id</strong></span> <span class='ocrx_word' id='word_1_683' title='bbox 3039 2565 3122 2611; x_wconf 91' lang='lat' dir='ltr'><strong>cst</strong></span> <span class='ocrx_word' id='word_1_684' title='bbox 3168 2557 3236 2610; x_wconf 90' lang='lat' dir='ltr'><strong>ad</strong></span> <span class='ocrx_word' id='word_1_685' title='bbox 3264 2557 3519 2626; x_wconf 88' lang='lat' dir='ltr'><strong>spiritum</strong></span> 
     </span>
    </p>
   </div>
   <div class='ocr_carea' id='block_1_87' title="bbox 1932 2645 3518 2716">
    <p class='ocr_par' dir='ltr' id='par_1_87' title="bbox 1932 2645 3518 2716">
     <span class='ocr_line' id='line_1_87' title="bbox 1932 2645 3518 2716; baseline 0.004 -18"><span class='ocrx_word' id='word_1_686' title='bbox 1932 2645 2052 2709; x_wconf 88' lang='lat' dir='ltr'><strong>Dei,</strong></span> <span class='ocrx_word' id='word_1_687' title='bbox 2081 2662 2112 2699; x_wconf 89' lang='lat' dir='ltr'><strong>a</strong></span> <span class='ocrx_word' id='word_1_688' title='bbox 2133 2661 2238 2715; x_wconf 91' lang='lat' dir='ltr'><strong>quo</strong></span> <span class='ocrx_word' id='word_1_689' title='bbox 2271 2662 2368 2715; x_wconf 92' lang='lat' dir='ltr'><strong>pro</strong></span> <span class='ocrx_word' id='word_1_690' title='bbox 2405 2654 2645 2716; x_wconf 90' lang='lat' dir='ltr'><strong>tempore</strong></span> <span class='ocrx_word' id='word_1_691' title='bbox 2680 2648 3050 2716; x_wconf 87' lang='lat' dir='ltr'><strong>peccaminum</strong></span> <span class='ocrx_word' id='word_1_692' title='bbox 3078 2648 3252 2702; x_wconf 78' lang='lat' dir='ltr'><strong>fuerat</strong></span> <span class='ocrx_word' id='word_1_693' title='bbox 3279 2649 3518 2705; x_wconf 84' lang='lat' dir='ltr'><strong>viduata.</strong></span> 
     </span>
    </p>
   </div>
   <div class='ocr_carea' id='block_1_88' title="bbox 1934 2734 3520 2806">
    <p class='ocr_par' dir='ltr' id='par_1_88' title="bbox 1934 2734 3520 2806">
     <span class='ocr_line' id='line_1_88' title="bbox 1934 2734 3520 2806; baseline 0.002 -16"><span class='ocrx_word' id='word_1_694' title='bbox 1934 2734 2024 2791; x_wconf 90' lang='lat' dir='ltr'><strong>Sic</strong></span> <span class='ocrx_word' id='word_1_695' title='bbox 2052 2737 2144 2804; x_wconf 90' lang='lat' dir='ltr'><strong>qui</strong></span> <span class='ocrx_word' id='word_1_696' title='bbox 2189 2737 2350 2790; x_wconf 89' lang='lat' dir='ltr'><strong>etiam</strong></span> <span class='ocrx_word' id='word_1_697' title='bbox 2381 2745 2587 2790; x_wconf 59' lang='lat' dir='ltr'><strong>sextam</strong></span> <span class='ocrx_word' id='word_1_698' title='bbox 2629 2737 2902 2791; x_wconf 90' lang='lat' dir='ltr'><strong>civitatem</strong></span> <span class='ocrx_word' id='word_1_699' title='bbox 2949 2737 3183 2801; x_wconf 84' lang='lat' dir='ltr'><strong>Sicbem,</strong></span> <span class='ocrx_word' id='word_1_700' title='bbox 3239 2753 3400 2806; x_wconf 83' lang='lat' dir='ltr'><strong>quam</strong></span> <span class='ocrx_word' id='word_1_701' title='bbox 3425 2737 3520 2793; x_wconf 83' lang='lat' dir='ltr'><strong>Jo-</strong></span> 
     </span>
    </p>
   </div>
   <div class='ocr_carea' id='block_1_89' title="bbox 1931 2830 3518 2899">
    <p class='ocr_par' dir='ltr' id='par_1_89' title="bbox 1931 2830 3518 2899">
     <span class='ocr_line' id='line_1_89' title="bbox 1931 2830 3518 2899; baseline 0.001 -17"><span class='ocrx_word' id='word_1_702' title='bbox 1931 2830 2063 2898; x_wconf 86' lang='lat' dir='ltr'><strong>seph</strong></span> <span class='ocrx_word' id='word_1_703' title='bbox 2116 2838 2300 2884; x_wconf 90' lang='lat' dir='ltr'><strong>noster</strong></span> <span class='ocrx_word' id='word_1_704' title='bbox 2348 2830 2402 2883; x_wconf 90' lang='lat' dir='ltr'><strong>in</strong></span> <span class='ocrx_word' id='word_1_705' title='bbox 2443 2830 2808 2884; x_wconf 72' lang='lat' dir='ltr'><strong>haereditatem</strong></span> <span class='ocrx_word' id='word_1_706' title='bbox 2849 2830 3199 2898; x_wconf 87' lang='lat' dir='ltr'><strong>consequitur</strong></span> <span class='ocrx_word' id='word_1_707' title='bbox 3224 2869 3239 2894; x_wconf 95' lang='lat'><strong>,</strong></span> <span class='ocrx_word' id='word_1_708' title='bbox 3294 2839 3518 2899; x_wconf 86' lang='lat' dir='ltr'><strong>propter</strong></span> 
     </span>
    </p>
   </div>
   <div class='ocr_carea' id='block_1_90' title="bbox 1930 2919 3515 2990">
    <p class='ocr_par' dir='ltr' id='par_1_90' title="bbox 1930 2919 3515 2990">
     <span class='ocr_line' id='line_1_90' title="bbox 1930 2919 3515 2990; baseline 0.002 -18"><span class='ocrx_word' id='word_1_709' title='bbox 1930 2921 2072 2987; x_wconf 92' lang='lat' dir='ltr'><strong>quod</strong></span> <span class='ocrx_word' id='word_1_710' title='bbox 2101 2919 2175 2973; x_wconf 90' lang='lat' dir='ltr'><strong>ibi</strong></span> <span class='ocrx_word' id='word_1_711' title='bbox 2201 2920 2442 2988; x_wconf 89' lang='lat' dir='ltr'><strong>sepultus</strong></span> <span class='ocrx_word' id='word_1_712' title='bbox 2465 2928 2564 2983; x_wconf 84' lang='lat' dir='ltr'><strong>est,</strong></span> <span class='ocrx_word' id='word_1_713' title='bbox 2602 2920 2799 2974; x_wconf 87' lang='lat' dir='ltr'><strong>valebit</strong></span> <span class='ocrx_word' id='word_1_714' title='bbox 2829 2921 3051 2984; x_wconf 87' lang='lat' dir='ltr'><strong>intrare,</strong></span> <span class='ocrx_word' id='word_1_715' title='bbox 3103 2936 3222 2989; x_wconf 74' lang='lat' dir='ltr'><strong>qua:</strong></span> <span class='ocrx_word' id='word_1_716' title='bbox 3251 2921 3515 2990; x_wconf 82' lang='lat' dir='ltr'><strong>interpre-</strong></span> 
     </span>
    </p>
   </div>
   <div class='ocr_carea' id='block_1_91' title="bbox 1935 3009 3518 3078">
    <p class='ocr_par' dir='ltr' id='par_1_91' title="bbox 1935 3009 3518 3078">
     <span class='ocr_line' id='line_1_91' title="bbox 1935 3009 3518 3078; baseline 0.003 -18"><span class='ocrx_word' id='word_1_717' title='bbox 1935 3017 2080 3060; x_wconf 87' lang='lat' dir='ltr'><strong>tatur</strong></span> <span class='ocrx_word' id='word_1_718' title='bbox 2107 3009 2366 3063; x_wconf 90' lang='lat' dir='ltr'><strong>humerus</strong></span> <span class='ocrx_word' id='word_1_719' title='bbox 2397 3009 2507 3063; x_wconf 82' lang='lat' dir='ltr'><strong>sive</strong></span> <span class='ocrx_word' id='word_1_720' title='bbox 2548 3009 2720 3072; x_wconf 90' lang='lat' dir='ltr'><strong>labor,</strong></span> <span class='ocrx_word' id='word_1_721' title='bbox 2763 3018 2822 3062; x_wconf 92' lang='lat' dir='ltr'><strong>ut</strong></span> <span class='ocrx_word' id='word_1_722' title='bbox 2854 3010 3112 3064; x_wconf 89' lang='lat' dir='ltr'><strong>ostendas</strong></span> <span class='ocrx_word' id='word_1_723' title='bbox 3145 3018 3196 3063; x_wconf 90' lang='lat' dir='ltr'><strong>te</strong></span> <span class='ocrx_word' id='word_1_724' title='bbox 3231 3023 3327 3078; x_wconf 88' lang='lat' dir='ltr'><strong>per</strong></span> <span class='ocrx_word' id='word_1_725' title='bbox 3369 3010 3518 3064; x_wconf 85' lang='lat' dir='ltr'><strong>labo-</strong></span> 
     </span>
    </p>
   </div>
   <div class='ocr_carea' id='block_1_92' title="bbox 1934 3100 3515 3172">
    <p class='ocr_par' dir='ltr' id='par_1_92' title="bbox 1934 3100 3515 3172">
     <span class='ocr_line' id='line_1_92' title="bbox 1934 3100 3515 3172; baseline 0.003 -20"><span class='ocrx_word' id='word_1_726' title='bbox 1934 3115 2046 3153; x_wconf 89' lang='lat' dir='ltr'><strong>rem</strong></span> <span class='ocrx_word' id='word_1_727' title='bbox 2071 3100 2403 3169; x_wconf 72' lang='lat' dir='ltr'><strong>pmnitentia:</strong></span> <span class='ocrx_word' id='word_1_728' title='bbox 2423 3101 2491 3154; x_wconf 90' lang='lat' dir='ltr'><strong>ab</strong></span> <span class='ocrx_word' id='word_1_729' title='bbox 2517 3116 2703 3155; x_wconf 90' lang='lat' dir='ltr'><strong>errore</strong></span> <span class='ocrx_word' id='word_1_730' title='bbox 2729 3109 2820 3156; x_wconf 90' lang='lat' dir='ltr'><strong>tuo</strong></span> <span class='ocrx_word' id='word_1_731' title='bbox 2843 3101 3040 3156; x_wconf 88' lang='lat' dir='ltr'><strong>Christi</strong></span> <span class='ocrx_word' id='word_1_732' title='bbox 3064 3103 3304 3157; x_wconf 68' lang='lat' dir='ltr'><strong>humeris</strong></span> <span class='ocrx_word' id='word_1_733' title='bbox 3331 3119 3515 3172; x_wconf 90' lang='lat' dir='ltr'><strong>repor-</strong></span> 
     </span>
    </p>
   </div>
   <div class='ocr_carea' id='block_1_93' title="bbox 1934 3188 3522 3260">
    <p class='ocr_par' dir='ltr' id='par_1_93' title="bbox 1934 3188 3522 3260">
     <span class='ocr_line' id='line_1_93' title="bbox 1934 3188 3522 3260; baseline 0.003 -18"><span class='ocrx_word' id='word_1_734' title='bbox 1934 3197 2126 3253; x_wconf 87' lang='lat' dir='ltr'><strong>tatum,</strong></span> <span class='ocrx_word' id='word_1_735' title='bbox 2171 3200 2224 3243; x_wconf 89' lang='lat' dir='ltr'><strong>et</strong></span> <span class='ocrx_word' id='word_1_736' title='bbox 2251 3188 2560 3258; x_wconf 87' lang='lat' dir='ltr'><strong>adjunctum</strong></span> <span class='ocrx_word' id='word_1_737' title='bbox 2612 3191 2902 3260; x_wconf 81' lang='lat' dir='ltr'><strong>nonaginta</strong></span> <span class='ocrx_word' id='word_1_738' title='bbox 2932 3206 3125 3246; x_wconf 88' lang='lat' dir='ltr'><strong>novem</strong></span> <span class='ocrx_word' id='word_1_739' title='bbox 3153 3191 3344 3246; x_wconf 88' lang='lat' dir='ltr'><strong>ovibus</strong></span> <span class='ocrx_word' id='word_1_740' title='bbox 3389 3191 3522 3246; x_wconf 70' lang='lat' dir='ltr'><strong>elle-</strong></span> 
     </span>
    </p>
   </div>
   <div class='ocr_carea' id='block_1_94' title="bbox 1929 3282 3514 3352">
    <p class='ocr_par' dir='ltr' id='par_1_94' title="bbox 1929 3282 3514 3352">
     <span class='ocr_line' id='line_1_94' title="bbox 1929 3282 3514 3352; baseline 0.001 -16"><span class='ocrx_word' id='word_1_741' title='bbox 1929 3291 2186 3352; x_wconf 88' lang='lat' dir='ltr'><strong>ctumque</strong></span> <span class='ocrx_word' id='word_1_742' title='bbox 2237 3282 2613 3348; x_wconf 89' lang='lat' dir='ltr'><strong>centesimum,</strong></span> <span class='ocrx_word' id='word_1_743' title='bbox 2643 3282 2766 3351; x_wconf 91' lang='lat' dir='ltr'><strong>quia</strong></span> <span class='ocrx_word' id='word_1_744' title='bbox 2802 3283 2920 3352; x_wconf 88' lang='lat' dir='ltr'><strong>ipsa</strong></span> <span class='ocrx_word' id='word_1_745' title='bbox 2971 3282 3188 3338; x_wconf 85' lang='lat' dir='ltr'><strong>Sichem</strong></span> <span class='ocrx_word' id='word_1_746' title='bbox 3219 3284 3287 3338; x_wconf 87' lang='lat' dir='ltr'><strong>ab</strong></span> <span class='ocrx_word' id='word_1_747' title='bbox 3322 3283 3514 3339; x_wconf 90' lang='lat' dir='ltr'><strong>alieni-</strong></span> 
     </span>
    </p>
   </div>
   <div class='ocr_carea' id='block_1_95' title="bbox 1931 3375 3186 3446">
    <p class='ocr_par' dir='ltr' id='par_1_95' title="bbox 1931 3375 3186 3446">
     <span class='ocr_line' id='line_1_95' title="bbox 1931 3375 3186 3446; baseline -0.001 -16"><span class='ocrx_word' id='word_1_748' title='bbox 1931 3375 2084 3446; x_wconf 88' lang='lat' dir='ltr'><strong>genis</strong></span> <span class='ocrx_word' id='word_1_749' title='bbox 2133 3383 2354 3430; x_wconf 89' lang='lat' dir='ltr'><strong>centum</strong></span> <span class='ocrx_word' id='word_1_750' title='bbox 2383 3375 2537 3445; x_wconf 88' lang='lat' dir='ltr'><strong>agnis</strong></span> <span class='ocrx_word' id='word_1_751' title='bbox 2559 3375 2826 3445; x_wconf 86' lang='lat' dir='ltr'><strong>scribitur</strong></span> <span class='ocrx_word' id='word_1_752' title='bbox 2853 3383 3186 3445; x_wconf 88' lang='lat' dir='ltr'><strong>comparata.</strong></span> 
     </span>
    </p>
   </div>
   <div class='ocr_carea' id='block_1_96' title="bbox 2500 3485 2880 3542">
    <p class='ocr_par' dir='ltr' id='par_1_96' title="bbox 2500 3485 2880 3542">
     <span class='ocr_line' id='line_1_96' title="bbox 2500 3485 2880 3542; baseline -0.003 -1"><span class='ocrx_word' id='word_1_753' title='bbox 2500 3485 2728 3542; x_wconf 88' lang='lat' dir='ltr'><strong>CAPUT</strong></span> <span class='ocrx_word' id='word_1_754' title='bbox 2769 3487 2880 3541; x_wconf 80' lang='grc' dir='ltr'><strong>ΧΠ.</strong></span> 
     </span>
    </p>
   </div>
   <div class='ocr_carea' id='block_1_97' title="bbox 2345 3556 3096 3626">
    <p class='ocr_par' dir='ltr' id='par_1_97' title="bbox 2345 3556 3096 3626">
     <span class='ocr_line' id='line_1_97' title="bbox 2345 3556 3096 3626; baseline 0.003 -18"><span class='ocrx_word' id='word_1_755' title='bbox 2345 3556 2422 3609; x_wconf 88' lang='lat' dir='ltr'><strong>De</strong></span> <span class='ocrx_word' id='word_1_756' title='bbox 2445 3557 2651 3625; x_wconf 87' lang='lat' dir='ltr'><strong>judicio</strong></span> <span class='ocrx_word' id='word_1_757' title='bbox 2687 3558 3096 3626; x_wconf 70' lang='lat' dir='ltr'><strong>interfectorum.</strong></span> 
     </span>
    </p>
   </div>
   <div class='ocr_carea' id='block_1_98' title="bbox 2001 3641 3517 3716">
    <p class='ocr_par' dir='ltr' id='par_1_98' title="bbox 2001 3641 3517 3716">
     <span class='ocr_line' id='line_1_98' title="bbox 2001 3641 3517 3716; baseline 0.003 -20"><span class='ocrx_word' id='word_1_758' title='bbox 2001 3641 2176 3714; x_wconf 79' lang='grc' dir='ltr'><strong>(ῐιιιυ.)</strong></span> <span class='ocrx_word' id='word_1_759' title='bbox 2205 3642 2266 3697; x_wconf 88' lang='lat' dir='ltr'><strong>Si</strong></span> <span class='ocrx_word' id='word_1_760' title='bbox 2289 3659 2382 3711; x_wconf 88' lang='lat' dir='ltr'><strong>per</strong></span> <span class='ocrx_word' id='word_1_761' title='bbox 2405 3643 2582 3696; x_wconf 86' lang='lat' dir='ltr'><strong>odium</strong></span> <span class='ocrx_word' id='word_1_762' title='bbox 2602 3645 2718 3711; x_wconf 84' lang='lat' dir='ltr'><strong>quis</strong></span> <span class='ocrx_word' id='word_1_763' title='bbox 2739 3643 2999 3696; x_wconf 86' lang='lat' dir='ltr'><strong>hominem</strong></span> <span class='ocrx_word' id='word_1_764' title='bbox 3023 3643 3312 3712; x_wconf 83' lang='lat' dir='ltr'><strong>impulerit,</strong></span> <span class='ocrx_word' id='word_1_765' title='bbox 3338 3645 3418 3698; x_wconf 77' lang='lat' dir='ltr'><strong>vel</strong></span> <span class='ocrx_word' id='word_1_766' title='bbox 3431 3647 3517 3716; x_wconf 86' lang='lat' dir='ltr'><strong>je-</strong></span> 
     </span>
    </p>
   </div>
   <div class='ocr_carea' id='block_1_99' title="bbox 1929 3733 3515 3804">
    <p class='ocr_par' dir='ltr' id='par_1_99' title="bbox 1929 3733 3515 3804">
     <span class='ocr_line' id='line_1_99' title="bbox 1929 3733 3515 3804; baseline 0.004 -19"><span class='ocrx_word' id='word_1_767' title='bbox 1929 3735 2055 3787; x_wconf 89' lang='lat' dir='ltr'><strong>cerit</strong></span> <span class='ocrx_word' id='word_1_768' title='bbox 2081 3734 2351 3804; x_wconf 86' lang='lat' dir='ltr'><strong>quidpiam</strong></span> <span class='ocrx_word' id='word_1_769' title='bbox 2393 3735 2448 3787; x_wconf 89' lang='lat' dir='ltr'><strong>in</strong></span> <span class='ocrx_word' id='word_1_770' title='bbox 2495 3749 2613 3786; x_wconf 89' lang='lat' dir='ltr'><strong>eum</strong></span> <span class='ocrx_word' id='word_1_771' title='bbox 2643 3750 2736 3803; x_wconf 90' lang='lat' dir='ltr'><strong>per</strong></span> <span class='ocrx_word' id='word_1_772' title='bbox 2771 3733 3032 3796; x_wconf 85' lang='lat' dir='ltr'><strong>insidias;</strong></span> <span class='ocrx_word' id='word_1_773' title='bbox 3079 3743 3169 3786; x_wconf 89' lang='lat' dir='ltr'><strong>aut</strong></span> <span class='ocrx_word' id='word_1_774' title='bbox 3216 3751 3332 3787; x_wconf 91' lang='lat' dir='ltr'><strong>cum</strong></span> <span class='ocrx_word' id='word_1_775' title='bbox 3383 3747 3515 3791; x_wconf 84' lang='lat' dir='ltr'><strong>esset</strong></span> 
     </span>
    </p>
   </div>
   <div class='ocr_carea' id='block_1_100' title="bbox 1928 3822 3516 3895">
    <p class='ocr_par' dir='ltr' id='par_1_100' title="bbox 1928 3822 3516 3895">
     <span class='ocr_line' id='line_1_100' title="bbox 1928 3822 3516 3895; baseline 0.001 -17"><span class='ocrx_word' id='word_1_776' title='bbox 1928 3825 2171 3878; x_wconf 86' lang='lat' dir='ltr'><strong>inimicus</strong></span> <span class='ocrx_word' id='word_1_777' title='bbox 2199 3841 2359 3877; x_wconf 87' lang='lat' dir='ltr'><strong>manu</strong></span> <span class='ocrx_word' id='word_1_778' title='bbox 2382 3825 2714 3893; x_wconf 86' lang='lat' dir='ltr'><strong>percusserit,</strong></span> <span class='ocrx_word' id='word_1_779' title='bbox 2745 3833 2792 3876; x_wconf 93' lang='lat' dir='ltr'><strong>et</strong></span> <span class='ocrx_word' id='word_1_780' title='bbox 2819 3822 2906 3876; x_wconf 86' lang='lat' dir='ltr'><strong>ille</strong></span> <span class='ocrx_word' id='word_1_781' title='bbox 2927 3833 3161 3878; x_wconf 86' lang='lat' dir='ltr'><strong>mortuus</strong></span> <span class='ocrx_word' id='word_1_782' title='bbox 3187 3824 3368 3892; x_wconf 89' lang='lat' dir='ltr'><strong>fuerit,</strong></span> <span class='ocrx_word' id='word_1_783' title='bbox 3398 3843 3516 3895; x_wconf 86' lang='lat' dir='ltr'><strong>per-</strong></span> 
     </span>
    </p>
   </div>
   <div class='ocr_carea' id='block_1_101' title="bbox 1929 3909 3515 3982">
    <p class='ocr_par' dir='ltr' id='par_1_101' title="bbox 1929 3909 3515 3982">
     <span class='ocr_line' id='line_1_101' title="bbox 1929 3909 3515 3982; baseline 0.002 -16"><span class='ocrx_word' id='word_1_784' title='bbox 1929 3929 2110 3966; x_wconf 85' lang='lat' dir='ltr'><strong>cussor</strong></span> <span class='ocrx_word' id='word_1_785' title='bbox 2135 3912 2403 3965; x_wconf 82' lang='lat' dir='ltr'><strong>homicidii</strong></span> <span class='ocrx_word' id='word_1_786' title='bbox 2439 3929 2556 3966; x_wconf 88' lang='lat' dir='ltr'><strong>reus</strong></span> <span class='ocrx_word' id='word_1_787' title='bbox 2582 3913 2700 3966; x_wconf 86' lang='lat' dir='ltr'><strong>erit.</strong></span> <span class='ocrx_word' id='word_1_788' title='bbox 2743 3909 3009 3982; x_wconf 81' lang='lat' dir='ltr'><strong>Cognatas</strong></span> <span class='ocrx_word' id='word_1_789' title='bbox 3039 3913 3214 3976; x_wconf 86' lang='lat' dir='ltr'><strong>occisi,</strong></span> <span class='ocrx_word' id='word_1_790' title='bbox 3257 3915 3435 3968; x_wconf 87' lang='lat' dir='ltr'><strong>statim</strong></span> <span class='ocrx_word' id='word_1_791' title='bbox 3457 3924 3515 3969; x_wconf 91' lang='lat' dir='ltr'><strong>ut</strong></span> 
     </span>
    </p>
   </div>
   <div class='ocr_carea' id='block_1_102' title="bbox 1926 4001 3512 4075">
    <p class='ocr_par' dir='ltr' id='par_1_102' title="bbox 1926 4001 3512 4075">
     <span class='ocr_line' id='line_1_102' title="bbox 1926 4001 3512 4075; baseline 0.001 -19"><span class='ocrx_word' id='word_1_792' title='bbox 1926 4003 2176 4056; x_wconf 86' lang='lat' dir='ltr'><strong>invenerit</strong></span> <span class='ocrx_word' id='word_1_793' title='bbox 2196 4018 2333 4065; x_wconf 90' lang='lat' dir='ltr'><strong>eum,</strong></span> <span class='ocrx_word' id='word_1_794' title='bbox 2350 4001 2639 4071; x_wconf 87' lang='lat' dir='ltr'><strong>jugulabit.</strong></span> <span class='ocrx_word' id='word_1_795' title='bbox 2700 4001 2851 4066; x_wconf 83' lang='lat' dir='ltr'><strong>Quod</strong></span> <span class='ocrx_word' id='word_1_796' title='bbox 2873 4002 2919 4055; x_wconf 85' lang='lat' dir='ltr'><strong>si</strong></span> <span class='ocrx_word' id='word_1_797' title='bbox 2956 4002 3180 4072; x_wconf 89' lang='lat' dir='ltr'><strong>fortuitu</strong></span> <span class='ocrx_word' id='word_1_798' title='bbox 3228 4011 3277 4057; x_wconf 85' lang='lat' dir='ltr'><strong>et</strong></span> <span class='ocrx_word' id='word_1_799' title='bbox 3319 4004 3512 4075; x_wconf 85' lang='lat' dir='ltr'><strong>absque</strong></span> 
     </span>
    </p>
   </div>
   <div class='ocr_carea' id='block_1_103' title="bbox 1927 4094 3509 4164">
    <p class='ocr_par' dir='ltr' id='par_1_103' title="bbox 1927 4094 3509 4164">
     <span class='ocr_line' id='line_1_103' title="bbox 1927 4094 3509 4164; baseline -0.001 -16"><span class='ocrx_word' id='word_1_800' title='bbox 1927 4095 2047 4148; x_wconf 90' lang='lat' dir='ltr'><strong>odio</strong></span> <span class='ocrx_word' id='word_1_801' title='bbox 2073 4103 2120 4148; x_wconf 86' lang='lat' dir='ltr'><strong>et</strong></span> <span class='ocrx_word' id='word_1_802' title='bbox 2168 4094 2454 4148; x_wconf 82' lang='lat' dir='ltr'><strong>inimicitiis</strong></span> <span class='ocrx_word' id='word_1_803' title='bbox 2501 4094 2786 4164; x_wconf 83' lang='lat' dir='ltr'><strong>quidquam</strong></span> <span class='ocrx_word' id='word_1_804' title='bbox 2816 4094 3003 4147; x_wconf 81' lang='lat' dir='ltr'><strong>horum</strong></span> <span class='ocrx_word' id='word_1_805' title='bbox 3049 4094 3270 4163; x_wconf 84' lang='lat' dir='ltr'><strong>fecerit,</strong></span> <span class='ocrx_word' id='word_1_806' title='bbox 3323 4104 3371 4148; x_wconf 89' lang='lat' dir='ltr'><strong>et</strong></span> <span class='ocrx_word' id='word_1_807' title='bbox 3411 4095 3509 4148; x_wconf 82' lang='lat' dir='ltr'><strong>hoc</strong></span> 
     </span>
    </p>
   </div>
   <div class='ocr_carea' id='block_1_104' title="bbox 1925 4184 3504 4254">
    <p class='ocr_par' dir='ltr' id='par_1_104' title="bbox 1925 4184 3504 4254">
     <span class='ocr_line' id='line_1_104' title="bbox 1925 4184 3504 4254; baseline -0.002 -16"><span class='ocrx_word' id='word_1_808' title='bbox 1925 4185 2170 4239; x_wconf 84' lang='lat' dir='ltr'><strong>audiente</strong></span> <span class='ocrx_word' id='word_1_809' title='bbox 2187 4184 2378 4254; x_wconf 91' lang='lat' dir='ltr'><strong>populo</strong></span> <span class='ocrx_word' id='word_1_810' title='bbox 2404 4184 2560 4253; x_wconf 87' lang='lat' dir='ltr'><strong>fuerit</strong></span> <span class='ocrx_word' id='word_1_811' title='bbox 2587 4185 2996 4254; x_wconf 86' lang='lat' dir='ltr'><strong>comprobatum,</strong></span> <span class='ocrx_word' id='word_1_812' title='bbox 3039 4194 3194 4253; x_wconf 86' lang='lat' dir='ltr'><strong>atque</strong></span> <span class='ocrx_word' id='word_1_813' title='bbox 3225 4185 3360 4238; x_wconf 88' lang='lat' dir='ltr'><strong>inter</strong></span> <span class='ocrx_word' id='word_1_814' title='bbox 3383 4201 3504 4252; x_wconf 89' lang='lat' dir='ltr'><strong>per-</strong></span> 
     </span>
    </p>
   </div>
   <div class='ocr_carea' id='block_1_105' title="bbox 1927 4273 3506 4344">
    <p class='ocr_par' dir='ltr' id='par_1_105' title="bbox 1927 4273 3506 4344">
     <span class='ocr_line' id='line_1_105' title="bbox 1927 4273 3506 4344; baseline -0.002 -16"><span class='ocrx_word' id='word_1_815' title='bbox 1927 4291 2187 4329; x_wconf 89' lang='lat' dir='ltr'><strong>cussorem</strong></span> <span class='ocrx_word' id='word_1_816' title='bbox 2233 4284 2280 4328; x_wconf 90' lang='lat' dir='ltr'><strong>et</strong></span> <span class='ocrx_word' id='word_1_817' title='bbox 2310 4275 2654 4344; x_wconf 86' lang='lat' dir='ltr'><strong>prapinquum</strong></span> <span class='ocrx_word' id='word_1_818' title='bbox 2681 4274 2952 4341; x_wconf 84' lang='lat' dir='ltr'><strong>sanguinis</strong></span> <span class='ocrx_word' id='word_1_819' title='bbox 2977 4274 3196 4337; x_wconf 74' lang='lat' dir='ltr'><strong>qutt’slio</strong></span> <span class='ocrx_word' id='word_1_820' title='bbox 3236 4273 3506 4336; x_wconf 85' lang='lat' dir='ltr'><strong>ventilata,</strong></span> 
     </span>
    </p>
   </div>
   <div class='ocr_carea' id='block_1_106' title="bbox 1927 4360 3508 4424">
    <p class='ocr_par' dir='ltr' id='par_1_106' title="bbox 1927 4360 3508 4424">
     <span class='ocr_line' id='line_1_106' title="bbox 1927 4360 3508 4424; baseline -0.001 -9"><span class='ocrx_word' id='word_1_821' title='bbox 1927 4362 2232 4416; x_wconf 86' lang='lat' dir='ltr'><strong>liberabitur</strong></span> <span class='ocrx_word' id='word_1_822' title='bbox 2269 4363 2514 4415; x_wconf 86' lang='lat' dir='ltr'><strong>innocens</strong></span> <span class='ocrx_word' id='word_1_823' title='bbox 2559 4361 2624 4414; x_wconf 90' lang='lat' dir='ltr'><strong>de</strong></span> <span class='ocrx_word' id='word_1_824' title='bbox 2661 4360 2844 4414; x_wconf 88' lang='lat' dir='ltr'><strong>ultoris</strong></span> <span class='ocrx_word' id='word_1_825' title='bbox 2899 4377 3080 4424; x_wconf 87' lang='lat' dir='ltr'><strong>manu,</strong></span> <span class='ocrx_word' id='word_1_826' title='bbox 3129 4369 3177 4414; x_wconf 86' lang='lat' dir='ltr'><strong>et</strong></span> <span class='ocrx_word' id='word_1_827' title='bbox 3230 4361 3508 4414; x_wconf 86' lang='lat' dir='ltr'><strong>reducetur</strong></span> 
     </span>
    </p>
   </div>
   <div class='ocr_carea' id='block_1_107' title="bbox 1925 4451 3506 4522">
    <p class='ocr_par' dir='ltr' id='par_1_107' title="bbox 1925 4451 3506 4522">
     <span class='ocr_line' id='line_1_107' title="bbox 1925 4451 3506 4522; baseline -0.001 -16"><span class='ocrx_word' id='word_1_828' title='bbox 1925 4469 2015 4522; x_wconf 86' lang='lat' dir='ltr'><strong>per</strong></span> <span class='ocrx_word' id='word_1_829' title='bbox 2041 4453 2349 4505; x_wconf 86' lang='lat' dir='ltr'><strong>sententiam</strong></span> <span class='ocrx_word' id='word_1_830' title='bbox 2373 4453 2424 4504; x_wconf 89' lang='lat' dir='ltr'><strong>in</strong></span> <span class='ocrx_word' id='word_1_831' title='bbox 2454 4451 2629 4506; x_wconf 87' lang='lat' dir='ltr'><strong>urbem</strong></span> <span class='ocrx_word' id='word_1_832' title='bbox 2655 4453 2722 4505; x_wconf 87' lang='lat' dir='ltr'><strong>ad</strong></span> <span class='ocrx_word' id='word_1_833' title='bbox 2757 4469 2914 4522; x_wconf 89' lang='lat' dir='ltr'><strong>quam</strong></span> <span class='ocrx_word' id='word_1_834' title='bbox 2957 4452 3296 4522; x_wconf 87' lang='lat' dir='ltr'><strong>confugerat,</strong></span> <span class='ocrx_word' id='word_1_835' title='bbox 3327 4469 3506 4505; x_wconf 89' lang='lat' dir='ltr'><strong>mane-</strong></span> 
     </span>
    </p>
   </div>
   <div class='ocr_carea' id='block_1_108' title="bbox 1922 4543 3502 4615">
    <p class='ocr_par' dir='ltr' id='par_1_108' title="bbox 1922 4543 3502 4615">
     <span class='ocr_line' id='line_1_108' title="bbox 1922 4543 3502 4615; baseline 0.001 -18"><span class='ocrx_word' id='word_1_836' title='bbox 1922 4545 2095 4615; x_wconf 89' lang='lat' dir='ltr'><strong>bitque</strong></span> <span class='ocrx_word' id='word_1_837' title='bbox 2136 4544 2226 4608; x_wconf 89' lang='lat' dir='ltr'><strong>ibi,</strong></span> <span class='ocrx_word' id='word_1_838' title='bbox 2256 4543 2417 4597; x_wconf 89' lang='lat' dir='ltr'><strong>donec</strong></span> <span class='ocrx_word' id='word_1_839' title='bbox 2449 4544 2692 4598; x_wconf 87' lang='lat' dir='ltr'><strong>sacerdos</strong></span> <span class='ocrx_word' id='word_1_840' title='bbox 2721 4560 2972 4613; x_wconf 87' lang='lat' dir='ltr'><strong>magnus,</strong></span> <span class='ocrx_word' id='word_1_841' title='bbox 3016 4545 3106 4613; x_wconf 87' lang='lat' dir='ltr'><strong>qui</strong></span> <span class='ocrx_word' id='word_1_842' title='bbox 3157 4543 3267 4598; x_wconf 90' lang='lat' dir='ltr'><strong>oleo</strong></span> <span class='ocrx_word' id='word_1_843' title='bbox 3317 4555 3502 4598; x_wconf 88' lang='lat' dir='ltr'><strong>sancto</strong></span> 
     </span>
    </p>
   </div>
   <div class='ocr_carea' id='block_1_109' title="bbox 1921 4634 3503 4701">
    <p class='ocr_par' dir='ltr' id='par_1_109' title="bbox 1921 4634 3503 4701">
     <span class='ocr_line' id='line_1_109' title="bbox 1921 4634 3503 4701; baseline 0 -10"><span class='ocrx_word' id='word_1_844' title='bbox 1921 4646 2108 4691; x_wconf 89' lang='lat' dir='ltr'><strong>unctus</strong></span> <span class='ocrx_word' id='word_1_845' title='bbox 2150 4645 2264 4701; x_wconf 90' lang='lat' dir='ltr'><strong>est,</strong></span> <span class='ocrx_word' id='word_1_846' title='bbox 2301 4637 2578 4690; x_wconf 85' lang='lat' dir='ltr'><strong>moriatur.</strong></span> <span class='ocrx_word' id='word_1_847' title='bbox 2635 4634 2942 4690; x_wconf 82' lang='lat' dir='ltr'><strong>Secuadum</strong></span> <span class='ocrx_word' id='word_1_848' title='bbox 2985 4635 3267 4690; x_wconf 84' lang='lat' dir='ltr'><strong>historiam</strong></span> <span class='ocrx_word' id='word_1_849' title='bbox 3309 4651 3503 4691; x_wconf 89' lang='lat' dir='ltr'><strong>sensus</strong></span> 
     </span>
    </p>
   </div>
   <div class='ocr_carea' id='block_1_110' title="bbox 1921 4728 3505 4792">
    <p class='ocr_par' dir='ltr' id='par_1_110' title="bbox 1921 4728 3505 4792">
     <span class='ocr_line' id='line_1_110' title="bbox 1921 4728 3505 4792; baseline -0.002 -7"><span class='ocrx_word' id='word_1_850' title='bbox 1921 4731 2240 4786; x_wconf 82' lang='lat' dir='ltr'><strong>manifestus</strong></span> <span class='ocrx_word' id='word_1_851' title='bbox 2259 4737 2364 4792; x_wconf 85' lang='lat' dir='ltr'><strong>est,</strong></span> <span class='ocrx_word' id='word_1_852' title='bbox 2391 4729 2481 4784; x_wconf 91' lang='lat' dir='ltr'><strong>ubi</strong></span> <span class='ocrx_word' id='word_1_853' title='bbox 2510 4729 2732 4783; x_wconf 89' lang='lat' dir='ltr'><strong>damnat</strong></span> <span class='ocrx_word' id='word_1_854' title='bbox 2761 4728 3023 4782; x_wconf 90' lang='lat' dir='ltr'><strong>malitiam</strong></span> <span class='ocrx_word' id='word_1_855' title='bbox 3049 4736 3102 4782; x_wconf 89' lang='lat' dir='ltr'><strong>et</strong></span> <span class='ocrx_word' id='word_1_856' title='bbox 3123 4728 3342 4782; x_wconf 72' lang='lat' dir='ltr'><strong>incuriae</strong></span> <span class='ocrx_word' id='word_1_857' title='bbox 3374 4744 3505 4782; x_wconf 86' lang='lat' dir='ltr'><strong>eon-</strong></span> 
     </span>
    </p>
   </div>
   <div class='ocr_carea' id='block_1_111' title="bbox 1921 4818 3502 4891">
    <p class='ocr_par' dir='ltr' id='par_1_111' title="bbox 1921 4818 3502 4891">
     <span class='ocr_line' id='line_1_111' title="bbox 1921 4818 3502 4891; baseline -0.003 -13"><span class='ocrx_word' id='word_1_858' title='bbox 1921 4823 2069 4888; x_wconf 89' lang='lat' dir='ltr'><strong>sulit,</strong></span> <span class='ocrx_word' id='word_1_859' title='bbox 2102 4822 2226 4891; x_wconf 88' lang='lat' dir='ltr'><strong>quia</strong></span> <span class='ocrx_word' id='word_1_860' title='bbox 2249 4821 2394 4875; x_wconf 89' lang='lat' dir='ltr'><strong>aliud</strong></span> <span class='ocrx_word' id='word_1_861' title='bbox 2429 4829 2512 4875; x_wconf 88' lang='lat' dir='ltr'><strong>est</strong></span> <span class='ocrx_word' id='word_1_862' title='bbox 2540 4837 2636 4889; x_wconf 91' lang='lat' dir='ltr'><strong>per</strong></span> <span class='ocrx_word' id='word_1_863' title='bbox 2663 4819 3063 4874; x_wconf 86' lang='lat' dir='ltr'><strong>meditationem</strong></span> <span class='ocrx_word' id='word_1_864' title='bbox 3093 4833 3310 4886; x_wconf 88' lang='lat' dir='ltr'><strong>pravam</strong></span> <span class='ocrx_word' id='word_1_865' title='bbox 3337 4826 3389 4871; x_wconf 90' lang='lat' dir='ltr'><strong>et</strong></span> <span class='ocrx_word' id='word_1_866' title='bbox 3420 4818 3502 4873; x_wconf 89' lang='lat' dir='ltr'><strong>in-</strong></span> 
     </span>
    </p>
   </div>
   <div class='ocr_carea' id='block_1_112' title="bbox 1921 4907 3498 4981">
    <p class='ocr_par' dir='ltr' id='par_1_112' title="bbox 1921 4907 3498 4981">
     <span class='ocr_line' id='line_1_112' title="bbox 1921 4907 3498 4981; baseline -0.003 -14"><span class='ocrx_word' id='word_1_867' title='bbox 1921 4913 2182 4967; x_wconf 86' lang='lat' dir='ltr'><strong>dustriam</strong></span> <span class='ocrx_word' id='word_1_868' title='bbox 2215 4911 2508 4981; x_wconf 89' lang='lat' dir='ltr'><strong>quemlibet</strong></span> <span class='ocrx_word' id='word_1_869' title='bbox 2534 4910 2857 4974; x_wconf 90' lang='lat' dir='ltr'><strong>interﬁcere,</strong></span> <span class='ocrx_word' id='word_1_870' title='bbox 2881 4917 2934 4964; x_wconf 89' lang='lat' dir='ltr'><strong>et</strong></span> <span class='ocrx_word' id='word_1_871' title='bbox 2955 4909 3095 4962; x_wconf 89' lang='lat' dir='ltr'><strong>aliud</strong></span> <span class='ocrx_word' id='word_1_872' title='bbox 3107 4907 3327 4964; x_wconf 80' lang='lat' dir='ltr'><strong>fortuito</strong></span> <span class='ocrx_word' id='word_1_873' title='bbox 3347 4923 3498 4972; x_wconf 85' lang='lat' dir='ltr'><strong>casu,</strong></span> 
     </span>
    </p>
   </div>
   <div class='ocr_carea' id='block_1_113' title="bbox 1920 5001 3501 5073">
    <p class='ocr_par' dir='ltr' id='par_1_113' title="bbox 1920 5001 3501 5073">
     <span class='ocr_line' id='line_1_113' title="bbox 1920 5001 3501 5073; baseline -0.003 -15"><span class='ocrx_word' id='word_1_874' title='bbox 1920 5004 2166 5072; x_wconf 76' lang='lat' dir='ltr'><strong>proximo</strong></span> <span class='ocrx_word' id='word_1_875' title='bbox 2204 5003 2500 5073; x_wconf 88' lang='lat' dir='ltr'><strong>periculum</strong></span> <span class='ocrx_word' id='word_1_876' title='bbox 2550 5002 2767 5056; x_wconf 83' lang='lat' dir='ltr'><strong>inferre.</strong></span> <span class='ocrx_word' id='word_1_877' title='bbox 2808 5001 3160 5071; x_wconf 84' lang='lat' dir='ltr'><strong>Trepologice</strong></span> <span class='ocrx_word' id='word_1_878' title='bbox 3184 5016 3334 5064; x_wconf 88' lang='lat' dir='ltr'><strong>vero,</strong></span> <span class='ocrx_word' id='word_1_879' title='bbox 3369 5001 3501 5054; x_wconf 57' lang='lat' dir='ltr'><strong>insi.</strong></span> 
     </span>
    </p>
   </div>
   <div class='ocr_carea' id='block_1_114' title="bbox 1921 5091 3500 5163">
    <p class='ocr_par' dir='ltr' id='par_1_114' title="bbox 1921 5091 3500 5163">
     <span class='ocr_line' id='line_1_114' title="bbox 1921 5091 3500 5163; baseline -0.003 -17"><span class='ocrx_word' id='word_1_880' title='bbox 1921 5103 2053 5146; x_wconf 86' lang='lat' dir='ltr'><strong>nuat</strong></span> <span class='ocrx_word' id='word_1_881' title='bbox 2078 5095 2220 5163; x_wconf 89' lang='lat' dir='ltr'><strong>quod</strong></span> <span class='ocrx_word' id='word_1_882' title='bbox 2253 5093 2295 5147; x_wconf 89' lang='lat' dir='ltr'><strong>si</strong></span> <span class='ocrx_word' id='word_1_883' title='bbox 2325 5093 2446 5162; x_wconf 91' lang='lat' dir='ltr'><strong>quis</strong></span> <span class='ocrx_word' id='word_1_884' title='bbox 2467 5108 2563 5162; x_wconf 90' lang='lat' dir='ltr'><strong>per</strong></span> <span class='ocrx_word' id='word_1_885' title='bbox 2586 5093 2840 5146; x_wconf 89' lang='lat' dir='ltr'><strong>invidiam</strong></span> <span class='ocrx_word' id='word_1_886' title='bbox 2883 5101 2976 5146; x_wconf 88' lang='lat' dir='ltr'><strong>aut</strong></span> <span class='ocrx_word' id='word_1_887' title='bbox 3015 5091 3196 5146; x_wconf 89' lang='lat' dir='ltr'><strong>odiu-m</strong></span> <span class='ocrx_word' id='word_1_888' title='bbox 3239 5103 3500 5144; x_wconf 86' lang='lat' dir='ltr'><strong>mucrone</strong></span> 
     </span>
    </p>
   </div>
   <div class='ocr_carea' id='block_1_115' title="bbox 1922 5177 3498 5250">
    <p class='ocr_par' dir='ltr' id='par_1_115' title="bbox 1922 5177 3498 5250">
     <span class='ocr_line' id='line_1_115' title="bbox 1922 5177 3498 5250; baseline -0.005 -15"><span class='ocrx_word' id='word_1_889' title='bbox 1922 5180 2140 5235; x_wconf 77' lang='lat' dir='ltr'><strong>malitiae</strong></span> <span class='ocrx_word' id='word_1_890' title='bbox 2175 5181 2408 5250; x_wconf 87' lang='lat' dir='ltr'><strong>aliquem</strong></span> <span class='ocrx_word' id='word_1_891' title='bbox 2446 5182 2807 5249; x_wconf 87' lang='lat' dir='ltr'><strong>percusserit,</strong></span> <span class='ocrx_word' id='word_1_892' title='bbox 2857 5188 2911 5234; x_wconf 90' lang='lat' dir='ltr'><strong>et</strong></span> <span class='ocrx_word' id='word_1_893' title='bbox 2940 5181 2993 5234; x_wconf 91' lang='lat' dir='ltr'><strong>in</strong></span> <span class='ocrx_word' id='word_1_894' title='bbox 3045 5188 3274 5234; x_wconf 80' lang='lat' dir='ltr'><strong>mortem</strong></span> <span class='ocrx_word' id='word_1_895' title='bbox 3303 5177 3498 5230; x_wconf 71' lang='lat' dir='ltr'><strong>anima:</strong></span> 
     </span>
    </p>
   </div>
   <div class='ocr_carea' id='block_1_116' title="bbox 1920 5263 3497 5340">
    <p class='ocr_par' dir='ltr' id='par_1_116' title="bbox 1920 5263 3497 5340">
     <span class='ocr_line' id='line_1_116' title="bbox 1920 5263 3497 5340; baseline -0.006 -15"><span class='ocrx_word' id='word_1_896' title='bbox 1920 5271 2218 5335; x_wconf 84' lang='lat' dir='ltr'><strong>reduxerit,</strong></span> <span class='ocrx_word' id='word_1_897' title='bbox 2256 5279 2470 5325; x_wconf 71' lang='lat' dir='ltr'><strong>aeternae</strong></span> <span class='ocrx_word' id='word_1_898' title='bbox 2513 5272 2669 5325; x_wconf 90' lang='lat' dir='ltr'><strong>morti</strong></span> <span class='ocrx_word' id='word_1_899' title='bbox 2698 5272 2811 5340; x_wconf 89' lang='lat' dir='ltr'><strong>ipse</strong></span> <span class='ocrx_word' id='word_1_900' title='bbox 2861 5271 3125 5324; x_wconf 71' lang='lat' dir='ltr'><strong>obnoxius</strong></span> <span class='ocrx_word' id='word_1_901' title='bbox 3170 5269 3294 5320; x_wconf 87' lang='lat' dir='ltr'><strong>erit.</strong></span> <span class='ocrx_word' id='word_1_902' title='bbox 3345 5263 3497 5318; x_wconf 87' lang='lat' dir='ltr'><strong>Unde</strong></span> 
     </span>
    </p>
   </div>
   <div class='ocr_carea' id='block_1_117' title="bbox 1920 5353 3496 5432">
    <p class='ocr_par' dir='ltr' id='par_1_117' title="bbox 1920 5353 3496 5432">
     <span class='ocr_line' id='line_1_117' title="bbox 1920 5353 3496 5432; baseline -0.007 -18"><span class='ocrx_word' id='word_1_903' title='bbox 1920 5361 2034 5429; x_wconf 89' lang='lat' dir='ltr'><strong>ipsa</strong></span> <span class='ocrx_word' id='word_1_904' title='bbox 2067 5359 2278 5414; x_wconf 85' lang='lat' dir='ltr'><strong>Veritas</strong></span> <span class='ocrx_word' id='word_1_905' title='bbox 2327 5362 2445 5414; x_wconf 89' lang='lat' dir='ltr'><strong>ait:</strong></span> <span class='ocrx_word' id='word_1_906' title='bbox 2497 5360 2554 5415; x_wconf 88' lang='lat' dir='ltr'><strong>Si</strong></span> <span class='ocrx_word' id='word_1_907' title='bbox 2600 5363 2714 5432; x_wconf 88' lang='lat' dir='ltr'><strong>quis</strong></span> <span class='ocrx_word' id='word_1_908' title='bbox 2759 5357 3186 5414; x_wconf 73' lang='lat' dir='ltr'><strong>scundalizaverit</strong></span> <span class='ocrx_word' id='word_1_909' title='bbox 3225 5369 3383 5407; x_wconf 88' lang='lat' dir='ltr'><strong>unum</strong></span> <span class='ocrx_word' id='word_1_910' title='bbox 3431 5353 3496 5405; x_wconf 84' lang='lat' dir='ltr'><strong>de</strong></span> 
     </span>
    </p>
   </div>
   <div class='ocr_carea' id='block_1_118' title="bbox 1917 5441 3497 5519">
    <p class='ocr_par' dir='ltr' id='par_1_118' title="bbox 1917 5441 3497 5519">
     <span class='ocr_line' id='line_1_118' title="bbox 1917 5441 3497 5519; baseline -0.006 -17"><span class='ocrx_word' id='word_1_911' title='bbox 1917 5448 2119 5519; x_wconf 80' lang='lat' dir='ltr'><strong>pusillis</strong></span> <span class='ocrx_word' id='word_1_912' title='bbox 2149 5450 2261 5504; x_wconf 85' lang='lat' dir='ltr'><strong>istis</strong></span> <span class='ocrx_word' id='word_1_913' title='bbox 2284 5451 2372 5519; x_wconf 89' lang='lat' dir='ltr'><strong>qui</strong></span> <span class='ocrx_word' id='word_1_914' title='bbox 2401 5451 2455 5502; x_wconf 87' lang='lat' dir='ltr'><strong>in</strong></span> <span class='ocrx_word' id='word_1_915' title='bbox 2485 5467 2565 5503; x_wconf 93' lang='lat' dir='ltr'><strong>me</strong></span> <span class='ocrx_word' id='word_1_916' title='bbox 2586 5450 2822 5514; x_wconf 86' lang='lat' dir='ltr'><strong>credunt,</strong></span> <span class='ocrx_word' id='word_1_917' title='bbox 2849 5449 3052 5518; x_wconf 69' lang='lat' dir='ltr'><strong>expedit</strong></span> <span class='ocrx_word' id='word_1_918' title='bbox 3078 5447 3124 5499; x_wconf 92' lang='lat' dir='ltr'><strong>ei</strong></span> <span class='ocrx_word' id='word_1_919' title='bbox 3147 5453 3199 5495; x_wconf 90' lang='lat' dir='ltr'><strong>ut</strong></span> <span class='ocrx_word' id='word_1_920' title='bbox 3227 5441 3362 5496; x_wconf 83' lang='lat' dir='ltr'><strong>mola</strong></span> <span class='ocrx_word' id='word_1_921' title='bbox 3389 5442 3497 5495; x_wconf 87' lang='lat' dir='ltr'><strong>asi-</strong></span> 
     </span>
    </p>
   </div>
   <div class='ocr_carea' id='block_1_119' title="bbox 1918 5532 3493 5611">
    <p class='ocr_par' dir='ltr' id='par_1_119' title="bbox 1918 5532 3493 5611">
     <span class='ocr_line' id='line_1_119' title="bbox 1918 5532 3493 5611; baseline -0.008 -17"><span class='ocrx_word' id='word_1_922' title='bbox 1918 5541 2070 5594; x_wconf 87' lang='lat' dir='ltr'><strong>naria</strong></span> <span class='ocrx_word' id='word_1_923' title='bbox 2096 5542 2443 5611; x_wconf 82' lang='lat' dir='ltr'><strong>suspendutur</strong></span> <span class='ocrx_word' id='word_1_924' title='bbox 2463 5539 2597 5593; x_wconf 90' lang='lat' dir='ltr'><strong>collo</strong></span> <span class='ocrx_word' id='word_1_925' title='bbox 2623 5540 2758 5608; x_wconf 87' lang='lat' dir='ltr'><strong>ejus,</strong></span> <span class='ocrx_word' id='word_1_926' title='bbox 2783 5550 2830 5593; x_wconf 92' lang='lat' dir='ltr'><strong>et</strong></span> <span class='ocrx_word' id='word_1_927' title='bbox 2858 5539 3188 5604; x_wconf 86' lang='lat' dir='ltr'><strong>demergatur</strong></span> <span class='ocrx_word' id='word_1_928' title='bbox 3209 5534 3260 5585; x_wconf 91' lang='lat' dir='ltr'><strong>in</strong></span> <span class='ocrx_word' id='word_1_929' title='bbox 3277 5532 3493 5600; x_wconf 85' lang='lat' dir='ltr'><strong>profun-</strong></span> 
     </span>
    </p>
   </div>
   <div class='ocr_carea' id='block_1_120' title="bbox 1916 5623 3505 5705">
    <p class='ocr_par' dir='ltr' id='par_1_120' title="bbox 1916 5623 3505 5705">
     <span class='ocr_line' id='line_1_120' title="bbox 1916 5623 3505 5705; baseline -0.004 -20"><span class='ocrx_word' id='word_1_930' title='bbox 1916 5633 2040 5686; x_wconf 88' lang='lat' dir='ltr'><strong>dum</strong></span> <span class='ocrx_word' id='word_1_931' title='bbox 2069 5633 2282 5705; x_wconf 75' lang='lat' dir='ltr'><strong>(Matth.</strong></span> <span class='ocrx_word' id='word_1_932' title='bbox 2312 5633 2485 5703; x_wconf 83' lang='lat' dir='ltr'><strong>xvm).</strong></span> <span class='ocrx_word' id='word_1_933' title='bbox 2512 5633 2576 5686; x_wconf 86' lang='lat' dir='ltr'><strong>Et</strong></span> <span class='ocrx_word' id='word_1_934' title='bbox 2599 5631 2831 5685; x_wconf 81' lang='lat' dir='ltr'><strong>Joannes</strong></span> <span class='ocrx_word' id='word_1_935' title='bbox 2859 5631 2970 5683; x_wconf 88' lang='lat' dir='ltr'><strong>ait:</strong></span> <span class='ocrx_word' id='word_1_936' title='bbox 3009 5627 3111 5691; x_wconf 87' lang='lat' dir='ltr'><strong>Qui</strong></span> <span class='ocrx_word' id='word_1_937' title='bbox 3138 5624 3246 5677; x_wconf 90' lang='lat' dir='ltr'><strong>odit</strong></span> <span class='ocrx_word' id='word_1_938' title='bbox 3276 5623 3505 5692; x_wconf 83' lang='lat' dir='ltr'><strong>fratrem.</strong></span> 
     </span>
    </p>
   </div>
  </div>
