3964 6192
535 284 657 344 855'

1184 284 1246 342 Β.
1285 281 1538 341 uanam
1578 280 1797 337 usum
1838 279 2157 336 ARCHIEP.
2199 276 2512 338 uocum.
2555 250 2843 340 orenuu
2882 283 3063 344 PARS
3098 285 3137 341 ι.

3657 299 3738 357 85b

526 416 702 465 suum,
747 399 1009 454 homicida
1043 409 1137 454 est.
1186 399 1254 452 Et
1301 399 1445 452 scitis
1480 397 1604 467 quia
1631 396 1799 450 omnis
1845 395 2107 450 homicida
2136 403 2183 456 Α
2211 395 2454 450 habitabo
2480 397 2535 452 in
2560 396 2687 462 illis,
2710 408 2759 451 et
2785 399 2922 453 inter
2949 417 3037 455 eos
3061 401 3370 461 ambulabo:
3401 415 3448 460 et
3467 410 3737 468 croilloru

529 506 632 545 non
651 489 802 543 habet
823 489 976 544 vitam
1001 499 1250 543 retentam
1281 489 1336 542 in
1352 505 1406 541 se
1428 497 1719 541 manentem
1734 483 1784 556 (1
1808 485 1968 538 Joan.
1996 483 2102 548 tu).

531 579 629 633 llic
655 578 776 632 talis
802 579 1097 636 secundum
1141 577 1308 631 Exodi
1343 585 1548 632 textum
1595 576 1661 630 ab
1691 575 1848 629 altari
1892 574 2104 628 Domini

527 667 682 722 evelli
701 666 945 734 jubetur,
989 665 1113 734 quia
1143 666 1391 735 indignus
1433 665 1786 724 sacramentis
1812 665 2106 719 Dominicis

529 774 560 812 n
583 758 996 827 participatione
1020 759 1160 812 sacri
1207 757 1394 820 altaris
1417 757 1608 814 merito
1640 765 1967 818 removetur,
2005 769 2106 809 nec

529 850 773 903 revocari
805 848 872 902 ad
897 849 1107 902 veniam
1139 863 1234 918 per
1255 849 1572 917 condignam
1598 847 1966 916 paenitentiam
1997 846 2104 899 ullo

529 938 688 994 modo
725 947 981 992 meretur.
1039 936 1141 1003 Qui
1189 947 1372 991 autem
1419 953 1525 991 non
1579 945 1704 990 voto
1732 937 1970 1001 malitim,
2009 934 2103 989 se'd

529 1044 625 1097 per
653 1028 916 1083 incuriam
944 1035 1038 1082 aut
1077 1029 1435 1097 ignorantiam
1477 1027 1676 1081 laeserit
1702 1027 1959 1094 aliquem,
2009 1026 2104 1079 ha-

527 1122 619 1175 bet
665 1121 826 1174 urbes
875 1117 1066 1188 refugii
1093 1159 1109 1182 ,
1159 1119 1454 1173 Ecclesium
1499 1118 1706 1172 scilicet
1753 1115 2100 1177 catholicam,

524 1213 615 1266 ubi
641 1227 698 1267 se
723 1212 969 1280 angustia
1001 1219 1287 1264 eoarctans
1306 1211 1656 1279 paenitentia,
1677 1224 1772 1279 per
1791 1222 1950 1262 omne
1973 1217 2105 1260 tem-

528 1318 626 1373 pus
675 1301 953 1371 prmsentis
980 1301 1103 1354 vitm
1131 1301 1288 1354 bonis
1310 1300 1564 1369 operibus
1609 1300 1846 1353 studium
1898 1298 2104 1366 impen—

524 1394 657 1448 dens
686 1400 920 1445 maneat.
959 1391 1026 1444 Et
1058 1392 1104 1444 si
1139 1406 1287 1460 spem
1337 1406 1489 1444 suam
1538 1390 1593 1443 in
1625 1397 1797 1442 morte
1833 1388 2104 1457 pontificis

523 1483 740 1549 summi,
767 1481 1141 1550 Redemptoris
1172 1479 1420 1534 videlicet
1448 1479 1550 1538 sui,
1584 1479 1844 1546 posuerit,
1869 1478 1958 1531 hic
1984 1477 2103 1531 sine

523 1572 687 1626 dubio
711 1572 764 1625 in
783 1580 1043 1625 aeternum
1064 1569 1381 1624 salvabitur.
1408 1568 1468 1622 Si
1491 1568 1789 1637 interfector
1801 1576 1946 1620 extra
1971 1567 2101 1635 ﬁnes

525 1663 729 1716 urbium
765 1677 882 1731 qua:
917 1660 1183 1714 casulibus
1207 1660 1468 1730 deputatw
1493 1668 1612 1712 sunt
1659 1659 1896 1712 inventus
1917 1658 2099 1726 fuerit,

2209 484 2368 550 Deus,
2407 495 2458 539 et
2487 486 2588 556 ipsi
2626 498 2776 540 erunt
2799 490 2929 543 mihi
2948 490 3189 560 populus.
3227 492 3449 564 Propter
3481 501 3605 568 quod
3633 513 3738 560 cm

2207 576 2270 629 de
2321 577 2490 630 medio
2519 593 2719 643 eorum,
2767 589 2812 632 et
2848 582 3184 649 separamini,
3228 584 3356 638 dicit
3405 585 3672 647 Dominus:
3701 608 3736 649 et

2207 669 2532 723 immundum
2571 687 2635 724 ne
2663 671 2956 740 tetigeritis,
2979 681 3025 728 et
3048 691 3145 743 ego
3177 676 3422 745 recipiam
3447 695 3529 733 nos
3558 696 3574 744 ;
3603 693 3643 736 et
3669 701 3737 739 ero

2206 761 2344 813 vobis
2366 761 2420 814 in
2443 770 2664 830 patrem,
2686 772 2732 814 et
2761 779 2848 816 vos
2875 765 3023 818 eritis
3049 766 3177 818 mihi
3215 765 3266 819 in
3289 766 3426 834 ﬁlios
3448 780 3495 822 et
3514 771 3650 838 ﬁlias,
3672 775 3738 828 di-

2205 849 2270 902 cit
2302 849 2561 904 Dominus
2598 852 2923 921 omnipotens
2949 853 3084 923 (lsa.
3116 854 3232 926 LII).

2793 941 3022 998 CAPUT
3057 945 3192 999 XIII.

2297 1029 2369 1081 De
2390 1029 2602 1097 ﬁliabus
2645 1029 2940 1100 Salphaad,
2977 1044 3033 1086 ut
3057 1035 3312 1103 proximis
3341 1039 3448 1092 suis
3479 1041 3671 1096 nubant.

2275 1118 2424 1190 (CAP.
2463 1119 2675 1190 xxm.)
2720 1121 3057 1175 Accesserant
3082 1132 3256 1178 autem
3282 1137 3330 1178 et
3356 1128 3594 1198 principes
3617 1131 3737 1199 fami-

2201 1211 2394 1264 liarum
2424 1209 2651 1276 Calaad,
2682 1212 2781 1280 ﬁlii
2823 1213 3046 1276 Machir,
3099 1215 3198 1283 filii
3231 1216 3506 1282 Manassc,
3541 1221 3596 1274 de
3615 1225 3737 1293 stirpe

2200 1298 2432 1365 ﬁliorum
2463 1301 2680 1369 Joseph,
2705 1302 2966 1373 [acutique
2997 1315 3117 1384 sunt
3145 1305 3318 1376 Moysi
3347 1324 3516 1362 coram
3536 1312 3737 1383 principi-

2203 1389 2296 1442 bus
2328 1389 2495 1443 Israel
2532 1401 2686 1456 atque
2715 1392 3002 1446 dixerunt:
3045 1394 3158 1448 Tibi
3200 1396 3413 1452 domino
3439 1411 3600 1454 nostro
3629 1419 3736 1470 pra-

2202 1479 2331 1548 cepit
2349 1478 2606 1534 Dominus
2637 1489 2901 1534 utterram
2927 1491 3066 1536 sorte
3085 1485 3340 1538 divideres
3362 1486 3486 1554 ﬁliis
3520 1487 3680 1555 Israel,
3699 1502 3736 1544 et

2202 1582 2256 1624 ut
2277 1571 2486 1639 ﬁliabus
2526 1571 2794 1642 Solphaad
2817 1575 2999 1644 fratris
3039 1579 3205 1630 nostri
3237 1578 3389 1638 dares
3415 1587 3735 1649 possessionem

2202 1663 2427 1716 debitam
2460 1665 2618 1732 patri.
2659 1664 2802 1728 Quos
2845 1667 2890 1718 si
2913 1666 3132 1720 alterius
3159 1668 3325 1723 tribus
3345 1671 3568 1726 homines
3588 1690 3736 1731 uxores

523 1762 572 1805 et
596 1767 868 1821 percussus
899 1751 964 1804 ab
990 1767 1049 1805 e0
1073 1752 1162 1822 qui
1183 1750 1322 1803 ultor
1343 1760 1416 1803 εει
1444 1749 1941 1818 εαηθαίῖιὶεναὺδιιαε
1965 1765 2104 1802 noxa
2133 1751 2178 1808 B
2207 1757 2514 1826 acceperint,
2572 1767 2813 1826 sequetur
2857 1761 3112 1827 possessio
3163 1778 3282 1826 sua,
3335 1772 3380 1815 et
3420 1764 3649 1817 translato
3683 1768 3737 1818 ad

519 1842 614 1896 erit
637 1843 724 1912 qui
748 1858 865 1895 eum
887 1841 1152 1895 occiderit.
1191 1840 1450 1893 Debuerat
1482 1840 1617 1891 enim
1638 1839 1890 1908 profugus
1939 1855 2099 1908 usque

520 1935 588 1986 ad
627 1943 842 1987 mortem
885 1933 1145 2003 pontiﬁcis
1170 1933 1226 1985 in
1250 1931 1375 1984 urbe
1405 1931 1645 1988 residere.
1683 1928 1968 2000 Postquam
1997 1948 2098 1984 au-

519 2036 619 2078 tent
660 2025 748 2077 ille
776 2021 978 2087 abierit,
1004 2022 1265 2076 homicida
1291 2031 1571 2074 revertetur
1617 2021 1673 2073 in
1699 2029 1893 2074 terram
1922 2037 2095 2074 suam.

520 2114 798 2169 Homicida
827 2129 956 2182 ergo
981 2114 1071 2182 qui
1097 2122 1251 2166 extra
1281 2111 1418 2165 ﬁnes
1444 2111 1657 2164 urbium
1676 2125 1799 2179 quae
1825 2111 2100 2166 exsulibus

519 2207 784 2276 deputata:
812 2213 939 2260 sunt
978 2203 1143 2258 fuerit
1169 2205 1440 2266 inventus,
1493 2203 1699 2270 absque
1736 2201 1891 2270 culpa
1929 2201 2100 2256 inter~

519 2296 716 2362 ﬁcitur,
753 2312 875 2351 cum
920 2306 1173 2364 peccator
1201 2294 1580 2364 imptnnitens,
1629 2301 1794 2361 atque
1821 2293 1889 2346 ob
1923 2293 2027 2352 hoc
2066 2307 2100 2346 a

518 2395 828 2446 sanctorum
859 2386 1118 2440 societate
1155 2393 1317 2452 atque
1347 2384 1416 2438 ab
1443 2384 1696 2438 Ecclesia:
1718 2383 1923 2436 unitate
1951 2397 2098 2456 rece-

517 2475 672 2540 dens,
703 2477 897 2529 merito
930 2490 1040 2530 sure
1063 2463 1437 2544 perversitatis
1464 2475 1736 2544 punietur.
1786 2473 1940 2528 Ultor
1967 2489 2095 2527 san—

517 2565 693 2633 guinis
719 2565 810 2633 qui
837 2580 959 2618 eum
986 2565 1247 2620 occiderit
1276 2564 1527 2618 innoxius
1574 2571 1678 2628 est,
1718 2564 1843 2633 quia
1881 2571 2099 2619 senten—

518 2663 592 2716 tia
617 2662 834 2731 superni
854 2660 1053 2729 judicis
1074 2659 1186 2732 (hic
1205 2661 1350 2716 enim
1375 2675 1471 2730 per
1496 2660 1891 2730 susceptionem
1917 2659 2098 2714 carnis

517 2763 701 2808 noster
758 2751 1038 2822 proximus
1089 2750 1194 2823 est)
1252 2751 1742 2820 irreprehensibilis
1787 2751 1923 2816 erit,
1972 2766 2096 2805 cum

515 2858 640 2896 eum
671 2842 906 2913 percth
925 2841 1019 2910 qui
1047 2841 1113 2895 de
1138 2841 1311 2896 salute
1335 2856 1433 2896 sua
1479 2841 1742 2896 sollicitus
1762 2857 1883 2896 esse
1913 2841 2095 2912 negle-

516 2934 612 2988 xit.
649 2933 917 2988 Debuerat
942 2933 1085 2990 enim
1113 2932 1374 3004 profugus
1402 2948 1574 3002 usque
1617 2933 1685 2987 ad
1712 2941 1938 2988 mortem
1963 2947 2097 3001 pon-

517 3026 677 3079 tiﬁcis
719 3025 774 3078 in
815 3025 949 3079 urbe
981 3025 1239 3089 residere,
1269 3025 1372 3080 hoc
1428 3034 1535 3090 est,
1590 3025 1859 3094 ptenitens
1911 3025 1965 3078 in
1989 3024 2095 3077 ﬁde

515 3118 778 3173 catholica
794 3117 1104 3180 manendo,
1147 3132 1256 3170 non
1314 3116 1474 3170 aliter
1510 3115 1696 3169 debuit
1720 3116 1826 3170 nisi
1877 3117 1930 3169 in
1979 3130 2092 3169 me-

515 3209 740 3263 diatoris
766 3208 862 3262 Dei
887 3216 944 3261 et
980 3208 1256 3261 hominum
1296 3217 1470 3260 morte
1505 3206 1587 3260 sui
1626 3205 1847 3266 sceleris
1881 3206 2092 3260 veniam

515 3313 755 3368 sperare.
787 3299 1076 3366 Postquam
1106 3307 1284 3356 autem
1317 3297 1406 3356 ille
1448 3296 1666 3362 abierit,
1712 3296 1984 3358 homicida
2007 3311 2094 3350 rer

507 3376 759 3444 'vertetur
783 3389 837 3442 in
863 3396 1064 3448 terram
1090 3401 1241 3440 suam
1267 3403 1281 3439 :
1317 3401 1442 3441 eum
1469 3394 1727 3457 peccator
1761 3396 1883 3455 post
1915 3387 2091 3456 paeni-

516 3481 742 3536 tentiam
767 3479 927 3549 digne
951 3488 1228 3548 peractam
1276 3487 1515 3538 meretur
1557 3478 1790 3548 paradisi
1816 3474 2093 3548 percipere

516 3570 767 3643 patriam.
812 3567 948 3635 Quid
974 3577 1057 3623 est
1083 3569 1226 3623 enim
1246 3568 1387 3637 quod
1417 3567 1682 3623 homicida
1717 3576 1840 3636 post
1866 3578 2092 3621 mortem

516 3661 714 3718 summi
751 3658 1018 3730 pontificis
1064 3658 1132 3713 ad
1162 3659 1557 3714 absolutionem
1607 3659 1746 3713 redit
1770 3698 1784 3722 ,
1819 3658 1924 3713 nisi
1950 3658 2093 3728 quod

515 3755 812 3808 humanum
833 3766 1021 3822 genus,
1049 3750 1192 3820 quod
1214 3752 1486 3820 peccando
1519 3751 1840 3819 sibimetipsi
1862 3759 2091 3805 mortem

517 3844 719 3909 intulit,
767 3850 889 3913 post
917 3851 1146 3896 mortem
1169 3843 1282 3896 veri
1329 3843 1626 3898 sacerdotis
1646 3882 1663 3907 ,
1710 3843 1960 3897 videlicet
1988 3841 2094 3896 Re-

516 3935 809 4003 demptoris
847 3933 1017 3987 nostri
1046 3932 1270 3998 Christi,
1309 3933 1699 3987 absolutionem
1728 3943 1912 3986 reatus
1938 3947 2092 3987 acce-

516 4026 612 4096 pit.
668 4022 752 4077 Ne
776 4020 1023 4092 polluatis
1063 4031 1258 4075 terram
1285 4021 1621 4079 habitationis
1646 4031 1849 4086 vestrm,
1881 4038 1986 4092 qua
2011 4022 2092 4075 in-

513 4114 743 4168 sontium
772 4127 957 4166 cruore
980 4109 1276 4168 maculatur
1298 4127 1317 4164 :
1367 4127 1458 4171 nec
1509 4110 1661 4164 aliter
1679 4112 1879 4181 expiari
1903 4120 2088 4180 potest,

512 4206 616 4259 nisi
654 4219 745 4274 per
785 4203 898 4272 ejus
924 4204 1230 4272 sanguinem
1269 4204 1358 4274 qui
1403 4201 1619 4258 alterius
1659 4205 1962 4273 sanguinem
2001 4203 2084 4272 fu-

509 4296 648 4349 derit
673 4307 692 4346 :
719 4304 872 4365 atque
896 4295 969 4347 ita
995 4293 1334 4347 mandabitur
1351 4303 1517 4349 vestra
1547 4295 1820 4364 possessio,
1848 4311 1927 4349 me
1950 4311 2092 4350 com-

513 4395 834 4441 memorante
857 4386 1136 4440 uobiscum.
1171 4384 1365 4440 Polluit
1402 4387 1544 4441 enim
1579 4398 1774 4441 terram
1805 4388 2090 4441 habitalio-

517 4480 603 4533 nis
617 4494 746 4543 sum,
761 4477 851 4547 qui
869 4485 1091 4533 cruenta
1117 4485 1276 4546 atque
1299 4477 1500 4532 nefaria
1524 4494 1684 4547 opera
1705 4481 1830 4550 agit,
1857 4497 1953 4549 per
1973 4497 2091 4550 quae

515 4570 791 4638 proximos
839 4569 1208 4623 scandalizare
1256 4581 1416 4638 atque
1449 4571 1758 4638 spiritaliter
1788 4573 2092 4626 interﬁcere

515 4678 624 4715 non
660 4663 1010 4730 pertimescit.
1071 4662 1176 4715 Sed
1224 4663 1324 4715 nisi
1352 4663 1469 4730 ejus
1512 4665 1728 4731 sanguis
1766 4663 2086 4727 effundatur,

519 4755 612 4821 qui
641 4755 860 4808 alterius
903 4755 1218 4825 sanguinem
1247 4753 1400 4817 fudit,
1427 4763 1572 4809 terra
1602 4757 1958 4824 possessionis
1977 4759 2093 4826 pol-

519 4842 630 4894 luta
656 4845 1010 4910 permanebit,
1058 4844 1183 4914 quia
1225 4846 1326 4899 nisi
1359 4860 1454 4913 per
1489 4845 1878 4900 confessionem
1905 4863 2092 4916 pecca-

521 4940 699 4986 torum
760 4939 920 4999 atque
965 4935 1282 5002 condignam
1339 4936 1708 5005 pmnitenliam
1737 4937 1914 4991 carnis
1951 4939 2094 4992 desi-

519 5022 668 5078 deria
725 5029 1062 5089 mactentur,
1115 5035 1256 5079 terra
1303 5027 1545 5095 corporis
1580 5025 1696 5094 ejus
1745 5027 1892 5082 nullo
1934 5030 2092 5083 modo

2121 3092 2164 3152 C

2119 4429 2170 4487 D

2203 1847 2363 1898 aliam
2399 1846 2612 1910 tribum,
2649 1850 2712 1900 tie
2754 1860 2930 1902 nostra
2961 1849 3267 1904 hmreditate
3307 1854 3578 1907 minuetur.
3607 1855 3736 1924 Atque

2202 1936 2276 1987 ita
2300 1935 2388 2004 ﬁet
2422 1947 2476 1988 ut
2499 1952 2618 1989 cum
2637 1937 2909 2005 jubilteus,
2935 1939 2986 1990 id
3011 1949 3104 2002 est,
3141 1943 3586 2018 quinquagesimus
3603 1963 3734 2000 annus

2203 2027 2520 2079 remissionis
2543 2027 2824 2090 advenerit,
2848 2029 3204 2099 confundatur
3222 2035 3439 2088 sortium
3454 2036 3735 2093 distributio:

2201 2130 2248 2172 et
2262 2120 2485 2176 oliorum
2497 2121 2751 2190 possessio
2764 2121 2834 2173 ad
2850 2121 2982 2176 alios
2995 2125 3389 2192 transeat.Quid
3405 2135 3482 2182 est
3493 2130 3617 2197 quod
3628 2132 3738 2199 prin-

2201 2213 2348 2280 cipes
2385 2212 2706 2266 familiarum
2734 2212 2934 2267 Galaad
2957 2215 3051 2269 ﬁlii
3085 2216 3294 2272 Machir
3313 2218 3404 2272 ﬁlii
3429 2220 3646 2275 Manasse
3665 2221 3736 2276 ﬁlii

2201 2303 2424 2375 Joscpb,
2457 2321 2556 2375 pro
2581 2304 2789 2359 ﬁliabus
2816 2304 3081 2375 Salpbaad
3111 2308 3179 2362 ad
3209 2307 3426 2379 Moysen
3453 2310 3598 2365 locuti
3621 2320 3734 2374 sunt,

2199 2404 2466 2464 quatenus
2486 2396 2807 2464 praevideret
2823 2395 2920 2460 eis,
2958 2412 3025 2451 ne
3053 2413 3170 2452 sors
3195 2400 3547 2468 possessionis
3569 2416 3661 2454 sua:
3679 2401 3732 2454 ad

2199 2487 2423 2541 alteram
2459 2486 2655 2540 tribum
2700 2486 3116 2553 transferretur,
3167 2492 3211 2543 si
3240 2490 3462 2545 alterius
3494 2492 3643 2546 tribus
3661 2493 3739 2546 ho-

2199 2580 2432 2634 minibus
2459 2579 2723 2633 nubet-ent
2745 2619 2758 2644 ,
2813 2580 2916 2634 nisi
2952 2582 3093 2649 quod
3121 2583 3423 2652 prtevidcre
3449 2584 3623 2638 debent
3665 2598 3738 2638 c0-

2197 2673 2486 2742 gitationes
2537 2671 2636 2741 piro
2665 2686 2732 2725 ne
2774 2674 3048 2740 possessio
3077 2674 3346 2729 bonorum
3369 2675 3652 2730 meritorum
3693 2674 3735 2728 in

2199 2764 2496 2818 alienorum
2521 2769 2758 2816 transeat
2786 2762 3117 2828 dominium,
3163 2766 3256 2819 sed
3300 2765 3531 2835 legitimo
3571 2765 3736 2820 heredi

2197 2865 2457 2928 perpetuo
2503 2866 2855 2925 permaneat:
2889 2867 2940 2911 et
2974 2859 3042 2913 ob
3092 2859 3195 2914 hoc
3237 2861 3534 2915 consultum
3580 2858 3735 2930 Moysi,

2201 2947 2300 3000 hoc
2339 2955 2423 3000 est
2466 2945 2620 3016 legis,
2676 2946 2978 3001 adeundum
3015 2957 3226 3016 putant,
3257 2959 3321 3004 ut
3369 2951 3487 3005 inde
3533 2951 3733 3005 ediscant

2197 3036 2430 3105 qualiter
2478 3037 2560 3089 sui
2585 3033 2725 3103 juris
2755 3037 3000 3106 perpetui
3039 3051 3386 3104 possessores
3427 3040 3575 3105 fiant;
3621 3039 3736 3110 quod

2196 3127 2640 3194 interpretatione
2697 3141 2793 3181 sua
2828 3127 3140 3198 exprimunt
3173 3131 3415 3186 nomina.
3462 3132 3737 3200 Interpreta-

2197 3225 2284 3270 tur
2327 3215 2470 3268 enim
2510 3215 2712 3270 Galaad
2743 3231 2978 3270 acervus
3025 3219 3359 3285 testimonii;
3393 3219 3600 3284 Machir,
3632 3234 3736 3273 ven-

2195 3309 2362 3374 dens;
2408 3309 2710 3376 Manasses,
2753 3310 2991 3375 oblitus;
3040 3309 3258 3382 Joseph,
3293 3323 3503 3376 auctus,
3551 3322 3600 3367 et
3635 3311 3733 3365 Sal-

2194 3397 2388 3467 phaad,
2426 3399 2616 3452 umbra
2644 3397 2966 3454 formidinis.
2999 3399 3321 3469 Loquuntur
3344 3417 3470 3473 ergo
3506 3400 3735 3471 principes

2196 3487 2515 3542 familiarum
2545 3488 2747 3543 Galaad
2777 3489 2872 3542 filii
2899 3489 3104 3544 Machir
3130 3491 3225 3544 ﬁlii
3255 3491 3497 3547 Manasse
3517 3494 3576 3546 de
3597 3492 3734 3560 stirpe

2196 3579 2428 3632 ﬁliarum
2454 3577 2673 3648 Joseph,
2716 3595 2815 3650 pro
2861 3580 3077 3635 ﬁliabus
3107 3579 3406 3652 Salphaad,
3453 3582 3645 3653 quando
3664 3595 3737 3634 oo-

2194 3670 2484 3740 gitationes
2508 3681 2670 3739 atque
2699 3680 2963 3726 tractatus
2998 3672 3100 3741 piat
3129 3673 3350 3740 mentis,
3381 3675 3736 3728 secundumsa-

2195 3776 2410 3816 crarum
2463 3759 2868 3829 Scripturarum
2901 3761 3210 3816 testimonia
3255 3762 3549 3833 dispositae,
3583 3762 3735 3815 dow-

2195 3859 2315 3906 tant
2340 3866 2439 3921 pro
2462 3851 2644 3906 anima
2683 3851 2852 3918 ﬁdeli,
2895 3868 3017 3922 quae
3043 3852 3282 3908 laborem
3331 3853 3602 3923 praesentis
3637 3852 3733 3904 vitae

2194 3956 2294 4011 pro
2319 3940 2499 3995 futura
2537 3942 2786 3996 mercede
2822 3942 3046 4007 vendit;
3094 3952 3150 3998 et
3180 3943 3505 3999 obliviscens
3538 3959 3596 3997 ea
3639 3955 3732 4011 quae

2198 4040 2345 4085 retro
2373 4039 2519 4095 sunt,
2573 4030 2626 4083 in
2655 4031 2924 4086 anteriora
2967 4047 3026 4087 se
3051 4033 3318 4096 extendit,
3365 4045 3615 4103 quatenus
3656 4045 3733 4101 per

2195 4128 2538 4189 augmentum
2567 4119 2828 4174 bonorum
2856 4135 3080 4189 operum
3106 4123 3326 4190 prtemia
3361 4132 3557 4177 aeterna
3577 4134 3728 4175 conse-

2195 4219 2411 4278 quatur.
2469 4209 2790 4266 Prtedictum
2816 4221 2904 4265 est
2950 4213 3096 4266 enim
3139 4212 3194 4266 in
3235 4213 3594 4284 superioribus
3615 4207 3729 4281 quod

2196 4300 2432 4369 quinque
2461 4299 2584 4355 ﬁlia:
2613 4300 2902 4371 Salphaad,
2950 4303 3053 4357 hoc
3076 4311 3176 4368 est,
3215 4306 3424 4360 umbrat
3450 4303 3725 4362 formidinis,

2196 4407 2357 4462 opera
2381 4391 2751 4463 signiﬁcarent
2791 4395 3080 4459 exteriora,
3117 4411 3237 4465 qum
3265 4399 3502 4467 quinque
3527 4395 3730 4452 sensibus

2195 4482 2402 4536 utiliter
2445 4483 2747 4551 explentur.
2807 4483 2872 4536 Et
2921 4499 3140 4538 necesse
3173 4494 3256 4538 est
3303 4495 3365 4540 ut
3407 4487 3496 4555 qui
3537 4483 3727 4538 nuncin

2194 4573 2382 4626 umbra
2411 4573 2693 4641 praesentis
2723 4573 2846 4626 vita:
2895 4572 3050 4627 bouis
3093 4575 3348 4642 operibus
3379 4575 3612 4636 student,
3654 4582 3728 4640 per

2196 4661 2288 4714 Dei
2315 4662 2561 4716 timorem
2582 4677 2645 4714 ea
2676 4675 2998 4716 conservare
3019 4672 3287 4733 satagunt,
3325 4679 3395 4718 ne
3416 4664 3636 4717 laborem
3659 4675 3728 4711 ex-

2194 4766 2419 4818 pensum
2445 4752 2690 4820 perdant.
2727 4753 2990 4806 Verentur
3019 4767 3150 4822 ergo
3181 4754 3448 4822 principes
3475 4749 3653 4807 Galaad
3675 4760 3726 4799 ne

2195 4843 2462 4910 possessio
2511 4860 2604 4898 sua
2655 4845 2708 4896 in
2734 4845 2973 4898 alienam
2997 4845 3196 4898 tribum
3248 4845 3611 4900 transferatur.
3654 4839 3726 4892 Sic

2197 4947 2416 4986 necesse
2445 4942 2527 4986 est
2569 4941 2628 4985 ut
2657 4933 3025 5001 unusquisque
3079 4933 3254 4987 ﬁdelis
3290 4934 3525 4988 consulte
3571 4927 3726 4998 pueri-

2194 5023 2320 5076 deat
2358 5023 2592 5090 qualiter
2624 5039 2786 5093 opera
2815 5039 2934 5092 quae
2983 5025 3094 5093 agit
3121 5025 3226 5078 sibi
3267 5025 3334 5079 ad
3379 5025 3593 5079 salutem
3623 5031 3725 5072 con-

522 5115 907 5180 mundabitur;
958 5133 1058 5171 nec
1099 5125 1309 5172 creator
1361 5120 1600 5173 omnium
1653 5120 1705 5173 in
1751 5121 1866 5190 ejus
1911 5121 2088 5174 anima

2197 5121 2404 5165 servata
2439 5114 2776 5180 proveniant,
2825 5129 2891 5167 ne
2920 5112 3058 5168 forte
3090 5115 3134 5169 si
3166 5131 3329 5184 prava
3359 5114 3634 5169 intentione
3655 5121 3722 5176 ge-

521 5207 609 5262 bal
632 5207 768 5261 itare
821 5207 1048 5275 poterit,
1108 5208 1197 5261 ubi
1246 5209 1547 5276 squalorem
1597 5210 1824 5265 sordida:
1871 5227 2093 5266 conver-

517 5297 746 5352 sationis
775 5295 1037 5351 dominari
1083 5298 1441 5365 conspexerit.
1485 5299 1778 5369 Sequitur:
1823 5301 1934 5371 Ego
1955 5302 2090 5356 enim

517 5406 636 5443 sum
667 5388 918 5443 Dominus
945 5392 1037 5460 qui
1071 5389 1246 5442 habito
1292 5392 1427 5444 inter
1444 5391 1580 5460 ﬁlios
1625 5393 1811 5448 Israel.
1853 5394 1965 5450 Hoc
1990 5403 2090 5462 est,

522 5478 665 5534 inter
691 5479 838 5535 viros
883 5478 1070 5534 ﬁdeles
1105 5479 1271 5534 Deum
1315 5483 1474 5537 corde
1509 5483 1800 5550 intuentes,
1847 5494 1900 5539 et
1954 5485 2095 5540 inter

519 5578 741 5622 sanctos
769 5570 882 5624 suis
914 5571 1196 5640 praeceptis
1242 5571 1295 5624 in
1342 5573 1590 5628 omnibus
1633 5574 1966 5630 obedientes.
2018 5575 2093 5629 De

520 5668 631 5726 quo
661 5654 732 5706 ita
759 5657 1018 5728 scriptum
1054 5667 1171 5713 est:
1205 5659 1344 5714 Dicit
1383 5661 1527 5715 enim
1555 5662 1723 5729 Deus,
1747 5663 1990 5734 quoniam
2013 5663 2094 5715 in-

2192 5215 2399 5269 runtur,
2441 5206 2508 5259 ab
2543 5204 2730 5260 alienis
2754 5208 3172 5274 possessoribus.
3205 5208 3306 5262 hoc
3329 5216 3429 5269 est,
3455 5223 3483 5259 a
3513 5201 3720 5268 malignis

2191 5294 2490 5363 spiritibus,
2520 5295 2860 5350 invadantur.
2909 5296 3083 5351 Prava
3127 5313 3254 5369 ergo
3277 5299 3497 5353 intentio
3521 5304 3597 5349 est
3619 5303 3720 5358 ope-

2193 5387 2383 5452 rantis,
2430 5401 2552 5440 cum
2583 5403 2646 5441 ea
2671 5403 2836 5456 opera
2864 5403 2984 5457 qua:
3008 5404 3107 5457 pro
3137 5390 3329 5443 intuitu
3353 5399 3558 5444 aeterna:
3588 5380 3718 5437 retri-

2191 5476 2429 5530 butionis
2456 5491 2617 5544 agere
2653 5477 2861 5542 debuit,
2907 5492 3006 5546 pro
3035 5480 3273 5554 appetigu
3311 5488 3628 5534 terrenarum
3654 5482 3718 5520 re-

2194 5588 2312 5624 rum
2343 5571 2603 5625 inutiliter
2628 5572 2896 5638 expendit.
2925 5571 3056 5637 Quae
3087 5587 3306 5628 necesse
3325 5582 3404 5626 est
3434 5578 3493 5625 ut
3516 5585 3543 5622 a
3571 5579 3621 5620 se
3639 5561 3716 5613 ab.

2195 5663 2301 5715 lata
2331 5662 2540 5717 alienus
2563 5676 2843 5732 possessor
2871 5671 3050 5718 teneat
3070 5704 3085 5731 ,
3115 5679 3236 5718 cum
3273 5664 3527 5733 malignus
3556 5671 3609 5712 ea
3631 5649 3717 5721 θρί-
