3978 6182
306 263 404 320 857

1090 255 1487 315 ΕΝΑΒΒΑἸΊΟ
1524 256 1753 315 SUPER
1791 252 2409 315 DEUTERONONIUM.
2448 286 2517 296 —
2550 255 2680 312 ιω.
2717 256 2759 314 l.

3459 238 3568 319 ass

306 374 444 429 ritus
460 378 680 443 propter
698 369 1053 441 negligentem
1071 370 1378 440 operarium
1401 369 1469 425 ad
1490 384 1647 425 suam
1674 376 1885 441 partem
1911 377 1958 436 Α
1986 370 2180 424 mansit
2203 369 2261 423 in
2294 368 2433 422 tribu
2461 378 2511 423 et
2551 369 2758 437 familia
2791 369 2958 441 patris
2987 384 3187 426 eorum.
3218 370 3417 428 llarum
3446 390 3568 431 mu-

305 466 522 521 trahere
569 462 810 518 festinat.
844 461 996 518 Unde
1020 462 1134 531 ipsa
1162 462 1376 518 Veritas
1402 461 1457 515 in
1476 460 1770 532 Evangelio
1799 460 1882 515 di-

300 554 523 624 scipulis
542 553 657 608 suis
675 552 752 607 ait
776 569 789 605 :
821 550 1086 605 Attendite
1105 566 1168 605 ne
1188 550 1450 620 justitiam
1467 560 1689 604 vestram
1721 549 1889 619 facia-

300 644 368 696 tis
398 656 578 696 coram
606 640 924 705 hominibus,
953 650 1010 693 ut
1038 640 1317 694 videamini
1345 640 1410 693 ab
1436 641 1511 693 eis
1540 638 1755 710 (Matth.
1787 638 1885 709 Vl).

302 732 561 802 Alioquin
591 732 895 787 mercedem
943 746 1050 785 non
1081 732 1352 787 habebitis
1379 732 1520 801 apud
1558 730 1769 785 Patrem
1797 746 1889 785 ve-

301 833 479 879 strum
494 823 587 892 qui
607 823 662 877 in
691 822 846 877 crnlis
870 829 973 876 est.
1006 821 1290 893 Respondit
1302 822 1509 892 Moyses
1535 822 1661 893 ﬁliis
1693 820 1886 887 Israel,

303 927 353 970 et
396 915 620 969 Domino
649 914 981 984 prcecipiente
1005 915 1079 967 ait
1101 927 1119 964 :
1147 913 1303 968 Recte
1326 914 1492 967 tribus
1525 914 1756 982 ﬁliorum
1788 913 1887 967 Jo-

304 1006 431 1076 sepII
462 1004 638 1057 locuta
667 1012 762 1057 est.
795 1002 862 1056 Et
888 1003 1001 1056 lia'c
1042 1002 1126 1056 lex-
1159 1019 1315 1072 super
1356 1002 1568 1071 ﬁliabus
1616 1002 1889 1073 Salphaad

302 1112 339 1148 a
394 1093 619 1146 Domino
657 1090 991 1163 promulgata
1031 1101 1147 1145 est:
1202 1090 1418 1145 Nubant
1465 1091 1649 1162 quibus
1688 1090 1885 1155 volunt,

304 1194 510 1238 tantum
547 1191 604 1235 ut
651 1197 763 1236 sua:
802 1180 967 1235 tribus
1009 1180 1337 1245 hominibus,
1386 1198 1450 1234 ne
1495 1181 1891 1234 commisceatur

305 1274 563 1344 possessio
589 1272 822 1341 filiorum
863 1271 1035 1326 Israel
1060 1272 1125 1325 de
1150 1272 1288 1325 tribu
1331 1273 1386 1326 in
1432 1272 1644 1325 tribum.
1696 1270 1889 1325 Omnes

306 1364 447 1418 enim
477 1364 573 1418 viri
598 1363 789 1416 ducent
810 1378 998 1416 uxores
1027 1362 1093 1416 de
1119 1363 1258 1416 tribu
1291 1373 1339 1416 et
1366 1364 1669 1433 cognatione
1696 1380 1815 1428 sua,
1840 1372 1890 1417 et

307 1464 511 1508 cuncti:
540 1453 748 1523 feminea
779 1454 997 1507 maritos
1041 1454 1106 1508 de
1142 1455 1322 1508 eadem
1355 1455 1493 1509 tribu
1516 1457 1794 1526 accipiant,
1832 1463 1891 1509 ut

303 1543 592 1597 Inrreditas
636 1552 937 1613 permaneat
964 1544 1019 1596 in
1048 1542 1285 1612 familiis,
1320 1561 1412 1597 nec
1450 1545 1548 1598 sibi
1576 1546 1893 1599 misceantur

302 1633 497 1698 tribus,
543 1632 634 1686 sed
658 1632 731 1685 ita
774 1640 1017 1685 maneant
1048 1640 1162 1685 uta
1186 1630 1411 1685 Domino
1447 1642 1704 1703 separati:
1744 1644 1886 1688 sunt.

1987 461 2200 525 licrum,
2243 460 2348 515 hoc
2374 467 2478 526 est,
2515 459 2748 513 ﬁliarum
2772 459 3065 531 Salpbaad,
3099 464 3316 518 nomina
3360 480 3465 520 non
3490 467 3570 521 in-

1988 565 2223 619 congrue
2268 550 2336 605 ad
2376 564 2596 605 sensum
2639 550 2955 621 prtedictum
3003 551 3286 607 transferri
3322 563 3567 624 possunt.

1986 641 2378 711 Interpretatur
2408 641 2553 696 enim
2582 640 2754 695 Maala
2808 640 3100 697 inﬁrmitas
3133 642 3369 709 Thersa,
3421 659 3571 700 com-

1987 729 2239 799 placens;
2272 730 2422 800 Egla,
2454 729 2765 785 solemnitas
2810 731 2913 785 ista
2949 731 3034 784 vel
3071 731 3292 793 vitulus.
3344 732 3567 799 Melcha,

1991 834 2085 875 rex
2113 817 2249 889 ejus,
2279 828 2334 874 et
2359 818 2496 883 Noa,
2545 829 2745 875 motus.
2788 820 2891 888 Qui
2923 821 3066 874 enim
3111 822 3435 877 humilitatis
3460 822 3572 876 vir-

1989 918 2161 965 tutem
2188 918 2312 964 ante
2331 911 2513 964 omnia
2541 910 2681 964 intra
2704 912 3053 979 semetipsum
3075 910 3275 966 habere
3299 915 3497 977 studet,
3520 918 3576 967 ct

1990 1000 2045 1056 in
2093 1000 2495 1056 inﬁrmitatibus
2542 1002 2655 1055 suis
2697 1001 2852 1072 juxta
2882 1000 3257 1071 Apostolorum
3288 1002 3392 1056 εὼί
3431 1017 3579 1058 com-

1989 1090 2189 1162 placet,
2228 1091 2622 1147 solemnitatem
2651 1091 2785 1161 agit,
2828 1106 2891 1145 ac
2917 1101 3072 1162 grata
3099 1106 3322 1146 munera
3351 1092 3574 1147 exhibet

1989 1183 2138 1250 Deo;
2171 1192 2227 1237 et
2249 1197 2343 1237 rex
2388 1192 2550 1251 atque
2580 1191 2763 1237 rector
2786 1197 2896 1236 suae
2924 1182 3350 1237 conversationis
3384 1191 3578 1237 cautus

1989 1274 2251 1334 existens.
2296 1262 2586 1343 progressu
2623 1273 2881 1326 virtutum
2921 1280 3187 1326 movetur.
3240 1270 3401 1325 Juxta
3445 1271 3577 1325 illud

1990 1365 2290 1420 Psalmistte
2313 1380 2330 1417 :
2376 1362 2728 1417 Ambulabun:
2754 1363 2818 1417 de
2842 1364 3030 1416 vir:u:e
3067 1363 3121 1416 in
3147 1362 3408 1423 virtutem,
3437 1361 3578 1415 vidc-

1992 1455 2130 1510 bitur
2156 1455 2293 1509 Deus
2324 1455 2540 1508 deorum
2588 1453 2645 1506 in
2695 1451 2827 1508 Sion
2873 1450 3045 1524 (Psal.
3075 1450 3328 1524 LXXXIII).
3379 1450 3588 1522 Nupsc-

1994 1556 2121 1604 runt
2145 1562 2275 1620 ergo
2323 1547 2446 1601 ﬁlia
2474 1545 2746 1617 Salp‘haad
2779 1547 2902 1600 ﬁliis
2951 1547 3127 1616 patrui
3170 1547 3249 1601 sui
3282 1547 3349 1601 de
3377 1545 3579 1602 familia

1995 1639 2257 1703 Manasse,
2315 1639 2407 1709 qui
2454 1637 2557 1692 fuit
2593 1638 2735 1693 ﬁlius
2777 1636 3014 1708 Ioseph,
3062 1652 3185 1692 cum
3230 1638 3455 1707 quilibet
3513 1638 3581 1692 de

302 1724 407 1779 His
431 1723 626 1779 similia
655 1723 725 1777 ad
755 1721 1064 1779 Corinthios
1091 1725 1311 1793 scripsit
1353 1724 1552 1780 Paulus
1588 1727 1883 1796 apostolus,
1919 1716 1966 1774 Β
1994 1744 2182 1785 eorum
2213 1743 2440 1783 numero
2471 1728 2561 1798 qui
2592 1729 2939 1782 crediderunt
2963 1742 3031 1781 ex
3059 1724 3260 1780 Judaeis
3278 1725 3487 1780 doctori
3515 1741 3584 1781 ex

298 1828 434 1869 cum
471 1813 539 1867 de
576 1812 778 1881 nuptiis
824 1813 1161 1882 disputaret:
1197 1813 1406 1879 Mulier,
1446 1814 1640 1885 inquit,
1671 1816 1889 1887 alligata

298 1916 385 1959 est
410 1904 533 1974 legi,
549 1915 746 1975 quanto
760 1912 988 1975 tempore
1011 1905 1090 1958 vir
1113 1904 1228 1974 ejus
1252 1905 1389 1959 vivit.
1414 1903 1546 1959 Cum
1576 1916 1749 1960 autem
1768 1907 1890 1960 dor-

301 1996 481 2049 mierit
512 1996 591 2049 vir
623 1994 757 2064 ejus,
787 1993 1007 2049 liberata
1029 2004 1105 2048 est
1137 2011 1171 2047 a
1213 1993 1322 2065 lege
1349 1995 1465 2049 viri.
1513 1992 1611 2048 Cui
1652 1995 1758 2049 vult
1787 2013 1889 2050 nu-

301 2086 417 2152 bat,
459 2095 662 2140 tantum
688 2086 743 2138 in
788 2084 1015 2138 Domino
1045 2084 1097 2156 (Ι
1125 2083 1247 2138 Cor.
1281 2082 1400 2155 vn).
1456 2084 1718 2155 Praecepit
1761 2101 1891 2157 ergo

304 2178 524 2249 Moyses
545 2185 605 2231 ut
626 2175 750 2231 lilia:
776 2175 1047 2245 Salphaad
1076 2177 1282 2231 nubant
1318 2175 1511 2246 quibus
1539 2177 1745 2242 volunt,
1775 2186 1892 2232 tan—

307 2279 425 2324 tum
469 2281 525 2322 ut
552 2284 664 2322 sua:
694 2268 865 2322 tribus
888 2268 1216 2334 hominibus,
1247 2282 1314 2323 ne
1342 2267 1755 2322 commisceatur
1775 2282 1894 2337 pos-

304 2361 485 2416 sessio
510 2360 742 2415 tiliorum
762 2359 926 2415 Israel
955 2361 1020 2414 de
1048 2360 1193 2415 tribu
1224 2360 1279 2414 in
1310 2360 1527 2414 tribum.
1559 2359 1652 2415 Sic
1676 2369 1731 2415 et
1749 2361 1893 2430 Apo-

305 2450 485 2505 stolus
512 2451 731 2504 mandat
751 2458 812 2504 ut
838 2450 1035 2504 mulier
1081 2451 1250 2503 nubat
1280 2450 1369 2503 cui
1398 2449 1648 2516 voluerit,
1682 2458 1891 2504 tantum

307 2542 370 2596 in
398 2541 649 2606 Domino,
680 2542 783 2595 hoc
808 2548 891 2594 est
920 2541 1039 2595 viro
1063 2541 1326 2595 catholico
1345 2580 1360 2605 ,
1397 2555 1465 2594 ne
1492 2542 1891 2610 possessionem

310 2632 578 2685 honorum
599 2646 820 2699 operum
851 2645 915 2684 ac
930 2637 1092 2683 recta:
1116 2630 1238 2683 vita:
1257 2630 1463 2699 perdat,
1488 2630 1534 2685 si
1563 2643 1772 2699 pagano
1799 2637 1892 2682 aut

310 2723 569 2778 haeretico
625 2736 683 2776 se
713 2721 976 2791 junxerit.
1017 2720 1319 2775 Secundum
1359 2719 1709 2791 tropologiam
1740 2734 1889 2784 vero,

309 2813 552 2879 mulieri,
586 2812 691 2867 hoc
715 2821 801 2868 est
826 2828 976 2881 purae
1017 2813 1326 2878 intentioni,
1378 2827 1474 2881 per
1500 2814 1695 2867 bonam
1720 2812 1889 2867 actio-

314 2919 443 2959 nem
472 2904 558 2959 cui
586 2903 832 2969 voluerit,
862 2904 988 2958 licet
1006 2918 1065 2959 se
1088 2903 1414 2975 conjungere
1443 2904 1651 2970 labori,
1684 2913 1892 2959 tantum

1996 1819 2246 1892 gentibus
2270 1820 2512 1875 credenti
2534 1834 2593 1875 se
2616 1817 2875 1889 junxerit,
2901 1824 2961 1872 ut
2983 1815 3100 1890 ejus
3124 1816 3436 1889 magisterio
3461 1830 3587 1871 corp

1986 1911 2230 1980 junctus,
2280 1910 2417 1966 ﬁlios
2443 1912 2679 1983 gignere,
2716 1911 2821 1965 hoc
2842 1917 2945 1975 est,
2992 1923 3154 1978 opera
3184 1908 3405 1978 pietatis
3432 1907 3586 1961 exhi-

1995 2008 2143 2071 bere,
2174 2006 2366 2077 possit.
2404 2004 2633 2060 Nomine
2659 2005 2803 2059 enim
2830 2002 3010 2073 patrui
3041 1999 3439 2071 quodammodo
3465 2014 3589 2053 cen-

1995 2100 2103 2155 seri
2130 2105 2359 2169 possunt
2404 2097 2655 2151 doctores
2680 2111 2746 2150 ex
2792 2095 3040 2166 gentibus
3072 2092 3228 2148 electi
3257 2132 3271 2157 ,
3318 2092 3445 2162 quia
3476 2089 3585 2149 fra—

1997 2199 2107 2246 tres
2154 2196 2281 2247 sunt
2306 2186 2735 2259 praedicatorum
2778 2192 3090 2239 sanctorum
3139 2182 3232 2252 qui
3278 2180 3497 2235 fuerunt
3529 2181 3585 2235 in

1994 2280 2178 2336 Judaza
2204 2279 2502 2335 constituti.
2560 2276 2672 2332 Nec
2708 2276 2867 2331 debet
2913 2290 3034 2329 esse
3078 2273 3315 2328 schisma
3343 2272 3400 2326 in
3426 2271 3587 2342 spiri-

1995 2371 2087 2426 tali
2135 2369 2479 2441 cognatione,
2529 2367 2621 2421 ubi
2671 2381 2779 2420 una
2808 2372 2890 2419 est
2916 2363 3230 2427 credulitas,
3280 2361 3405 2416 ﬁdei
3458 2376 3587 2431 pro-

1995 2460 2249 2515 fessione.
2285 2457 2375 2512 Ait
2411 2457 2534 2510 enin
2566 2454 2815 2509 Salvator
2861 2451 3137 2521 discipulis
3166 2449 3404 2504 Matthzni
3443 2449 3587 2520 vige-

1995 2549 2133 2603 simo
2160 2546 2317 2602 tertio
2342 2543 2604 2600 :‘Pulrem
2627 2543 2786 2597 nolite
2812 2541 2952 2595 vobis
2980 2556 3161 2593 vocare
3183 2555 3339 2609 super
3368 2546 3587 2591 terram.

1998 2637 2144 2692 Unus
2188 2647 2263 2691 est
2305 2637 2441 2689 enim
2474 2635 2635 2689 Pater
2662 2641 2828 2687 vester
2863 2631 2951 2702 qui
2988 2631 3042 2683 in
3076 2628 3216 2683 cazlis
3244 2636 3340 2682 est.
3394 2624 3587 2687 Omnes

1994 2740 2170 2784 autent
2218 2746 2307 2783 vos
2363 2728 2552 2797 fratres
2604 2725 2745 2779 estis.
2801 2724 2870 2778 Et
2915 2721 3088 2776 alibi:
3138 2718 3336 2781 Habeo,
3391 2717 3590 2787 inquit,

1995 2821 2130 2876 alias
2158 2837 2274 2874 oves
2306 2836 2411 2890 qua
2434 2834 2537 2872 non
2564 2826 2687 2870 sunt
2714 2831 2779 2869 ex
2804 2815 2902 2867 hoc
2935 2809 3058 2866 ovili
3080 2825 3100 2863 :
3138 2819 3189 2863 et
3223 2808 3591 2877 illas‘oportet

1996 2927 2078 2967 me
2102 2910 2384 2974 adducere,
2414 2917 2463 2961 et
2498 2921 2671 2961 vocem
2718 2918 2886 2957 meam
2923 2901 3179 2962 audient,
3215 2906 3263 2952 et
3302 2896 3392 2966 ﬁet
3426 2912 3589 2950 unum

313 3003 376 3048 ut
401 2994 655 3063 pietatem
686 3005 741 3048 et
780 2993 1093 3062 religionem
1145 2993 1510 3049 Christianam
1539 2996 1595 3049 in
1643 2995 1895 3050 omnibus
1934 3061 1967 3069 _
2001 3001 2134 3057 ovile
2164 3012 2211 3055 et
2246 3016 2383 3053 unus
2430 3009 2610 3069 pastor
2638 2995 2820 3067 (loan.
2851 2991 2927 3065 ι).
2981 2990 3180 3059 Sicque
3216 2985 3490 3058 possessio
3534 2984 3593 3038 iu

313 3061 623 3147 conservet,
665 3099 732 3139 ne
757 3061 935 3153 operis
960 3083 1073 3148 sui,
1109 3099 1209 3155 pro
1237 3099 1345 3159 quo
1369 3092 1586 3140 aeterne
1608 3085 1894 3143 bmredita-
1925 3061 1969 3123 (ἶ
2000 3092 2190 3153 eadem
2219 3090 2365 3147 tribu
2388 3061 2628 3159 legitime
2647 3061 2931 3149 servatur,
2958 3096 3083 3143 eum
3113 3077 3293 3135 omnis
3335 3076 3424 3147 pia
3447 3075 3592 3129 actio

316 3175 390 3228 tis
426 3189 647 3244 sperare
684 3163 870 3229 debuit
918 3175 1332 3243 possessionem,
1387 3175 1769 3231 detrimentum
1798 3192 1896 3246 pa-

317 3262 510 3327 tiatur,
551 3263 596 3317 si
625 3263 822 3328 alieno,
880 3265 981 3317 hoc
1009 3272 1114 3329 est,
1164 3266 1380 3330 errori,
1426 3280 1485 3321 se
1532 3265 1895 3335 conjunxerit.

314 3350 682 3424 Feceruntque
709 3354 836 3421 ﬁliae
861 3353 1133 3424 Salpltaad
1158 3365 1211 3408 ut
1243 3356 1341 3410 sibi
1367 3358 1541 3425 fuerat
1562 3358 1896 3431 imperatum.

313 3442 392 3496 Et
422 3454 704 3513 nupserunt
733 3444 936 3511 Maala,
978 3456 1027 3499 et
1055 3446 1270 3513 Thersa,
1304 3458 1353 3502 et
1392 3448 1561 3520 Hcgla
1585 3462 1633 3504 et
1674 3450 1901 3517 Helena,

2003 3201 2103 3255 pro
2133 3198 2318 3239 amore
2347 3180 2548 3236 Christi
2574 3181 2627 3234 in
2650 3177 2890 3233 Ecclesia
2923 3171 3189 3230 catholica
3222 3172 3275 3226 in
3311 3168 3593 3225 servitium

2008 3276 2103 3331 Dei
2138 3275 2350 3345 agiliter
2389 3273 2677 3327 exhibetur
2708 3287 2722 3323 :
2767 3267 2921 3336 cujus
2950 3264 3154 3320 laboris
3183 3262 3410 3317 ﬁnisest
3449 3273 3596 3313 Iner-

2008 3382 2099 3423 ces
2127 3374 2409 3438 perpetua,
2461 3378 2625 3433 quam
2664 3360 2776 3415 suis
2822 3355 3070 3412 ﬁdelibus
3116 3351 3304 3423 largiri
3348 3349 3600 3419 dignetur

2008 3456 2173 3510 Pater
2196 3456 2581 3523 omnipotens,
2625 3467 2720 3522 per
2773 3448 3064 3504 Dominum
3115 3454 3364 3500 nostrum
3411 3438 3599 3495 Jesum

316 3541 374 3587 et
398 3532 543 3599 Non,
580 3534 708 3602 ﬁliis
733 3537 910 3605 patrui
930 3537 1036 3601 sui,
1078 3539 1142 3591 de
1166 3539 1372 3608 familia
1397 3539 1665 3607 Manasse,
1685 3541 1776 3612 qui
1803 3541 1906 3610 fuit
2009 3549 2308 3607 Christum.
2336 3550 2530 3602 Amen.

312 3624 469 3695 ﬁlius
494 3625 686 3697 Ioseph
713 3640 733 3679 :
776 3638 824 3682 et
848 3630 1106 3699 possessio
1141 3647 1258 3704 quae
1304 3630 1410 3687 illis
1434 3631 1609 3702 fuerat
1634 3632 1910 3700 attributa,

321 3754 3584 3805 ξιξ-ἕψω

916 3806 1492 4017 ΒΕΔΤῙ
1568 3899 2323 4016 ΒΔΒΔΝῙ
2397 3895 3011 4013 ΜΔΠΒῙ

1073 4131 1460 4193 FULDENSIS
1478 4133 1785 4190 ‘ABBATIS
1818 4133 1908 4190 ET
1945 4131 2329 4190 MOGUNTINI
2366 4127 2886 4187 ARCHlEPlSCOPl

755 4343 1622 4501 ENABRATIllNIS
1727 4344 2094 4502 SUPER
2201 4312 3166 4497 DEUTERONOMIUM

1405 4632 1622 4696 LIBRI
1665 4631 2073 4706 QUATUOR.
2122 4633 2364 4714 (ANNO
2406 4628 2574 4716 sat.)

1670 4880 2251 4956 PBEEATIO

1181 5047 1273 5102 AD
1309 5043 1782 5102 FBECULPHUM
1819 5038 2313 5098 LEXOVIENSEM
2362 5038 2736 5130 EPISCOPUN

417 5277 512 5333 Pio
531 5274 682 5331 Patri
703 5271 1024 5330 Fncuuuo
1044 5309 1060 5335 ,
1085 5267 1336 5321 Rumth
1360 5265 1587 5335 exiguus
1616 5264 1668 5318 in
1696 5263 1924 5320 Domino
1950 5267 2001 5327 D
2024 5269 2229 5318 sanctzn
2274 5260 2533 5316 voluntati
2564 5258 2933 5324 consentiens,
2978 5261 3313 5313 sacramenta
3344 5246 3606 5321 spiritali-

330 5370 598 5430 salutem.

2029 5360 2111 5407 ter
2140 5354 2369 5408 rimarer
2408 5359 2569 5421 atque
2600 5351 2651 5403 in
2679 5365 2848 5404 unum
2883 5347 3134 5403 volumen
3165 5342 3427 5411 majorum
3458 5341 3606 5399 dicta

422 5459 672 5515 Decursis
709 5456 893 5529 igitur,
915 5454 1024 5508 tuis
1046 5449 1283 5523 parendo
1307 5448 1609 5519 praeceptis,
1647 5446 1921 5516 prioribus
2026 5442 2358 5514 colligerem.
2390 5440 2495 5496 Sed
2523 5440 2649 5509 quia
2682 5439 2734 5492 in
2761 5439 2905 5492 hunc
2926 5437 3123 5529 lib-rum
3165 5430 3464 5529 cujuSpiam
3500 5446 3603 5529 ex-

328 5548 505 5609 libris
550 5522 1063 5619 legis,'novissime
1114 5542 1181 5597 ad
1227 5537 1700 5594 Deutcronomium
1753 5535 1919 5607 Moysi
2024 5534 2389 5607 planationem
2435 5531 2653 5603 proprie
2697 5545 2803 5584 non
2836 5526 3047 5591 inveni,
3090 5537 3311 5577 necesse
3354 5522 3517 5577 habui
3545 5530 3637 5578 ut-

337 5611 800 5695 wnsiderandum
842 5633 1097 5704 perveni,
1129 5638 1395 5702 quatenus
1438 5628 1562 5683 inde
1594 5628 1770 5697 aliqua
1817 5636 1922 5683 tua!
2027 5624 2282 5697 perfectis
2328 5623 2660 5679 anteriorum
2685 5621 2945 5677 librorum
2981 5612 3428 5690 expositioniius,
3482 5611 3611 5667 inde
