3964 6192
497 254 604 311 859

1163 246 1226 301 Β,
1265 247 1519 303 RABANI
1561 247 1775 304 MAURI
1809 249 2126 305 ARCHIEP.
2170 248 2480 305 MOLIUNT.
2519 247 2805 303 OPERUM
2846 245 3024 302 PARS
3064 247 3104 302 l.

3598 250 3690 305 8i0

490 366 561 421 ad
601 360 761 431 huius
816 358 939 413 libri
985 358 1294 414 enodandas
1345 359 1670 428 quaestiones
1720 375 2055 433 assumerem
2089 371 2135 426 Α
2164 359 2382 428 respicit
2407 360 2461 413 in
2486 359 2624 414 etelo
2646 368 2702 413 et
2725 358 2780 412 in
2811 366 2953 411 terra
2979 396 2993 422 ,
3040 366 3370 427 suscitatque
3413 358 3476 414 de
3508 359 3692 428 pulvere

492 448 822 504 facultatem.
868 444 991 499 Ηωο
1038 455 1217 497 autem
1263 459 1385 513 qua:
1418 444 1632 498 naviter
1672 460 1703 498 a
1756 446 2064 516 legislatore

491 539 693 594 inserta
742 534 950 603 reperi,
982 532 1160 587 divina
1189 533 1364 603 gratia
1389 533 1681 604 largiente,
1717 549 1815 603 pro
1851 535 2065 589 modulo

491 627 663 684 nostri
693 624 971 695 ingenioli,
992 625 1519 695 quantulumcunque
1540 626 1829 695 explanare
1858 628 2062 681 curavi.

494 712 969 772 Deuteronomium
997 728 1229 783 quoque,
1274 725 1331 768 ut
1371 714 1559 769 beatus
1608 715 1965 785 Hieronymus
2011 702 2065 771 in

492 806 721 880 quadam
780 803 1004 874 epistola
1040 818 1133 858 sua
1180 804 1248 856 ad
1292 805 1522 858 amicum
1572 806 1668 868 ait,
1701 806 1936 860 secunda
1985 814 2068 861 est

494 900 600 963 lex,
630 904 688 952 et
728 893 1052 966 evangelicae
1075 893 1205 963 legis
1229 894 1624 964 pneﬁguratio;
1663 894 1847 965 sicque
1875 911 1938 949 ea
1964 896 2066 950 ha—

493 990 585 1044 bet
632 1001 751 1057 quze
802 986 985 1055 priora
1026 992 1172 1048 sunt,
1203 992 1261 1037 ut
1307 993 1485 1037 tamen
1529 999 1665 1038 nova
1711 985 1822 1039 sint
1862 984 2063 1039 omnia.

496 1079 833 1147 Quapropter
856 1076 970 1131 haec
1019 1088 1109 1130 res
1132 1089 1359 1143 operosa
1387 1074 1587 1143 indiget
1612 1074 1877 1129 solutione
1916 1092 1930 1128 :
1961 1073 2070 1129 sci-

494 1166 619 1221 licet
673 1167 815 1236 quod
868 1166 939 1219 ita
986 1164 1339 1219 bistorialiter
1386 1165 1706 1219 ordinentur
1757 1174 1968 1231 vetera,
2011 1174 2071 1220 ut

494 1256 812 1326 spiritaliter
854 1256 1032 1310 omnia
1054 1254 1492 1310 demonstrentur
1516 1271 1674 1321 nova,
1708 1265 1762 1312 et
1792 1257 1924 1328 legis
1974 1272 2072 1327 per

495 1346 722 1417 ﬁguram
756 1343 1011 1417 patefecit
1037 1344 1219 1399 littera
1260 1359 1379 1414 quze
1405 1360 1560 1400 sacer
1586 1346 1862 1417 Evangelii
1894 1353 2071 1401 textus

491 1436 547 1511 in
570 1452 628 1492 se
652 1436 896 1491 continet
924 1442 1287 1490 sacramenta.
1321 1434 1490 1499 Unde,
1542 1444 1729 1491 sancte
1759 1436 1948 1501 frater,
1978 1443 2071 1489 tuo

491 1527 558 1581 de
586 1527 692 1582 hoc
716 1527 949 1582 maxime
975 1525 1275 1596 indigemus
1295 1525 1563 1596 adjutorio
1588 1544 1601 1580 :
1634 1534 1902 1596 quatenus
1930 1524 2071 1596 apud

494 1617 920 1687 omnipotentem
948 1615 1162 1672 Patrem
1185 1618 1438 1687 precibus
1465 1617 1697 1673 assiduis
1728 1617 1983 1686 impetres
2010 1624 2070 1670 ut

2164 464 2416 519 egenum,
2450 457 2508 502 et
2560 449 2628 503 de
2655 456 2893 502 stercore
2945 447 3103 516 erigit
3142 463 3428 517 pauperem
3449 488 3464 512 ,
3492 448 3693 519 aliquam

2164 537 2486 606 particulam
2533 538 2792 591 donorum
2830 552 3052 591 suorum
3075 538 3312 593 muneris
3356 538 3438 592 sui
3482 539 3694 611 largitate

2166 627 2320 681 nobis
2346 628 2639 681 concedere
2660 626 2931 695 dignetur,
2956 635 3015 680 ut
3036 625 3149 694 ejus
3169 627 3446 680 servitium
3471 627 3521 680 in
3540 628 3693 683 Eccle-

2166 714 2247 769 sia
2273 724 2459 769 sancta
2490 730 2584 769 sua
2625 715 2691 767 ad
2726 715 2894 784 ipsius
2938 714 3144 769 laudem
3170 723 3226 769 et
3247 724 3477 769 nostram
3504 716 3692 771 salutem

2168 805 2384 874 explere
2414 805 2705 874 possimus.
2739 805 2878 858 Ecce
2908 804 3071 858 habes
3100 804 3513 859 Pentateucltum
3532 806 3690 876 Moysi,

2169 902 2228 946 ut
2254 894 2474 962 petisti,
2520 908 2642 947 cum
2695 893 2966 962 mysteriis
3004 893 3117 947 suis
3156 894 3380 963 spiritali
3402 895 3592 952 calamo
3619 897 3697 950 ali-

2168 981 2483 1050 quantulum
2532 980 2857 1049 explicatum
2894 998 2905 1033 :
2937 982 3132 1049 quibus
3155 981 3392 1050 quinque
3413 985 3592 1050 verbis,
3631 985 3696 1039 lo-

2168 1074 2262 1143 qui
2291 1087 2350 1127 se
2373 1071 2660 1141 Apostolus
2687 1070 2743 1123 in
2791 1070 3020 1124 ecclesia
3049 1070 3312 1140 gloriatur
3341 1069 3391 1139 (Ι
3426 1070 3540 1123 Cor.
3586 1078 3694 1142 xiv).

2169 1164 2298 1218 Esto
2326 1164 2447 1233 pius
2479 1170 2752 1217 scrutator
2774 1162 2929 1230 legis,
2960 1170 3015 1216 et
3041 1163 3269 1217 devotus
3290 1175 3561 1217 exsecutor
3588 1181 3698 1233 pra:-

2170 1263 2446 1324 ceptorum
2480 1253 2742 1307 Altissimi
2772 1271 2784 1305 :
2818 1261 2878 1305 ut
2908 1252 3049 1306 sicut
3076 1253 3130 1306 in
3157 1253 3347 1306 ordine
3375 1269 3600 1318 consors,
3639 1256 3696 1309 ita

2170 1355 2227 1401 et
2270 1354 2585 1414 cooperator
2621 1344 2697 1398 sis
2743 1351 3054 1398 sanctorum
3110 1342 3488 1413 apostolorum.
3530 1344 3700 1399 Memor

2170 1449 2287 1497 esto
2314 1441 2551 1497 doctoris
2575 1440 2812 1511 gentium
2844 1448 2900 1494 et
2939 1440 3261 1495 hortationis
3281 1455 3388 1509 qua
3417 1440 3699 1511 discipulum

2172 1535 2443 1590 instruens
2469 1536 2545 1588 ait
2588 1548 2603 1587 :
2653 1552 2671 1585 ι
2724 1532 2963 1601 Ρνωοίρθ
3007 1532 3123 1586 haec
3148 1540 3204 1585 et
3233 1532 3384 1587 doce.
3413 1532 3568 1585 Nemo
3591 1533 3697 1586 ado-

2179 1640 2199 1673 ‹
2242 1621 2553 1676 lescentiam
2599 1629 2745 1674 tuam
2792 1628 3124 1683 contemnat,
3152 1618 3246 1673 sed
3275 1620 3563 1689 exempltun
3606 1630 3701 1674 esto

491 1705 637 1774 quod
668 1721 769 1761 nos
796 1705 955 1774 jubes
993 1710 1196 1762 inertes
1222 1707 1289 1760 ad
1322 1714 1472 1761 tuam
1514 1715 1570 1762 et
1600 1707 1668 1762 ad
1708 1716 1925 1763 tuorum
1964 1709 2068 1763 uti-
2099 1719 2144 1777 Β
2177 1728 2197 1762 ι
2241 1709 2478 1764 fidelium
2513 1709 2566 1763 in
2595 1710 2782 1773 verbo,
2818 1709 2871 1762 in
2912 1709 3345 1775 conversatione,
3370 1709 3420 1763 in
3451 1709 3699 1768 charitate.

489 1794 700 1848 litatem
752 1792 951 1860 facere,
984 1793 1098 1862 ejus
1123 1795 1474 1864 opitulatione
1531 1796 1689 1853 nobis
1735 1795 2067 1863 conferatur,

491 1872 587 1953 qui
614 1884 708 1937 dat
744 1885 994 1939 omnibus
1023 1884 1321 1949 aﬂluentcr,
1352 1893 1532 1941 etnon
1566 1887 1927 1957 improperat;
1950 1891 2071 1960 qui-

492 1987 598 2041 que
653 1972 707 2025 in
753 1971 1042 2041 Evangelio
1089 1974 1334 2029 fidelibus
1377 1977 1488 2031 suis
1543 1977 1790 2047 promisit
1846 1979 2069 2034 dicens:

507 2076 526 2110 ι
566 2058 761 2123 Petite,
810 2067 864 2115 et
891 2060 1106 2115 dabitur
1152 2063 1333 2126 vobis;
1361 2063 1602 2132 quaerite,
1646 2072 1703 2118 et
1754 2064 2069 2132 invenietis;

498 2164 519 2200 ι
559 2146 784 2217 pulsate,
833 2154 889 2202 et
913 2149 1186 2219 aperietur
1222 2151 1391 2205 vobis.
1421 2151 1609 2208 Omnis
1637 2154 1783 2209 enim
1814 2155 1906 2225 qui
1937 2155 2073 2225 petit

499 2255 519 2290 ι
560 2239 779 2309 accipit,
804 2247 860 2294 et
903 2241 992 2309 qui
1020 2242 1213 2310 quaerit
1234 2244 1457 2311 invenit,
1487 2256 1541 2302 et
1579 2247 1816 2319 pulsanti
1866 2251 2072 2321 aperie—

500 2344 519 2378 ‹
568 2335 675 2380 tur.
723 2347 741 2381 ι
784 2327 988 2384 ideirco
1012 2340 1190 2385 autem
1235 2335 1622 2403 postulationes
1668 2338 1898 2409 imploro
1932 2348 2072 2406 tuas,

496 2418 624 2486 quia
676 2419 884 2474 meritis
915 2422 1087 2477 sacris
1130 2423 1249 2479 illas
1289 2427 1399 2480 Deo
1439 2432 1842 2499 acceptissimas
1890 2433 2073 2488 credo.

496 2509 762 2563 Cteterum
788 2518 968 2564 autem
989 2527 1087 2567 nos
1115 2530 1213 2582 pro
1238 2516 1341 2570 hoc
1384 2517 1499 2587 ipso
1532 2521 1783 2589 precibus
1811 2523 1939 2577 licet
1966 2539 2075 2578 non

497 2598 799 2668 condignis,
833 2607 1013 2655 tamen
1059 2603 1713 2676 humillimisinsistimus,
1744 2615 2079 2682 postulantes

498 2693 559 2739 ut
581 2702 846 2757 supernus
884 2690 1089 2745 arbiter
1110 2694 1202 2762 qui
1231 2694 1286 2747 in
1327 2696 1450 2751 altis
1478 2699 1705 2767 habitat,
1749 2711 1805 2758 et
1854 2704 2079 2761 humilia

2179 1816 2198 1850 ι
2244 1798 2299 1852 in
2324 1797 2428 1852 [ide
2462 1837 2477 1862 ,
2510 1798 2563 1851 in
2589 1797 2858 1852 castitate.
2890 1796 3025 1850 Dum
3071 1798 3229 1851 venio
3271 1797 3478 1853 attende
3519 1798 3701 1852 lectioni

2179 1906 2198 1939 ι
2242 1897 2298 1943 et
2353 1887 2644 1943 bortationi
2703 1887 2982 1942 doctrinm.
3030 1886 3149 1941 Noli
3197 1888 3460 1959 negligere
3506 1888 3701 1958 gratiam

2178 1998 2196 2032 ‹
2242 1995 2362 2050 qua:
2385 1981 2440 2035 in
2468 1989 2521 2035 te
2547 1988 2649 2044 est,
2681 1988 2881 2050 quanta
2908 1986 2991 2032 est
3015 1978 3110 2032 tibi
3140 1993 3238 2048 per
3263 1979 3581 2048 pmphetiam
3606 1991 3704 2031 cum

2180 2088 2198 2122 ‹
2242 2070 2582 2138 impositionc
2627 2083 2882 2122 manuum
2922 2067 3246 2138 presbyteri.
3301 2067 3423 2121 Haec
3461 2065 3702 2127 meditare,

2183 2180 2202 2212 ι
2240 2161 2294 2215 in
2336 2160 2456 2214 istis
2483 2168 2619 2223 esto,
2642 2166 2701 2212 ut
2726 2156 2995 2227 profectus
3043 2166 3167 2213 tuus
3189 2156 3498 2213 manifestus
3524 2158 3588 2210 sit
3609 2172 3705 2210 ont-

2184 2269 2203 2302 c
2249 2251 2427 2305 nibus.
2458 2250 2690 2304 Attende
2724 2250 2816 2303 tibi
2843 2256 2898 2302 et
2918 2249 3200 2313 doctrinm,
3227 2249 3367 2303 insta
3396 2250 3447 2303 in
3476 2247 3587 2302 illis.
3614 2246 3705 2301 Hoc

2185 2357 2204 2391 ε
2248 2340 2393 2395 enim
2423 2338 2661 2404 faciens,
2708 2347 2764 2393 et
2795 2348 2845 2393 te
2879 2339 3052 2408 ipsum
3105 2338 3315 2393 salvum
3353 2338 3528 2403 facies,
3559 2346 3605 2392 et
3632 2352 3708 2391 eos

2188 2450 2206 2484 ι
2249 2432 2421 2504 quite
2451 2432 2694 2486 audiunt.
2742 2451 2761 2485 ι
2798 2432 2925 2487 Ηωο
2974 2440 3027 2487 te
3079 2430 3261 2487 facere
3306 2442 3360 2487 et
3388 2431 3622 2502 perlicere
3653 2430 3709 2484 ad

2185 2530 2333 2577 tuam
2361 2528 2417 2575 et
2446 2520 2511 2575 ad
2543 2520 2833 2574 multorum
2866 2519 3096 2575 salutem
3126 2520 3390 2574 concedat
3421 2519 3705 2572 Altissimus.

2185 2612 2335 2678 Vale,
2359 2620 2545 2667 sancte
2563 2611 2743 2676 Pater,
2769 2610 3045 2683 Maurique
3059 2611 3135 2666 tui
3159 2611 3215 2666 in
3236 2611 3405 2667 sacris
3425 2609 3711 2665 orationibus

2185 2716 2400 2773 semper
2422 2717 2629 2758 memor
2654 2709 2792 2757 esto.

1117 2840 3232 2867 Μ*

1979 2940 2273 3003 INCIPIT

751 3080 1570 3205 ENARRATIO
1655 3094 2102 3212 SUPER
2184 3102 3467 3280 DEUTERONOMIUM.

1988 3302 2306 3323 *-

1748 3403 2048 3483 LIBER
2101 3409 2517 3491 PRIMUS.

2003 3576 2278 3596 ξ

1028 3661 1255 3719 CAPUT
1283 3661 1574 3719 PRIMUM.

514 3776 682 3833 Verba
707 3773 1044 3857 ιζοῃείθειαξ,
1067 3773 1270 3828 locutus
1315 3784 1388 3857 est
1412 3774 1484 3856 ed
1515 3773 1687 3857 Israel
1712 3783 1859 3857 (rarts
1884 3775 2084 3857 J_orda-

574 3863 693 3915 item
735 3844 811 3898 ini
816 3844 1109 3915 solitudine
1150 3846 1466 3915 campestri,
1506 3852 1621 3913 post
1669 3845 2083 3915 interfectionem

575 3914 714 3970 Seon
735 3923 782 3968 et
801 3911 901 3984 Og,
933 3928 1111 3983 regum
1138 3911 1587 3969 Amo’rrhaeoru'm.

579 4045 732 4119 (Car.
764 4042 828 4117 l.)
862 4062 882 4095 ‹
913 4043 1039 4098 Haec
1061 4051 1188 4098 sunt
1215 4044 1381 4099 verba
1404 4058 1523 4113 qua:
1540 4043 1748 4100 locutus
1772 4054 1857 4101 est
1872 4046 2082 4118 Moyses

509 4154 531 4189 ί
576 4136 644 4191 ad
671 4147 887 4190 omnem
935 4131 1101 4186 lsrael
1139 4139 1291 4185 trans
1334 4129 1655 4197 Jordanem,
1695 4133 1749 4187 in
1795 4133 2084 4189 solitudine

512 4248 531 4282 ί
576 4227 889 4299 campestri,
911 4233 1100 4282 contra
1130 4240 1278 4281 mare
1303 4224 1567 4291 Rubrum,
1611 4227 1751 4280 inter
1790 4226 2002 4282 Pharan
2028 4236 2083 4283 et

511 4338 530 4372 ι
573 4317 795 4389 'l'opbel,
811 4325 866 4372 et
877 4315 1060 4372 Laban
1074 4315 1425 4380 etllaseroth,
1441 4317 1530 4372 ubi
1545 4318 1661 4372 auri
1676 4318 2078 4387 estplurimum.

511 4429 531 4460 ι
578 4408 831 4464 undecim
875 4407 1064 4462 diebus
1100 4406 1165 4462 de
1195 4405 1371 4462 lloreb
1395 4423 1492 4479 per
1519 4408 1660 4463 viam
1702 4410 1900 4465 montis
1938 4409 2079 4476 Seir,

509 4519 530 4551 ‹
575 4515 745 4570 usque
792 4499 861 4555 ad
911 4498 1279 4561 Cadesbarue,
1329 4500 1742 4572 quadragesimo
1776 4518 1936 4568 anno,
1985 4519 2084 4556 un-

510 4609 531 4640 ι
572 4592 783 4645 decimo
836 4606 1042 4656 mense,
1087 4592 1262 4661 primo
1303 4592 1388 4647 die
1433 4594 1654 4649 mensis.
1698 4614 1716 4646 ι
1752 4594 2081 4664 Principiam

505 4696 634 4749 ergo
674 4681 829 4735 istius
874 4680 999 4735 libri
1046 4681 1438 4751 quodammodo
1474 4682 1659 4737 titulus
1705 4683 1917 4737 videtur
1963 4698 2085 4740 esse

506 4778 671 4839 atque
701 4772 858 4825 index
898 4773 1061 4827 totius
1113 4772 1324 4842 operis,
1373 4771 1498 4840 quia
1546 4787 1831 4844 personam
1884 4772 2083 4827 indicat

508 4858 732 4915 factoris
760 4867 814 4914 et
838 4875 974 4929 opus
1003 4861 1230 4926 factum,
1274 4861 1542 4930 simulque
1571 4861 1747 4916 locum
1793 4871 1847 4917 et
1875 4869 2084 4933 tempus

506 4965 615 5021 quo
638 4951 741 5004 hoc
769 4948 970 5005 factum
998 4952 1069 5007 sit
1096 4951 1522 5021 comprehendit.
1563 4950 1715 5007 Unde
1754 4966 1861 5006 non
1910 4951 2081 5007 solum

508 5041 683 5110 ipsum
715 5054 910 5094 nomen
941 5040 1095 5105 libri,
1129 5042 1224 5096 sed
1259 5041 1424 5095 etiam
1459 5042 1781 5111 principium
1811 5041 1944 5098 Novi
1987 5042 2082 5099 Te-

507 5132 762 5189 stamenti
808 5131 980 5203 gratia
1028 5133 1385 5188 demonstrat.
1421 5131 1555 5187 Nam
1584 5132 2076 5199 Deuteronomium,

507 5227 652 5299 quod
704 5225 938 5281 secunda
987 5224 1073 5279 lex
1123 5224 1315 5279 Latine
1354 5225 1764 5294 interpretatur,
1817 5226 2082 5297 signiﬁcat

505 5314 874 5388 Evangelinm,
914 5315 1059 5386 quod
1088 5323 1207 5385 post
1238 5314 1598 5369 conditionem
1648 5314 1860 5371 Veteris
1891 5315 2078 5370 Testa-

508 5411 674 5462 menti
706 5408 891 5463 eadem
943 5416 1280 5465 sacramenta
1320 5407 1611 5462 secundum
1653 5407 1949 5476 spiritalem
1999 5408 2080 5462 in-

508 5495 779 5551 tellectum
809 5498 988 5551 omnia
1041 5498 1267 5569 mystice
1328 5495 1548 5565 exponit
1600 5504 1762 5566 atque
1806 5497 2077 5567 explanat.

509 5582 669 5640 Liber
692 5602 819 5657 ergo
852 5589 1248 5646 Deuteronomii
1279 5591 1525 5660 repetitio
1554 5597 1633 5646 est
1666 5590 2079 5661 praecedentium

2111 3673 2156 3735 C
2187 3680 2423 3742 quatuor
2438 3673 2697 3732 librorum
2727 3677 2889 3751 legis;
2920 3697 3045 3737 nam
3080 3684 3205 3738 dum
3236 3685 3290 3739 in
3315 3700 3374 3740 se
3392 3683 3617 3755 proprias
3655 3682 3713 3736 illi

2186 3762 2466 3819 continent
2503 3780 2715 3833 causas,
2747 3769 2850 3824 iste
2874 3778 3054 3827 tamen
3098 3773 3325 3843 replicat
3360 3774 3547 3829 omnia.
3573 3771 3713 3826 Habet

2184 3863 2363 3911 autem
2390 3866 2445 3912 et
2474 3858 2588 3929 ipse
2624 3862 2842 3930 proprie
2878 3863 3298 3921 innumerabilia
3335 3872 3665 3926 sacramenta,
3688 3876 3714 3914 e

2184 3944 2379 4014 quibus
2406 3961 2470 4002 ea
2510 3963 2630 4016 quae
2664 3949 2846 4006 divina
2872 3954 3045 4022 gratia
3090 3956 3395 4013 secundum
3447 3952 3714 4026 prazcedea-

2185 4037 2319 4089 tium
2343 4037 2566 4092 Patrum
2592 4041 2733 4095 dicta
2763 4057 2861 4097 nos
2890 4060 3053 4114 posse
3097 4048 3450 4113 concesserit,
3476 4062 3566 4117 pro
3589 4058 3713 4099 exer-

2183 4125 2313 4181 citio
2355 4126 2574 4186 lectoris
2616 4131 2904 4201 explanare
2951 4134 3410 4205 disposuimusyr
3457 4136 3569 4190 Haec
3612 4138 3711 4186 sunt

2183 4217 2366 4283 verba,
2416 4220 2610 4290 inquit,
2657 4240 2777 4292 qum
2816 4225 3025 4283 locutus
3050 4237 3135 4283 est
3163 4229 3375 4301 Moyses
3427 4230 3490 4284 ad
3531 4237 3709 4283 omnem

2182 4309 2364 4364 Israel.
2405 4330 2423 4362 ι
2470 4308 2570 4366 Hic
2618 4313 2835 4381 quidam
2884 4318 3232 4385 quzerendum
3280 4319 3570 4380 aestimant,
3612 4324 3710 4367 cum

2184 4400 2393 4474 Moyses
2418 4403 2667 4458 conditor
2691 4406 2845 4461 istius
2869 4407 2990 4462 libri
3019 4408 3368 4479 dignoscitur,
3398 4404 3640 4479 quomodo
3660 4402 3713 4455 de

2183 4510 2240 4549 se
2271 4494 2423 4564 quasi
2453 4494 2519 4549 de
2548 4496 2716 4552 altero
2742 4497 2939 4553 referat
2968 4513 2982 4553 :
3013 4499 3143 4555 dicit
3167 4502 3311 4555 enim
3336 4502 3503 4572 ipsum
3529 4497 3708 4566 Moysen

2183 4584 2418 4639 locutum
2469 4600 2588 4641 esse
2640 4589 2807 4643 verba
2860 4588 2994 4644 hare.
3044 4589 3150 4646 Sed
3182 4590 3456 4646 sciendum
3490 4597 3565 4644 est
3597 4579 3710 4654 quod

2184 4674 2351 4728 moris
2394 4685 2479 4729 est
2508 4675 2832 4745 scriptorum
2861 4691 3028 4732 sacra:
3067 4678 3309 4734 historia;
3352 4680 3417 4734 de
3451 4670 3710 4741 semetipsis

2181 4766 2336 4834 quasi
2365 4765 2432 4820 de
2479 4766 2649 4822 altero
2696 4767 2920 4823 referre.
2955 4768 3108 4825 Unde
3147 4770 3201 4824 in
3229 4769 3367 4825 libro
3395 4769 3705 4823 Numerorum

2185 4856 2325 4911 idem
2370 4856 2580 4928 Moyses
2624 4860 2697 4913 ita
2741 4861 2958 4931 scripsit
3008 4880 3020 4915 :
3059 4862 3191 4917 Erat
3238 4863 3380 4918 enim
3425 4862 3616 4933 Moyses
3644 4855 3715 4906 vir

2186 4951 2502 5005 mitissimus
2554 4967 2716 5021 super
2757 4969 2946 5009 omnes
2985 4955 3232 5011 homines
3269 4955 3360 5025 qui
3407 4952 3710 5009 morabantur

2186 5042 2239 5094 in
2266 5049 2431 5095 terra.
2466 5039 2558 5097 Sic
2600 5049 2655 5096 et
2695 5043 2751 5098 in
2776 5042 2914 5100 libro
2942 5042 3042 5100 Job
3086 5045 3202 5116 ipse
3240 5044 3341 5100 Job
3389 5044 3443 5098 in
3485 5035 3715 5110 principio

2181 5130 2363 5199 operis
2391 5130 2474 5184 sui
2505 5131 2654 5196 dicit,
2691 5151 2709 5184 α
2732 5130 2831 5187 Vir
2862 5142 2980 5188 erat
3002 5134 3055 5188 in
3089 5142 3232 5188 terra
3259 5132 3368 5188 Hus
3392 5127 3593 5185 nomine
3610 5120 3706 5177 Job.

2180 5220 2248 5274 Et
2276 5227 2395 5274 erat
2436 5220 2518 5275 vir
2542 5220 2631 5276 ille
2661 5222 2888 5292 simplex
2928 5238 2992 5278 ac
3020 5230 3200 5279 rectus
3248 5231 3300 5277 et
3325 5221 3515 5276 timens
3553 5214 3706 5269 Deum,

2178 5320 2233 5366 et
2259 5312 2518 5368 recedens
2546 5329 2575 5367 a
2616 5314 2777 5369 malo.
2825 5334 2843 5367 ι
2888 5312 3030 5386 (Job.
3068 5313 3130 5386 ι.)
3163 5313 3301 5368 Hinc
3343 5320 3397 5366 et
3434 5308 3643 5363 Joannes
3666 5311 3707 5350 In

2179 5406 2467 5478 Evangelio
2520 5423 2617 5462 suo
2647 5407 2713 5462 de
2760 5422 2817 5463 se
2866 5409 2981 5463 ait:
3021 5426 3039 5458 ‹
3087 5408 3186 5462 Hic
3213 5415 3294 5463 est
3327 5400 3600 5473 discipulus
3637 5390 3708 5461 (Ιυί

2179 5497 2544 5552 testimonium
2572 5499 2894 5569 perhibetde
2913 5500 2998 5554 bis
3023 5507 3077 5554 et
3098 5499 3308 5570 scripsit
3325 5498 3455 5560 haec,
3475 5501 3525 5548 et
3545 5487 3707 5544 scimus

2181 5590 2304 5659 quia
2335 5605 2521 5644 verum
2547 5599 2628 5645 est
2659 5591 3023 5646 testimonium
3053 5592 3187 5662 ejus.
3227 5611 3244 5645 ι
3285 5588 3461 5661 (Ioan.
3492 5582 3599 5650 ult.)
3623 5571 3706 5629 Sed
