3964 6192
289 257 391 315 8H

1113 253 1513 313 ENARRATIO
1549 254 1775 314 SUPER
1812 236 2438 315 usurmosonmn’.
2478 289 2548 300 -
2576 257 2710 315 1.13.
2746 259 2791 316 ι.

3468 267 3576 327 849

288 372 414 428 haec
448 385 574 427 cum
612 370 777 427 scita
817 371 1072 438 habeant,
1116 372 1396 429 videamus
1442 371 1570 443 quid
1618 371 1886 443 signiﬁcet
1918 376 1962 436 Α
1990 379 2088 426 aut
2131 385 2271 426 unus
2318 384 2477 441 apex,
2512 385 2617 425 non
2656 374 2954 441 prteteribit
2980 389 3010 429 a
3040 375 3361 447 lcge,doncc
3390 383 3573 438 omnia

288 461 529 532 Moyses,
568 461 662 532 qui
692 461 760 515 ad
806 476 1025 516 onmem
1069 462 1235 518 Israel
1287 472 1438 520 trans
1484 462 1774 519 Iordanem
1820 464 1877 519 in

284 550 587 607 solitudine
626 553 922 621 campestri
951 561 1139 607 contra
1171 568 1323 607 mare
1351 552 1618 618 Rubrum,
1643 554 1700 608 in
1749 553 1880 609 locis

283 641 386 712 qui
408 650 810 712 consequenter
837 642 1005 697 notati
1052 651 1197 707 sunt,
1251 642 1466 699 locutus
1504 652 1607 697 est.
1660 643 1878 714 Moysen

282 733 439 787 enim
474 741 663 803 typum
693 731 828 803 legis
881 733 1081 788 veteris
1126 732 1327 789 habere
1355 734 1611 789 omnibus
1654 733 1880 789 manife-

281 835 438 879 stum
461 833 567 891 est,
590 824 682 895 qui
712 831 862 878 trans
888 822 1176 880 Iordanem
1202 824 1256 878 in
1280 824 1568 880 solitudine
1588 825 1879 894 campestri

281 915 547 988 populum
579 915 781 971 docuit.
805 914 1066 971 Iordanis
1102 915 1273 981 enim,
1303 930 1404 985 pro
1428 930 1498 970 eo
1521 916 1665 985 quod
1694 915 1880 970 Salva-

281 1017 378 1064 tor
425 1007 479 1062 in
508 1006 601 1062 illo
627 1005 933 1077 baptizatus
959 1014 1066 1071 est,
1106 1014 1291 1076 typum
1341 1012 1489 1061 tenet
1518 1004 1877 1075 baptismatis.

280 1097 357 1152 Et
386 1096 605 1169 Moyses
647 1104 799 1168 trans
822 1095 1111 1151 Iordanem
1133 1094 1299 1151 Israel
1349 1094 1551 1160 docuit,
1597 1095 1721 1164 quia
1755 1104 1881 1149 ante

281 1185 729 1243 constitutionem
766 1184 1115 1255 baptismatis
1139 1192 1197 1240 et
1226 1183 1360 1238 Novi
1392 1184 1726 1240 Testamenti
1758 1200 1881 1255 gra—

281 1277 418 1333 tiam
442 1275 528 1332 lex
556 1277 795 1347 priorem
840 1275 1096 1347 populum
1130 1276 1197 1331 de
1228 1274 1502 1330 mandatis
1531 1276 1629 1330 Dei
1660 1276 1883 1330 instruit

276 1378 341 1424 et
370 1370 475 1425 hoc
503 1368 557 1422 in
589 1367 875 1424 solitudine
904 1368 1218 1436 campestri,
1247 1367 1350 1421 hoc
1375 1373 1480 1432 est,
1510 1367 1563 1421 in
1596 1366 1880 1421 sterilitate

276 1460 526 1516 carnalis
574 1458 770 1531 plebis,
819 1473 940 1528 qua:
989 1457 1286 1529 spiritalem
1337 1458 1598 1512 virtutum
1646 1456 1880 1513 fructum

274 1552 507 1623 gignere
544 1550 843 1606 nesciebat.
895 1549 1098 1605 Contra
1131 1548 1381 1603 videlicet
1431 1565 1583 1603 mare
1612 1548 1876 1614 Rubrum,

276 1640 413 1709 quia
435 1641 571 1696 dura
596 1654 749 1694 mens
787 1638 1144 1709 reproborum
1174 1638 1502 1694 ablutionem
1530 1647 1878 1709 peccatorum

1985 459 2116 515 ﬁant
2143 459 2359 532 (Matth.
2407 461 2482 530 v).
2519 481 2537 513 ι
2579 459 2719 527 Quid
2746 471 2926 517 autem
2966 479 3062 533 per
3084 466 3311 535 ﬁguram
3345 470 3574 528 innuant

1982 551 2334 621 quadraginta
2350 552 2502 615 anni,
2516 550 2715 623 quibus
2736 551 3004 607 laboriose
3021 558 3273 624 peractis,
3296 559 3389 614 ﬁlii
3411 562 3574 620 Israel

1983 644 2051 696 ad
2115 643 2553 712 repromissionis
2614 650 2818 698 terram
2888 647 3271 703 transierunt?
3323 651 3575 711 Dicemus

1983 734 2179 803 quippe
2203 748 2305 803 per
2325 733 2424 789 hos
2450 733 2811 803 quadraginta
2841 750 3013 791 annos
3043 744 3213 792 totum
3236 739 3417 795 szeculi
3446 752 3577 797 tem~

1981 838 2084 893 pus
2113 823 2497 895 signiﬁcatum,
2521 824 2576 878 in
2607 838 2714 894 quo
2743 824 2877 879 vivit
2899 826 3139 882 Ecclesia
3172 830 3272 884 sub
3297 830 3576 888 laboribus

1982 913 2480 985 tentationibusque
2510 913 2829 984 periculosis
2848 955 2863 979 ,
2892 918 3158 986 sperando
3187 919 3331 988 quod
3358 936 3468 977 non
3494 922 3575 975 vi-

1983 1003 2075 1058 det
2106 1018 2205 1073 per
2232 1005 2573 1075 patientiam,
2598 1020 2881 1077 quousque
2915 1008 2983 1061 ad
3010 1010 3332 1079 promissam
3356 1021 3575 1069 acterna:

1984 1092 2264 1149 fclicitatis
2291 1095 2575 1165 perveniat
2611 1097 2864 1166 patriam.
2901 1096 3028 1152 Ideo
3058 1107 3114 1154 et
3139 1100 3400 1159 Dominus
3440 1121 3574 1175 qua-

1983 1187 2229 1258 draginta
2259 1188 2452 1244 diebus
2492 1188 2780 1259 jejunavit,
2820 1200 2877 1246 et
2915 1194 3272 1267 quadraginta
3321 1200 3573 1255 noctibus

1985 1287 2227 1336 tentatus
2256 1281 2420 1337 estin
2446 1297 2655 1338 eremo.
2713 1283 2922 1354 Corpus
2959 1285 3102 1341 enim
3139 1288 3274 1359 ejus,
3307 1293 3450 1361 quod
3487 1302 3573 1348 est

1985 1370 2223 1427 Ecclesia
2247 1412 2263 1437 ,
2304 1386 2525 1429 necesse
2553 1382 2638 1427 est
2679 1376 3006 1431 tentationes
3034 1376 3354 1451 laboresque
3392 1384 3568 1451 patia-

1987 1472 2072 1517 tur
2104 1462 2157 1517 in
2186 1463 2288 1517 hoc
2333 1463 2552 1529 seculo,
2583 1480 2863 1534 quousque
2899 1467 3155 1522 adveniat
3183 1469 3310 1525 illud
3358 1480 3571 1543 tempus

1983 1552 2079 1636 ubi
2107 1561 2229 1622 post
2271 1555 2599 1609 teutationes
2656 1557 2918 1625 suscipiat
2943 1560 3359 1618 consolationes.
3399 1581 3419 1614 ι
3456 1564 3570 1620 {lu-

1984 1640 2213 1704 decimo,
2246 1642 2440 1712 inquit,
2471 1659 2679 1709 mense,
2708 1646 2882 1715 prima
2913 1648 2999 1702 die
3029 1650 3231 1704 mensis
3253 1650 3466 1708 locutus
3485 1662 3570 1709 cst

274 1730 339 1787 in
362 1731 630 1804 sanguine
657 1730 859 1787 Christi
886 1729 1002 1785 ﬁeri
1029 1728 1177 1784 nullo
1205 1729 1365 1784 modo
1394 1729 1645 1785 credidit.
1678 1748 1696 1780 α
1726 1729 1871 1784 Inter
1902 1738 1945 1795 Β
1976 1731 2186 1801 Moyses
2208 1732 2276 1786 ad
2302 1732 2440 1790 ﬁlios
2466 1733 2628 1789 Israel
2657 1736 2836 1791 omnia
2864 1752 2984 1807 quae
3003 1751 3339 1811 praiceperat
3360 1744 3417 1798 ei
3460 1745 3567 1799 Do-

273 1822 498 1879 Pharau
532 1832 589 1880 et
611 1823 813 1893 Topbel
834 1831 890 1878 et
916 1817 1101 1878 Laban
1131 1831 1186 1876 et
1213 1822 1498 1877 Ilaseroth.
1538 1841 1556 1873 ι
1590 1822 1714 1876 Haec
1738 1837 1869 1892 qua—

273 1923 408 1972 tuor
432 1915 548 1972 loca
572 1930 671 1985 per
692 1915 927 1971 nominis
954 1914 1460 1984 interpretationem
1505 1913 1760 1983 mysteria
1786 1913 1869 1967 di-

273 2010 407 2064 vina
435 2008 764 2081 signiﬁcant.
791 2008 1005 2063 Pharau
1028 2016 1210 2062 autem
1240 2007 1627 2076 interpretatur
1657 2013 1866 2060 auctus.

274 2092 487 2167 Topbel
501 2097 796 2153 insulsitas.
817 2097 1001 2153 Laban
1032 2096 1322 2161 dealbatio,
1341 2104 1399 2151 et
1422 2094 1684 2151 Haseroth
1710 2096 1866 2150 atria.

270 2190 398 2262 Ipse
427 2206 560 2262 ergo
588 2190 815 2261 populus
838 2191 925 2245 cui
951 2190 1034 2245 lex
1066 2190 1247 2246 divina
1278 2190 1525 2260 exposita
1553 2198 1660 2255 est,
1680 2197 1871 2244 auctus

271 2282 379 2338 fuit
422 2292 531 2338 tam
580 2284 635 2338 in
671 2283 1015 2339 multitudine
1063 2284 1380 2349 hominum,
1430 2298 1594 2354 quam
1623 2284 1869 2339 etiamin

272 2374 573 2430 collatione
624 2373 760 2446 legis
812 2383 867 2429 et
917 2375 1345 2445 prophetarum,
1381 2390 1503 2444 qua:
1550 2375 1635 2430 eis
1690 2375 1868 2429 divina

271 2463 570 2520 clementia
615 2466 896 2536 impendit.
932 2464 1040 2520 Sed
1087 2464 1325 2520 insulsus
1378 2464 1500 2531 fuit,
1528 2466 1655 2534 quia
1703 2465 1868 2519 salem

272 2558 547 2628 spiritalis
584 2559 863 2629 sapientia:
903 2573 1007 2614 non
1045 2559 1269 2614 amavit.
1318 2558 1608 2614 Dealbatus
1655 2573 1871 2628 quoque

282 2649 339 2704 in
380 2650 882 2722 cmremoniislegis
907 2657 962 2706 et
998 2650 1152 2705 vanis
1179 2649 1483 2715 munditiis,
1517 2665 1638 2719 qua:
1692 2666 1751 2705 se
1802 2667 1867 2705 ex

272 2750 550 2813 pnecepto
570 2742 705 2813 legis
735 2743 939 2799 habere
958 2743 1233 2799 credebat.
1268 2741 1375 2797 Sed
1403 2750 1460 2796 et
1489 2741 1625 2796 atria
1655 2742 1868 2806 merito,

275 2832 333 2890 id
352 2841 459 2900 est,
481 2835 713 2906 populus
738 2834 846 2891 dici
892 2842 1092 2905 potest,
1118 2834 1244 2904 quia
1273 2848 1372 2903 per
1401 2832 1716 2903 Scripturas
1737 2832 1871 2887 divi-

275 2937 381 2979 nas
412 2924 484 2979 ad
517 2924 801 2980 introitum
851 2924 974 2981 ﬁdei
1012 2932 1238 2994 paratus
1290 2923 1410 2979 fuit.
1449 2923 1602 2979 Unde
1651 2923 1871 2994 plurimi

270 3028 466 3071 eorum
494 3015 550 3070 in
573 3013 868 3071 Salvatoris
889 3016 1059 3071 nostri
1074 3016 1308 3072 adventu
1337 3030 1368 3069 a
1394 3014 1512 3086 lege
1531 3014 1697 3082 docti,
1721 3024 1778 3071 et
1802 3030 1871 3071 ex

1975 1823 2553 1881 minusutdieereteis.
2578 1846 2596 1878 ι
2616 1826 2754 1894 Quid
2768 1838 2949 1884 autem
2964 1831 3568 1900 signiﬁcatundenarius

1974 1928 2268 1979 numerus,
2293 1915 2404 1985 iam
2434 1918 2804 1985 supradictum
2830 1929 2932 1976 est.
2964 1920 3069 1977 Sed
3101 1922 3201 1977 hoc
3222 1923 3568 1978 consideran-

1974 2006 2123 2071 dum,
2146 2007 2275 2075 quid
2299 2006 2489 2062 innuat
2516 2012 2743 2078 mystice
2771 2013 2912 2081 quod
2937 2014 3066 2069 dicit
3094 2014 3334 2084 ejusdem
3362 2018 3569 2071 mensis

1973 2098 2246 2154 undecimi
2282 2100 2456 2170 prima
2489 2102 2577 2155 die
2619 2102 2860 2158 locutum
2905 2105 3073 2161 fuisse
3112 2106 3329 2178 Moysen
3375 2117 3566 2162 contra

1938 2192 1949 2207 ‘
1973 2188 2157 2244 Israel.
2197 2190 2352 2246 Sicut
2394 2192 2539 2246 enim
2558 2192 2626 2246 in
2655 2195 2798 2248 unde
2814 2195 2944 2250 imo
2974 2212 3161 2252 mense
3190 2212 3449 2271 expressa
3472 2208 3566 2255 est

1974 2281 2108 2352 legis
2138 2285 2518 2356 transgressio,
2548 2286 2629 2341 sic
2657 2295 2724 2341 et
2741 2288 2793 2341 in
2823 2288 2997 2358 prima
3028 2290 3115 2344 die
3153 2292 3358 2346 mensis
3387 2293 3565 2361 pervi-

1972 2373 2045 2444 gil
2068 2375 2137 2429 ad
2165 2377 2467 2433 docendum
2502 2379 2876 2435 demonstrata
2904 2389 2990 2436 est
3017 2382 3345 2451 legislatoris
3389 2383 3566 2439 inten-

1973 2465 2051 2520 tio
2097 2484 2109 2520 :
2159 2467 2286 2537 quia
2332 2482 2399 2523 ex
2453 2484 2561 2538 quo
2606 2469 2924 2528 iuobediens
2964 2472 3195 2542 populus
3248 2474 3566 2544 accipiendo

1974 2560 2277 2631 transgredi
2327 2570 2601 2631 praecepta
2652 2578 2759 2618 non
2806 2564 3010 2630 timuit,
3039 2565 3221 2620 statim
3263 2580 3360 2635 per
3388 2566 3564 2623 lucem

1970 2652 2375 2719 praedicationis
2400 2661 2456 2709 et
2478 2655 2836 2711 correctionis
2879 2656 3206 2712 voluntatem
3242 2657 3456 2712 Domini
3486 2658 3565 2713 illi

1974 2739 2252 2797 insinuare
2274 2743 2502 2809 studuit,
2527 2752 2582 2798 et
2607 2758 2703 2799 eos
2726 2745 3003 2815 corrigere
3045 2754 3208 2815 atque
3240 2746 3307 2800 ad
3334 2746 3564 2800 meliora

1972 2847 2269 2902 provocare
2298 2834 2479 2889 verbis
2501 2842 2664 2904 atque
2697 2834 2959 2904 exemplis
3002 2836 3152 2890 nullo
3181 2836 3340 2891 modo
3372 2851 3564 2893 cessa-

1973 2922 2068 2974 vit.
2096 2940 2115 2971 ι
2142 2921 2435 2993 Postquam
2456 2923 2725 2994 percussit
2747 2922 2888 2979 Seon
2905 2939 3084 2995 regem
3096 2925 3532 2981 Amorrhzeorum
3544 2967 3560 2992 ,

1979 3032 1999 3064 ι
2044 3015 2133 3084 qui
2160 3014 2425 3070 habitavit
2456 3015 2510 3069 in
2542 3014 2811 3081 Hcscbon,
2845 3023 2903 3071 et
2927 3014 3009 3086 0g
3030 3030 3211 3087 regem
3244 3017 3442 3084 Basan,
3466 3020 3560 3090 qui

271 3104 664 3176 prophetarum
688 3104 924 3160 oraculis
946 3104 1219 3170 instructi,
1250 3118 1316 3160 eo
1342 3102 1555 3159 facilius
1575 3104 1645 3159 ad
1669 3105 1866 3161 credu-
1893 3097 1938 3159 C
1975 3124 1994 3156 ς
2041 3105 2243 3160 mansit
2266 3105 2320 3159 in
2345 3106 2623 3173 Astaroth,
2651 3113 2707 3163 et
2736 3106 2790 3161 in
2820 3105 2983 3162 Edrai
3009 3114 3161 3162 trans
3186 3105 3476 3164 Iordanem
3500 3109 3554 3163 in

272 3195 488 3252 litatem
512 3195 755 3267 ejusdem
785 3196 1100 3252 mediatoris
1131 3197 1225 3252 Dei
1275 3205 1332 3252 et
1362 3198 1645 3253 hominum
1672 3210 1867 3269 perve-

273 3287 398 3343 nire
420 3296 749 3359 potuerunt,
768 3288 1025 3359 quoniam
1046 3302 1172 3343 eum
1200 3297 1326 3344 ante
1349 3290 1669 3360 praedictum
1697 3292 1869 3347 sacris

270 3375 478 3434 litteris
505 3386 858 3449 agnoverant.
898 3378 1053 3435 Unde
1079 3378 1358 3451 Philippus
1391 3382 1447 3436 in
1472 3381 1763 3453 Evangelia
1800 3384 1867 3438 ad

274 3468 580 3524 Nathanael
610 3470 728 3526 ait:
765 3488 785 3521 ι
821 3469 991 3538 Quem
1021 3472 1242 3542 scripsit
1285 3471 1495 3544 Moyses
1526 3474 1581 3531 in
1627 3475 1764 3546 lege,
1814 3483 1869 3527 et

271 3562 577 3633 propheta,
619 3563 924 3620 invenimus
953 3561 1140 3619 Iesum
1185 3565 1355 3619 ﬁlium
1391 3564 1590 3635 Ioseph
1625 3581 1657 3619 a
1701 3564 1873 3619 Naza-

274 3654 422 3709 reth.
475 3653 545 3708 Et
584 3654 724 3719 dixit
769 3654 819 3710 ei
864 3653 1165 3711 Nathanael
1211 3670 1228 3709 :
1273 3656 1320 3710 Α
1369 3656 1640 3712 Nazareth
1693 3665 1871 3727 potest

272 3744 487 3815 aliquid
516 3745 642 3802 boni
670 3746 830 3802 esse?
857 3746 998 3802 Dicit
1041 3747 1093 3802 ei
1123 3737 1443 3817 Philippus:
1478 3747 1616 3801 Veni
1648 3754 1705 3801 et
1747 3747 1870 3802 vide

274 3834 462 3906 (Joan.
491 3835 554 3907 ι).
594 3855 614 3889 ι
650 3835 805 3904 Quod
838 3845 1019 3893 autem
1058 3837 1256 3894 dicitur
1310 3837 1385 3894 ibi
1420 3838 1540 3892 auri
1591 3852 1712 3894 esse
1754 3837 1872 3908 plu-

274 3930 477 3985 rimum
501 3930 593 3986 ubi
619 3930 754 4002 legis
779 3931 1032 4002 repetitio
1062 3930 1204 3986 facta
1226 3938 1333 3999 est,
1365 3930 1637 4000 signiﬁcat
1690 3931 1872 3987 multi-

275 4024 441 4096 plicia
471 4024 733 4095 mysteria
767 4032 824 4079 et
882 4025 1195 4080 thesaurum
1240 4022 1543 4094 spiritalem
1587 4024 1869 4094 sapientiae

276 4121 478 4176 divina:
531 4120 711 4175 inesse
736 4118 892 4175 libris
912 4118 1049 4188 legis
1080 4126 1137 4174 et
1165 4117 1577 4189 prephetarum,
1604 4117 1749 4188 quod
1784 4117 1872 4187 pie

274 4211 655 4282 quaerentibus
712 4217 767 4264 et
811 4211 914 4265 rite
970 4208 1395 4280 iutelligentibus
1446 4208 1650 4279 liquido
1699 4213 1867 4276 patet.

278 4301 391 4358 Sed
420 4303 526 4357 hoc
554 4301 699 4373 quod
750 4301 1005 4356 undet-im
1055 4300 1243 4357 diebus
1268 4300 1355 4355 lex
1387 4300 1503 4369 ipsa
1531 4314 1628 4368 per
1654 4298 1871 4370 Moysen

276 4391 567 4463 explanata
592 4400 707 4456 est,
732 4391 860 4460 quid
890 4390 1182 4462 signiﬁcat,
1207 4391 1310 4445 nisi
1342 4388 1583 4445 Judaicte
1602 4389 1775 4459 plebis
1799 4389 1874 4442 la-

1978 3216 1999 3248 ι
2044 3206 2191 3252 terra
2219 3196 2395 3253 Moab.
2428 3217 2446 3249 ι
2476 3195 2784 3254 Notandum
2812 3214 3028 3269 quoque
3063 3199 3230 3269 quod,
3261 3198 3564 3256 interfectis

1971 3288 2183 3345 duobus
2213 3289 2430 3359 regibus
2457 3289 2896 3345 Amori-baiarum
2916 3332 2932 3357 ,
2965 3290 3109 3347 Seon
3154 3292 3407 3348 videlicet
3435 3310 3566 3364 rege

1971 3379 2062 3448 qui
2087 3378 2351 3433 habitavit
2379 3378 2723 3446 in‘Hesebon,
2746 3388 2802 3434 et
2825 3378 2907 3451 0g
2936 3395 3061 3453 rege
3089 3380 3287 3448 Basan,
3306 3380 3391 3437 lex
3415 3397 3565 3437 reca-

1970 3470 2233 3540 pitulatur
2273 3478 2330 3524 et
2365 3470 2597 3540 populus
2646 3471 2952 3529 instruitur.
2985 3473 3174 3538 Quare
3197 3473 3366 3527 motis
3408 3487 3567 3527 scan-

1970 3559 2113 3614 dalis
2130 3560 2421 3626 universis,
2446 3571 2610 3630 atque
2630 3563 2898 3630 superatis
2923 3549 3175 3616 vitiorum
3192 3563 3396 3630 'turbis,
3415 3578 3564 3619 com-

1971 3657 2223 3718 potenter
2272 3649 2536 3705 doctrina:
2564 3649 2853 3715 insistitur,
2900 3659 2957 3706 et
3000 3650 3349 3707 ﬁdei'lumen
3403 3653 3565 3721 digne

1971 3742 2411 3798 desiderantibus
2445 3744 2707 3813 aperitur.
2745 3743 2800 3799 In
2832 3744 2917 3799 bis
2946 3743 3177 3814 regibus
3199 3743 3323 3799 licet
3368 3751 3422 3799 et
3473 3761 3563 3801 res

1969 3842 2119 3903 gesta
2149 3843 2503 3907 agnoscatur,
2523 3843 2704 3890 tamen
2734 3850 2831 3907 per
2854 3836 3192 3891 conditiones
3223 3837 3564 3906 virtutesque

1972 3929 2251 3984 nominum
2286 3927 2549 3998 spiritalis
2588 3927 2914 4000 signiﬁcatio
2964 3938 3071 3983 est
3100 3926 3361 3997 subjecta.
3416 3928 3560 3986 Seon

1972 4032 2205 4088 namque
2246 4018 2638 4088 interpretatur
2689 4032 2910 4088 germen
2940 4016 3167 4082 inutile,
3214 4017 3299 4072 vel
3330 4018 3558 4072 tentatio

1972 4107 2279 4174 oculorum,
2308 4123 2407 4178 per
2431 4123 2594 4178 quam
2624 4107 2892 4178 ﬁguratur
2927 4107 3194 4171 diabolus,
3221 4107 3313 4176 qui
3342 4106 3563 4162 transﬁ-

1974 4206 2135 4270 gurat
2166 4212 2226 4253 se
2273 4198 2421 4253 velut
2472 4197 2725 4267 angelum
2776 4196 2912 4251 lucis
2936 4203 2997 4251 et
3021 4210 3120 4265 per
3169 4195 3423 4251 haeresim
3472 4196 3561 4251 vel

1974 4290 2213 4345 schisma
2273 4289 2388 4343 veri
2449 4287 2732 4352 mentitur,
2780 4294 2841 4340 ut
2896 4283 3047 4339 fallat
3086 4285 3351 4340 incautos.
3405 4283 3567 4341 Hune

1976 4378 2299 4444 Amorrhaei,
2328 4377 2381 4432 id
2427 4384 2513 4432 est
2563 4376 2946 4439 amaricantes,
2984 4374 3185 4429 habent
3215 4388 3414 4444 regem.
3445 4373 3561 4431 Νεεί

276 4459 438 4556 βείω,
468 4499 564 4553 μεν
595 4459 1088 4555 ιιοοηεει-οεείδηωη
1113 4483 1495 4538 mandatorum
1519 4480 1794 4551 necatogi,
1837 4496 1867 4535 τι
1903 4459 1951 4517 Ι)
1976 4470 2120 4525 enim
2147 4468 2393 4538 quaedam
2416 4466 2691 4523 simulatio
2713 4466 2961 4522 veritatis
2983 4466 3273 4537 praecedat,
3300 4480 3404 4521 non
3435 4478 3565 4523 sunt

278 4586 467 4631 monte
490 4574 742 4630 videlicet
768 4572 970 4638 lloreb,
999 4587 1098 4642 per
1126 4573 1269 4628 viam
1299 4571 1500 4627 montis
1522 4569 1664 4637 Seir,
1700 4585 1871 4639 usque

277 4667 628 4723 Cadesbarne
652 4684 664 4720 :
692 4666 819 4735 quia
842 4665 928 4721 lex
944 4664 1019 4719 ab
1043 4663 1243 4729 Horcb,
1269 4664 1373 4718 hoc
1391 4672 1476 4718 est
1499 4678 1529 4717 a
1549 4671 1732 4719 monte
1754 4662 1868 4725 Dei,

280 4756 598 4828 incipiebat,
646 4772 744 4826 per
787 4754 932 4821 Seir,
970 4754 1025 4810 id
1053 4763 1140 4810 est
1164 4794 1180 4820 ,
1217 4753 1450 4824 pilosum
1503 4761 1560 4808 et
1593 4753 1870 4809 sordidum

280 4847 537 4903 omnibus
560 4844 704 4901 vitiis
725 4845 980 4916 populum
1004 4843 1334 4911 Iudaeorum,
1362 4843 1640 4899 transiens
1683 4843 1750 4899 ad
1776 4842 1873 4897 Ca-

279 4936 382 4991 des
405 4949 578 5006 usque
608 4934 778 4989 barue
804 4934 1068 5005 pervenit.
1106 4933 1281 4990 Cades
1326 4934 1473 4989 enim
1513 4934 1704 4997 barue,
1726 4946 1874 4987 com-

280 5032 530 5081 mutatus
555 5024 639 5079 vel
664 5024 868 5081 electus
888 5024 972 5080 vel
992 5024 1244 5081 notabilis
1274 5025 1681 5095 interpretatur,
1707 5022 1876 5092 signi-

281 5120 459 5176 ﬁcans
491 5118 624 5189 legis
674 5118 879 5174 veteris
927 5116 1202 5173 carnalem
1257 5131 1415 5172 usum
1470 5117 1527 5171 in
1574 5115 1874 5187 spiritalem

1972 4560 2215 4615 haeredes
2236 4558 2632 4624 amaricantes,
2662 4572 2769 4612 non
2792 4557 3086 4614 schismata
3115 4557 3559 4614 exacerbantium

1973 4626 2046 4710 in.
2074 4652 2342 4709 Ecclesia.
2374 4651 2481 4707 Iste
2530 4665 2661 4722 ergo
2713 4665 2810 4706 rex
2841 4650 3114 4706 occiditur
3155 4649 3207 4704 in
3240 4664 3565 4721 unoquoque

1974 4748 2193 4804 homine
2222 4744 2440 4817 quando
2493 4744 2728 4815 quisque
2759 4743 2985 4809 damnat
3031 4742 3453 4807 simulationem,
3507 4753 3565 4800 et

1973 4839 2148 4911 diligit
2170 4837 2479 4892 veritatem.
2508 4835 2590 4906 0g
2626 4846 2757 4891 vero
2797 4849 2889 4889 rex
2931 4834 3319 4904 interpretatur
3348 4833 3566 4890 conclu-

1981 4930 2094 4994 sio,
2114 4928 2288 4984 Busan
2319 4926 2586 4985 confusio.
2614 4925 2671 4980 Id
2717 4926 2864 4981 enim
2891 4925 3003 4997 agit
3030 4925 3279 4982 diabolus
3309 4940 3525 4996 semper
3546 4965 3563 4990 ,

1981 5031 2042 5078 ut
2089 5022 2379 5077 concludat
2424 5023 2569 5077 viam
2612 5023 2681 5077 ad
2708 5021 3022 5086 Dominum,
3052 5022 3372 5092 Opponendo
3421 5019 3563 5074 idoli

1981 5132 2100 5179 sua,
2131 5130 2197 5170 nc
2216 5115 2475 5175 credatur
2501 5114 2553 5169 in
2585 5113 2886 5170 Christum.
2921 5112 3212 5169 Conclusio
3249 5112 3393 5167 enim
3436 5124 3565 5179 prae-

283 5209 691 5268 observautiam
742 5224 841 5277 per
868 5206 1220 5279 Evangelium
1271 5221 1393 5263 esse
1422 5206 1680 5262 nobiliter
1720 5219 1873 5261 com-
1978 5208 2120 5264 cedit
2146 5219 2209 5262 ut
2241 5223 2357 5273 rex,
2388 5206 2638 5263 confusio
2666 5206 2912 5277 sequitur
2943 5214 3199 5275 tanquam
3233 5204 3401 5273 plebs.
3426 5199 3562 5265 Quia

285 5308 577 5357 mutatum.
614 5316 634 5350 t
678 5298 873 5355 Omnia
894 5298 1063 5363 enim,
1091 5307 1150 5353 ut
1176 5297 1257 5352 ait
1273 5296 1584 5367 Apostolus,
1627 5296 1681 5350 in
1701 5294 1874 5365 ﬁgura
1976 5313 2116 5368 quos
2135 5297 2295 5353 modo
2315 5296 2605 5365 conclusit,
2624 5312 2693 5353 ne
2712 5296 2936 5352 credant
2958 5296 3015 5351 in
3035 5295 3331 5354 Christum,
3348 5290 3564 5359 quando

287 5389 684 5466 contingebant
724 5389 848 5445 illis.
881 5388 1097 5459 Scripta
1119 5396 1246 5443 sunt
1278 5395 1461 5442 autem
1487 5386 1555 5441 ad
1579 5385 1870 5441 correctio-
1980 5392 2294 5462 apparuerit
2315 5391 2567 5448 Christus
2597 5406 2790 5447 omnes
2816 5386 3234 5446 confundantur.
3277 5385 3566 5439 Habitacso

286 5498 413 5540 nem
440 5489 706 5548 ηοεινθῐιὶ,
744 5482 801 5536 in
830 5494 968 5550 quos
1013 5479 1150 5535 ﬁnes
1179 5478 1499 5535 εωθιιιοΐιιω
1544 5476 1881 5533 deVenel‘unl
1980 5482 2183 5538 dicitur
2202 5490 2385 5536 autem
2413 5481 2557 5536 Seon
2581 5482 2635 5537 in
2657 5481 2929 5545 Hesebon,
2954 5478 3081 5549 quia
3100 5473 3371 5539 diabolus,
3409 5472 3567 5527 radix

289 5575 341 5648 (ι
388 5572 517 5630 Cor.
567 5573 646 5645 ι).
691 5592 712 5627 ›
753 5572 821 5627 Ει
846 5570 1096 5626 Salvator
1128 5571 1183 5626 in
1222 5570 1515 5642 Evangelia
1544 5570 1658 5625 ait:
1698 5586 1718 5620 ι
1760 5568 1878 5624 Νοη
1981 5571 2224 5628 omnium
2287 5572 2544 5635 vitiorum
2570 5612 2585 5637 ,
2641 5568 3073 5639 cogitationibus
3124 5577 3181 5618 se
3232 5560 3569 5616 intermiscet

290 5667 415 5722 veni
446 5664 658 5721 solvere
685 5664 883 5734 legem,
901 5662 996 5717 sed
1022 5661 1346 5732 adimplere;
1377 5660 1491 5719 Iota
1516 5660 1660 5717 enim
1689 5677 1877 5728 unum,
1985 5663 2253 5729 humanis,
2285 5670 2341 5719 et
2368 5671 2549 5717 mente
2584 5660 2751 5730 cingit
2771 5655 3225 5715 sollicitudinibus
3253 5650 3562 5730 super-ﬂuis.

656 5761 930 5821 Ριτιιοι..
976 5757 1196 5822 CVIII.

3010 5746 3088 5806 27
