3964 6192
524 230 550 278 ε·
569 230 622 278 53

569 229 625 280 ΞΒ
1184 226 1239 278 ll.
1284 227 1532 280 ll.\[3--‘..‘-il
1579 228 1790 280 Pdftl‘lll
1832 229 1921 278 Mi
1974 223 2146 275 liiiLi'.

2197 221 2493 274 illitillk'l'.
2538 223 2818 276 (il’lililili
2862 223 3036 277 I’AIIS
3079 226 3113 278 I.

3624 236 3709 289 Sil

518 356 581 390 ne
624 337 779 389 verba
813 336 1048 406 proﬁrat
1079 338 1340 398 rer'tatis,
1366 350 1412 390 et
1441 353 1600 406 opera
1637 349 1884 391 exerceat
1919 339 2085 405 picta"
2117 340 2159 394 Α
2192 334 2500 396 scebzmtur,
2525 336 2618 387 sed
2651 344 2817 387 totum
2847 345 3055 405 tempus
3074 354 3176 406 quo
3199 343 3416 407 profecti
3438 345 3496 397 de
3516 345 3710 418 digypto

517 433 602 484 tis.
631 431 1019 498 Interpretatur
1042 438 1219 482 autem
1256 431 1499 484 llesebon
1524 433 1777 498 cogitatio
1806 432 1883 484 vel
1908 432 2089 499 cingu-

518 522 622 572 lum
658 521 924 572 muneris.
954 520 1041 572 Sic
1064 537 1274 588 quoque
1294 531 1346 572 et
1373 521 1448 590 05'
1476 537 1650 590 regem
1673 522 1842 574 llasan
1873 537 2090 575 manere

514 615 564 666 in
599 613 878 675 llaseroth,
911 623 963 664 et
1003 613 1053 664 in
1083 613 1239 666 Edrai
1276 613 1552 682 Scriptura
1590 624 1994 667 commemorat.
2029 615 2091 666 Iit

514 705 639 770 quid
657 703 918 756 Ilaseroth
944 703 1340 770 interpretatur,
1361 706 1459 756 nisi
1485 704 1740 755 vestibula
1759 707 1778 754 ‘3
1795 705 2086 758 siveAchia

513 805 565 849 et
622 796 811 858 Edrai,
856 796 954 849 hoc
989 807 1100 859 est,
1143 796 1417 848 inundatio
1450 796 1710 848 malorum
1761 797 2084 866 signiﬁcant,

513 886 616 940 nisi
655 885 1020 938 inlidelitatem
1069 899 1189 936 eum
1232 887 1409 952 pravis
1449 885 1743 950 operibus?
1793 885 1916 936 Inde
1942 885 2085 936 enim

510 986 681 1030 certat
733 977 996 1040 diabolus,
1053 985 1112 1028 ut
1161 991 1347 1029 omnes
1403 992 1626 1044 (piorum
1683 977 1794 1044 ipse
1846 989 1930 1029 est
1990 994 2079 1030 rex

512 1084 781 1136 nunquam
822 1068 942 1121 ﬁdei
987 1067 1207 1134 januam
1251 1069 1487 1132 intrent,
1541 1070 1630 1121 sed
1688 1069 1816 1122 foris
1865 1085 2080 1122 manen-

512 1171 590 1211 tes
624 1160 673 1212 in
709 1159 1041 1220 inﬁdelitate,
1075 1159 1327 1228 operibus
1351 1176 1558 1228 seraper
1587 1160 1834 1212 insistant
1865 1161 2077 1227 iniquis.

514 1269 530 1298 (
578 1250 860 1318 Carpitque
889 1250 1094 1320 {litinyses
1124 1249 1409 1318 explanare
1444 1251 1631 1318 legtiuu,
1657 1258 1710 1302 et
1735 1251 1912 1303 dicere.
1942 1268 1953 1301 :
2004 1271 2021 1300 ι

737 1384 742 1386 ,
1141 1340 1367 1394 CAPUT
1409 1343 1467 1394 ll.

505 1409 938 1464 (Tommemomlio
966 1427 1260 1463 scrmonmn
1287 1411 1400 1470 Dei,
1434 1413 1615 1480 quibus
1649 1411 1814 1462 Israel
1838 1413 1980 1479 jubet
2005 1415 2078 1466 ire

577 1483 628 1535 in
661 1491 851 1533 terram
903 1481 1176 1543 Clutnmm,
1209 1493 1255 1532 et
1302 1482 1363 1533 de
1409 1482 1710 1550 prie/mione
1750 1485 2074 1551 septuaginta

573 1554 834 1604 seniorum
861 1552 911 1603 in
935 1551 1143 1620 populo.

575 1645 748 1713 (Ima)
797 1663 812 1692 ι
862 1644 1116 1698 Dominus
1149 1645 1287 1698 Deus
1314 1655 1495 1697 noster
1516 1645 1726 1698 loeutus
1759 1656 1839 1697 est
1875 1645 1939 1697 ad
1978 1661 2074 1698 nos

2195 424 2246 476 in
2298 424 2584 478 solitudine
2633 428 3015 491 moralnmtnr;
3067 438 3118 482 et
3160 431 3372 499 Moysen
3415 451 3508 487 non
3550 453 3602 490 ex
3631 456 3710 494 sua

2194 514 2523 578 inventione,
2555 518 2645 568 sed
2687 518 2898 585 cognati
2927 520 3007 572 sui
3051 521 3274 574 consilio
3301 535 3530 592 accepto,
3553 533 3711 598 populo

2192 607 2518 671 persuaserit
2552 622 2671 674 qua“.
2719 608 2804 660 hic
2834 610 3025 662 asserit
3072 611 3173 664 illis
3209 617 3550 680 persuasisse.
3589 619 3710 673 Unde

2190 696 2518 748 considerari
2552 708 2785 764 oportet,
2835 715 2996 766 quam
3046 701 3116 753 sit
3159 703 3561 771 observmidum,
3597 715 3708 778 quod

2187 786 2260 836 ait
2312 785 2590 853 Scril‘ltura
2624 807 2633 838 :
2681 806 2696 836 ι
2736 788 2850 847 Fili,
2885 806 2950 841 ne
2984 791 3033 842 in
3074 791 3256 844 multis
3298 795 3402 846 sint
3447 808 3585 851 actus
3624 802 3699 864 tui,

2188 880 2320 932 satis
2358 889 2407 932 et
2443 881 2528 933 hic
2554 893 2769 949 apparet
2807 880 2995 950 (Ere/1'.
3034 884 3128 953 xl).
3171 905 3188 933 ι
3229 886 3426 939 Deinde
3465 892 3608 943 verba
3645 893 3710 946 Je-

2189 973 2309 1024 tlxro
2339 973 2518 1026 dantis
2551 974 2832 1026 consilium
2863 975 3052 1043 Moysi,
3093 979 3478 1036 considerantur
3505 992 3628 1036 sunt.
3649 985 3710 1037 lli-

2185 1063 2258 1116 cit.
2285 1065 2426 1116 enim
2460 1083 2470 1115 :
2508 1084 2524 1112 ι
2558 1065 2707 1117 Nunc
2742 1066 2918 1133 itaque
2945 1069 3068 1120 audi
3097 1085 3201 1129 me.
3229 1083 3279 1122 et
3308 1073 3574 1126 consilium
3599 1076 3710 1128 dabo

2187 1155 2301 1215 tibi,
2349 1165 2403 1208 et
2453 1157 2592 1209 Deus
2617 1158 2722 1210 erit
2765 1167 2936 1211 tecum
2987 1159 3184 1228 (ICa‘od.
3221 1162 3393 1231 svnt).
3436 1184 3450 1213 ι
3489 1165 3577 1218 Ubi
3607 1170 3709 1220 mihi

2184 1245 2393 1299 videtur
2437 1247 2728 1314 signiﬁcari
2763 1249 2922 1301 nintis
2967 1251 3228 1304 intentum
3265 1253 3508 1306 Immanis
3535 1259 3710 1312 actibus

2181 1337 2442 1400 animum,
2477 1337 2582 1390 Deo
2610 1339 3006 1406 qumlammmlo
3057 1344 3297 1406 vacuari,
3327 1347 3463 1410 quod
3505 1347 3553 1398 ﬁt
3592 1358 3710 1402 tanta

2181 1426 2412 1493 plenius,
2463 1437 2666 1495 quanto
2714 1429 2764 1480 in
2797 1444 3027 1495 superna
3081 1441 3244 1498 atque
3291 1445 3483 1486 :elerna
3527 1435 3710 1490 liberius

2179 1517 2508 1569 extenditur.

2792 1631 3017 1686 CAPUT
3057 1633 3138 1686 lll.

577 1739 626 1788 in
652 1738 815 1798 Ureb,
849 1737 1034 1789 dicens
1066 1755 1076 1786 :
1114 1735 1316 1789 Sullieit
1343 1736 1493 1788 vobis
1522 1738 1661 1803 quod
1690 1738 1739 1788 in
1771 1738 1870 1789 hoc
1895 1746 2074 1789 monte
2105 1713 2148 1769 Β
2182 1725 2253 1775 ne
2291 1727 2564 1803 (Ῑιεοιίσσῖηζ
2612 1728 3048 1803 εζητῃζονηιφῆίνιιε-
3073 1732 3244 1782 missis
3275 1734 3342 1784 (Id
3386 1743 3563 1785 terram
3593 1735 3706 1787 Cha-

512 1850 525 1876 ι
579 1829 875 1884 mansistis.
897 1827 1247 1880 llevertimini
1273 1836 1324 1878 et
1346 1828 1518 1879 venite
1538 1830 1602 1880 ad
1627 1837 1860 1879 montem
1884 1827 2073 1886 Amor-

507 1939 523 1966 ι
573 1919 860 1978 rha'orum,
879 1928 932 1970 et.
950 1918 1013 1969 ad
1034 1925 1248 1978 caetera,
1268 1933 1386 1985 qua:
1399 1917 1446 1968 ei
1465 1918 1703 1984 proxima
1722 1927 1847 1971 sunt.
1867 1933 2076 1986 earan-

507 2029 522 2058 ι
572 2009 702 2062 stria
725 2020 884 2076 atque
913 2017 1162 2061 montana
1192 2019 1238 2060 et
1266 2009 1549 2060 humiliora
1578 2008 1688 2060 loea
1707 2019 1894 2061 contra
1921 2009 2073 2060 tueri-

507 2120 523 2149 ‹
572 2102 711 2155 diem
734 2100 956 2168 etjuxta
980 2099 1127 2153 littus
1144 2099 1326 2155 maris.
1351 2107 1548 2150 terram
1571 2100 1996 2152 (Ibanatimorum
2021 2107 2073 2152 et

504 2214 520 2242 ι
571 2193 755 2246 Libani
782 2207 950 2260 usque
972 2191 1037 2243 ad
1057 2190 1248 2244 ﬁumen
1276 2205 1528 2258 magnum
1559 2191 1888 2258 Euphraten,
1915 2198 2018 2241 ete.
2050 2211 2066 2236 1

499 2282 550 2333 In
586 2283 721 2334 libro
769 2296 896 2347 ergo
941 2280 1296 2333 Numerorum
1349 2279 1414 2332 de
1463 2279 1796 2346 proiectione
1841 2279 2069 2331 ﬁliormn

498 2373 658 2424 Israel
693 2372 758 2422 de
789 2371 1000 2424 deserto
1031 2369 1180 2422 Sinai
1230 2377 1436 2431 narrat,
1468 2370 1561 2423 sed
1592 2378 1917 2437 praeceptum
1970 2370 2071 2420 Do-

498 2460 625 2512 mini
650 2461 713 2511 ad
749 2459 961 2528 Moysen
994 2468 1175 2511 narrat
1211 2461 1276 2512 de
1305 2461 1495 2512 eodem
1530 2460 1779 2513 transitu.
1814 2461 1951 2525 Quin
1979 2476 2071 2528 po-

496 2552 601 2603 tius
631 2559 818 2602 narrat
859 2549 924 2601 de
955 2548 1094 2602 nube
1133 2564 1250 2616 qua:
1283 2549 1686 2602 tabernaculum
1722 2549 1962 2617 tegebat,
2007 2565 2070 2601 ac.

496 2643 712 2710 quando
749 2641 1195 2711 proﬁciscendum
1239 2641 1359 2705 fuit,
1407 2643 1692 2695 recedebat
1718 2642 1783 2694 de
1817 2641 2054 2693 talwrna-

492 2734 641 2796 culo;
682 2742 734 2786 et
767 2732 1075 2800 praecedens
1123 2747 1236 2794 eos,
1285 2733 1456 2785 donec
1503 2733 1745 2785 venirent
1796 2733 1860 2784 ad
1896 2732 2069 2784 loctttn

491 2831 798 2876 castrorum
833 2823 921 2875 ubi
973 2821 1180 2891 ﬁgenda
1211 2832 1365 2876 erant
1401 2824 1766 2880 tabernacula.
1802 2824 1873 2877 ibi
1910 2839 2070 2892 supra

492 2913 660 2966 stetit.
720 2912 809 2966 Sic
858 2912 999 2964 enim
1055 2912 1314 2979 scriptum
1365 2921 1449 2965 est
1505 2931 1515 2963 :
1567 2932 1582 2961 ι
1622 2914 1776 2967 Anno
1810 2915 2066 2975 secundo,

491 3021 675 3058 mense
723 3003 981 3066 secundo,
1038 3002 1296 3070 vigesimo
1333 3003 1419 3056 die
1466 3004 1690 3064 mensis,
1736 3003 1942 3056 elevata
1989 3014 2071 3055 est

491 3093 658 3145 nubes
689 3093 753 3145 de
786 3089 1132 3144 tabernat'rulo
1163 3089 1400 3144 ﬁederis.
1436 3091 1780 3159 l’rof'eetique
1824 3102 1949 3145 sunt
1977 3092 2069 3144 lilii

490 3184 652 3236 Israel
704 3199 798 3251 per
839 3191 1046 3235 turmas
1075 3197 1218 3243 suas,
1251 3182 1316 3234 de
1365 3182 1578 3234 deserto
1609 3181 1783 3245 Sinai,
1831 3193 1886 3235 et
1919 3199 2058 3236 recu-

490 3279 605 3330 buit
633 3279 801 3330 nubes
833 3277 884 3328 in
931 3276 1219 3328 solitudine
1250 3275 1482 3328 Pharao.
1522 3295 1539 3326 ι
1585 3276 1690 3329 Sed
1725 3277 2067 3330 manil‘esttn‘n

489 3378 570 3422 est
599 3381 812 3436 onmem
860 3367 1141 3420 transitum
1185 3365 1333 3418 illum
1371 3375 1636 3435 pnecepto
1669 3368 1852 3420 divino
1890 3369 2065 3435 dispo-

489 3458 651 3510 situm
687 3471 825 3520 esse,
860 3456 982 3509 licet
1014 3457 1081 3509 ibi
1117 3472 1220 3510 non
1259 3469 1734 3522 commemoretur,
1765 3459 1854 3512 ubi
1883 3460 1948 3512 de
1972 3474 2067 3512 ec.-

489 3549 608 3600 dem
642 3547 870 3600 transitu
924 3556 1125 3599 narrat.
1177 3546 1422 3601 Praesens
1449 3563 1660 3616 quoque
1704 3548 1840 3602 liber
1888 3549 2068 3618 Moyse

490 3647 744 3690 narrante
771 3653 866 3706 per
895 3637 1074 3689 omnia
1109 3637 1176 3690 ita
1216 3637 1417 3692 factum
1451 3654 1572 3693 esse
1602 3639 1928 3694 manifestat.
1959 3639 2068 3694 Nec

494 3747 597 3784 non
649 3729 782 3783 liber
813 3728 1172 3784 Numerorum
1219 3729 1325 3784 alio
1357 3729 1475 3784 loco
1506 3730 1644 3784 idem
1690 3730 2064 3795 demonstrat,

489 3822 578 3874 tibi
616 3822 687 3874 ita
719 3821 979 3890 scriptum
1007 3829 1085 3875 est
1121 3839 1132 3874 :
1184 3841 1201 3872 ι
1245 3822 1326 3876 Ad
1369 3822 1652 3890 imperium
1695 3823 1912 3890 quidem
1958 3823 2062 3876 Do-

489 3916 619 3970 mini
655 3915 935 3983 erigebant
987 3915 1218 3968 tentoria
1250 3924 1304 3967 et
1341 3915 1409 3968 ad
1466 3915 1752 3984 nnperium
1786 3915 1930 3970 illius
1976 3917 2068 3970 de-

488 4010 756 4079 ponebant
787 4006 983 4080 (Num.
1017 4025 1070 4062 ix
1091 4010 1128 4079 ).
1169 4030 1187 4060 ι
1232 4027 1250 4059 ι
1282 4009 1509 4077 Dixique
1537 4009 1690 4063 vobis
1720 4009 1770 4062 in
1809 4009 1898 4062 illo
1927 4018 2063 4062 tem-

557 4117 686 4172 pore
716 4119 728 4153 :
764 4098 879 4153 Non
907 4113 1122 4167 possum
1174 4099 1320 4155 solus
1350 4099 1617 4153 sustinere
1648 4115 1764 4163 vos,
1795 4100 1924 4168 quid
1963 4098 2066 4152 Do-

559 4193 740 4246 minus
793 4190 934 4244 Deus
974 4196 1152 4242 vester
1203 4188 1582 4258 multiplieavit
1638 4203 1772 4248 vos,
1829 4197 1886 4241 et
1933 4188 2067 4248 estis

2249 1813 2408 1861 ηίιαη,
2438 1809 2482 1849 et
2529 1797 2592 1850 de
2620 1799 2978 1867 indignatione
3021 1800 3231 1853 Domini.
3280 1815 3454 1855 contra
3487 1803 3651 1856 Israel.

2247 1907 2424 1978 (Imm)
2466 1927 2482 1958 ι
2533 1909 2597 1961 Iit
2625 1911 2930 1964 accessistis
2970 1913 3034 1964 ad
3071 1930 3153 1965 me
3183 1931 3372 1967 omnes
3413 1926 3562 1983 atque
3599 1918 3707 1968 dixi-

2181 2019 2197 2047 ι
2247 2001 2343 2052 stis
2377 2018 2385 2050 :
2428 2000 2699 2052 Mittamus
2732 2002 2873 2053 viros
2914 2005 3003 2069 qui
3047 2007 3389 2057 considerent
3429 2016 3640 2064 terram,
3667 2019 3709 2058 rt

2181 2113 2195 2138 ι
2245 2092 2552 2144 renuntient.
2581 2108 2674 2160 per
2707 2095 2848 2160 quod
2882 2094 2982 2146 iter
3013 2097 3303 2150 debeamus
3331 2099 3631 2158 ascendere,
3666 2107 3707 2150 et

2180 2201 2194 2229 ι
2245 2183 2308 2233 ad
2346 2199 2481 2250 quas
2525 2184 2771 2235 civitates
2820 2199 3060 2253 pergere.
3114 2189 3356 2254 (Eumque
3404 2189 3526 2240 mihi
3557 2205 3706 2239 sermo

2179 2292 2194 2319 ε
2246 2273 2552 2339 placuisset,
2581 2274 2698 2325 misi
2733 2290 2794 2326 ex
2831 2277 2979 2328 vobis
3006 2277 3289 2331 duodecim
3323 2280 3479 2339 viros,
3506 2281 3708 2347 singulas

2178 2381 2193 2408 ι
2238 2361 2304 2412 de.
2336 2362 2578 2414 tribubus
2623 2363 2867 2430 singulis.
2907 2385 2923 2414 ι
2962 2364 3016 2415 In
3067 2365 3204 2418 libro
3247 2383 3457 2436 quoque
3487 2368 3702 2421 Numero-

2174 2469 2289 2505 rum
2326 2453 2585 2520 scriptum
2617 2461 2698 2505 est
2726 2455 2865 2521 quod
2899 2454 3157 2508 Dominus
3188 2458 3254 2509 ad
3291 2458 3500 2528 Moysen
3544 2461 3708 2513 dixerit

2173 2554 2229 2597 ut
2275 2546 2548 2598 mitterent
2600 2547 2742 2598 viros
2791 2547 2880 2614 qui
2914 2549 3326 2603 considerarent
3373 2561 3557 2603 terram
3595 2553 3707 2603 (Ilia-

2173 2653 2335 2689 naan.
2372 2638 2477 2690 Sed
2506 2637 2631 2690 licet
2661 2637 2872 2690 diversa
2903 2638 3188 2691 vidcantur
3220 2641 3361 2693 inter
3385 2631 3444 2693 se
3468 2642 3708 2709 essequod

2171 2727 2256 2780 bie
2294 2728 2344 2780 in
2379 2727 2812 2789 Deuteronomio,
2844 2740 2897 2781 et
2929 2729 3055 2781 illud
3101 2731 3245 2797 quod
3295 2731 3346 2783 in
3391 2732 3518 2784 libro
3544 2732 3706 2783 Nume-

2173 2833 2352 2870 rorum
2383 2833 2545 2886 super
2575 2818 2673 2870 hac
2709 2831 2766 2870 re
2797 2819 3055 2887 scriptum
3091 2819 3310 2888 legitur,
3352 2836 3530 2875 sensus
3560 2832 3704 2874 tamen

2173 2908 2344 2963 facilis
2379 2917 2548 2963 estut
2595 2909 2958 2977 intelligamus
2986 2911 3237 2979 populum
3274 2915 3340 2965 ad
3381 2913 3582 2980 Moysen
3617 2913 3707 2981 pri-

2177 3017 2320 3052 mmu
2365 3015 2484 3054 esse
2527 3000 2761 3053 locutum
2791 3002 2856 3053 de
2887 3001 3324 3069 exploratorilms
3354 3005 3634 3063 mittendis,
3663 3011 3728 3055 et

2129 3104 2142 3122 λ
2177 3091 2253 3143 sic.
2287 3090 2496 3159 Moyses
2524 3092 2591 3144 ad
2641 3092 2847 3145 Domini
2879 3093 3160 3146 consilium
3197 3110 3420 3149 causam
3469 3095 3704 3156 referens,

2175 3190 2500 3248 [II‘tl‘CCpllllll
2536 3182 2604 3234 ab
2633 3197 2697 3234 eo
2721 3183 3020 3252 acceperit,
3051 3193 3323 3250 qttatenus
3348 3185 3569 3238 mitteret
3589 3185 3708 3236 viros

2173 3272 2262 3338 qui
2302 3273 2646 3339 implorarent
2680 3281 2877 3326 terram
2911 3273 3188 3329 Chanaan.
3244 3296 3264 3326 ι
3314 3277 3412 3343 Qui
3459 3294 3568 3330 eum
3609 3291 3709 3345 per-

2179 3381 2194 3410 ι
2248 3363 2512 3417 rexissent
2547 3373 2600 3416 et
2651 3364 3024 3418 ascendissent
3069 3366 3120 3418 in
3173 3379 3454 3431 inontana,
3483 3372 3709 3421 venerunt

2178 3473 2195 3503 ι
2243 3470 2408 3526 usque
2446 3455 2513 3508 ad
2543 3455 2737 3509 vallem
2780 3456 2949 3511 Botri.
2983 3458 3050 3511 Et
3077 3460 3419 3514 considerata
3450 3470 3606 3519 terra.
3637 3473 3711 3512 su-

2178 3563 2195 3594 ‹
2240 3555 2448 3600 mentes
2493 3546 2559 3599 de
2591 3547 2853 3602 fructibus
2889 3548 3025 3615 ejus,
3065 3559 3122 3604 ut
3146 3553 3496 3607 ostenderent
3525 3554 3710 3606 uberta-

2177 3653 2194 3685 ι
2240 3645 2363 3699 tem,
2404 3636 2700 3691 attulerunt
2729 3638 2796 3692 ad
2829 3655 2926 3692 nos
2956 3648 3114 3708 atque
3151 3643 3408 3697 dixerunt
3438 3663 3448 3696 :
3479 3643 3612 3696 Bona
3641 3648 3710 3696 est

2177 3745 2193 3776 ι
2245 3738 2386 3782 terra
2419 3743 2577 3797 quam
2608 3728 2866 3784 Dominus
2899 3731 3038 3785 Deus
3069 3741 3254 3786 noster
3286 3735 3505 3788 daturus
3534 3742 3608 3786 est
3629 3749 3708 3785 no-

2177 3841 2194 3870 ι
2243 3822 2344 3876 his.
2380 3822 2444 3876 Et
2471 3822 2719 3876 noluistis
2752 3823 3070 3888 ascendere,
3104 3827 3197 3879 sed
3229 3808 3488 3881 increduli
3526 3826 3583 3879 ad
3613 3838 3708 3879 scr-

2176 3932 2193 3962 ι
2243 3929 2452 3966 nionem
2483 3914 2692 3968 Domini
2725 3913 2818 3968 Dei
2855 3916 3048 3979 nostri,
3077 3917 3461 3971 murmurastis
3487 3918 3536 3970 in
3563 3916 3709 3968 taber-

2178 4023 2194 4053 ι
2242 4005 2446 4058 naculis
2473 4006 2666 4059 vestris
2700 4013 2861 4074 atque
2893 4007 3107 4061 dixistis
3130 4022 3144 4059 :
3171 4009 3300 4061 Odit
3327 4024 3426 4062 nos
3451 4009 3704 4063 Dominus;

2176 4115 2192 4145 ι
2240 4106 2292 4151 et
2321 4097 2522 4151 idcirco
2543 4098 2728 4152 eduxit
2749 4114 2849 4153 nos
2868 4100 2936 4154 de
2963 4110 3104 4155 terra
3139 4099 3381 4171 1Egypti,
3416 4112 3476 4154 ut
3508 4099 3710 4154 traderet

2177 4205 2194 4236 ‹
2243 4187 2404 4240 nosin
2429 4189 3130 4259 manusAmorrha‘i,atque
3157 4192 3384 4256 deleret,
3409 4202 3459 4246 et
3487 4191 3706 4258 reliqua.»

2171 4277 2460 4333 Duodecim
2499 4279 2650 4332 missi
2687 4290 2811 4334 sunt
2843 4281 3232 4350 inspectatores
3265 4299 3330 4336 ex
3381 4282 3498 4335 ﬁliis
3541 4278 3708 4363 Israel.

560 4383 770 4445 patrum
801 4380 1104 4428 vestrorum
1133 4372 1297 4427 addat
1321 4372 1387 4425 ad
1413 4373 1557 4427 hunc
1589 4386 1874 4426 numerum
1899 4372 2064 4425 multa
2095 4430 2140 4445 In
2171 4371 2238 4425 ad
2289 4371 2732 4426 considerandam
2789 4382 2990 4427 terram
3034 4390 3154 4442 quae
3205 4375 3284 4428 eis
3343 4377 3512 4429 fuerat
3559 4384 3712 4442 repro-

492 4213 508 4242 1

493 4309 507 4333 ι
559 4285 715 4340 hodie
763 4283 904 4338 sicut
946 4281 1113 4336 stella:
1153 4281 1274 4337 coeli
1321 4281 1560 4351 plurimi.
1620 4282 1879 4336 Dominus
1929 4281 2068 4335 Deus

495 4485 510 4514 1

558 4465 746 4530 millia,
767 4473 849 4518 .et
881 4463 1167 4519 benedicat
1201 4463 1355 4517 vobis
1384 4463 1524 4518 sicut
1554 4463 1768 4518 locutus
1797 4472 1900 4518 est.
1949 4462 2064 4516 Non

495 4577 511 4606 ι
558 4557 709 4610 valeo
737 4556 882 4610 solus
908 4562 1086 4609 vestra
1118 4554 1334 4624 negotia
1362 4556 1651 4618 sustinere,
1682 4564 1737 4608 et
1766 4555 1977 4622 pondus
2004 4567 2068 4606 ac

497 4666 512 4695 I
551 4646 745 4714 jurgia.
776 4645 907 4698 Date
937 4661 1002 4698 ex
1033 4643 1186 4697 vobis
1214 4644 1487 4711 sapientes
1515 4653 1570 4696 et
1606 4658 1828 4712 gnaros,
1857 4651 1911 4694 et
1936 4656 2071 4709 quo-

499 4759 515 4787 ι
567 4753 681 4789 rum
719 4735 1061 4790 conversatio
1089 4735 1161 4790 sit
1202 4733 1427 4804 probata
1460 4734 1514 4786 in
1563 4733 1759 4787 vestris
1789 4734 2064 4795 tribubus,

499 4850 518 4880 ι
565 4837 617 4882 ιιι
641 4842 837 4896 ponam
869 4842 964 4884 eos
982 4828 1135 4883 vobis
1153 4827 1445 4897 principes,
1469 4834 1522 4880 et
1549 4825 1771 4894 reliqua.
1811 4844 1830 4877 ι
1866 4824 1940 4878 De
1968 4825 2070 4880 hac

492 4923 638 4980 enim
686 4920 1052 4975 subdivisione
1080 4928 1408 4989 potestatum
1448 4920 1502 4973 in
1538 4918 1723 4972 Exodo
1777 4926 2068 4987 antequam

495 5014 562 5068 ad
591 5017 828 5067 montem
859 5007 1006 5062 Sinai
1031 5009 1376 5078 pervenirent
1396 5007 1652 5062 Israelita:
1673 5006 1934 5075 scriptum
1962 5017 2065 5070 est,

494 5114 548 5161 ct
594 5100 736 5172 quod
778 5097 968 5155 .Iethro
1023 5099 1277 5153 sacerdos
1327 5099 1539 5152 Madian
1585 5107 1845 5168 cognatus
1899 5099 2067 5169 Moysi

494 5195 596 5264 ipsi
633 5193 732 5247 hoc
772 5190 826 5244 in
855 5188 1142 5244 consilium
1171 5188 1383 5243 dederit
1413 5195 1686 5242 narratur.
1723 5188 1876 5244 Unde
1901 5190 2070 5257 quani

493 5291 670 5355 potest
712 5279 982 5352 quomodo
1017 5277 1118 5333 sibi
1166 5279 1518 5342 conveniant,
1551 5285 1660 5331 tam
1711 5281 1868 5335 modo
1909 5296 2072 5350 quam

492 5375 656 5430 etiam
687 5382 947 5443 tempore.
980 5366 1134 5436 Quod
1169 5369 1250 5423 sic
1288 5368 1420 5424 solvi
1450 5381 1607 5438 posse
1645 5384 1770 5422 reor
1816 5387 1827 5421 :
1864 5379 1923 5424 ut
1967 5372 2072 5425 hoe

495 5468 636 5536 quod
666 5465 750 5520 hic
774 5462 1036 5534 scriptum
1054 5470 1139 5516 est
1163 5460 1362 5516 dixisse
1392 5460 1609 5530 Moysen
1637 5460 1688 5514 in
1721 5461 1807 5514 illo
1832 5470 2073 5530 tempore

495 5555 560 5608 ad
607 5553 880 5623 pepulum,
915 5569 935 5604 ι
972 5548 1090 5612 Non
1133 5565 1352 5621 possum
1393 5550 1541 5606 solus
1570 5552 1837 5606 sustinere
1886 5568 2003 5616 vos,
2047 5573 2063 5604 ›

496 5659 601 5698 non
632 5644 760 5698 illud
802 5652 1016 5715 tempus
1044 5644 1310 5714 exprimat
1350 5659 1456 5712 quo
1498 5644 1560 5699 de
1602 5643 1814 5698 Chorch
1855 5643 2068 5713 proﬁci-

2093 4430 2144 4487 D

2173 4461 2357 4516 missa.
2393 4459 2586 4530 llique,
2609 4469 2731 4531 post
2752 4463 3106 4532 quadraginta
3133 4465 3248 4519 dies
3278 4465 3503 4528 reversi,
3532 4463 3710 4516 diversa

2175 4554 2502 4608 renuntiant.
2561 4554 2692 4608 Nam
2736 4554 2921 4609 decem
2969 4572 3032 4610 ex
3083 4557 3167 4610 his
3220 4559 3271 4610 in
3317 4555 3710 4627 desperationem

2175 4646 2399 4698 mittunt
2439 4645 2718 4714 pepulum,
2765 4645 2837 4698 ita
2887 4655 2945 4700 ut
2973 4646 3140 4699 velint
3183 4645 3394 4714 abjecto
3442 4645 3608 4714 Moyse
3635 4638 3712 4693 eli-

2175 4750 2300 4805 gere
2325 4735 2490 4790 alium
2520 4737 2734 4799 ducem,
2758 4744 2813 4789 et
2843 4738 3040 4790 reverti
3070 4737 3128 4806 in
3152 4736 3464 4807 Egyptum.
3495 4734 3589 4788 Alii
3610 4742 3713 4785 vero

2175 4827 2282 4881 duo
2311 4825 2450 4881 bona
2495 4827 2764 4889 nuntiant,
2797 4834 2850 4880 et
2876 4827 3231 4881 cohortantur
3257 4827 3506 4897 populum
3533 4833 3707 4893 penna-

2174 4931 2304 4971 nere
2331 4917 2384 4971 in
2430 4916 2532 4970 ﬁde
2558 4917 2802 4971 dicentes
2845 4934 2855 4968 :
2897 4934 2914 4966 ι
2952 4915 3008 4969 Si
3036 4916 3208 4986 diligit
3240 4932 3337 4970 nos
3372 4917 3525 4976 Deus,
3564 4912 3710 4965 intro-

2172 5007 2412 5062 ducctad
2430 5015 2628 5061 terram
2649 5008 2787 5062 hanc
2807 5007 2984 5078 (Deut.
3025 5007 3200 5078 xvni).
3230 5027 3246 5058 ι
3281 5005 3386 5060 Sed
3417 5002 3626 5074 populus
3649 4997 3715 5049 in-

2177 5097 2448 5152 ﬁdelitatis
2484 5097 2861 5166 desperatione
2891 5112 3130 5166 princeps
3183 5098 3378 5166 agitur.
3431 5104 3484 5148 et
3512 5091 3574 5145 ad
3605 5085 3713 5155 lapi-

2177 5190 2382 5244 dandos
2424 5205 2517 5244 eos
2572 5189 2664 5257 qui
2724 5189 2863 5244 bona
2926 5190 3176 5242 nuntiant
3217 5187 3447 5257 pl’OSlltL
3499 5181 3717 5250 Maiestas

2179 5295 2306 5334 vero
2337 5279 2551 5334 Domini
2585 5281 2817 5350 protegit
2844 5295 2938 5335 eos
2966 5281 3021 5334 in
3066 5280 3320 5342 nubibus,
3370 5287 3423 5332 et
3465 5274 3590 5329 dixit
3633 5269 3717 5322 Do-

2180 5371 2358 5426 minus
2395 5371 2462 5424 ad
2505 5370 2722 5440 Moysen
2775 5389 2788 5424 :
2838 5389 2855 5421 ι
2889 5370 3106 5425 Feriam
3131 5385 3225 5424 cos
3263 5378 3432 5424 morte
3459 5373 3512 5420 et
3554 5355 3716 5416 interi-

2180 5476 2323 5515 mam
2353 5477 2477 5525 eos;
2518 5470 2572 5515 et
2597 5459 2790 5515 faciam
2820 5470 2872 5517 te
2898 5470 2953 5516 et
2976 5463 3195 5516 domum
3224 5460 3392 5532 patris
3423 5456 3495 5511 tui
3535 5455 3581 5508 in
3607 5463 3714 5519 gett-

2183 5560 2287 5605 tcm
2344 5566 2594 5621 magnam
2655 5561 2711 5605 et
2760 5553 3016 5617 multam,
3073 5554 3244 5624 magis
3296 5534 3454 5621 quam
3507 5547 3610 5600 base
3651 5541 3715 5590 εει

2181 5643 2368 5715 (Ναηι.
2404 5643 2530 5712 xiv).
2582 5663 2598 5694 ι
2634 5644 2718 5698 Fit
2750 5645 2862 5700 haec
2893 5655 3036 5700 tanta
3068 5645 3413 5700 emnminatio
3440 5656 3468 5694 a
3498 5635 3713 5694 Domino.
