3964 6192
292 262 411 319 845

1093 256 1493 314 ΕΝΑΒΒΛΤΙΟ
1535 256 1760 312 SUPER
1802 256 2424 313 DEUTERONOMI‘UM.
2466 287 2533 296 —-
2568 256 2694 310 LIB.
2737 256 2776 309 Ι.

3471 260 3576 315 SiG

291 397 405 439 mn
436 388 496 434 ut
517 375 785 449 passibilis
812 384 866 429 et
896 375 1187 430 iracundia:
1218 373 1349 428 vitio
1378 372 1664 443 subiacens
1699 378 1881 424 osten-
1913 375 1959 432 Α
1990 369 2043 424 in
2091 369 2331 425 Canticis
2375 369 2714 443 canticorum
2751 369 2994 425 Ecclesia
3027 370 3091 425 de
3134 370 3352 427 Christo
3384 372 3515 429 dicit
3556 393 3571 427 τ

294 476 460 531 datur
498 472 679 528 divina
719 478 933 532 natura,
979 468 1074 523 sed
1117 476 1175 521 ut
1205 482 1302 536 per
1329 466 1445 520 haec
1470 472 1525 518 et
1564 463 1730 534 Moysi
1759 462 1886 517 cha-

293 568 437 622 ritas
469 581 631 636 quam
662 578 788 636 erga
827 561 1085 631 populum
1128 560 1387 624 habebat,
1434 567 1488 612 et
1528 556 1622 609 Dei
1650 554 1884 619 bonitas,

294 673 422 729 quae
462 664 683 726 superat
713 671 928 709 onmem
969 662 1222 717 mentem,
1258 653 1637 706 innotescerel.
1669 648 1888 718 Mystice

289 758 486 804 autem
512 746 798 802 duodecim
826 746 1200 816 exploratores
1227 744 1376 797 missi
1403 743 1469 797 ad
1493 739 1887 812 explorandam

293 850 507 896 terram
534 839 777 902 uberem,
810 839 902 907 qui
943 844 1256 891 terruerunt
1291 835 1568 906 populum,
1597 849 1664 888 ne
1707 833 1891 887 crede-

293 940 387 986 ret
413 944 572 1001 posse
601 930 850 998 accipere
879 942 908 981 a
945 927 1175 982 Domino
1226 936 1426 980 terram
1468 923 1886 995 repromissum,

294 1017 618 1074 Scribarum
652 1025 710 1072 et
757 1016 1155 1071 Pharisaeorum
1201 1014 1557 1086 pra‘tulerunt
1607 1011 1888 1067 indicium.

294 1107 458 1163 Sicut
483 1108 632 1162 enim
656 1106 731 1161 illi
758 1121 858 1177 per
880 1105 1098 1177 Moysen
1132 1107 1282 1160 missi
1321 1113 1467 1170 sunt,
1502 1115 1560 1157 ut
1585 1102 1683 1157 soli
1712 1102 1893 1157 fecun-

302 1200 535 1255 ditatem
574 1198 806 1254 sollicita
859 1197 1296 1253 consideratione
1343 1202 1673 1258 tractarent,
1728 1195 1802 1248 ita
1838 1201 1894 1247 et

297 1290 396 1344 isti
424 1304 523 1359 per
552 1288 727 1360 legem
774 1296 829 1342 et
856 1288 1151 1358 prophetas
1181 1286 1330 1341 missi
1363 1293 1505 1350 sunt,
1538 1294 1597 1339 ut
1621 1296 1718 1354 per
1746 1283 1892 1338 Scri-

294 1391 590 1451 pturarum
648 1380 1124 1451 investigationem
1166 1377 1507 1433 Dominicum
1551 1375 1893 1446 specularen-

298 1482 394 1527 tur
447 1471 764 1528 adventum.
813 1471 873 1526 In
921 1486 1029 1541 quo
1067 1478 1187 1525 erat
1265 1479 1433 1535 terra,
1483 1468 1536 1522 id
1592 1475 1710 1533 est,
1765 1481 1892 1521 caro

294 1574 518 1629 sancta,
564 1564 622 1618 in
654 1580 760 1635 qua
792 1578 1017 1635 regnum
1049 1562 1142 1617 Dei
1173 1569 1230 1616 et
1267 1561 1571 1616 ubertatem
1617 1560 1893 1615 fructuum

293 1641 655 1726 spiritalium,
703 1663 760 1709 et
807 1655 974 1709 vitam
1030 1666 1290 1709 aaternam
1339 1654 1598 1725 consequi
1646 1661 1888 1724 possent.

1997 477 2016 510 ‹
2063 458 2254 516 Frater
2294 474 2446 514 meus
2477 468 2536 513 ut
2560 461 2749 514 botrus
2775 461 2923 531 cypri
2956 459 3131 531 (Cant.
3159 462 3220 534 ι).
3261 482 3277 513 ›
3317 462 3451 531 Quia
3478 482 3577 521 nec

1992 549 2240 606 Christus
2266 551 2382 605 sine
2407 550 2549 619 lege,
2579 565 2679 604 nec
2705 549 2787 604 lex
2818 551 2934 605 sine
2968 550 3184 606 Christo
3212 569 3329 608 esse
3358 559 3573 625 poterit.

1990 660 2016 692 4
2066 638 2175 697 Nec
2219 644 2462 697 miranda
2516 644 2815 713 indignatio
2864 644 2916 696 in
2963 645 3243 714 populum,
3284 664 3406 701 cum
3447 652 3578 705 mihi

1999 752 2017 782 «
2067 750 2281 803 quoque
2330 735 2499 789 iratus
2548 735 2809 789 Dominus
2834 746 3056 804 propter
3080 752 3175 791 vos
3200 738 3434 793 dixerit:
3472 742 3578 796 Nec

2000 843 2018 873 ‹
2066 835 2122 879 tu
2152 826 2473 895 iugredicris
2505 826 2651 891 illuc,
2685 826 2777 880 sed
2804 825 2968 880 Iosue
3001 827 3142 880 ﬁlius
3176 825 3292 881 Non
3336 830 3584 886 minister

2001 934 2018 966 ι
2066 923 2190 969 tuus
2218 916 2332 986 ipse
2363 916 2587 969 intrabit
2606 931 2707 986 pro
2735 927 2807 971 te.
2835 916 2988 970 llunc
3018 920 3312 976 exhortarc
3340 932 3393 975 ct
3426 926 3583 978 robo-

1999 1024 2018 1055 ‹
2065 1022 2122 1059 ra
2167 1015 2269 1059 :et
2316 1006 2429 1077 ipse
2480 1004 2685 1061 terram
2732 1000 2879 1061 sorte
2910 992 3112 1063 dividet
3161 1011 3362 1077 Israel,
3418 1025 3521 1070 etc.
3560 1034 3578 1065 ι

1995 1096 2174 1165 Quaeri
2225 1105 2403 1167 potest
2432 1098 2701 1167 quomodo
2740 1096 2952 1170 Moyses
2976 1100 3124 1155 dicat
3161 1103 3226 1155 ad
3269 1103 3435 1159 Israel
3461 1121 3588 1176 pm-

1994 1197 2117 1259 pter
2147 1202 2242 1242 eos
2283 1188 2481 1241 iratum
2518 1188 2621 1243 sibi
2670 1189 2957 1244 Dominum
3002 1192 3206 1246 dixisse
3254 1209 3268 1246 :
3308 1212 3327 1244 ι
3365 1194 3475 1251 Nec
3526 1206 3583 1251 tu

1993 1276 2322 1350 ingrcdieris
2353 1274 2516 1342 illuc,
2548 1298 2565 1330 ι
2603 1279 2705 1334 hoc
2745 1287 2848 1344 est,
2880 1280 2933 1334 in
2961 1290 3158 1335 terram
3202 1284 3582 1353 repromissio-

1996 1369 2099 1435 nis,
2119 1383 2239 1423 cum
2261 1368 2315 1422 in
2346 1368 2484 1423 libro
2506 1368 2860 1425 Numerorum
2891 1372 2963 1424 ita
2994 1371 3201 1442 legatur
3227 1392 3240 1426 :
3276 1392 3297 1424 ‹
3333 1376 3586 1446 Dixitque

1995 1459 2259 1521 Dominus
2291 1460 2356 1513 ad
2386 1458 2603 1530 Moysen
2641 1470 2694 1514 et
2719 1460 2898 1515 Aaron
2930 1481 2943 1513 :
2979 1462 3123 1530 Quia,
3146 1480 3253 1519 non
3276 1467 3585 1523 credidistis

1998 1550 2153 1615 mihi,
2195 1559 2254 1604 ut
2283 1551 2702 1606 sanctiﬁcaretis
2750 1569 2835 1607 me
2866 1569 3049 1607 coram
3085 1554 3210 1610 ﬁliis
3234 1556 3436 1624 lsrael,
3478 1576 3583 1614 non

1998 1640 2356 1696 introducetis
2384 1643 2482 1695 hos
2514 1643 2743 1713 populos
2769 1644 2822 1698 in
2860 1654 3087 1711 terram,
3126 1664 3289 1717 quam
3323 1650 3464 1705 dabo
3507 1653 3588 1706 eis

294 1747 415 1802 Sed
464 1747 605 1802 sicut
634 1745 707 1801 illi
756 1745 1138 1816 desperatione
1178 1753 1490 1801 terruerunt
1522 1743 1778 1815 populum
1829 1758 1898 1797 ne

2004 1732 2193 1803 (Num.
2225 1733 2418 1806 xxvu).
2454 1756 2471 1785 ι
2504 1735 2609 1789 Sed
2632 1752 2867 1806 sequens
2892 1740 3159 1794 sententia
3187 1744 3589 1810 quodammodo

297 1837 374 1892 de
399 1836 496 1893 Dei
527 1836 887 1907 promissione
911 1836 1282 1901 considerent,
1315 1836 1388 1890 ita
1415 1844 1471 1890 et
1499 1835 1588 1893 isti
1618 1835 1812 1890 scriba:
1847 1844 1901 1888 et

298 1926 569 1984 Pharisaei
614 1937 907 1982 suaserunt
947 1926 1148 1998 populo
1174 1924 1483 1982 Judazorum
1509 1940 1577 1981 ne
1612 1925 1902 1981 crederent

296 2017 606 2084 Christum,
635 2018 703 2072 ad
729 2016 1023 2090 ZEgyptum
1048 2017 1230 2073 saeculi
1261 2017 1423 2087 hujus
1449 2016 1630 2072 redire
1674 2015 1899 2086 cupien-

295 2118 409 2175 tes,
441 2109 790 2178 repudiantes
816 2110 1016 2162 manna
1042 2106 1188 2172 ﬁdei,
1219 2116 1528 2179 quaerentes
1550 2105 1683 2159 ollas
1710 2120 1901 2175 pecca-

292 2210 487 2255 torum
519 2199 719 2269 nigras,
751 2206 805 2252 et
840 2212 1003 2268 cepas
1026 2196 1489 2267 blasphemiarum
1537 2196 1809 2265 putridas,
1847 2201 1902 2248 ct

296 2304 567 2362 pepones,
620 2289 878 2344 vitiorum
926 2302 990 2342 ac
1028 2286 1316 2342 libidinum
1361 2284 1715 2356 c‘orruptione
1753 2299 1901 2338 mar-

298 2388 607 2435 cescentes.
644 2379 739 2433 llle
787 2386 969 2432 autem
1016 2378 1209 2432 botrus
1264 2391 1401 2441 uvae,
1445 2392 1608 2446 quem
1658 2377 1712 2430 in
1755 2375 1903 2446 ligno

307 2472 379 2527 de
410 2479 559 2527 terra
587 2468 1026 2540 repromissionis
1055 2470 1161 2523 duo
1187 2467 1456 2524 advexere
1486 2476 1754 2532 vectores,
1802 2469 1901 2523 Lo-

304 2572 432 2617 trus
454 2562 700 2633 pendens
732 2575 764 2615 e
797 2560 963 2629 ligno,
1003 2559 1189 2628 utique
1221 2558 1470 2615 Christus
1500 2575 1568 2614 ex
1609 2560 1756 2629 ligno
1782 2575 1905 2614 cru-

314 2652 398 2708 cis
424 2651 729 2721 promissus
754 2651 1005 2723 gentibus
1041 2648 1109 2704 de
1152 2657 1296 2704 terra
1345 2650 1624 2721 genitricis
1677 2649 1858 2703 Maria:
1882 2690 1902 2716 ,

300 2753 546 2798 terrena:
580 2742 769 2811 stirpis
805 2741 1102 2796 secundum
1151 2754 1373 2794 carnem
1420 2739 1722 2795 visceribus
1773 2738 1906 2794 etfu-

306 2850 430 2890 sus.
461 2835 577 2889 Duo
616 2832 781 2902 bajuli
824 2833 917 2903 qui
970 2832 1072 2887 sub
1112 2846 1279 2886 onere
1323 2832 1466 2887 botri
1512 2831 1658 2886 illius
1688 2832 1903 2886 incede-

302 2928 465 2995 bant,
492 2927 724 2999 populus
752 2936 834 2984 est
874 2935 1103 2996 uterque
1141 2924 1297 2995 cujus
1326 2925 1475 2995 prior
1502 2923 1760 2981 Iudaicus
1802 2941 1909 2980 ca:-

308 3035 412 3075 cus
450 3030 509 3075 el.
547 3035 792 3086 aversus,
826 3020 1047 3091 ignarus
1072 3020 1362 3090 pendentis
1404 3020 1627 3090 gratiae,
1657 3029 1712 3075 et
1750 3035 1905 3090 prcs-

2002 1824 2216 1897 videtur
2246 1826 2386 1880 hanc
2417 1825 2703 1881 absolvere
2735 1829 3115 1897 quaestionem.
3148 1851 3171 1883 4
3214 1832 3356 1898 Haec,
3391 1836 3583 1906 inquit,

2001 1925 2088 1972 est
2113 1932 2255 1988 aqua
2287 1920 2760 1987 contradictionis,
2792 1922 2882 1975 ubi
2908 1923 3111 1993 jurgati
3144 1934 3271 1980 sunt
3300 1926 3394 1982 ﬁlii
3424 1928 3589 1983 Israel

2002 2019 2195 2065 contra
2225 2010 2539 2078 Dominum,
2582 2022 2639 2067 et
2668 2013 3045 2069 sanctiﬁcatus
3073 2024 3160 2070 est
3191 2016 3243 2069 in
3276 2017 3376 2070 eis.
3415 2039 3433 2071 ι
3464 2017 3590 2074 Jur-

2002 2100 2149 2171 gium
2178 2102 2324 2156 enim
2354 2111 2516 2172 atque
2548 2101 2771 2156 rebellio
2798 2104 2981 2173 populi
3023 2121 3183 2159 causa
3215 2105 3315 2160 fuit
3354 2108 3447 2161 itm
3486 2108 3589 2161 Do-

2005 2191 2134 2247 mini
2168 2200 2331 2261 atque
2372 2192 2641 2258 vindicta),
2681 2202 2791 2247 tam
2836 2194 2891 2247 in
2924 2195 3178 2264 populum
3220 2212 3383 2264 quam
3423 2198 3590 2253 etiam

2003 2280 2059 2333 in
2102 2279 2323 2352 Moysen
2362 2289 2418 2333 et
2458 2282 2639 2335 Aaron
2672 2282 2917 2351 prolata).
2966 2284 3190 2340 Videtur
3219 2286 3349 2340 mihi
3377 2287 3432 2341 in
3474 2287 3589 2342 Ma-

2006 2375 2085 2430 ria
2116 2376 2398 2446 prophetia
2434 2385 2678 2439 mortua;
2708 2377 2762 2430 in
2794 2364 2973 2448 Moyse
3000 2385 3055 2431 et
3082 2378 3260 2433 Aaron
3288 2379 3393 2450 legi
3424 2390 3481 2435 et
3505 2399 3591 2436 sa-

2006 2466 2246 2521 cerdotio
2276 2465 2585 2521 Judworum
2611 2466 2736 2520 ﬁnis
2762 2466 3068 2535 impositus,
3097 2467 3224 2536 quia
3264 2483 3367 2522 nec
3396 2469 3496 2539 ipsi
3524 2472 3592 2524 ad

2010 2568 2208 2613 terram
2251 2560 2691 2630 repromissionis
2718 2548 3014 2615 ascendere
3042 2561 3312 2626 volebant,
3341 2577 3443 2619 nec
3469 2579 3589 2618 crc-

2009 2650 2225 2705 dentem
2265 2651 2520 2720 populum
2570 2651 2638 2705 de
2682 2650 2973 2706 solitudine
3014 2650 3177 2720 hujus
3227 2652 3413 2708 smculi
3460 2654 3595 2709 edu-

2008 2757 2154 2806 cere,
2187 2742 2288 2795 nisi
2337 2742 2485 2797 solus
2513 2742 2694 2802 Jesus.
2724 2742 2775 2796 id
2800 2750 2887 2796 est
2911 2740 3165 2818 Salvator
3190 2752 3377 2799 noster
3408 2744 3501 2799 Dei
3534 2744 3593 2798 ﬁ-

2009 2831 2133 2888 lius.
2161 2831 2219 2885 ln
2246 2833 2522 2903 trigesima
2551 2840 2733 2887 autem
2776 2842 2831 2887 et
2859 2833 3021 2887 tertia
3050 2834 3329 2888 mansione
3371 2844 3596 2905 propter

2009 2936 2183 2991 aquas
2236 2922 2682 2977 contradictionis
2736 2922 2949 2992 Moyses
3000 2922 3228 2980 offendit
3278 2925 3607 2993 Dominum:

2012 3013 2333 3081 prohibetur
2385 3013 2616 3068 transire
2660 3012 2973 3070 Jordanem.
3020 3014 3379 3073 Perturbatus
3443 3019 3592 3073 enim

308 3126 410 3168 sus
464 3126 633 3167 onere
679 3086 951 3181 suspensi,
1003 3086 1092 3165 cui
1138 3086 1430 3181 subjicitur
1460 3086 1791 3183 judicanti—z
1837 3114 1904 3168 de
1930 3086 1975 3147 (ἶ
2008 3120 2285 3165 murmure
2326 3104 2526 3175 00.9"“,
2558 3105 2870 3161 dubilalllcr
2890 3115 3102 3177 Petram
3122 3110 3275 3180 Virga
3300 3112 3592 3180 ρθτουεείιν

309 3203 517 3276 quibus
544 3201 744 3257 dicitur
775 3218 787 3254 :
834 3217 854 3251 ‹
893 3199 1266 3256 Obscurentur
1293 3200 1438 3257 oculi
1488 3217 1677 3257 eorum
1711 3218 1777 3256 ne
1824 3202 1902 3256 vi-

303 3294 503 3354 deant,
552 3298 607 3347 et
656 3293 877 3348 dorsum
921 3306 1111 3347 eorum
1171 3308 1384 3364 semper
1432 3294 1657 3350 incurva
1702 3294 1897 3367 .(Psal.

316 3381 531 3456 txvtn).
567 3402 587 3436 ι
631 3382 732 3450 Qui
761 3398 891 3439 vero
910 3383 1189 3453 posterior
1233 3385 1507 3452 veniebat,
1557 3387 1741 3457 populi
1771 3404 1905 3458 gen-

312 3476 454 3529 tium
504 3475 725 3546 gerebat
776 3474 1047 3548 ﬁguram,
1091 3476 1184 3545 qui
1245 3477 1475 3533 credens
1517 3486 1573 3533 et
1624 3480 1903 3535 Christum

260 3602 271 3611 -
307 3573 448 3619 ante
481 3564 668 3620 oculos
706 3565 941 3631 habens,
973 3579 1189 3634 semper
1226 3580 1351 3620 eum
1380 3576 1605 3636 portans
1642 3568 1817 3635 videt;
1850 3578 1908 3624 et

317 3655 479 3726 quasi
506 3670 701 3712 servus
728 3657 1006 3712 dominum
1031 3664 1089 3712 et
1128 3655 1428 3726 discipulus
1458 3658 1780 3728 magistrum
1825 3675 1907 3714 se-

313 3748 528 3819 quitur,
549 3747 704 3804 .sicut
748 3749 864 3821 ipse
909 3748 1171 3804 Dominus
1219 3750 1274 3803 in
1301 3749 1593 3822 Evangelio
1621 3752 1699 3807 ait
1734 3771 1748 3806 :
1786 3770 1811 3803 4
1846 3752 1905 3809 Si

305 3840 443 3910 quis
478 3839 593 3894 vult
627 3849 762 3911 post
807 3856 895 3896 me
940 3841 1148 3906 venire,
1183 3840 1335 3896 tollat
1369 3857 1590 3898 crucem
1626 3858 1804 3910 suam,
1852 3855 1908 3899 et

309 3938 583 3999 sequatur
612 3946 698 3986 me
728 3929 945 4003 (Matth.
978 3932 1166 4004 .xvtu).
1202 3952 1221 3985 ι
1267 3931 1368 3987 llic
1392 3941 1477 3989 est
1499 3943 1682 3989 autem
1717 3937 1907 3992 botrus

312 4024 410 4094 qui
444 4022 676 4078 effusum
725 4024 781 4078 in
823 4024 1054 4080 salutem
1103 4034 1348 4080 nostram
1376 4026 1562 4083 vinum
1620 4031 1905 4101 sanguinis

308 4114 402 4168 sui
453 4114 633 4170 erucis
665 4116 1004 4172 contritione
1062 4116 1320 4186 perfudit,
1383 4127 1546 4190 atque
1587 4135 1904 4191 expressum

311 4206 591 4276 passionis
613 4222 726 4264 sure
767 4208 989 4265 calicem
1018 4208 1281 4267 Ecclesia:
1308 4214 1637 4284 propinavit.
1676 4214 1780 4271 llic
1823 4226 1908 4273 est

312 4299 511 4356 botrus
568 4315 733 4371 quem
791 4300 1158 4373 malogranata
1220 4304 1369 4358 socia
1421 4305 1665 4361 humeris
1721 4316 1905 4362 secuta

310 4402 410 4451 est
430 4394 629 4462 gratia.
661 4393 798 4449 Nam
822 4395 1030 4451 scilicet
1053 4394 1294 4452 Ecclesia
1323 4410 1499 4453 mater
1533 4400 1742 4456 habens
1763 4401 1906 4457 intra

2006 3197 2159 3266 quasi
2194 3196 2323 3251 illud
2350 3212 2456 3252 non
2480 3205 2670 3266 posset
2694 3199 2838 3253 Deus
2864 3196 3048 3253 facere
3087 3206 3149 3252 ut
3171 3214 3311 3269 aqua
3347 3201 3414 3254 de
3437 3211 3592 3272 petra

1998 3288 2320 3360 proﬁaerct,
2352 3290 2497 3358 quod
2528 3298 2653 3343 ante
2672 3286 2789 3356 jam
2816 3288 3040 3344 fecerat.
3072 3288 3210 3355 Quid
3236 3306 3367 3361 ergo
3409 3292 3499 3346 hic
3526 3294 3592 3346 ﬁ-

2006 3382 2104 3438 des
2134 3382 2300 3454 Moysi
2338 3381 2600 3446 insinuat,
2625 3395 2745 3451 quae
2774 3395 2972 3451 aquam
3000 3382 3065 3436 de
3088 3387 3247 3451 petra
3278 3380 3598 3451 ejiciendum

2008 3485 2359 3546 titubaverat,
2405 3482 2508 3538 nisi
2547 3490 2609 3537 ut
2652 3483 2792 3537 hanc
2835 3480 3001 3538 etiam
3034 3485 3386 3554 prophetiam
3424 3485 3596 3543 fuisse

2008 3576 2076 3629 de
2109 3574 2328 3629 Christo
2358 3580 2505 3627 recte
2555 3573 2967 3644 intelligamus?
3003 3573 3143 3627 Dum
3180 3576 3328 3629 enim
3383 3575 3597 3649 Moyses

2008 3668 2065 3721 in
2096 3664 2401 3735 Scripturis
2429 3663 2603 3719 sacris
2630 3662 2793 3717 aliam
2824 3677 2988 3732 a‘que
3011 3664 3172 3718 aliam
3200 3680 3302 3735 pro
3332 3682 3391 3722 re
3416 3668 3594 3738 aliqua

2008 3756 2360 3828 signiﬁcanda
2388 3768 2675 3825 personam
2718 3764 2894 3824 gerat,
2922 3771 3067 3809 nunc
3092 3764 3270 3811 tamen
3297 3759 3480 3828 pepuli
3502 3758 3597 3812 Juo

2009 3850 2249 3904 datorum
2276 3847 2377 3903 sub
2398 3847 2521 3918 lege
2548 3847 2717 3917 positi
2746 3850 3042 3918 personam
3074 3849 3318 3918 gerebat,
3363 3867 3596 3923 cumque

2004 3942 2323 4012 prophetica
2386 3940 2832 4011 pronuntiatione
2909 3941 3193 4013 ﬁgurabat.
3257 3941 3391 3999 Nam
3456 3945 3601 4001 sicut

2010 4036 2222 4107 Moyses
2244 4044 2457 4106 petram
2486 4035 2638 4103 virga
2665 4034 2999 4106 percutiens,
3036 4036 3102 4092 de
3131 4036 3228 4093 Dei
3254 4040 3454 4094 virtute
3495 4036 3596 4094 dn-

2010 4128 2227 4193 bitavit,
2266 4127 2340 4183 ita
2390 4126 2482 4183 ille
2522 4127 2754 4198 populus
2799 4127 2892 4198 qui
2942 4128 3043 4185 sub
3081 4128 3197 4199 lege
3234 4142 3334 4201 per
3375 4130 3596 4203 Moysen

2011 4221 2139 4273 data
2169 4219 2475 4284 tenebatur,
2508 4218 2785 4274 Christum
2816 4219 2962 4289 ligno
2992 4221 3172 4276 crucis
3206 4214 3445 4292 alil'gens,
3469 4237 3594 4278 cum

2011 4310 2267 4363 virtutem
2306 4308 2401 4363 Dei
2435 4323 2557 4363 esse
2596 4312 2711 4363 non"
2732 4309 2999 4376 credidit;
3030 4311 3127 4366 sed
3169 4311 3309 4367 sicut
3330 4312 3594 4382 percussa

2010 4407 2165 4467 petra
2216 4397 2457 4451 manavit
2482 4412 2679 4466 aquam
2720 4398 3058 4466 sitientibus,
3101 4400 3181 4457 sic
3217 4400 3389 4475 plaga
3420 4404 3594 4461 Domis

309 4501 377 4541 se
412 4499 512 4554 per
559 4499 854 4555 granorum
898 4500 1187 4541 numerum
1229 4486 1632 4543 multitudinem
1678 4492 1905 4560 populo-
1932 4472 1984 4530 D
2010 4489 2147 4544 nica:
2182 4488 2459 4557 passionis
2497 4487 2687 4544 effecta
2735 4496 2821 4545 est
2866 4492 2973 4545 vita
3007 4472 3378 4550 credentibus.
3420 4494 3598 4552 liabe-

310 4590 464 4639 rum,
509 4576 763 4629 ruborem
809 4575 1091 4646 sanguinis
1136 4574 1342 4630 Christi
1375 4577 1654 4647 signaculo
1706 4581 1908 4635 haben-

313 4673 431 4721 tem
458 4665 622 4721 etiam
646 4664 798 4718 intus
822 4664 1076 4719 distincta
1103 4680 1296 4736 grana,
1332 4666 1474 4721 sicut
1494 4667 1783 4736 Apostolus
1807 4671 1904 4737 ait,

309 4758 538 4813 diversa
582 4757 936 4822 charismata,
983 4764 1041 4813 et
1082 4758 1223 4812 dona
1260 4757 1485 4827 spiritus
1510 4759 1685 4829 gratia
1713 4761 1903 4817 distri-

307 4848 471 4903 buta.
513 4846 721 4914 Quibus
774 4848 1026 4902 omnibus
1078 4842 1327 4919 indignos
1372 4864 1431 4904 se
1459 4849 1722 4906 increduli
1761 4854 1907 4924 judi-

308 4948 532 5003 cantes,
558 4951 760 4995 terram
785 4941 967 4996 carnis
996 4940 1201 4996 Christi
1224 4939 1485 4997 fluentem
1508 4942 1651 4999 lacte
1675 4952 1731 4999 et
1749 4945 1909 5001 melle

313 5033 572 5103 accipere
592 5049 699 5088 non
730 5043 1068 5099 meruerunt,
1095 5050 1260 5105 quam
1287 5050 1385 5107 per
1410 5035 1571 5093 ﬁdem
1599 5040 1743 5094 servi
1770 5039 1905 5109 ejus,

312 5125 375 5179 id
404 5135 491 5180 est
541 5125 839 5181 Christiani
890 5127 1074 5197 populi
1121 5131 1399 5184 consecuti
1459 5140 1605 5197 sunt,
1646 5132 1714 5187 de
1754 5131 1908 5202 cujus

319 5216 570 5271 doctrina
625 5219 869 5287 quotidie
922 5219 1056 5275 dicit
1096 5220 1339 5277 Ecclesia
1391 5240 1405 5276 :
1453 5241 1470 5274 ι
1506 5224 1679 5290 Quam
1728 5226 1905 5281 dulcia

318 5308 573 5365 faucibus
617 5312 755 5366 meis
796 5311 1007 5382 eloquia
1042 5321 1129 5367 tua
1180 5329 1347 5384 super
1382 5315 1488 5371 mel
1526 5325 1582 5371 et
1613 5317 1793 5371 favum
1821 5320 1903 5373 ori

320 5400 483 5455 meo!
522 5419 543 5452 ι
571 5400 758 5457 Ficqu
791 5412 997 5470 autem,
1027 5420 1190 5475 quam
1215 5420 1335 5460 cum
1365 5407 1520 5463 botro
1549 5408 1616 5463 de
1645 5416 1790 5463 terra
1816 5427 1903 5465 re—

318 5493 702 5563 promissionis
749 5496 1070 5562 attulerunt,
1119 5499 1408 5569 imaginem
1437 5499 1573 5570 legis
1617 5500 1900 5567 attulisse,

320 5586 655 5654 evangelicis
700 5588 990 5644 educentur
1039 5591 1324 5660 exemplis.
1381 5591 1535 5647 Sicut
1584 5602 1636 5648 et
1690 5594 1903 5648 botrum

323 5687 542 5734 constat
562 5681 786 5751 ﬁguram
814 5681 1110 5736 Salvatoris
1135 5684 1437 5748 ostendere,
1454 5686 1906 5753 quemadmodum

2009 4595 2133 4637 mus
2174 4579 2318 4634 enim
2357 4579 2424 4633 de
2460 4580 2563 4635 hac
2613 4595 2675 4635 re
2724 4581 3199 4652 prmelarissimam
3247 4590 3305 4639 et
3355 4584 3597 4643 ﬁdelissi-

2007 4690 2152 4729 mam
2212 4687 2400 4728 vocem
2463 4672 2858 4744 apostolicam,
2912 4689 3037 4730 cum
3098 4674 3224 4730 inde
3274 4676 3592 4747 loqueretur

2007 4766 2196 4821 dicens
2232 4783 2245 4819 :
2288 4782 2306 4816 ‹
2346 4764 2510 4820 Petra
2541 4773 2723 4821 autem
2764 4775 2883 4821 erat
2925 4765 3176 4823 Christus
3214 4766 3272 4842 (Ι
3301 4762 3423 4824 Cor.
3455 4770 3533 4844 Σ).
3566 4791 3585 4826 ι

2008 4859 2162 4914 Hanc
2199 4874 2330 4931 ergo
2355 4874 2575 4914 carnem
2606 4860 2671 4915 de
2701 4858 2905 4914 Christi
2951 4858 3235 4917 nativitate
3256 4861 3591 4933 desperatio-

2010 4965 2135 5005 nem
2171 4951 2237 5004 in‘
2268 4950 2438 5020 ipsius
2468 4949 2669 5006 Christi
2711 4949 2995 5006 altitudine
3037 4950 3181 5008 Deus
3223 4954 3361 5009 mori
3396 4952 3584 5022 jubet.

2009 5056 2131 5095 cum
2182 5049 2412 5095 mortem
2441 5042 2621 5109 carnis
2648 5039 2835 5112 Moysi,
2886 5040 2939 5095 in
2983 5048 3167 5098 monte
3195 5043 3427 5114 imperat
3454 5044 3586 5099 ﬁeri.

2009 5129 2163 5185 Sicut
2190 5130 2337 5185 enim
2387 5136 2542 5200 petra
2588 5129 2858 5197 Christus,
2902 5130 2978 5185 ita
3023 5140 3082 5186 et
3119 5147 3277 5187 mons
3317 5132 3586 5187 Christus.

2007 5224 2168 5281 Petra
2199 5224 2419 5279 humilis
2462 5222 2743 5289 fortitudo,
2774 5238 2931 5278 mons
2955 5224 3201 5279 eminens
3235 5222 3549 5293 magnitudo
3574 5235 3592 5274 :

2009 5298 2135 5386 quia
2175 5316 2316 5371 sicut
2346 5315 2639 5387 Apostolus
2691 5315 2784 5381 ait,
2820 5332 2839 5366 ι
2878 5313 3038 5369 Petra
3066 5323 3246 5368 autem
3280 5321 3403 5366 erat
3431 5312 3592 5371 Chri-

2011 5415 2149 5471 stus,
2184 5427 2203 5458 ι
2236 5406 2310 5460 ita
2353 5407 2467 5476 ipse
2495 5405 2756 5460 Dominus
2788 5418 2803 5458 :
2853 5423 2874 5456 ι
2913 5402 3030 5458 Non
3058 5409 3255 5473 potest,
3287 5400 3485 5470 inquit,
3515 5402 3594 5458 cio

2010 5500 2154 5553 vitas
2182 5497 2440 5553 abscondi
2468 5512 2629 5567 super
2654 5505 2892 5551 montem
2923 5496 3098 5566 posita
3127 5491 3341 5565 (Matth.
3368 5492 3445 5565 v),
3480 5513 3500 5548 ι
3534 5509 3595 5553 se

2013 5592 2221 5647 scilicet
2241 5598 2482 5646 montem
2518 5587 2815 5658 appellans,
2850 5585 3037 5641 ﬁdeles
3063 5591 3245 5639 autem
3272 5596 3400 5642 suos
3428 5585 3483 5640 in
3507 5585 3595 5643 sui

2016 5685 2250 5740 nominis
2274 5683 2443 5755 gloria
2465 5683 2734 5746 fundatos,
2759 5692 3009 5737 asserens
3030 5676 3325 5735 civitatem.
3353 5679 3593 5737 Pruzlem
