3978 6182
508 162 610 216 847

1168 163 1227 216 Β.
1273 163 1521 218 ΒΑΒΑΝΙ
1557 166 1782 220 MAI?!“
1820 167 2134 222 ARClllEP.
2179 170 2484 227 MOGUNT.
2527 173 2810 232 OPERUM
2853 178 3032 238 PARS
3069 181 3108 236 l.

3576 201 3684 258 ‘818

505 273 575 327 tia
599 273 744 327 enim
775 273 956 326 carnis
979 274 1129 338 vivit,
1157 290 1277 328 cum
1311 284 1567 344 tanquam
1604 287 1754 347 petra
1784 293 2039 348 percussa
2059 319 2072 342 ,
2105 285 2149 342 Α
2180 291 2320 344 sunt,
2354 291 2409 336 et
2437 284 2740 352 gigantibus
2774 290 3102 358 proceritate
3133 298 3540 368 cozequabantur,
3563 310 3688 366 simi.

501 364 702 419 Christi
753 364 1032 418 humilitas
1086 365 1138 419 in
1179 381 1340 420 cruce
1396 369 1782 424 contemnitur.
1822 369 2071 426 Christus

502 455 796 510 cruciﬁxus
833 453 1033 510 Judzeis
1087 457 1399 512 scandalum
1445 467 1554 522 est,
1599 460 1854 527 gentibus
1891 471 2076 516 autem

500 547 749 601 stultitia.
776 547 841 600 Et
867 549 1150 617 prudentia
1179 549 1356 604 carnis
1379 550 1628 616 moritur,
1657 565 1780 606 cum
1817 561 2072 622 tanquam

499 639 698 691 montis
762 639 1056 692 eminentia
1124 638 1370 694 Christus
1425 639 1672 696 excelsus
1737 643 2066 712 agnoscitur.

499 727 634 796 lpsis
671 727 813 780 enim
855 728 1059 782 vocatis
1096 727 1294 783 Judaeis
1333 737 1388 783 et
1439 729 1664 796 Graecis,
1701 729 1949 786 Christus
1976 733 2070 787 Dei

499 820 693 883 virtus,
721 827 775 874 ct
805 819 898 873 Dei
927 819 1192 888 sapientia
1221 829 1322 875 est.

1104 929 1331 986 CAPUT
1374 931 1462 988 IV.

495 1019 574 1072 De
598 1021 718 1085 hoc,
743 1019 880 1090 quod
907 1021 1152 1092 prohibiti
1189 1032 1309 1076 sunt
1341 1039 1574 1092 pugnare
1600 1022 2066 1080 Israelitw'contra

957 1089 1218 1144 Moabilas
1249 1103 1296 1145 rt
1325 1089 1611 1148 mammas.

565 1177 741 1250 (lam)
791 1198 806 1229 ι
849 1179 1092 1249 Cumque
1141 1183 1388 1237 instructi
1439 1185 1608 1239 armis
1659 1187 1960 1256 pergerctis
2012 1187 2066 1242 in

499 1289 514 1319 ε
561 1280 820 1335 montem,
861 1272 939 1326 ait
991 1273 1122 1326 mihi
1160 1272 1422 1330 Dominus
1457 1294 1468 1328 :
1512 1275 1606 1331 Dic
1648 1280 1715 1330 ad
1769 1294 1862 1333 eos
1904 1294 1918 1332 :
1960 1280 2065 1334 No-

497 1381 514 1410 I
561 1361 654 1416 lite
695 1363 991 1416 ascendere
1016 1403 1028 1422 .
1068 1378 1243 1432 neque
1281 1368 1556 1436 pugnetis.
1596 1367 1710 1422 Non
1756 1371 1900 1424 enim
1945 1387 2063 1426 sum

496 1470 512 1498 ι
560 1450 856 1514 vobiscum,
885 1453 1202 1506 ne'cadatis
1226 1468 1409 1508 coram
1437 1455 1670 1511 inimicis
1712 1461 1926 1514 vestris.
1958 1459 2061 1514 Lo-

495 1559 513 1589 ‹
559 1548 717 1594 cutus
756 1554 875 1593 sum
916 1548 972 1594 et
1001 1541 1228 1596 audistis
1263 1560 1272 1595 :
1309 1543 1404 1597 sed
1443 1545 1793 1600 adversantes
1838 1548 2063 1618 imperio

2180 369 2305 423 liter
2331 373 2636 440 signiﬁcant
2663 376 2938 445 spiritales
2967 381 3250 450 nequitias,
3277 387 3409 442 sicut
3432 407 3600 450 nomen
3618 413 3688 454 eo-

2176 475 2292 513 rum
2326 469 2573 518 testatur.
2605 465 2738 519 Nam
2767 468 2964 524 monile
2993 471 3046 524 in
3075 473 3212 528 collo
3238 477 3440 534 sublimi
3469 483 3689 557 interpre-

2173 559 2338 606 tatur.
2389 553 2584 610 Hostes
2609 557 2757 612 enim
2803 560 3075 630 spiritales
3101 567 3360 636 superbia!
3407 571 3533 629 fastu
3563 553 3685 645 elati.

2169 659 2384 698 onmem
2439 656 2750 716 paraturam
2817 652 3040 708 malitiae
3094 670 3202 712 sua;
3264 665 3482 730 propriae
3533 670 3687 728 virtuti

2169 735 2464 789 ascribunt.
2495 737 2559 790 Et
2599 737 2718 793 ideo
2747 738 2906 796 facile
2933 755 3262 814 superantur
3282 750 3452 807 abhis
3493 759 3572 825 qui
3603 777 3686 817 non

2171 820 2222 874 in
2251 836 2369 886 sua,
2400 824 2493 877 sed
2523 825 2576 878 in
2606 825 2700 879 Dei
2741 829 2943 884 virtute
2967 833 3262 902 conﬁdunt,
3305 840 3392 907 qui
3419 820 3530 897 cum
3569 846 3686 902 Psal-

2169 913 2329 967 mista
2353 915 2536 970 dicere
2559 929 2822 987 possunt:
2862 941 2881 972 ι
2920 924 3200 984 Fortitudo
3225 946 3342 986 mea
3376 945 3429 989 ct
3455 937 3558 992 laus
3595 957 3690 997 mea

2169 1005 2446 1074 Dominus,
2469 1019 2521 1063 et
2543 1010 2716 1066 fartus
2730 1023 2813 1068 est
2835 1016 2967 1071 mihi
2989 1017 3040 1071 in
3067 1019 3292 1076 salutem
3310 1023 3472 1094 (Psal.
3489 1034 3648 1102 cxvn).
3671 1055 3684 1086 I

2162 1095 2222 1150 In
2255 1097 2378 1152 Seir
2427 1111 2608 1155 autem
2657 1106 2810 1172 prius
2858 1108 3243 1166 habitaverunt
3280 1113 3486 1184 Horim;
3529 1095 3690 1190 quibus

2167 1190 2406 1258 expulsis
2419 1202 2581 1263 atque
2606 1196 2816 1263 deletis,
2834 1200 3215 1259 habitaverunt
3230 1207 3321 1261 ﬁlii
3338 1209 3488 1276 Esau,
3504 1213 3621 1266 sicut
3635 1214 3688 1268 lc-

2165 1280 2239 1333 cit
2253 1281 2413 1335 Israel
2440 1284 2490 1337 in
2508 1293 2650 1340 terra
2666 1292 3022 1356 possessionis
3036 1309 3166 1360 suae,
3181 1313 3339 1367 quam
3354 1301 3543 1357 deditei
3555 1305 3688 1361 Dens.

2165 1368 2288 1422 Seir
2303 1386 2458 1426 mons
2479 1374 2629 1427 estin
2651 1383 2795 1430 terra
2815 1377 3005 1443 Edam,
3024 1383 3075 1435 in
3098 1399 3206 1451 quo
3231 1386 3479 1444 habitavit
3504 1391 3624 1446 Esau
3647 1397 3690 1449 in

2166 1459 2382 1528 regione
2407 1460 2715 1530 Gebabena,
2756 1483 2876 1548 qua:
2904 1485 3052 1524 ex-eo
3083 1476 3226 1542 quod
3255 1476 3390 1532 Esau
3416 1481 3599 1548 pilosus
3617 1500 3688 1537 cs-

2166 1561 2247 1604 set
2276 1562 2330 1606 et
2359 1553 2620 1624 hispidus,
2651 1557 2793 1623 Seir,
2827 1545 2928 1616 hoc
2957 1573 3040 1617 est
3069 1565 3245 1633 pilosi,
3277 1584 3462 1624 nomen
3487 1577 3685 1644 accepit;

492 1649 511 1681 ι
561 1631 794 1694 Domini,
857 1641 911 1686 et
965 1641 1229 1687 tmnentcs
1290 1635 1561 1704 superbia,
1626 1639 1946 1693 ascendistis
2006 1641 2058 1692 in
2092 1633 2135 1690 Β
2166 1645 2218 1698 in
2247 1646 2444 1714 quibus
2475 1647 2610 1702 locis
2641 1659 2766 1704 ante
2795 1631 3082 1721 habitavit
3107 1631 3408 1725 Chorrmns,
3435 1678 3580 1731 quem
3600 1631 3689 1719 ⁸ίιιζ

491 1744 511 1777 ι
560 1736 816 1780 montem.
845 1727 1028 1795 Itaque
1057 1726 1405 1782 Amorrhzeus
1433 1744 1701 1798 egressus,
1727 1733 1815 1800 qui
1846 1733 2059 1786 habita-

491 1836 510 1868 ι
557 1819 648 1872 bat
682 1819 732 1871 in
763 1819 1035 1872 montibus
1053 1827 1108 1871 et
1131 1819 1344 1872 obviam
1372 1823 1617 1885 veniens,
1649 1833 1965 1890 persecutus
1979 1834 2060 1877 est

489 1929 509 1960 ‹
554 1926 670 1975 vos,
699 1911 839 1966 sicut
867 1909 1042 1964 solent
1089 1925 1218 1980 apes
1249 1912 1500 1980 persequi
1531 1931 1542 1964 :
1577 1922 1632 1966 et
1677 1913 1952 1968 cecidistis
1995 1916 2064 1968 de

489 2019 507 2048 ε
556 1999 678 2053 Seir
712 2014 884 2068 usque
928 1998 1147 2062 llorma,
1201 2009 1307 2052 etc.
1347 2019 1366 2051 ι
1405 1999 1528 2054 Hch
1567 2003 1836 2055 sententia
1871 2003 2061 2057 huma—

482 2109 605 2145 nam
636 2095 869 2160 percutit
893 2093 1224 2160 superbiam,
1258 2109 1378 2160 quze
1406 2093 1471 2147 de
1495 2093 1609 2148 suis
1635 2095 1837 2149 viribus
1862 2111 2061 2164 prtrsu-

487 2184 601 2247 init,
635 2191 810 2236 etnon
843 2183 896 2235 in
929 2183 1018 2236 Dei
1053 2183 1273 2236 conﬁdit
1296 2185 1555 2252 potentia.
1585 2185 1880 2239 Amorrhaai
1905 2201 2058 2256 ergo,

481 2276 572 2344 (ιυί
607 2276 1048 2343 interpretantur,
1083 2284 1143 2328 ut
1178 2275 1424 2344 superius
1453 2275 1688 2329 diximus
1712 2317 1726 2340 ,
1757 2277 2059 2330 amarican-

483 2380 583 2428 tes,
616 2369 798 2421 hostes
824 2374 950 2418 sunt
976 2366 1268 2435 spiritales,
1296 2367 1387 2434 qui
1419 2367 1668 2420 habitant
1700 2368 1750 2420 in
1782 2367 2058 2421 montibus

482 2459 766 2526 sttpt't'ltia‘,
804 2467 862 2510 et
902 2467 1359 2526 przcsumptuosos
1392 2465 1606 2510 necant.
1641 2457 1713 2510 De
1737 2456 1860 2511 Scir
1887 2473 2058 2526 usque

481 2551 702 2612 llortna,
759 2550 859 2602 hoc
887 2559 992 2610 est,
1039 2548 1163 2616 quia
1214 2547 1465 2617 squalore
1506 2548 1760 2601 vitiorum
1810 2549 2060 2601 sordibus

481 2658 585 2694 non
633 2641 824 2694 metuit
856 2639 1042 2710 pollui,
1099 2639 1243 2693 hunc
1287 2655 1510 2694 necesse
1547 2649 1630 2694 est
1673 2657 1772 2710 pro
1817 2641 2058 2710 pristinis

478 2731 690 2782 meritis
753 2729 1014 2799 gehennzc
1061 2728 1272 2799 ignibus
1301 2729 1459 2782 tradi.
1499 2729 1760 2783 lecstrs
1784 2730 1928 2783 enim
1967 2744 2058 2784 ne—

478 2820 662 2886 quilim
691 2834 811 2887 quae
841 2819 1118 2872 interitum
1150 2826 1396 2872 nostrum
1428 2818 1756 2881 desiderant,
1791 2828 1849 2873 et
1887 2829 2057 2876 terre-

460 2909 565 2963 \iis
595 2909 990 2978 cupiditatibus
1031 2923 1128 2961 nos
1159 2907 1435 2977 implicare
1479 2907 1682 2971 volunt,
1727 2909 1772 2962 si
1806 2925 2056 2980 perseve-

478 3002 779 3055 raverimus
802 3001 853 3054 in
881 3000 1183 3070 percatisct
1206 3000 1256 3054 in
1283 3001 1553 3054 montibus
1575 3002 1844 3070 superbiat
1869 3018 2057 3057 ascen-

477 3091 606 3144 dere
636 3105 742 3143 non
792 3087 1124 3154 desistimus,
1168 3090 1452 3144 concident
1503 3107 1605 3144 nos
1639 3091 1822 3160 ignitis
1843 3091 2053 3160 jaculis,

475 3187 641 3248 atque
687 3179 978 3233 anathema
1028 3187 1350 3248 perpetuum
1389 3181 1706 3249 perducent.
1743 3181 1899 3237 Unde
1928 3197 2055 3249 non,

475 3267 770 3321 secundum
811 3265 1223 3336 Pelagianistas,
1269 3270 1335 3322 de
1380 3277 1564 3322 nostra
1597 3269 1716 3324 sine
1744 3271 1914 3340 gratia
1959 3269 2054 3324 Dei

473 3369 802 3426 praesumere
827 3357 1086 3418 debemus
1116 3359 1378 3426 potentia,
1421 3359 1514 3412 sed
1553 3359 1924 3424 infirmitatem
1956 3375 2054 3416 no-

474 3458 644 3500 stram
675 3447 1108 3513 considerantes,
1159 3447 1212 3502 id
1254 3449 1399 3518 quod
1431 3449 1641 3504 Domini
1673 3464 1770 3504 ore
1811 3451 2057 3506 decerni-

475 3549 582 3600 tur,
617 3539 976 3594 obediendum
1013 3547 1068 3593 et
1101 3540 1432 3608 sequendtun
1459 3556 1556 3610 per
1575 3541 1758 3595 omnia
1785 3543 1940 3597 nobis
1964 3543 2057 3597 bu-

472 3629 673 3682 militcr
717 3629 1025 3694 credamus,
1057 3629 1244 3700 sicque
1287 3631 1444 3686 nobis
1493 3632 1675 3688 hostes
1701 3634 1884 3688 cuncti
1915 3633 2054 3688 infe-

475 3721 648 3772 riorcs
676 3719 946 3783 existunt,
974 3730 1029 3774 et
1073 3719 1140 3774 ad
1173 3720 1410 3776 caelestis
1435 3723 1628 3791 patria:
1652 3725 1846 3794 gaudia
1871 3763 1886 3790 ,
1936 3741 2056 3794 quae

471 3809 626 3862 nobis
657 3808 923 3876 promissa
952 3819 1100 3876 sunt,
1136 3811 1424 3880 pervenire
1450 3827 1546 3881 per
1582 3812 1796 3868 Domini
1843 3815 2058 3871 miseri-

472 3900 711 3954 cordiam
739 3899 1171 3968 praevalebimus.
1228 3901 1379 3972 (Car.
1413 3903 1500 3974 ιι.)
1540 3922 1557 3954 ι
1592 3904 1847 3973 Dixitque
1870 3906 2054 3976 Domi-

475 4009 494 4042 ι
543 4006 647 4044 nus
685 3991 754 4044 ad
803 4005 889 4045 me
934 3990 1096 4045 :Non
1142 4007 1350 4062 pugnes
1397 4003 1586 4048 contra
1629 3995 1908 4058 Moabitas,
1953 4013 2054 4054 nec

475 4098 495 4132 ε
541 4081 692 4135 ineas
725 4079 986 4135 adversus
1015 4096 1110 4136 eos
1142 4082 1385 4151 praelium
1429 4103 1442 4138 :
1473 4100 1578 4139 non
1605 4087 1750 4140 enim
1775 4087 1912 4142 dabo
1955 4089 2052 4143 tibi

475 4190 495 4226 ι
535 4171 834 4242 quidquam
863 4171 930 4226 de
958 4180 1102 4226 terra
1132 4187 1353 4238 eorum,
1399 4173 1525 4242 quia
1557 4175 1682 4229 ﬁliis
1715 4175 1854 4230 Loth
1887 4186 1907 4230 t
1937 4177 2051 4231 adi-

477 4282 494 4314 ι
539 4265 590 4319 di
625 4261 702 4317 Ar
729 4263 784 4316 in
837 4265 1257 4333 possessionem.
1290 4264 1465 4319 Emim
1498 4267 1552 4322 in
1599 4269 1792 4337 primis
1834 4268 2050 4324 fuerunt

478 4373 498 4405 ι
546 4355 880 4409 habitatores
929 4353 1062 4421 eius,
1095 4355 1324 4426 populus
1371 4371 1599 4425 magnus
1641 4367 1696 4414 et
1730 4360 1956 4424 validus,
1993 4372 2047 4416 et

476 4465 494 4497 ι
542 4455 652 4502 tam
685 4447 954 4513 excelsus,
999 4457 1056 4502 ut
1085 4449 1150 4502 de
1177 4448 1397 4503 Enacim
1427 4451 1594 4522 stirpe
1620 4453 1774 4521 quasi
1804 4453 2049 4524 gigantes

479 4555 497 4585 ι
545 4539 919 4604 crederentur,
967 4549 1020 4593 et
1065 4549 1247 4593 essent
1276 4541 1478 4596 similes
1527 4542 1757 4598 ﬁliorum
1804 4545 2044 4600 Enacim.

478 4647 494 4680 ι
545 4627 786 4700 Denique
814 4629 1061 4686 Moabitze
1085 4631 1358 4700 appellant
1389 4647 1482 4686 eos
1511 4633 1705 4687 Emim.
1751 4655 1771 4686 ι
1813 4636 1890 4687 Ar
1937 4651 2050 4690 me-

473 4721 698 4790 tr0polis
725 4729 806 4776 est
838 4722 1194 4780 Moabitarum
1223 4739 1384 4792 super
1426 4726 1598 4793 ripam
1625 4724 1807 4780 Arnen
1844 4728 2012 4796 posita
2032 4767 2048 4792 ,

470 4825 721 4883 possessa
747 4811 876 4864 olim
911 4821 1106 4882 agente
1133 4815 1422 4870 veterrima
1448 4815 1646 4882 Emim,
1671 4825 1725 4870 et
1750 4825 1936 4884 postea
1969 4835 2050 4874 reo

474 4910 620 4955 tenta
669 4916 700 4953 a
732 4900 858 4956 ﬁliis
899 4902 1059 4968 Loth,
1107 4905 1160 4960 id
1201 4915 1284 4959 est
1310 4921 1342 4959 a
1370 4905 1639 4972 Moabitis,
1667 4923 1792 4962 cum
1835 4910 2050 4965 accolas

471 4993 900 5058 subvertissent;
947 5005 1001 5049 et
1026 4998 1332 5052 ostenditur
1357 5014 1528 5068 usque
1555 5000 1718 5056 hodie
1765 5002 1818 5056 in
1846 5005 2050 5060 vertice

469 5084 674 5139 montis
723 5083 914 5152 ipsius.
950 5085 1059 5140 Sed
1098 5097 1153 5142 et
1187 5097 1400 5144 torrens
1429 5106 1526 5160 per
1561 5071 1792 5162 abrupta
1825 5093 2050 5150 descen-

473 5179 630 5248 dens,
656 5181 710 5236 in
743 5195 894 5237 mare
933 5179 1203 5236 Mortuum
1253 5183 1387 5240 ﬁuit.
1438 5185 1830 5256 Interpretatur
1866 5201 2048 5245 autem

471 5276 572 5342 Ar,
615 5277 898 5333 suscitavit
949 5285 1006 5332 et
1049 5277 1226 5332 Emim
1283 5281 1584 5346 terribiles,
1633 5282 2050 5354 signiﬁcantque

475 5370 659 5426 hostes
705 5369 998 5440 Spiritales,
1052 5371 1143 5440 qui
1192 5386 1406 5443 semper
1437 5373 1557 5428 lites
1594 5387 1650 5428 et
1675 5378 2050 5434 contentiones

475 5457 758 5524 suscitant,
785 5467 840 5514 et
867 5458 971 5516 tela
999 5460 1254 5530 nequitia:
1288 5471 1475 5515 contra
1500 5462 1592 5517 Dei
1615 5479 1802 5520 servos
1830 5475 2045 5536 parant.

477 5545 584 5603 Nec
630 5564 736 5604 non
780 5560 836 5606 et
879 5551 1127 5617 Eaacim,
1159 5552 1250 5622 qui
1295 5552 1362 5607 de
1388 5553 1554 5622 stirpe
1584 5553 1734 5609 Enak
1775 5557 2047 5626 procreati

2165 1734 2379 1790 terl'ecit
2428 1737 2874 1795 Chodoriaomor.
2942 1744 3187 1801 Meminit
3248 1753 3438 1806 montis
3496 1751 3603 1807 Scir
3649 1768 3692 1810 et

2163 1823 2328 1878 Isaias
2357 1825 2410 1879 in
2439 1827 2648 1882 visione
2673 1829 2936 1886 ldnmtcae.
2970 1834 3214 1891 Chorrzei
3243 1839 3383 1893 enim
3407 1841 3488 1896 isti
3513 1853 3562 1897 et
3590 1861 3690 1915 grn-

2165 1923 2243 1966 tes
2269 1923 2518 1980 caeterze,
2545 1931 2682 1985 quas
2725 1934 3116 1988 superaverunt
3159 1925 3231 1980 illi
3273 1929 3361 1996 qui
3393 1916 3693 2000 de‘patriar-

2161 2004 2382 2058 charum
2429 2009 2637 2062 semine
2683 2011 3098 2079 descenderunt,
3155 2019 3380 2088 mystice
3426 2021 3692 2090 signiﬁcant

2162 2094 2426 2164 malignos
2459 2098 2701 2166 spiritus,
2747 2101 2833 2154 vel
2861 2103 2990 2157 vitia
3017 2106 3230 2161 diversa
3262 2124 3378 2178 qua:
3403 2113 3472 2165 illi
3500 2113 3590 2166 rite
3623 2130 3693 2166 su-

2159 2199 2353 2252 perare
2377 2198 2623 2256 possunt,
2651 2193 2742 2260 qui
2771 2203 3082 2249 sanctorum
3110 2196 3333 2253 Patrum
3361 2201 3602 2270 vestigiis,
3623 2204 3690 2256 du-

2161 2275 2352 2329 ctrinis
2381 2287 2548 2347 atque
2576 2282 2840 2352 exemplis
2868 2283 3151 2351 insistunt,
3184 2297 3239 2343 et
3281 2291 3526 2346 malitiam
3557 2295 3690 2364 spiri-

2161 2362 2322 2416 talem
2368 2365 2469 2418 suh
2513 2381 2638 2437 rege
2671 2368 2890 2424 Christo
2918 2375 3192 2430 veraciter
3215 2388 3379 2448 agunt
3419 2399 3432 2432 ε
3460 2383 3520 2434 de
3547 2362 3690 2450 quali-

2160 2451 2258 2506 bus
2289 2455 2420 2508 dicit
2445 2456 2738 2526 Apostolus
2768 2479 2778 2512 :
2819 2479 2837 2511 ι
2873 2461 2987 2518 Non
3030 2475 3114 2520 est
3145 2467 3302 2523 nobis
3325 2469 3606 2526 colluctatio
3624 2472 3692 2526 ad-

2162 2557 2350 2598 versus
2375 2561 2598 2601 carnem
2621 2559 2677 2603 et
2703 2554 3042 2622 sanguinem,
3070 2559 3162 2611 sed
3189 2561 3444 2615 adversus
3465 2565 3696 2632 principes

2160 2645 2214 2687 et
2251 2645 2574 2704 potestates,
2616 2640 2874 2698 adversus
2906 2647 3091 2700 mundi
3125 2659 3368 2706 rectores
3399 2654 3694 2707 tenebrarum

2158 2725 2373 2792 harum,
2437 2738 2624 2784 contra
2670 2733 2931 2800 spiritalia
2989 2740 3252 2808 nequitize
3306 2743 3356 2796 in
3415 2744 3687 2798 coelestibus

2159 2815 2380 2887 (Epiros.
2411 2819 2509 2890 vr).
2550 2840 2566 2872 ι

2783 2914 3010 2974 CAPUT
3054 2921 3112 2977 γ.

2161 2987 2600 3086 Comm‘emotluio
2624 3003 2826 3086 itineris
2847 3007 2912 3060 de
2937 3008 3278 3086 Ca‘desbarne
3298 3031 3452 3086 usque
3477 3019 3539 3070 ad
3557 3029 3695 3071 trans-

2311 3068 2441 3121 itum
2469 3068 2660 3135 Zared,
2692 3074 2790 3128 hoc
2813 3086 2887 3130 est
2917 3079 3133 3148 triginta
3163 3095 3286 3138 octo
3310 3068 3567 3141 adoriri".

2229 3179 2410 3251 (latn.)
2453 3202 2473 3234 σ
2519 3183 2816 3257 Surgentcs
2853 3205 2983 3262 ergo
3029 3201 3088 3248 ut
3126 3198 3482 3253 transiremus
3523 3209 3695 3255 torren-

2167 3287 2186 3320 ‹
2233 3279 2339 3325 tem
2371 3273 2565 3338 Zared,
2597 3277 2844 3333 venimus
2869 3281 2936 3335 ad
2959 3296 3105 3336 eum.
3135 3284 3378 3358 Tempus
3415 3300 3576 3345 autem
3609 3307 3696 3359 quo

2165 3377 2182 3409 ι
2231 3361 2628 3421 ambulavimus
2665 3368 2734 3423 de
2767 3368 3114 3428 Cadesbarne
3151 3391 3327 3447 usque
3356 3381 3422 3434 ad
3449 3382 3696 3435 transitum

2165 3468 2184 3501 ι
2227 3455 2485 3508 torrentis
2513 3455 2688 3512 Zared
2721 3461 2937 3531 triginta
2963 3473 3087 3518 octo
3111 3481 3386 3524 annorum
3413 3471 3529 3538 luit;
3550 3473 3694 3525 donec

2161 3560 2180 3592 ι
2225 3557 2644 3600 consumeretur
2666 3551 2844 3605 omnis
2883 3558 3162 3622 generatio
3203 3559 3478 3615 hominum
3510 3561 3696 3616 bellato-

2161 3651 2178 3684 ι
2227 3650 2345 3689 rum
2377 3636 2446 3689 de
2469 3639 2667 3694 castris
2691 3680 2705 3704 ,
2750 3641 2894 3696 sicut
2929 3643 3221 3712 juraverat
3257 3649 3541 3706 Dominus:
3570 3653 3696 3721 cujus

2161 3744 2179 3777 ς
2229 3742 2421 3782 manus
2455 3729 2558 3784 fuit
2583 3731 2842 3788 adversus
2883 3751 3011 3800 eos,
3043 3750 3102 3792 ut
3143 3740 3434 3799 interirent
3467 3746 3528 3799 de
3549 3744 3696 3799 medio

2159 3836 2176 3868 ι
2223 3829 2550 3875 castrorum.
2593 3843 2612 3874 ι
2645 3822 2992 3883 Cadesbarne
3023 3838 3108 3883 est
3134 3830 3292 3889 locus
3317 3835 3370 3889 in
3401 3835 3598 3890 deserto
3623 3835 3694 3903 qni

2151 3913 2495 3984 coniungitur
2535 3917 2742 3970 civitati
2790 3918 2964 3974 Petra:
2992 3921 3046 3976 in
3083 3922 3321 3990 Arabia,
3356 3927 3443 3982 tibi
3482 3927 3696 3984 occubuit

2153 4003 2318 4057 Maria
2347 4012 2401 4058 et
2429 4005 2660 4076 Moyses,
2689 4007 2801 4072 ubi,
2835 4025 2968 4080 rupe
2995 4027 3283 4082 percussa,
3306 4032 3497 4085 aquam
3526 4017 3694 4070 sitienti

2151 4094 2347 4161 popqu
2393 4096 2560 4150 dedit.
2599 4096 2931 4154 Monstratnr
2965 4102 3164 4158 ibidem
3199 4123 3373 4177 usque
3416 4109 3466 4162 in
3496 4120 3694 4177 presen-

2154 4193 2260 4235 tcm
2283 4184 2424 4237 diem
2456 4187 2767 4254 sepulcrum
2797 4188 2994 4244 Mariae.
3026 4191 3132 4247 Sed
3173 4205 3233 4248 et
3277 4199 3540 4267 principes
3564 4197 3696 4251 Ama-

2153 4275 2234 4330 lec
2266 4277 2340 4330 ibi
2384 4293 2414 4330 a
2457 4279 2887 4337 Chodorlaomor
2915 4287 3040 4339 caesi
3075 4298 3226 4342 sunt.
3261 4290 3413 4357 Quod
3438 4301 3600 4345 autem
3627 4303 3694 4342 se-

2154 4370 2330 4423 cundo
2359 4386 2502 4424 anno
2531 4374 2860 4441 egressionis
2907 4377 3140 4431 ﬁliorum
3187 4380 3352 4436 Israel
3395 4385 3459 4438 de
3497 4379 3696 4452 Egypto

2155 4462 2295 4516 idem
2327 4463 2558 4533 populus
2589 4465 2641 4519 in
2665 4467 2939 4521 desertum
2967 4467 3181 4524 Pharao
3201 4511 3216 4535 ,
3245 4475 3392 4542 quod
3416 4481 3495 4528 est
3518 4471 3693 4531 Gades.

2156 4554 2392 4616 venerit,
2425 4554 2515 4608 ubi
2547 4554 2780 4610 reversis
2805 4555 3265 4626 exploratoribus,
3293 4571 3346 4616 et
3377 4563 3441 4618 de
3469 4560 3695 4616 fructibus

2155 4653 2315 4700 terra:
2345 4643 2602 4701 Chanaan
2642 4661 2826 4702 secum
2854 4652 3298 4708 renuntiantihus
3335 4669 3550 4723 quaeque
3571 4651 3693 4705 vide-

2157 4744 2305 4799 runt,
2337 4748 2817 4793 murmuraverunt
2843 4750 3035 4794 contra
3068 4741 3288 4813 Moysen
3329 4753 3384 4798 et
3421 4744 3618 4804 Aaron,
3651 4747 3696 4792 et

2151 4828 2223 4884 ob
2245 4829 2350 4884 hoc
2380 4829 2524 4900 longi
2553 4830 2764 4886 itineris
2803 4831 3037 4886 confecti
3071 4835 3231 4888 tmdio
3249 4877 3264 4900 ,
3293 4837 3695 4900 mortalitate.qu

2149 4919 2394 4990 percussi
2413 4918 2759 4985 interierunt,
2773 4922 2876 4976 iste
2897 4922 3049 4978 locus
3066 4924 3370 4996 Scriptura:
3387 4924 3694 4980 manifestum

2153 5010 2412 5065 indicium
2443 5010 2611 5064 dabit.
2647 5009 2749 5065 Ubi
2786 5014 3080 5068 notandum
3128 5017 3274 5084 quod
3320 5023 3496 5070 castra
3519 5011 3696 5068 scilicet

2151 5099 2235 5152 vel
2264 5099 2578 5154 mansiones
2597 5103 2952 5174 quadraginta
2983 5103 3122 5169 dute,
3153 5120 3251 5174 per
3271 5121 3410 5175 quas
3438 5104 3529 5160 ﬁlii
3553 5097 3695 5158 Israel

2151 5189 2218 5243 de
2230 5187 2463 5258 [Egypto
2485 5190 2781 5258 migrantes
2792 5193 3261 5262 usqueJordanem
3278 5196 3536 5258 habuere,
3551 5193 3691 5246 trium

2153 5281 2524 5336 tantummodo
2551 5297 2854 5353 congruere
2899 5285 3184 5340 curriculis
3229 5300 3496 5340 annorum
3540 5279 3695 5335 viden-

2154 5381 2262 5436 tur,
2293 5373 2450 5442 primi
2480 5374 2751 5441 videlicet,
2785 5377 3008 5433 secundi
3039 5386 3094 5432 et
3115 5376 3515 5448 quadragesimi
3537 5383 3692 5443 egres-

2151 5462 2320 5517 sionis
2348 5478 2415 5516 ex
2451 5462 2706 5534 ZEgypto.
2733 5464 2949 5521 Primus
2995 5469 3236 5522 continet
3269 5481 3450 5521 annus
3492 5459 3686 5518 mansio

2151 5571 2250 5612 nes
2277 5565 2424 5612 certa
2463 5557 2810 5616 distinctione
2853 5561 3157 5619 duodecim.
3189 5561 3428 5618 Primam
3468 5562 3695 5616 Ramesse
