3964 6192
254 466 362 523 849

1041 453 1439 510 ENARRATIO
1475 450 1703 508 SUPER
1743 445 2360 503 DEUTERONOMIUM.
2407 477 2471 486 —-
2509 447 2638 502 LIB.
2681 448 2720 501 Ι.

3433 447 3536 501 833

253 576 471 632 decima
511 573 700 642 quinta
751 569 914 639 primi
959 568 1162 624 mensis
1211 567 1547 638 ingressam,
1595 561 1842 618 ultimam
1871 557 2073 627 Aluit,
2097 560 2270 616 donec
2297 544 2714 617 consumeretur
2747 562 2925 616 omnis
2957 564 3234 630 generatio
3255 564 3536 618 hominum

252 667 608 727 solitudinem
649 663 798 718 Siuai
831 662 1006 732 prima
1031 661 1120 717 die
1146 660 1294 716 tertii
1335 658 1540 714 mensis
1579 657 1764 712 addita
1793 664 1848 711 et

252 776 356 832 per
383 757 638 814 undecim
662 769 880 810 menses
904 753 1193 811 continuos
1215 749 1572 807 construendi
1601 748 1848 802 taberna-

251 851 394 916 culi,
421 859 476 905 et
503 846 760 904 docenda:
794 844 928 914 legis
948 843 1122 915 gratia
1143 842 1366 897 minime
1397 841 1642 896 relictam
1670 856 1684 892 :
1713 853 1848 908 qua-

252 959 386 1000 rum
405 939 668 996 videlicet
695 937 986 994 duodecim
1022 935 1392 999 mansionum,
1421 947 1616 987 novem
1645 929 1847 987 solum-

237 1021 425 1091 ‘modo
451 1034 592 1090 liber
633 1029 806 1086 Exodi
855 1028 1178 1084 nominatim
1225 1027 1570 1096 exprimens,
1618 1032 1848 1080 exteras

256 1133 374 1180 tres
399 1121 504 1178 sub
531 1121 732 1177 deserti
763 1119 885 1184 Sin,
907 1119 1056 1190 quod
1077 1133 1200 1172 esse
1226 1117 1427 1174 dicitur
1457 1115 1601 1170 inter
1622 1115 1762 1169 Elim
1790 1124 1845 1170 et

255 1213 434 1279 Sinai,
457 1211 724 1269 vocabulo
747 1211 1044 1266 indiscrete
1066 1207 1350 1280 praeteriit.
1369 1205 1656 1262 Secundus
1671 1221 1846 1260 annus

251 1303 640 1376 complectitur
684 1300 998 1358 mansiones
1033 1299 1224 1370 viginti
1263 1306 1320 1354 et
1348 1295 1766 1365 unam;quibus
1790 1293 1845 1348 in

253 1393 455 1448 ordine
477 1391 725 1448 historia:
751 1389 964 1446 cunctis
990 1387 1362 1443 indili'erenter
1397 1386 1500 1442 sub
1537 1382 1846 1440 solitudinis

253 1483 478 1540 Pharan
525 1482 746 1538 nomine
797 1477 1237 1550 comprehensis,
1264 1478 1438 1548 prima
1465 1475 1640 1532 solum
1672 1482 1729 1530 et
1754 1489 1843 1529 se-

251 1575 438 1630 cunda
491 1582 549 1629 et
577 1572 788 1634 ultima,
819 1571 923 1625 hoc
955 1577 1041 1625 est
1068 1568 1317 1639 sepulcra
1353 1563 1806 1636 concupiscentia:
1827 1604 1840 1628 ,

252 1665 530 1720 llaseroth
559 1672 616 1719 et
642 1662 844 1725 Gades,
890 1676 990 1716 suo
1032 1659 1443 1730 distinguuntur
1485 1671 1552 1710 ex
1593 1653 1840 1718 nomine;

253 1755 357 1810 scd
391 1754 448 1808 in
479 1753 728 1822 catalogo
761 1750 1104 1806 mansionum
1137 1749 1344 1818 pariter
1366 1761 1557 1801 onlnes
1589 1752 1724 1814 quot
1743 1759 1842 1797 nu-

251 1842 662 1906 meminerint,
691 1841 778 1896 vel
801 1855 910 1910 quo
931 1838 1169 1902 nomine,
1198 1837 1486 1906 diligenter
1511 1832 1838 1888 ostenditur.

250 1935 502 2001 Quarum
545 1933 722 2004 prima
773 1931 1016 1996 mansio,
1050 1930 1153 1984 hoc
1179 1923 1264 1983 est
1300 1927 1547 1998 sepulcra
1587 1923 1844 1993 concupi-
1873 1912 1920 1971 Β

252 2025 500 2091 scentiaz,
531 2024 770 2080 secundo
800 2037 986 2077 mense
1014 2019 1256 2090 ejusdem
1287 2018 1508 2073 secundi
1538 2017 1665 2071 anni
1695 2015 1843 2070 vice-

251 2117 400 2172 simo
452 2116 690 2170 secundo
743 2113 832 2169 die
885 2111 1088 2167 mensis
1141 2109 1386 2164 introitu.
1433 2127 1450 2159 ι
1501 2108 1658 2162 Almo
1699 2106 1845 2161 enim

249 2205 534 2270 secundo,
570 2214 631 2258 ut
659 2203 942 2272 Scriptura
973 2201 1136 2266 dicit,
1173 2214 1364 2256 mense
1391 2199 1630 2254 secundo
1651 2239 1666 2262 ,
1697 2199 1840 2253 vice—

251 2298 400 2354 simo
441 2296 530 2351 die
573 2295 800 2361 mensis,
844 2301 1136 2349 moverunt
1182 2303 1362 2348 castra
1405 2291 1474 2346 de
1505 2291 1725 2346 deserto
1755 2290 1844 2344 Si-

253 2391 346 2445 nai
375 2409 388 2442 :
425 2397 482 2444 et
522 2387 812 2453 recubuit,
841 2386 1046 2456 inquit,
1087 2385 1258 2440 nubes
1294 2384 1350 2439 in
1391 2383 1684 2438 solitudine
1710 2383 1848 2436 Pha-

255 2495 382 2535 mn.
437 2477 782 2547 Profectique
842 2485 970 2531 sunt
1037 2475 1108 2530 de
1163 2483 1349 2530 monte
1401 2474 1648 2539 Domini,
1699 2475 1844 2527 viam

259 2570 428 2622 trium
476 2568 728 2632 dierum,
765 2567 942 2622 donec
989 2566 1239 2620 venirent
1274 2566 1343 2620 ad
1375 2565 1554 2620 locum
1603 2565 1844 2621 mansio-

257 2661 376 2723 nis,
421 2676 542 2730 qute
568 2659 750 2730 populi
791 2673 986 2736 carnes
1017 2658 1302 2730 [Egyptias
1335 2657 1730 2722 desiderantis,
1764 2671 1848 2713 se-

259 2752 575 2823 pulcrorum
619 2751 1074 2820 concupiscentia:
1130 2766 1330 2806 nomen
1387 2752 1596 2821 accepit
1630 2751 1648 2822 (
1677 2750 1842 2805 Num.

263 2841 338 2916 ι).
377 2862 398 2894 ι
439 2841 638 2900 Ultima
684 2851 865 2896 autem
923 2843 1114 2897 harum
1160 2843 1401 2905 mansio,
1461 2842 1514 2896 id
1549 2851 1636 2897 est
1671 2841 1846 2900 Gades

262 2947 434 3008 quoto
460 2938 550 2993 die
571 2937 658 2993 vel
679 2952 866 2993 mense
894 2937 1136 3008 ejusdem
1173 2939 1298 2992 anui
1333 2939 1406 2992 sit
1435 2939 1701 3010 ingressa,
1737 2956 1846 2995 non

265 3031 502 3098 dicitur;
533 3031 626 3086 sed
657 3040 840 3086 tamen
863 3031 989 3101 quia
1013 3041 1070 3087 et
1092 3033 1208 3102 ipsa
1241 3033 1292 3086 in
1319 3031 1609 3086 solitudine
1631 3031 1845 3086 Pbaran

263 3121 368 3177 sita
390 3161 406 3186 ,
446 3121 576 3190 quia
621 3121 812 3177 eodem
856 3136 1000 3176 anno
1037 3121 1220 3177 addita
1256 3122 1448 3187 fuerit,
1479 3138 1584 3176 non
1613 3131 1841 3176 tacetur.

263 3210 541 3280 Scriptum
573 3217 659 3265 est
683 3211 828 3266 enim
857 3229 872 3264 :
908 3230 926 3262 ι
964 3211 1033 3266 Ει
1063 3212 1291 3282 populus
1319 3228 1429 3266 non
1454 3220 1539 3268 cst
1564 3221 1742 3268 motus
1778 3213 1845 3267 de

259 3304 382 3360 loco
430 3303 555 3369 illo,
603 3303 775 3358 donec
813 3311 1064 3358 revocata
1102 3312 1187 3358 est
1223 3303 1408 3358 Maria.
1453 3303 1846 3374 Profectusque

259 3405 344 3451 cst
387 3395 456 3450 de
497 3393 787 3460 llaseroth,
836 3394 960 3449 ﬁxis
1002 3393 1252 3448 tentoriis
1283 3393 1336 3448 in
1363 3394 1581 3449 deserto
1607 3393 1842 3460 Pharon,

258 3486 354 3542 ubi
403 3485 618 3542 locutus
655 3494 740 3540 est
785 3485 1046 3540 Dominus
1081 3484 1315 3540 dicens:
1355 3484 1510 3539 Mitte
1559 3485 1706 3539 viros
1752 3485 1846 3554 qui

259 3575 612 3634 considerent
659 3584 860 3632 terram
898 3575 1156 3630 Chanaan
1212 3574 1404 3646 (Num.
1453 3575 1576 3646 xu).
1627 3595 1646 3628 ι
1691 3576 1846 3642 Quod

233 3667 333 3726 'ne
361 3669 614 3740 proxima
637 3677 760 3738 post
785 3667 1050 3723 llaseroth
1078 3668 1360 3722 mansione
1376 3668 1588 3736 jussum
1620 3665 1848 3722 facturn—

259 3776 369 3832 que
394 3768 634 3830 putetur,
661 3759 754 3815 sed
785 3759 966 3828 potius
1011 3758 1348 3829 intelligatur
1382 3758 1438 3811 in
1470 3757 1659 3811 ultima
1680 3797 1695 3822 ,
1726 3772 1847 3826 quae

260 3853 362 3906 sub
385 3850 602 3904 Pbaran
621 3849 927 3904 solitudinis
951 3850 1168 3904 nomine
1189 3848 1498 3904 continetur
1536 3847 1844 3917 impletum,

257 3944 542 3998 videamus
560 3942 704 4012 quod
725 3941 867 3996 infra
882 3942 1148 4012 scriptum
1172 3950 1275 3996 est.
1300 3941 1634 4010 lleversique
1663 3939 1851 4010 explo-

260 4046 478 4091 ratores
500 4043 658 4090 term:
679 4042 802 4105 post
822 4036 1181 4105 quadraginta
1203 4035 1319 4090 dies
1337 4049 1553 4090 onmem
1571 4033 1846 4105 regionem

262 4126 582 4188 circuiutm,
631 4128 898 4180 venerunt
938 4126 1006 4180 ad
1059 4125 1279 4196 Moysen
1324 4135 1382 4182 ct
1424 4127 1646 4188 Aaron,
1681 4134 1738 4181 et
1777 4125 1848 4180 ad

261 4230 480 4271 omnem
511 4224 715 4273 enatum
745 4217 982 4273 liliorum
1014 4217 1178 4272 Israel
1208 4217 1262 4271 in
1291 4218 1567 4272 desertum
1596 4218 1811 4272 Pharan
1829 4257 1844 4282 ,

261 4309 406 4376 quod
429 4318 516 4364 est
545 4308 598 4363 in
620 4308 814 4364 Gades.
841 4307 947 4364 Sed
969 4309 1022 4362 in
1051 4309 1470 4365 Deuteronomio
1497 4309 1710 4380 Moyses
1733 4310 1846 4378 ipse

261 4401 504 4472 loquitur
533 4402 766 4472 populo:
805 4423 822 4453 ι
861 4403 1104 4472 Cumque
1135 4403 1423 4458 venissetis
1454 4403 1510 4456 in
1546 4403 1846 4458 Cadesbar—

262 4509 366 4556 ne,
412 4492 526 4545 dixi
570 4492 724 4548 vobis
769 4511 780 4545 :
838 4493 1075 4549 chistis
1125 4493 1193 4548 ad
1235 4501 1476 4547 montem
1511 4492 1840 4556 Amorrha-i,

262 4599 426 4652 quem
471 4581 731 4638 Dominus
770 4585 913 4638 Deus
945 4593 1124 4639 vester
1151 4583 1378 4639 daturus
1403 4594 1490 4639 est
1513 4585 1686 4640 vobis.
1713 4584 1848 4640 Vide

264 4688 472 4733 terram
511 4694 676 4748 quam
720 4679 978 4734 Domi-nus
1019 4678 1162 4734 Deus
1202 4687 1328 4734 tuus
1348 4679 1500 4734 dabit
1521 4679 1847 4744 tibi,ascen-

263 4773 333 4827 de
375 4779 434 4826 et
481 4769 698 4840 posside
742 4785 882 4825 eam.
937 4770 1010 4825 Et
1058 4770 1370 4826 accessistis
1409 4770 1482 4824 ad
1527 4783 1613 4824 me
1653 4784 1848 4824 omnes

261 4875 429 4933 atque
483 4861 702 4918 dixistis
749 4881 761 4915 :
815 4861 966 4915 Mitte
1013 4861 1159 4918 viros
1207 4861 1300 4930 qui
1347 4861 1698 4916 considerent
1737 4869 1848 4915 ter-

267 4971 382 5008 ram
407 4995 424 5019 ,
477 4963 584 5008 etc.
621 4973 642 5006 ι
676 4953 831 5021 Quod
870 4961 1053 5008 autem
1098 4953 1348 5008 eamdem
1387 4953 1728 5008 mansionem
1758 4969 1843 5008 se-

264 5047 448 5101 iundo
487 5061 633 5100 anno
678 5046 1006 5117 egressionis
1036 5045 1104 5099 de
1130 5044 1364 5116 .‘Egypto
1393 5045 1648 5108 adierint,
1682 5063 1713 5100 a
1739 5063 1846 5116 qua

267 5151 449 5196 tamen
473 5146 701 5210 peccato
721 5139 1165 5192 rnurmurationis
1193 5146 1338 5192 retro
1357 5139 1579 5204 reverti,
1597 5155 1658 5194 ac
1684 5141 1852 5197 multo

267 5245 518 5301 tempore
543 5244 642 5302 per
668 5230 950 5285 decertum
977 5229 1096 5299 vagi
1130 5243 1317 5282 errare
1343 5237 1398 5282 et
1431 5229 1630 5297 passim
1656 5229 1852 5283 cadere

266 5333 620 5387 meruerunt,
662 5329 892 5378 testatur
928 5321 1142 5392 Moyses
1175 5321 1233 5384 in
1267 5320 1726 5389 consequentibus
1763 5321 1848 5374 di-

265 5433 398 5472 cens
441 5415 662 5486 (Imm):
703 5433 722 5466 ι
759 5414 990 5469 Sedistis
1037 5415 1092 5468 in
1139 5413 1485 5469 Cadesharne
1515 5413 1685 5466 multo
1715 5420 1848 5466 tem-

267 5521 422 5577 pore.
453 5505 798 5573 Prol'eetique
823 5503 970 5569 inde,
1002 5503 1248 5558 venimus
1273 5503 1326 5557 in
1351 5502 1694 5558 solitudinem
1731 5518 1850 5572 quae

266 5600 420 5653 ducit
451 5599 522 5652 ad
546 5613 696 5652 mare
722 5597 990 5659 Rubrum,
1021 5597 1160 5650 sicut
1184 5596 1314 5650 mihi
1337 5593 1547 5649 dixerat
1569 5594 1848 5651 Dominus.

266 5692 340 5745 Et
359 5688 717 5745 circuivimus
741 5697 978 5742 montem
999 5685 1125 5742 Seir
1151 5686 1312 5758 longo
1333 5694 1594 5754 tempore.
1627 5705 1646 5737 ι
1682 5685 1748 5739 Ει
1767 5686 1850 5740 in-

265 5781 354 5835 fra
374 5799 388 5834 :
410 5779 679 5848 i'l‘empus
701 5786 880 5832 autem
894 5792 1003 5847 quo
1019 5776 1412 5831 ambulavimus
1427 5777 1494 5831 de
1507 5775 1852 5832 Cadesbarne

271 5887 448 5943 usque
493 5872 561 5927 ad
591 5879 888 5928 torrentem
917 5872 1118 5939 Zared,
1163 5869 1406 5940 triginta
1433 5879 1556 5924 octo
1585 5885 1849 5926 annorum

1875 4628 1930 4686 D

1949 653 2270 709 bellatorum
2301 653 2370 711 de
2409 655 2642 720 castris,
2671 653 2815 710 sicut
2853 653 3137 723 juraverat
3185 655 3467 710 Dominus.
3509 675 3530 708 ι

1949 746 2123 802 Zared
2151 755 2334 802 autem
2359 761 2554 802 nomen
2584 762 2692 802 non
2719 758 2805 802 est
2838 747 3136 802 mansionis
3154 789 3169 813 ,
3193 747 3260 803 de
3284 747 3391 802 illis
3413 749 3535 802 dico

1949 839 2310 910 quadraginta
2338 839 2570 905 duabus,
2599 839 2694 894 sed
2719 853 2915 893 nomen
2943 839 3223 905 torrentis,
3256 840 3322 894 ad
3349 853 3536 908 quem,

1948 935 2088 992 sicut
2137 933 2192 988 in
2233 931 2597 988 Numerorum
2639 931 2912 986 volumine
2953 931 3166 1002 legitur,
3216 942 3532 1002 trangressa

1947 1026 2204 1082 vicesima
2243 1033 2437 1081 octava
2478 1023 2760 1079 mansione
2801 1039 3018 1079 nomine
3057 1022 3330 1078 Jeabarim
3377 1038 3538 1077 vene-

1949 1122 2092 1170 runt.
2129 1113 2302 1181 Quem
2331 1113 2734 1184 relinquentes,
2763 1113 2970 1182 inquit,
3003 1113 3376 1168 castrametati
3409 1121 3536 1166 sunt

1947 1215 2138 1264 contra
2172 1207 2358 1261 Arnen
2407 1220 2529 1276 qua:
2571 1214 2657 1262 est
2703 1206 2756 1260 in
2807 1206 3055 1269 deserto,
3085 1213 3140 1259 et
3177 1204 3452 1274 prominet
3482 1205 3532 1258 in

1947 1297 2147 1354 ﬁnibus
2165 1296 2467 1352 Amorrlnei
2495 1311 2510 1350 :
2534 1295 2677 1366 quod
2700 1295 3118 1366 quadragesimo
3144 1309 3287 1349 anno
3317 1304 3529 1364 gestum

1945 1388 2115 1444 fuisse
2161 1403 2270 1443 non
2296 1387 2448 1443 latet.
2501 1386 2603 1455 Qui
2655 1387 2905 1442 videlicet
2959 1401 3134 1440 anuus
3179 1384 3530 1454 quadragesi—

1946 1497 2088 1546 mus,
2113 1481 2165 1536 id
2185 1488 2288 1548 est,
2308 1489 2365 1536 et
2388 1481 2631 1546 ultimus,
2656 1479 2984 1552 longissima:
3007 1495 3102 1549 per
3130 1478 3404 1534 desertum
3434 1478 3533 1531 vim.

1946 1573 2261 1628 mansiones
2306 1571 2550 1628 continet
2611 1571 2994 1626 Numerorum.
3051 1569 3292 1636 Quarum
3356 1569 3528 1637 prima

1945 1665 2156 1720 mansio
2181 1679 2378 1734 magno
2395 1672 2480 1720 est
2501 1663 2688 1720 labore
2717 1663 2966 1733 repetita,
2997 1663 3188 1717 eadem
3221 1661 3334 1732 ipsa
3359 1662 3533 1714 Gades

1945 1755 2150 1811 deserti
2179 1754 2307 1822 Sin,
2339 1771 2502 1826 quam
2529 1763 2656 1810 ante
2699 1754 2923 1826 triginta
2953 1761 3079 1808 octo
3122 1768 3323 1817 annos,
3356 1761 3414 1806 ut
3455 1752 3536 1805 di-

1948 1857 2094 1904 ctum
2129 1857 2244 1912 est,
2283 1848 2440 1920 culpa
2471 1847 2939 1918 praevaricationis
2985 1847 3266 1918 exigente,
3306 1853 3429 1914 post
3475 1861 3533 1899 se

1948 1943 2154 1997 reversi
2190 1941 2552 2011 reliquerant;
2581 1941 2650 1996 de
2677 1956 2783 2010 qua
2811 1941 2887 1994 ita
2917 1939 3186 2008 scriptum
3215 1946 3303 1993 est
3332 1955 3345 1992 :
3382 1955 3401 1988 ι
3441 1937 3537 1991 Vc-

1946 2041 2250 2102 neruntque
2291 2032 2385 2086 ﬁlii
2418 2031 2580 2090 Israel
2615 2040 2670 2088 et
2712 2032 2891 2086 omnis
2937 2031 3227 2086 multitudo
3260 2031 3312 2084 in
3350 2029 3535 2084 deser-

1947 2133 2061 2180 tum
2088 2123 2184 2179 Sin
2209 2139 2394 2180 Iliense
2416 2125 2595 2194 primo
2619 2142 2632 2178 :
2657 2133 2715 2179 et
2741 2124 2938 2179 mansit
2979 2123 3208 2194 populus
3237 2123 3292 2176 in
3319 2121 3495 2175 Gades
3516 2161 3532 2185 ,

1947 2222 2271 2284 mortuaque
2296 2223 2382 2271 est
2420 2215 2493 2270 ibi
2523 2215 2710 2278 Maria,
2748 2223 2805 2271 et
2833 2215 3045 2286 sepulta
3087 2215 3141 2268 in
3173 2215 3364 2269 eodem
3393 2215 3528 2268 loco.

1945 2305 2191 2376 Cumque
2217 2305 2483 2375 indigeret
2505 2306 2734 2378 populus
2756 2321 2892 2376 aqua
2911 2346 2926 2370 ,
2960 2305 3210 2361 coierunt
3239 2305 3528 2359 adversum

1947 2399 2166 2470 Moysen
2199 2409 2254 2454 et
2281 2399 2488 2464 Aaron,
2517 2408 2650 2464 etc.,
2675 2419 2693 2452 ι
2723 2415 2896 2470 usque
2917 2400 2984 2452 ad
3010 2398 3086 2461 id,
3105 2397 3248 2466 quod
3270 2398 3533 2466 scriptum

1947 2499 2029 2544 est
2055 2507 2068 2543 :
2105 2509 2121 2540 ι
2159 2487 2284 2544 ιιωο
2306 2496 2389 2544 est
2414 2504 2552 2558 aqua
2577 2487 3049 2552 contradictionis,
3078 2487 3166 2540 ubi
3183 2485 3385 2556 jurgati
3411 2493 3538 2539 sunt

1947 2582 2044 2655 ﬁlii
2073 2582 2240 2647 [sracl
2286 2590 2478 2637 contra
2527 2581 2810 2638 Dominum
2830 2621 2845 2644 ,
2876 2589 2932 2636 et
2973 2579 3344 2635 sanetilicatus
3367 2588 3453 2633 est
3483 2579 3534 2632 in

1946 2673 2028 2728 eis
2054 2671 2244 2745 (Num.
2279 2673 2394 2744 xx).
2435 2693 2453 2725 ι
2485 2673 2900 2742 Notandumque
2919 2673 3064 2742 quod
3089 2673 3336 2726 eamdem
3363 2671 3535 2725 Cadus

1947 2772 2003 2818 et
2032 2764 2084 2818 in
2105 2765 2320 2819 deserto
2334 2763 2551 2819 Pharao
2571 2780 2716 2829 esse,
2739 2776 2794 2819 et
2816 2765 2870 2818 in
2889 2765 3106 2819 deserto
3129 2763 3224 2818 Sin
3252 2762 3532 2832 Scriptura

1947 2856 2106 2911 sitam
2157 2855 2364 2910 refert:
2396 2856 2539 2910 unde
2594 2855 2864 2924 coniectio
2915 2856 3109 2920 datur,
3164 2856 3218 2909 in
3273 2865 3536 2908 consueto

1948 2962 2099 3002 more
2129 2947 2370 3002 locorum
2403 2955 2610 3018 partem
2639 2947 2774 3002 scuti
2804 2946 3046 3012 Pharao,
3074 2945 3166 3001 ubi
3207 2945 3383 3002 Gades
3413 2955 3494 3000 est
3516 2987 3529 3007 ,

1947 3039 2256 3110 Specialiter
2283 3039 2380 3094 Sin
2410 3039 2771 3109 appellatam;
2805 3037 2899 3092 Sin
2933 3045 3140 3103 autem,
3171 3052 3280 3092 non
3307 3038 3420 3106 ipsa
3452 3047 3535 3090 cst

1947 3130 2119 3186 Gades
2146 3147 2309 3200 quam
2339 3146 2459 3185 mox
2491 3138 2834 3200 transgresso
2860 3127 2995 3183 mari
3017 3127 3204 3182 Rubro
3227 3128 3367 3180 inter
3393 3127 3530 3180 Elim

1893 3268 1915 3285 η
1949 3232 2004 3276 et
2031 3220 2180 3276 Sinai
2205 3220 2596 3292 pertransiere,
2626 3219 2720 3274 sed
2749 3218 2854 3273 alia
2881 3233 3110 3286 prorsus
3137 3217 3369 3285 aliisque
3393 3216 3532 3284 apud

1950 3311 2204 3366 Hebraeos
2247 3311 2446 3380 scripta
2485 3308 2790 3364 elementis.
2833 3307 3080 3363 Secunda
3122 3320 3251 3360 vero
3290 3305 3530 3374 ejusdem

1948 3403 2349 3473 quadragesimi
2407 3401 2532 3455 anni
2595 3410 2738 3454 mota
2799 3411 2884 3454 est
2937 3398 2992 3453 in
3043 3406 3226 3453 monte
3283 3397 3426 3462 llor,
3481 3396 3532 3453 in

1949 3509 2056 3562 quo
2086 3492 2342 3547 occubuit
2375 3493 2554 3546 Aaron
2599 3491 2775 3560 prima
2801 3491 2889 3545 die
2917 3489 3094 3558 quinti
3125 3489 3324 3544 mensis
3344 3530 3360 3553 ,
3390 3489 3531 3542 ultra

1949 3581 2276 3650 campestria
2326 3579 2513 3642 Moab,
2543 3593 2708 3648 super
2737 3578 3030 3634 Iordanem
3057 3588 3245 3633 contra
3285 3575 3532 3640 Jericho,

1952 3671 2041 3724 ubi
2072 3670 2556 3725 Deuteronomium
2604 3670 2936 3724 meditantes
2978 3675 3322 3731 manserunt,
3363 3683 3534 3735 usque

1949 3764 2076 3818 dum
2093 3771 2216 3833 post
2237 3772 2466 3818 nuu‘tcm
2495 3761 2686 3832 Moysi,
2709 3760 2872 3816 Iosue
2901 3761 3058 3825 duce,
3082 3761 3255 3830 prima
3279 3760 3366 3816 die
3389 3775 3535 3815 tuen-

1949 3853 2025 3907 sis
2049 3853 2288 3918 decimi,
2315 3853 2459 3907 sicca
2501 3853 2650 3906 lluvii
2689 3851 2945 3907 Jordanis
2988 3851 3256 3922 profunda
3303 3853 3533 3908 transic-

1953 3953 2094 3998 runt.
2120 3943 2282 3998 Fiunt
2306 3959 2436 4013 ergo
2462 3959 2652 4000 omnes
2681 3944 2994 4000 mansiones
3032 3944 3194 4015 primi
3231 3945 3361 4000 anui
3389 3945 3529 4000 duo-

1949 4037 2151 4102 decim;
2177 4035 2420 4100 seeundi,
2451 4035 2638 4106 viginti
2666 4045 2724 4090 et
2753 4051 2895 4100 una;
2930 4035 3128 4100 ultimi,
3159 4042 3215 4091 et
3243 4035 3357 4104 ipsa
3383 4036 3528 4090 vice-

1951 4129 2086 4182 sima
2117 4128 2310 4196 prima,
2343 4143 2466 4198 qua:
2487 4137 2574 4183 est
2599 4127 2802 4194 Gades;
2833 4136 2890 4183 et
2917 4127 3036 4182 alia:
3068 4143 3263 4184 novem
3284 4167 3298 4193 ,
3331 4127 3384 4181 id
3410 4137 3489 4182 est
3515 4169 3528 4190 ,

1950 4219 2110 4273 simul
2131 4234 2344 4284 clunes,
2375 4218 2735 4288 quadraginta
2763 4219 2904 4274 dum.

2570 4331 2796 4387 CAPUT
2827 4333 2910 4387 Vl.

1952 4421 2360 4494 Recapitulatio,
2393 4424 2654 4494 quomodo
2704 4423 2909 4494 Moyses
2961 4426 3157 4479 miserit
3209 4427 3419 4480 mmu'os
3464 4432 3532 4480 ad

2139 4491 2274 4548 Seon
2307 4491 2475 4562 regem
2506 4493 2728 4558 Esebou,
2752 4491 2905 4564 etVOg
2937 4511 3105 4566 regem
3129 4495 3330 4550 Busan.

2025 4587 2203 4658 Uolo.)
2239 4608 2258 4638 ι
2295 4586 2414 4642 Misi
2465 4603 2596 4657 ergo
2642 4588 2862 4642 numios
2916 4589 2982 4643 de
3033 4589 3326 4644 solitudine
3355 4590 3532 4646 Cade-

1961 4699 1978 4730 ι
2019 4681 2191 4744 moth,
2243 4679 2311 4732 ad
2359 4676 2543 4732 Sebon
2595 4693 2779 4748 regem
2837 4678 3105 4742 liesebon,
3159 4680 3340 4734 verbis
3385 4683 3534 4750 paci~

1959 4792 1976 4822 ι
2019 4771 2136 4826 ﬁcis
2163 4770 2389 4827 dicens:
2425 4770 2800 4824 Transibimus
2829 4785 2926 4839 per
2965 4779 3172 4824 terram
3215 4779 3396 4836 tuam,
3427 4789 3531 4844 pu-

1959 4883 1978 4914 ι
2017 4864 2156 4917 ldica
2191 4862 2505 4934 gradiantur
2532 4862 2636 4915 via.
2677 4859 2792 4929 Non
2827 4860 3222 4918 declinabimus
3259 4879 3436 4934 neque
3467 4869 3534 4921 ad

1961 4974 1980 5006 ι
2017 4956 2328 5018 dexteram,
2375 4967 2548 5022 neque
2591 4952 2658 5006 ad
2710 4951 3009 5006 sinistram.
3048 4951 3318 5010 Alimenta
3360 4957 3535 5025 pretio

1961 5066 1979 5098 ι
2017 5045 2188 5100 vende
2209 5045 2387 5108 nobis,
2405 5054 2464 5098 ut
2480 5058 2780 5099 vescamur.
2798 5043 3009 5112 Aquam
3025 5045 3254 5114 pecunia
3270 5047 3462 5110 tribue,
3481 5054 3540 5101 et

1961 5158 1979 5191 ι
2016 5140 2095 5194 sic
2123 5139 2387 5193 bibemus.
2421 5136 2654 5190 Tantum
2683 5143 2766 5190 est
2793 5145 2849 5190 ut
2875 5135 3032 5192 nobis
3055 5137 3323 5191 concedas
3355 5143 3533 5190 trans—

1961 5250 1979 5282 ι
2019 5231 2190 5294 itum,
2229 5229 2370 5284 sicut
2408 5227 2653 5281 fecerunt
2692 5226 2787 5280 ﬁlii
2834 5227 3008 5291 Esau,
3049 5227 3142 5295 qui
3187 5227 3437 5280 habitant
3479 5227 3532 5279 in

1961 5341 1981 5374 ι
2019 5320 2232 5387 Seir,et
2255 5317 2499 5374 Moabitae
2516 5317 2610 5388 qui
2631 5326 2913 5372 morantur
2939 5319 2992 5372 in
3005 5317 3100 5382 Ar,
3117 5325 3172 5371 et
3197 5317 3415 5384 reliqua.
3429 5317 3537 5368 »υἰ-

1956 5415 2133 5469 ximus
2155 5427 2287 5483 ergo
2317 5409 2564 5480 superius
2598 5410 2748 5479 quod
2775 5410 2960 5464 Sebon
2987 5409 3320 5476 signiﬁcaret
3342 5401 3535 5461 diabo-

1955 5507 2090 5570 lum,
2115 5503 2209 5574 qui
2234 5512 2319 5558 est
2347 5517 2572 5572 germen
2598 5501 2814 5564 inutile,
2847 5501 2930 5554 vel
2965 5499 3127 5553 arbor
3158 5497 3527 5563 infructuosa,

1957 5598 2070 5653 sive
2091 5595 2285 5651 elatus.
2315 5591 2480 5648 lsrael
2507 5607 2658 5662 ergo,
2683 5592 2774 5662 qui
2802 5606 2898 5660 per
2923 5590 3040 5658 ejus
3071 5596 3270 5642 terram
3297 5587 3538 5644 transire

1955 5689 2191 5753 volebat,
2205 5686 2478 5755 signiﬁcat
2497 5684 2706 5752 plebem
2720 5681 3102 5740 Christianam,
3127 5693 3248 5746 qum
3271 5695 3366 5748 per
3389 5681 3534 5737 viam

1957 5780 2143 5835 mundi
2195 5777 2310 5832 vult
2358 5775 2608 5830 transire.
2657 5771 2913 5825 Transire
2957 5769 3206 5824 volumus
3249 5786 3346 5840 per
3387 5773 3534 5828 hune

1959 5867 2236 5932 mundum,
2256 5873 2308 5918 ut
2335 5862 2615 5932 pervrnire
2636 5859 2903 5928 possiams
2935 5859 2998 5910 ad
3031 5867 3233 5912 terram
3261 5871 3537 5925 sanctalu,
