3964 6192
508 361 606 424 Sili

508 490 632 543 qua:
664 465 989 536 reprctnissa
1025 469 1105 514 est
1143 456 1376 515 sanctis;
1405 460 1463 521 et
1496 437 1758 502 mittimus
1785 445 1966 499 verbis
1998 459 2089 514 pa-

510 534 680 618 ciﬁcis
713 534 779 611 ad
810 554 990 608 Sebon
1016 591 1028 615 ,
1075 546 1452 617 promittentes
1490 555 1594 592 non
1630 553 1728 590 nos
1762 535 2004 588 abituros
2034 534 2087 586 in

511 664 714 705 terram
738 643 877 714 ejus,
912 656 1011 695 nec
1041 643 1347 693 moraturos
1373 647 1494 685 eum
1523 648 1605 689 eo,
1635 627 1727 679 sed
1761 623 2091 677 transituros

513 739 905 801 tantummodo,
937 743 991 788 et
1016 734 1322 785 incessnros
1366 724 1450 776 via
1495 719 1689 790 regali;
1728 732 1826 770 nec
1855 715 2091 768 declina-

519 844 668 888 turos
694 843 918 898 usquam
947 868 962 890 ,
993 836 1168 890 neque
1201 819 1254 871 in
1289 831 1513 885 agrum,
1544 826 1716 878 neque
1749 808 1801 860 in
1847 807 2055 857 vineam
2077 843 2091 867 ,

516 927 610 981 sed
640 925 706 980 de
734 923 850 976 lacu
880 919 1147 973 bibituros
1179 927 1394 981 aquam.
1417 907 1709 960 Videamus
1725 917 1855 970 ergo
1881 897 2095 966 quando

519 1036 617 1074 nos
642 1015 992 1088 promisimus
1019 1013 1144 1071 ista,
1178 1006 1395 1076 quando
1429 1006 1541 1056 lnec
1573 1000 1737 1053 verba
1765 995 1984 1049 diabolo
2007 993 2097 1047 de-

519 1109 903 1165 nuntiavimus.
932 1101 1267 1157 Recordetur
1292 1095 1660 1164 unusquisque
1692 1091 1724 1142 ﬁ
1751 1088 1950 1150 2elium,
1975 1100 2096 1139 eum

523 1205 754 1273 primum
773 1199 916 1254 venit
950 1196 1014 1250 ad
1045 1209 1212 1263 aquas
1237 1190 1506 1260 baptismi,
1533 1201 1652 1240 cum
1679 1179 1951 1248 signacula
1978 1177 2102 1230 ﬁdei

523 1294 693 1366 prima
717 1293 974 1361 suscepit,
1005 1298 1059 1344 et
1094 1287 1160 1340 ad
1189 1286 1392 1340 fontem
1425 1279 1679 1335 salutaris
1711 1273 1959 1332 accessit,
1993 1269 2105 1339 qui-

523 1361 624 1440 bus
672 1386 742 1439 ibi
794 1391 919 1437 tunc
954 1397 1082 1436 usus
1123 1379 1192 1433 sit
1218 1375 1398 1431 verbis
1442 1380 1499 1427 et
1543 1370 1671 1440 quid
1711 1361 2108 1422 denuntiaverit

527 1475 740 1529 diabolo
769 1489 782 1527 :
811 1488 917 1527 non
962 1488 1020 1525 se
1053 1482 1274 1523 usurum
1309 1465 1520 1534 pompis
1548 1459 1662 1529 ejus
1681 1501 1693 1522 ,
1731 1473 1831 1512 nec
1857 1453 2113 1525 operibus

527 1565 664 1633 ejus,
704 1578 878 1632 neque
909 1561 1028 1614 ullis
1055 1558 1276 1612 omnino
1302 1554 1540 1610 servitiis
1568 1551 1705 1619 ejus,
1735 1564 1833 1603 nec
1870 1545 2111 1601 volunta—

531 1654 673 1706 tibus
695 1653 1013 1720 parituram.
1041 1649 1109 1702 Et
1139 1649 1241 1701 hoc
1273 1653 1356 1699 est
1388 1644 1528 1712 quod
1559 1644 1610 1695 in
1637 1642 1719 1694 his
1752 1639 1884 1708 legis
1912 1649 2113 1691 sermo-

531 1746 691 1798 nibus
732 1743 1104 1803 adun‘tbratur,
1152 1739 1276 1807 quia
1307 1753 1412 1790 non
1459 1734 1690 1788 declinet
1735 1729 1903 1784 Israel
1943 1742 2114 1796 neque

531 1837 584 1888 in
617 1849 804 1904 agrum
837 1833 975 1901 ejus,
1010 1846 1182 1898 neque
1210 1830 1262 1881 in
1295 1827 1511 1880 vineam
1537 1821 1686 1890 ejus;
1722 1821 1815 1874 sed
1854 1833 2028 1886 neque
2050 1818 2114 1869 de

537 1929 653 1980 lacu
684 1923 800 1991 ejus
827 1938 1021 1992 aquam
1056 1921 1340 1989 pollicetur
1378 1933 1436 1971 se
1467 1933 1586 1970 esse
1630 1922 1962 1982 potaturum.
2002 1909 2114 1962 Non

533 2019 675 2084 enim
706 2017 844 2070 ultra
873 2015 1110 2068 studimn
1149 2011 1449 2080 disciplin-.1:
1480 2008 1790 2069 diabolicae,
1820 2021 1922 2058 non
1948 2010 2118 2056 astro-

534 2110 684 2180 logia:
703 2150 715 2173 ,
747 2124 851 2160 non
881 2107 1102 2175 magiae,
1133 2121 1236 2156 non
1274 2103 1433 2155 ullius
1459 2100 1684 2154 omnino
1712 2097 1971 2150 doctrinie
1999 2108 2119 2161 quae

537 2211 723 2255 contra
757 2200 844 2253 Dei
874 2199 1130 2267 pietatem
1163 2193 1362 2262 aliquid
1395 2191 1617 2253 doceat,
1647 2187 1898 2256 populum
1921 2191 2115 2238 sumet.

543 2291 738 2344 Fidelis
764 2292 906 2342 enim
942 2288 1099 2340 habet
1132 2300 1260 2338 suos
1291 2285 1489 2342 fontes,
1523 2290 1576 2334 et
1611 2279 1748 2332 bibit
1777 2278 1840 2330 de
1884 2273 2120 2328 lbntibus

540 2383 723 2443 Israel,
752 2382 886 2434 bibit
908 2381 973 2433 dc
997 2377 1235 2431 fontibus
1258 2375 1608 2429 salutaribus.
1629 2371 1743 2425 Non
1769 2368 1904 2422 bibit
1926 2380 2120 2434 aquam

541 2475 607 2526 de
645 2472 764 2526 lacu
799 2472 1010 2530 Schon,
1051 2485 1151 2522 nec.
1196 2467 1503 2534 relinquens
1535 2464 1738 2517 fontem
1776 2476 1926 2528 aqu-.e
1955 2458 2120 2520 vivae,

500 2591 509 2599 -
543 2568 837 2631 congregat
867 2561 968 2614 sibi
995 2561 1142 2613 lacus
1170 2557 1498 2612 confractos.
1527 2555 1631 2609 Sed
1661 2563 1714 2606 et
1740 2553 1827 2606 via
1853 2550 2013 2621 regali
2042 2550 2122 2602 in-

541 2667 822 2708 cessurum
852 2667 909 2705 se
940 2649 1240 2720 proﬁtetur.
1265 2649 1395 2715 Quae
1418 2656 1501 2702 est
1526 2647 1609 2699 via
1639 2645 1873 2714 regalis?
1896 2643 1982 2695 Illa
2007 2641 2122 2695 sine

546 2745 709 2798 dubio
759 2759 878 2812 (pne
928 2742 1098 2796 dicit:
1134 2759 1150 2790 ‹
1189 2740 1302 2811 Ego
1343 2754 1460 2793 sum
1512 2737 1630 2798 via,
1677 2736 1877 2788 veritas
1917 2741 1970 2787 et
2015 2733 2122 2783 vita

546 2837 729 2905 (Joan.
770 2834 903 2902 xw).
942 2854 959 2884 ι
994 2832 1060 2885 Et
1097 2831 1291 2885 merito
1330 2827 1555 2898 regalis;
1598 2827 1709 2895 ipse
1749 2827 1893 2878 enim
1931 2832 2014 2877 est
2061 2825 2126 2877 de

541 2945 649 2997 quo
681 2927 942 2996 Propheta
973 2925 1088 2978 ait:
1129 2942 1146 2974 ‹
1193 2925 1352 2986 Deus,
1394 2919 1654 2988 judicium
1703 2927 1853 2970 tuum
1906 2917 2014 2986 regi
2057 2916 2123 2982 da

542 3018 716 3088 (l’sal.
749 3017 917 3088 um).
957 3039 973 3069 ι
1007 3017 1111 3088 Via
1128 3016 1296 3085 regali
1330 3029 1459 3082 ergo
1497 3011 1855 3066 incedendum
1887 3017 1998 3071 est,
2031 3025 2126 3062 nec

546 3110 924 3163 declinandum
959 3084 1210 3176 usquam,
1241 3122 1412 3173 neque
1445 3105 1496 3156 in
1536 3118 1720 3172 agrum
1763 3099 1907 3166 ejus,
1951 3115 2121 3167 neque

544 3202 596 3250 in
630 3200 841 3252 vineam
883 3196 1028 3264 ejus,
1066 3197 1115 3249 id
1145 3205 1260 3258 est,
1296 3210 1468 3261 neque
1509 3194 1574 3244 ad
1607 3207 1798 3259 opera,
1844 3206 2016 3257 neque
2057 3191 2122 3243 ad

546 3303 741 3340 sensus
769 3286 1066 3340 diabolicos
1095 3285 1368 3336 declinare
1404 3282 1543 3334 ultra
1580 3296 1732 3334 mens
1772 3278 2007 3332 ﬁdelium
2041 3279 2126 3330 de-

549 3384 657 3433 bet.
690 3379 971 3445 Quomodo
1021 3393 1151 3446 ergo
1209 3375 1459 3428 volumus
1505 3373 1638 3425 lines
1686 3370 2124 3424 Amorrha-orum

547 3489 666 3524 eum
715 3487 844 3541 pace
886 3466 1508 3529 transire?Amorrhwi,
1553 3463 1848 3518 inﬁdelium
1884 3462 1972 3531 qui
2005 3470 2129 3514 sunt

553 3563 606 3616 in
640 3563 739 3614 hoc
774 3561 972 3614 munde
1003 3575 1130 3629 pars
1154 3557 1324 3626 accipi
1361 3564 1556 3626 potest.
1593 3554 1696 3608 Sed
1732 3553 1831 3623 ipsi
1865 3553 2129 3620 interpre-

549 3661 754 3719 tantur,
783 3664 840 3707 ut
863 3668 1026 3722 supra
1057 3651 1314 3713 diximus,
1348 3650 1654 3717 loquentes,
1679 3645 1761 3699 vel
1792 3649 1844 3699 in
1877 3645 2132 3698 amaritu-

546 3747 724 3799 dinem
745 3744 1084 3799 adducentes.
1102 3744 1439 3812 l'ﬂtqnomodo
1462 3740 1514 3792 in
1545 3736 1966 3792 amaritudinem
2005 3735 2126 3803 qui~

553 3843 674 3893 dem
703 3838 1165 3894 adducantDeum
1213 3834 1457 3888 inﬁdeles
1489 3840 1544 3887 et
1589 3829 1882 3893 increduli,
1919 3817 2140 3895 exposif

552 3931 697 3983 tione
721 3945 827 3983 non
853 3930 1070 3998 indiget.
1088 3927 1239 3992 Quod
1265 3933 1444 3978 autem
1467 3923 1540 3976 ait
1567 3923 1865 3991 loquentes,
1893 3919 1960 3972 ad
1987 3917 2130 3970 illam

553 4027 761 4089 partem
803 4019 942 4072 trahi
991 4024 1202 4086 potest,
1231 4015 1357 4083 quia
1401 4011 1643 4065 inﬁdeles
1694 4009 1894 4079 quique
1938 4015 1993 4060 et
2035 4007 2134 4061 sub

555 4111 796 4180 principe
819 4108 1034 4163 diabolo
1063 4116 1309 4177 agentes,
1345 4105 1488 4172 loqui
1514 4110 1711 4157 norunt
1740 4097 2129 4160 tantummodo,

557 4205 651 4258 sed
677 4203 971 4271 loquuntur
995 4200 1196 4255 inania.
1223 4199 1384 4254 Verbi
1413 4213 1598 4260 causa,
1627 4202 1688 4247 ut
1728 4200 1898 4262 poeta:
1923 4208 2134 4254 eorum,

563 4304 618 4346 ut
649 4293 930 4362 astrologi,
961 4300 1019 4344 ut
1056 4289 1295 4344 nonnulli
1326 4289 1490 4346 etiam
1530 4284 1971 4356 philosophorum
1995 4323 2007 4346 ,
2043 4279 2135 4348 qui

556 4387 733 4440 inania
768 4385 1064 4454 loquuntur
1092 4390 1146 4436 et
1176 4396 1333 4434 vaua.
1364 4379 1632 4432 Fidelium
1656 4383 1840 4430 autem
1876 4389 2131 4442 regnum,

553 4475 694 4546 quod
722 4494 750 4529 a
779 4476 1022 4537 Deo'est,
1058 4490 1160 4526 non
1195 4471 1249 4525 in
1280 4484 1530 4525 sermone
1554 4476 1666 4529 est,
1701 4466 1792 4520 sed
1824 4465 1874 4516 in
1911 4463 2129 4516 virtute.

557 4567 815 4622 Volumus
857 4581 988 4636 ergo
1029 4580 1127 4618 nos
1176 4562 1402 4632 paciﬁee
1445 4561 1674 4615 transire
1704 4574 1802 4626 per
1834 4554 2130 4608 mundum:

555 4661 647 4716 sed
673 4662 774 4714 hoc
802 4661 978 4729 ipsum
1002 4656 1175 4726 magis
1203 4655 1391 4708 incitat
1427 4651 1728 4722 principem
1763 4645 1948 4699 mundi
1994 4643 2136 4710 quod

554 4753 788 4806 dicimus
825 4767 922 4804 nos
947 4748 1087 4802 nolle
1117 4759 1440 4815 permanere
1473 4758 1597 4796 cum
1627 4740 1718 4793 illo
1759 4753 1857 4790 nec
1899 4734 2133 4798 morari,

556 4856 655 4894 nec
715 4839 916 4905 aliquid
953 4837 1070 4905 ejus
1111 4836 1242 4889 velle
1286 4833 1616 4900 contingere.
1669 4827 1794 4882 Inde
1835 4824 2004 4893 magis
2035 4839 2136 4875 ex-

559 4931 864 4988 acerbatur,
896 4929 1017 4981 inde
1047 4927 1326 4979 extollitur
1363 4933 1415 4978 et
1446 4920 1719 4984 irascitur,
1748 4925 1801 4970 et
1831 4921 2138 4968 eommcht

559 5025 710 5073 micis
742 5020 1182 5086 peisecntiones,
1223 5014 1459 5084 pericula
1489 5012 1745 5072 suscitat,
1770 5007 2041 5061 cruciatus
2066 5006 2142 5057 in-

559 5123 750 5170 tentat.
796 5113 862 5165 Et
902 5112 1022 5164 ideo
1051 5110 1221 5164 dicit:
1257 5128 1274 5158 ‹
1311 5105 1671 5175 (longregavit
1706 5103 1920 5170 iniquus
1960 5099 2138 5153 Sehon

554 5208 807 5279 popnhnn
835 5221 1014 5269 suum,
1041 5212 1096 5257 et
1122 5204 1255 5257 exiit
1274 5200 1563 5270 conﬂigere
1589 5198 1874 5250 adversum
1897 5192 2080 5247 Israel.
2115 5211 2134 5244 ι

559 5288 692 5368 Quis
707 5307 792 5354 est
810 5297 987 5352 omnis
1008 5293 1240 5364 populus
1263 5293 1470 5355 Sehon,
1499 5304 1657 5359 quem
1688 5286 1924 5340 concitat
1949 5291 2139 5338 contra

557 5394 764 5450 lsrael?
806 5390 1086 5459 Principes
1116 5402 1180 5441 ac
1215 5384 1427 5455 judices
1460 5381 1673 5446 mundi,
1709 5377 2000 5445 cunctique
2046 5388 2141 5428 nc-

557 5487 742 5556 quitite
778 5482 1046 5548 ministri,
1084 5479 1176 5550 qui
1230 5478 1555 5546 impugnant
1603 5485 1818 5540 semper
1861 5475 1916 5521 et
1958 5477 2140 5535 perse-

556 5584 797 5646 quuntur
817 5574 1070 5644 populum
1095 5571 1211 5626 Dei.
1239 5568 1345 5623 Sed
1369 5565 1496 5636 quid
1527 5563 1654 5618 facit
1680 5558 1883 5616 Israel?
1907 5575 1924 5609 ι
1955 5555 2136 5616 Venit,

560 5644 755 5732 inquit,
787 5667 838 5718 in
871 5666 1016 5730 Jasa,
1051 5685 1067 5716 ι
1104 5662 1246 5733 quod
1279 5660 1666 5728 interpreLatur
1693 5647 1930 5704 mandati
1971 5644 2142 5699 adim-

559 5755 744 5824 pletio.
773 5756 828 5809 Si
859 5770 986 5825 ergo
1021 5758 1302 5811 veniamus
1331 5760 1382 5808 ct
1410 5765 1506 5804 nos
1546 5748 1609 5801 all
1641 5746 1813 5800 locum
1859 5742 2051 5799 istum,
2088 5737 2138 5788 id

1181 347 1256 400 BL.
1287 341 1540 397 RAIlANI
1585 335 1801 410 MAIIRI
1841 331 2157 388 ARClIIEP.
2198 325 2502 382 MOGUNT.
2546 322 2828 379 OI‘ERUM
2869 317 3049 375 PARS
3086 316 3127 370 I.

3621 316 3710 372 853

2120 448 2162 504 Α
2193 451 2297 507 est,
2325 442 2390 495 ad
2423 441 2788 509 impletionem
2815 435 3212 498 mandatorum,
3238 432 3442 487 etiamsi
3466 447 3571 486 cum
3589 435 3707 487 omni

2190 533 2430 587 exercitu
2473 531 2759 584 adversum
2789 542 2886 581 nos
2923 526 3100 580 veniat
3133 511 3312 578 Séhon
3348 523 3446 576 iste
3477 522 3640 586 elatus,
3663 534 3710 576 et

2193 621 2456 692 superbus
2503 609 2782 681 diabolus,
2826 624 2881 670 et
2923 613 3179 684 conﬂigat
3226 613 3498 666 adversum
3539 613 3708 676 uos,sl

2193 728 2386 767 omnes
2417 727 2544 765 suos
2581 717 2770 765 contra
2813 723 2910 763 nos
2945 707 3179 761 concitet
3213 703 3712 772 damones,superabi-

2195 820 2316 860 mus
2337 819 2483 868 cum,
2502 804 2546 857 si
2565 801 2661 856 Dei
2689 801 2942 855 mandata
2961 797 3316 867 complemus.
3331 793 3588 862 Comptere
3601 792 3712 846 enim

2199 897 2484 960 mandata,
2513 897 2617 950 hoc
2656 903 2738 949 est
2772 893 3044 948 diabolum
3070 897 3123 944 et
3143 901 3330 943 omnes
3354 885 3465 956 ejus
3493 885 3714 952 exercitus

2201 1002 2478 1055 superare,
2504 994 2558 1040 et
2585 994 2712 1039 tunc
2739 981 3098 1052 complebitur
3129 980 3184 1033 in
3217 977 3370 1032 nobis
3395 974 3605 1046 Apostoli
3627 989 3717 1028 ora-

2204 1082 2296 1146 tio,
2322 1079 2415 1149 qui
2445 1079 2521 1132 ait
2546 1092 2560 1130 :
2597 1095 2616 1128 ι
2652 1077 2797 1130 Deus
2823 1083 3003 1128 autem
3028 1079 3272 1127 conteret
3299 1066 3523 1124 Satanan
3544 1065 3717 1134 subpe-

2204 1172 2362 1226 dibus
2385 1168 2584 1224 vestris
2613 1166 2874 1221 velociter
2904 1163 3076 1236 (Rom.
3104 1159 3241 1231 xvi).
3281 1181 3298 1211 ι
3335 1158 3399 1212 Et
3424 1155 3579 1219 aliud,
3608 1155 3718 1223 quod

2208 1262 2466 1316 Dominus
2496 1258 2572 1313 ait
2600 1277 2612 1311 :
2647 1275 2671 1307 θ
2699 1256 2837 1310 Ecce
2877 1254 2949 1308 do
2981 1251 3136 1306 vobis
3171 1253 3480 1320 potestatem
3525 1244 3721 1298 calcandi

2209 1368 2372 1422 super
2397 1359 2675 1422 serpentes
2699 1356 2753 1402 et
2784 1344 3126 1414 scorpiones,
3161 1348 3216 1395 et
3241 1353 3399 1408 super
3423 1349 3613 1390 omnem
3626 1332 3720 1418 ovir-
3783 1392 3792 1402 .

2213 1421 2380 1499 tutem
2409 1441 2635 1505 inimici,
2659 1448 2713 1493 et
2737 1437 2870 1491 nihil
2898 1435 3051 1488 vobis
3077 1430 3292 1486 nocebit
3315 1427 3454 1500 (Luc.
3483 1425 3547 1495 ι).
3577 1442 3591 1475 ι
3615 1421 3726 1476 Nihil

2213 1537 2354 1590 enim
2387 1549 2580 1588 nocere
2613 1534 2866 1600 poterunt
2909 1527 3012 1580 ista
3055 1522 3266 1585 omnia,
3314 1519 3357 1572 si
3403 1515 3647 1570 veniamus
3677 1513 3720 1565 in

2215 1625 2335 1678 Jasa
2359 1665 2372 1688 ,
2407 1624 2460 1678 id
2496 1629 2610 1685 est,
2644 1621 2688 1674 si
2720 1617 2972 1672 mandata
3018 1621 3073 1668 et
3123 1617 3386 1682 praecepta
3426 1603 3615 1659 Domini
3652 1601 3721 1656 Dei

2221 1717 2389 1770 nostri
2419 1713 2544 1767 Jesu
2569 1711 2768 1766 Christi
2800 1720 3098 1763 servemus.
3134 1722 3153 1753 ο
3189 1700 3464 1768 Noluitque
3483 1697 3638 1752 Sehon
3656 1707 3724 1748 rex

2145 1795 2188 1868 Β
2225 1830 2239 1858 ‹
2268 1806 2512 1862 Ilesebon
2537 1805 2664 1858 dare
2683 1801 2835 1854 nobis
2857 1797 3166 1859 transitum,
3187 1792 3309 1862 quia
3330 1783 3728 1843 induraveratbo-

2228 1919 2243 1946 ι
2279 1898 2454 1953 minus
2482 1896 2623 1949 Deus
2651 1901 2771 1947 tuus
2792 1889 3040 1960 spiritum
3064 1886 3272 1955 ejus,et
3295 1879 3639 1935 obﬁrmavcrat
3660 1889 3729 1928 cor

2227 2007 2243 2036 ι
2278 1987 2441 2048 illius,
2475 1994 2531 2038 ut
2565 1983 2870 2037 traderetur
2898 1981 2949 2032 in
2987 1991 3183 2031 manus
3203 1985 3352 2036 tuas,
3381 1970 3509 2024 sicut
3529 1981 3646 2020 nunc
3668 1965 3724 2016 vi-

2227 2094 2243 2124 ι
2277 2078 2392 2139 des,
2419 2083 2522 2127 etc.
2565 2094 2582 2125 ι
2620 2072 2744 2126 [hec
2771 2070 2956 2124 dicens
2988 2066 3220 2136 Moyses,
3249 2063 3368 2116 dum
3395 2057 3618 2129 populum
3635 2053 3730 2108 allo-

2222 2168 2426 2236 quitur,
2455 2165 2560 2219 tale
2586 2162 2788 2231 aliquid
2817 2165 3213 2215 commemorat
3239 2151 3393 2222 quale
3429 2147 3670 2203 dicebatur
3689 2142 3730 2194 in

2226 2235 2406 2313 Exodo
2433 2277 2444 2310 :
2476 2277 2492 2306 ε
2529 2257 2641 2326 Ego
2666 2253 2913 2308 induravi
2953 2266 3047 2305 cor
3081 2245 3396 2302 Pharaonis.
3426 2261 3442 2294 I
3472 2241 3530 2294 Et
3555 2235 3732 2307 quodin

2225 2350 2446 2419 psalmis
2476 2348 2671 2416 legitur
2700 2364 2712 2397 :
2749 2364 2766 2392 ι
2803 2340 3086 2398 Convertit
3115 2353 3213 2392 cor
3240 2348 3440 2396 eorum,
3466 2337 3520 2383 ut
3543 2327 3734 2382 odissent

2225 2443 2478 2515 populum
2517 2439 2654 2509 ejus.
2693 2458 2711 2489 ι
2752 2436 2861 2490 Nec
2889 2440 3102 2488 tacetur
3127 2431 3220 2484 hic
3253 2442 3409 2481 causa
3441 2417 3734 2476 indurationis

2228 2536 2405 2606 hujus,
2433 2550 2553 2586 eum
2589 2529 2785 2583 dicitur
2811 2546 2821 2579 :
2858 2545 2876 2576 ε
2900 2524 2970 2580 Ut
3001 2518 3373 2577 traderetztrin
3399 2527 3570 2568 manus
3587 2519 3696 2568 tuas,
3715 2527 3729 2556 ι
3767 2557 3769 2560 .

2227 2598 2365 2679 sicut
2396 2624 2447 2676 in
2474 2620 2574 2674 hac
2596 2620 2704 2680 die,
2731 2617 2781 2670 id
2808 2625 2909 2675 est,
2937 2621 2994 2667 ut
3021 2613 3334 2666 vinceretur
3366 2622 3393 2659 a
3424 2612 3489 2666 te,
3516 2598 3634 2669 quod
3649 2611 3728 2650 non

2228 2720 2381 2770 ﬁeret
2407 2715 2507 2767 nisi
2536 2711 2813 2766 resisteret
2838 2725 2850 2760 :
2883 2722 2987 2759 non
3011 2710 3194 2758 autem
3221 2699 3486 2753 resisteret
3501 2690 3589 2745 nisi
3609 2685 3735 2742 corde

2228 2803 2696 2872 obdurato.anus
2723 2802 2795 2855 rei
2814 2798 3084 2868 justitiam
3111 2795 3156 2848 si
3187 2788 3550 2861 qumsierimus,
3573 2785 3735 2836 inscru-
3815 2801 3821 2810 ν

2232 2902 2412 2957 tabilia
2465 2906 2589 2953 sunt
2631 2894 2832 2967 judicia
2883 2892 2998 2946 Dei.
3051 2887 3313 2957 Iniquitas
3361 2889 3642 2934 autemnon
3672 2877 3736 2924 est

2230 2995 2367 3064 apud
2392 3007 2532 3046 eum.
2559 2991 2703 3043 Sane
2729 2984 3021 3040 notandum
3045 2987 3128 3034 est
3151 2976 3498 3034 eonfortatum
3518 2983 3598 3023 cor
3616 2975 3737 3034 posse

2232 3086 2334 3139 dici
2359 3093 2413 3138 et
2440 3085 2490 3136 in
2524 3081 2683 3134 malo.
2723 3096 2740 3127 ι
2776 3073 3260 3138 Percussimusque
3297 3080 3412 3120 eum
3451 3075 3556 3114 cum
3581 3054 3678 3109 lillis
3700 3058 3741 3103 et

2235 3198 2248 3225 α
2289 3175 2432 3228 υιιιιιί
2458 3171 2650 3243 populo
2680 3185 2796 3232 suo,
2826 3172 3163 3232 cunctasque
3185 3161 3341 3214 urbes
3364 3156 3412 3209 in
3441 3162 3646 3219 tempore
3665 3140 3738 3196 illo

2235 3289 2250 3316 ‹
2290 3267 2549 3335 cepimus,
2583 3258 2882 3316 interfectis
2909 3251 3307 3310 habitatoribus
3331 3259 3504 3301 earum
3522 3283 3535 3306 ,
3556 3237 3662 3291 \‘iris
3688 3245 3736 3284 ac

2237 3382 2252 3410 ι
2294 3357 2612 3412 mulieribus
2660 3370 2723 3407 ac
2772 3348 3029 3421 parvulis.
3101 3344 3220 3399 Non
3273 3338 3562 3408 reliquimus
3602 3331 3645 3383 in
3683 3325 3740 3380 eis

2237 3470 2252 3500 ε
2295 3448 2584 3518 quidtpiam
2618 3445 2822 3511 absque
2843 3437 3103 3508 jumentis
3123 3477 3137 3499 ,
3169 3448 3290 3504 qua:
3318 3431 3370 3484 in
3397 3435 3560 3498 partes
3592 3427 3742 3518 venat?

2239 3559 2253 3589 ε
2297 3535 2669 3607 prtcdantium,
2701 3541 2754 3586 et
2798 3529 2982 3599 Spoliis
3013 3525 3234 3580 urbium
3264 3536 3395 3592 quas
3433 3515 3656 3584 cepimus.
3684 3502 3742 3558 ΑΙ)

2239 3650 2254 3679 ‹
2291 3629 2483 3690 Aroer,
2513 3640 2631 3693 qua:
2658 3630 2738 3676 est
2769 3634 2931 3689 super
2958 3619 3130 3687 ripam
3155 3611 3408 3670 torrentis
3435 3608 3615 3662 Arnon,
3633 3595 3746 3693 oppi-

2239 3741 2254 3769 ι
2295 3721 2362 3774 do
2389 3719 2529 3787 quod
2563 3717 2613 3767 in
2645 3713 2781 3766 valle
2813 3713 2975 3766 situm
3007 3717 3093 3762 est
3131 3719 3308 3774 usque
3334 3695 3539 3757 Galaad,
3563 3705 3650 3745 non
3673 3683 3744 3738 full

2241 3831 2256 3858 ε
2298 3811 2446 3863 vicus
2500 3815 2660 3873 atque
2711 3803 2904 3856 civitas
2957 3815 3078 3867 qua:
3135 3802 3350 3849 nostras
3401 3785 3629 3854 eilugeret
3663 3787 3743 3828 nta-

2241 3921 2257 3948 ι
2299 3913 2419 3960 nus,
2451 3904 2555 3949 etc.
2597 3915 2613 3943 ›
2650 3893 2745 3944 llic
2771 3899 2853 3971 est
2877 3887 3043 3942 Israel
3074 3885 3166 3955 qui
3197 3885 3248 3937 in
3283 3865 3646 3935 Christolsracl
3671 3869 3745 3920 est,

2233 3991 2323 4058 qui
2357 4004 2460 4040 non
2496 3987 2546 4038 in
2575 3999 2742 4038 carne
2769 3958 2930 4034 Israel
2954 3994 3052 4031 nec
3084 3978 3133 4029 in
3163 3972 3447 4028 manifesto
3470 3962 3653 4017 .ludazus
3672 3958 3744 4010 est.

2237 4081 2349 4146 ipse
2379 4074 2585 4129 habitat
2622 4074 2672 4125 in
2704 4070 2956 4123 onmibus
3000 4065 3314 4119 civitatibus
3353 4051 3744 4112 Amorrbaeomlﬂv

2236 4190 2356 4229 cum
2387 4173 2439 4226 in
2471 4171 2614 4225 omni
2645 4170 2776 4222 orbe
2804 4177 3069 4220 terrarum
3099 4161 3299 4217 Christi
3331 4152 3566 4212 Ecclesia!
3600 4153 3745 4215 pl‘llpa'

2235 4273 2450 4337 gantur.
2485 4262 2592 4316 Sed
2633 4270 2685 4313 et
2729 4257 3097 4326 mmsquisqne
3149 4262 3392 4307 nostrum
3437 4243 3572 4314 prius
3606 4230 3748 4337 οἱτὶξίξε

2237 4319 2265 4337 υ
2887 4319 2901 4326 -
3012 4319 3023 4325 -
3716 4319 3724 4323 .

2237 4359 2336 4411 fuit
2365 4355 2505 4425 regis
2529 4353 2729 4415 Sehon,
2763 4351 2903 4417 regis
2933 4347 3080 4399 elati.
3118 4342 3396 4414 Regnabat
3423 4334 3550 4389 enim
3573 4319 3748 4380 innubis

2239 4450 2489 4511 stultitia,
2519 4445 2765 4515 superbia
2790 4485 2802 4504 ,
2848 4441 3096 4508 in'ipietas
3115 4478 3127 4500 ,
3156 4444 3212 4490 et
3246 4430 3420 4486 omnia
3451 4439 3556 4494 qum
3583 4417 3748 4515 sunlﬂf

2242 4551 2393 4612 parte
2442 4501 2668 4600 diabdli;
2719 4533 2812 4588 sed
2859 4501 2946 4584 ubi
2977 4534 3320 4597 expugnatur
3366 4529 3418 4572 et
3468 4501 3750 4600 devicttts'tal

2244 4590 2391 4612 r“"'
2451 4590 2470 4591 η
2659 4590 2667 4600 ι
3053 4590 3064 4596 -
3126 4590 3151 4597 ν
3682 4590 3691 4600 ,
3721 4590 3729 4593 .

2244 4633 2400 4685 fortis
2419 4672 2431 4693 ,
2465 4637 2519 4681 et
2548 4641 2675 4680 vasa
2705 4622 2821 4691 ejus
2849 4621 3056 4688 direpta
3091 4622 3244 4679 sunt,
3279 4607 3447 4666 ell'ecti
3471 4610 3631 4657 sumus
3655 4599 3751 4682 cut-

2246 4731 2383 4777 tatcs
2409 4717 2591 4781 Israel,
2622 4723 2678 4768 et
2708 4711 2994 4767 hmreditas
3024 4714 3332 4760 sanctorum
3394 4696 3436 4750 si
3469 4700 3622 4746 tamen
3636 4689 3751 4781 Ῥειξθ

2246 4826 2332 4870 tus
2358 4812 2539 4866 excisa
2568 4817 2652 4862 est
2683 4808 2737 4859 in
2764 4804 2918 4858 nobis
2948 4808 3189 4871 potestas
3214 4795 3302 4850 illa
3328 4804 3442 4861 qua:
3471 4781 3601 4855 prius
3621 4774 3746 4871 dona:

2246 4907 2478 4959 nabatur
2515 4899 2702 4962 nobis,
2745 4907 2800 4949 et
2844 4894 3026 4948 excisa
3054 4878 3138 4945 est
3175 4888 3335 4942 arbor
3373 4863 3747 4962 infructuosa]?

2246 4993 2490 5061 dejectus
2519 4997 2602 5043 est
2624 5003 2714 5041 rex
2745 4985 2938 5045 elatus,
2964 4991 3019 5035 ct
3046 4993 3231 5034 sumus
3257 4973 3355 5029 sub
3379 4983 3441 5024 eo
3465 4975 3576 5032 rege
3599 4951 3672 5023 (ῐυὶ
3692 4946 3745 5061 ἀιι·

2248 5036 2488 5061 ..ηπ-..υ
2524 5036 2601 5043 νη-
2753 5036 2768 5040 ν
2905 5036 2938 5045 ν,

2248 5087 2321 5138 cit
2348 5104 2357 5136 :
2395 5102 2412 5133 ι
2451 5082 2651 5135 Discite
2679 5094 2708 5130 a
2739 5093 2824 5130 me
2851 5076 2976 5145 quia
3007 5072 3154 5126 mitis
3189 5082 3306 5122 sum
3335 5073 3388 5117 et
3415 5051 3614 5145 humilis
3628 5036 3745 5098 corde

2248 5177 2462 5250 (Μαιηι,
2491 5175 2587 5244 χι),
2625 5192 2641 5222 ι
2679 5169 2783 5222 Sed
2815 5176 2868 5219 et
2897 5168 3009 5235 ipsa
3044 5162 3255 5216 nomina
3287 5157 3511 5250 locorum
3539 5138 3644 5197 huic

2247 5227 2328 5322 sui
2361 5282 2481 5320 cum
2515 5255 3054 5329 interpretationibus
3093 5251 3204 5306 suis
3241 5246 3435 5300 favent.
3473 5227 3742 5329 Amare???

2249 5361 2639 5428 interpretatur
2683 5349 2992 5406 sublevans.
3026 5343 3208 5397 Arnen
3244 5345 3462 5391 acervus
3491 5308 3744 5428 justitiam?

2248 5451 2450 5508 Galaad
2477 5461 2704 5502 acervus
2735 5439 3048 5497 testimonii.
3080 5436 3160 5490 Ab
3193 5433 3361 5485 Aroer
3385 5434 3543 5513 cr$°v_

2248 5485 2450 5508 Uulauu
2477 5485 2591 5502 αυυι
2614 5485 2704 5498 vua
2736 5485 3048 5497 .κ.........ν..---
3080 5485 3156 5490 ___.
3445 5485 3468 5492 ν

2247 5562 2344 5618 per
2388 5544 2560 5614 ripam
2594 5535 2853 5593 torrentis
2889 5533 3074 5587 Arnen
3097 5569 3112 5593 ,
3136 5521 3382 5596 oppidum
3415 5485 3741 5618 quoduiﬂgzl:

2249 5587 2409 5692 situm
2433 5587 2515 5688 est
2538 5644 2710 5698 usque
2731 5625 2957 5688 Galaad,
2989 5636 3095 5675 non
3117 5618 3216 5671 luit
3237 5612 3381 5666 vicus
3402 5611 3452 5659 et
3477 5594 3636 5654 civitas
3650 5587 3741 5698 Ἦν

2250 5727 2609 5785 lsraelitarum
2638 5720 2898 5789 effugeret
2922 5725 3113 5767 manus
3145 5727 3156 5761 :
3183 5703 3303 5776 quia
3340 5692 3498 5754 omnis
3524 5680 3730 5757 μαθων

2153 3155 2192 3210 (ἰ

2164 4507 2213 4563 Ι)
