3978 6182
296 359 403 414 8Ἓῦ

1078 321 1475 410 manuario
1513 351 1739 408 δωρεῇ
1779 342 2400 405 ῡΕῦΤΕΒΟΝΟΜΠΙΜ.
2443 373 2511 383 -
2548 344 2675 399 Lm.
2717 342 2755 397 ι.

3442 352 3544 405 854

302 469 592 539 cujuslibet
621 468 693 523 sit
721 468 1021 538 dignitatis,
1062 467 1200 522 fastu
1243 468 1508 537 superbia:
1549 466 1631 520 vel
1673 478 1866 534 pompa
1895 466 1943 524 Λ
1974 476 2087 516 rem
2111 474 2326 515 sensum
2348 457 2654 513 conﬁrmat.
2677 456 3071 528 Sexagenarius
3097 459 3241 513 enim
3269 476 3545 530 numerus,

301 561 583 617 conlidens
612 558 903 623 mundana,
933 575 1054 614 cum
1080 559 1518 628 persecutoribus
1542 556 1874 612 Christiano-

302 670 449 719 rum,
474 652 564 722 qui
594 652 758 705 variis
786 668 880 706 eos
913 651 1348 707 tribulationibus
1369 659 1678 721 angustant,
1705 664 1875 718 usque

302 748 372 803 ad
400 745 774 801 ha2reticorum
796 744 1172 809 conciliabula,
1201 743 1293 812 qui
1319 742 1639 797 testimoniis
1668 750 1877 796 sancta-

306 854 429 892 rum
476 837 877 906 Scripturarum
909 836 1204 889 secundum
1243 850 1399 888 suum
1432 849 1649 888 sensum
1683 832 1876 901 depra-

304 929 448 982 vatis
468 939 656 981 contra
672 926 976 980 Ecclesium
1001 925 1337 994 belligerant,
1363 924 1643 977 catholicae
1660 922 1877 977 veritati

304 1034 337 1071 a
363 1016 673 1071 doctoribus
694 1015 898 1069 sanctis
927 1015 1178 1069 resistere
1207 1013 1350 1067 nqu
1374 1013 1532 1066 modo
1553 1012 1874 1081 przevalent;

305 1108 399 1160 sed
434 1108 487 1160 in
520 1108 781 1161 victorum
813 1106 1065 1159 αλιι-ηεαδ
1096 1121 1315 1169 manus,
1348 1094 1472 1159 cum
1505 1102 1755 1157 erunibus
1786 1102 1879 1155 ha-

306 1196 557 1251 bitaculis
587 1196 700 1249 suis
722 1205 883 1263 atque
906 1195 1296 1248 munitionibus
1322 1196 1373 1247 in
1402 1193 1695 1248 dominium
1721 1192 1880 1262 spiri-

305 1286 431 1340 talis
459 1287 777 1357 rediguntur
806 1284 1042 1346 lsraelis.

901 1418 1127 1474 CAPUT
1172 1417 1275 1473 VII.

290 1552 464 1617 -Quod
495 1551 638 1604 nulla
668 1552 788 1603 urbs
814 1559 903 1602 aut
944 1550 1191 1619 oppidum
1234 1551 1291 1603 in
1337 1566 1489 1618 regno
1535 1548 1614 1616 Og
1644 1549 1882 1617 e/fugerit

418 1622 519 1674 rod
560 1638 659 1674 non
704 1628 961 1674 vastatum
1010 1621 1106 1683 sit;
1144 1636 1422 1688 eorumque
1462 1628 1599 1671 terra
1642 1619 1767 1670 data
1817 1619 1880 1669 sit

381 1639 559 1744 λώβη
583 1700 627 1743 et
658 1688 773 1742 Gud
794 1698 838 1743 et
864 1690 1097 1743 dimidia!
1121 1689 1277 1742 tribui
1303 1688 1355 1741 Μ
1361 1705 1564 1741 anasse.

429 1691 559 1745 uben
583 1700 627 1743 et
658 1688 773 1742 Gud
794 1698 838 1743 et
864 1690 1097 1743 dimidia!
1121 1689 1277 1742 tribui
1303 1688 1564 1741 Manasse.

1976 553 2116 608 sicut
2147 563 2204 608 et
2229 554 2503 618 senarius,
2549 551 2936 622 perfectionem
2973 550 3257 619 cujuslibet
3299 555 3441 623 regis
3470 557 3547 610 si-

1974 644 2212 714 gniﬁcat.
2246 643 2311 698 Et
2335 645 2472 698 bene
2507 643 2785 711 sexaginta
2809 643 2974 697 urbes
3007 650 3250 698 vastatas
3297 658 3415 699 esse
3466 660 3552 699 re-

1977 734 2081 789 fert
2110 734 2164 788 in
2193 748 2358 803 regno
2383 732 2462 804 Og
2493 734 2633 803 regis
2662 732 2856 797 Basan,
2883 733 2985 787 hoc
3010 740 3114 797 est,
3147 732 3347 789 diaboli
3376 735 3548 803 turpi-

1974 825 2175 881 tudinis
2194 832 2455 887 amatore,
2480 825 2604 894 quia
2632 824 2866 895 perfectc
2888 840 3103 879 omnem
3133 825 3546 881 delectationem

1978 919 2231 972 vitiorum
2281 916 2582 971 faciendam
2630 932 2751 971 esse
2792 916 3076 986 signiﬁcat.
3118 915 3299 986 Argob
3333 930 3547 986 quoque

1979 1009 2261 1064 maledicta
2309 1007 2613 1063 sublimitas
2660 1010 3080 1076 interpretatur,
3117 1023 3212 1075 per
3246 1023 3407 1077 quam
3453 1018 3559 1063 ter-

1981 1117 2109 1155 rena
2146 1100 2417 1169 superbia,
2451 1114 2571 1167 qua:
2601 1099 2652 1152 in
2684 1098 2806 1153 ﬁliis
2853 1099 2944 1152 ira:
2989 1097 3329 1163 dominatur,
3368 1100 3548 1169 expri-

1980 1192 2168 1247 mitur.

2051 1283 2350 1338 Destructis
2386 1297 2515 1352 ergo
2556 1282 2869 1336 civitatibus
2909 1281 3136 1346 cmictis,
3166 1282 3313 1335 viros
3339 1296 3402 1335 ac
3432 1297 3554 1335 mu-

1981 1376 2141 1429 lieres
2180 1384 2235 1430 et
2279 1374 2527 1445 parvulos
2553 1374 2757 1442 pariter
2787 1374 3045 1428 describit
3091 1372 3426 1428 interfectos.
3459 1372 3554 1427 Ju-

1984 1476 2163 1521 menta
2195 1476 2373 1520 autem
2402 1474 2458 1520 et
2482 1466 2653 1536 spolia
2699 1465 2912 1519 urbium
2940 1466 3150 1534 direpta
3182 1466 3420 1520 indicant
3452 1482 3552 1521 no-

1984 1560 2087 1623 bis,
2116 1558 2414 1612 munitione
2445 1558 2641 1612 diaboli
2668 1566 2942 1626 superata,
2972 1557 3231 1627 quidquid
3264 1557 3461 1612 rebello
3487 1572 3551 1611 ac

1985 1650 2243 1704 lascivum
2272 1649 2326 1702 in
2355 1663 2520 1703 carne
2557 1656 2741 1703 nostra
2772 1647 3059 1710 sentimus,
3099 1647 3257 1702 simul
3286 1663 3408 1702 cum
3435 1661 3560 1717 par—

1988 1739 2127 1793 vulis
2162 1740 2603 1810 cogitationibus,
2652 1738 2769 1793 zelo
2811 1738 2905 1793 Dei
2951 1740 3371 1802 conterendum;
3406 1740 3562 1809 quid-

384 1819 534 1888 (CAP.
562 1818 667 1889 ιιι.)
699 1838 717 1868 ι
753 1818 936 1886 Itaque
966 1819 1213 1872 conversi
1235 1858 1249 1881 ν
1277 1818 1619 1871 ascendimus
1657 1832 1751 1886 Per
1778 1817 1882 1871 ἱιει*
1911 1836 1958 1893 Β
1985 1830 2116 1899 quid
2166 1837 2345 1883 autem
2384 1829 2461 1883 ad
2505 1831 2786 1884 servitium
2827 1828 2921 1884 Dei
2952 1830 3008 1883 in
3056 1829 3401 1898 simplicitate
3441 1837 3559 1900 puri

318 1931 339 1961 ι
379 1912 570 1964 Busan.
596 1911 964 1980 Egressnsque
989 1918 1074 1964 est
1097 1911 1176 1980 Og
1201 1924 1290 1964 rex
1320 1910 1494 1964 Basan
1518 1910 1571 1963 in
1595 1924 1881 1966 occursum

317 2019 337 2052 ι
375 1999 532 2053 nobis
577 2014 699 2053 cum
743 1999 939 2067 p0pulo
980 2014 1110 2061 suo,
1145 2001 1210 2053 ad
1252 1998 1555 2053 bellandum
1600 1997 1654 2051 in
1698 1996 1879 2051 Edrai.

315 2108 338 2143 ι
375 2090 627 2159 Dixitque
655 2089 910 2143 Dominus
931 2089 998 2143 ad
1020 2104 1105 2144 me
1132 2107 1145 2143 :
1170 2089 1248 2144 Ne
1276 2089 1466 2144 timeas
1489 2103 1633 2153 eunt,
1664 2088 1789 2157 quia
1829 2088 1883 2141 in

316 2199 338 2234 ι
376 2196 537 2235 manu
564 2188 651 2235 tua
677 2179 906 2234 traditus
930 2188 1035 2246 est,
1063 2194 1187 2233 cum
1223 2180 1368 2234 omni
1410 2179 1603 2249 populo
1638 2195 1703 2234 ac
1740 2186 1883 2232 terra

316 2290 337 2324 ι
375 2288 494 2326 sua.
520 2271 818 2342 Faciesque
843 2272 983 2326 sicut
1005 2270 1177 2326 fecisti
1203 2271 1384 2327 Sehon
1411 2272 1522 2341 regi
1544 2271 1887 2326 Amorrhteo—

317 2379 336 2413 ι
374 2378 517 2429 rum,
531 2362 619 2430 qui
643 2362 908 2417 habitavit
929 2362 980 2416 in
1003 2361 1271 2417 Hesebon.
1292 2362 1536 2417 Tradidit
1556 2376 1686 2433 ergo
1706 2361 1887 2417 Domi-

288 2510 291 2513 _
317 2472 336 2504 c
377 2469 482 2506 nus
506 2452 646 2507 Deus
675 2462 862 2508 noster
887 2453 940 2505 in
971 2453 1220 2507 manibus
1255 2453 1455 2507 nostris
1485 2453 1649 2506 etiam
1679 2452 1757 2523 Og
1796 2466 1880 2505 re-

318 2561 336 2592 ε
376 2557 498 2612 gem
522 2542 695 2597 Basan
717 2549 773 2596 et
802 2542 1111 2597 universum
1142 2542 1393 2611 populum
1431 2541 1546 2611 ejus
1576 2559 1589 2594 :
1622 2542 1887 2611 percussi—

320 2652 337 2683 σ
376 2648 605 2704 musque
640 2648 735 2687 eos
769 2635 835 2688 ad
868 2634 1327 2697 internecionem,
1357 2640 1632 2686 vastantes
1667 2641 1889 2687 cunctas

320 2745 336 2775 ι
375 2726 626 2781 civitates
654 2726 796 2779 illius
824 2740 930 2779 uno
974 2733 1233 2795 tempore.
1268 2745 1285 2776 ι
1320 2724 1511 2779 Postea
1545 2724 1686 2778 enim
1726 2740 1886 2794 quam

314 2817 665 2872 obtinuerunt
735 2817 830 2871 lilii
888 2816 1050 2870 Israel
1108 2816 1357 2870 civitates
1414 2815 1882 2879 Amorrhzeorum,

316 2904 677 2960 ascenderunt
717 2906 882 2960 etiam
916 2906 1058 2960 viam
1104 2920 1222 2974 qua:
1251 2906 1401 2960 ducit
1446 2906 1497 2958 in
1545 2905 1751 2965 Dasan,
1798 2904 1886 2958 ubi

315 3004 437 3049 erat
465 2995 543 3066 0g
572 3012 661 3050 rex
693 2996 886 3050 Dasan.
919 2996 1025 3053 Sed
1053 2997 1120 3051 ad
1153 2998 1296 3051 hunc
1325 3011 1497 3067 neque
1530 2996 1732 3065 legatos
1770 2996 1891 3049 mit—

316 3097 436 3144 tere
476 3090 782 3161 dignantur,
810 3106 983 3159 ncque
1023 3099 1205 3160 petere
1245 3093 1313 3146 ab
1351 3107 1416 3147 eo
1458 3099 1515 3144 ut
1556 3106 1651 3159 per
1689 3097 1888 3144 terram

1987 1932 2178 1973 sensus
2208 1919 2322 1973 sive
2364 1918 2614 1973 inornata
2656 1921 2945 1974 verborum
2993 1919 3234 1973 invenire
3277 1934 3561 1988 possumus

1985 2009 2265 2074 virtutum,
2316 2009 2399 2063 sui
2433 2009 2843 2063 reservandum.
2882 2026 2901 2059 ι
2945 2009 3276 2078 Terramquc
3316 2011 3558 2077 possedi-

1991 2117 2010 2149 ι
2040 2112 2163 2153 mus
2202 2098 2256 2152 in
2284 2104 2527 2167 tempore
2556 2099 2649 2153 illo
2674 2100 2743 2153 ab
2782 2098 2973 2162 Aroer,
3016 2114 3137 2167 quae
3176 2108 3262 2154 est
3295 2113 3457 2170 super
3488 2101 3562 2155 ri-

1992 2209 2010 2241 ι
2040 2206 2165 2259 pam
2198 2189 2461 2245 torrentis
2487 2190 2696 2255 Arnon,
2739 2204 2909 2258 usque
2956 2191 3022 2244 ad
3069 2192 3299 2246 mediam
3351 2200 3560 2262 partem

1991 2296 2011 2330 ι
2042 2279 2242 2334 montis
2288 2278 2492 2334 Galaad
2533 2294 2547 2331 :
2599 2285 2655 2334 et
2704 2280 2955 2334 civitates
3004 2278 3148 2334 illius
3196 2280 3317 2334 dedi
3373 2280 3561 2335 Ruben

1993 2388 2011 2421 ι
2040 2379 2094 2424 et
2123 2369 2345 2425 Galaad.
2374 2371 2656 2440 Reliquam
2680 2378 2858 2425 autem
2881 2379 3090 2440 partem
3120 2369 3343 2436 Galaad,
3371 2380 3423 2427 ct
3453 2388 3567 2427 om-

1990 2480 2011 2511 (
2042 2476 2163 2516 nem
2195 2462 2370 2516 Busan
2404 2463 2555 2533 regni
2601 2462 2680 2533 0g
2719 2463 2919 2516 tradidi
2959 2463 3193 2517 dimidim
3238 2464 3401 2518 tribui
3450 2464 3563 2518 Ma-

1993 2572 2011 2603 ι
2042 2566 2221 2617 nasse,
2263 2572 2280 2604 ι
2327 2561 2432 2606 etc.
2460 2542 2586 2607 Πωο
2609 2553 2790 2607 ouinia
2817 2553 3027 2621 plenius
3048 2554 3102 2607 in
3138 2554 3276 2608 libro
3308 2554 3567 2609 Numero-

1986 2659 2109 2697 rum
2133 2646 2399 2713 explicata
2427 2654 2567 2699 sunt.
2605 2644 2711 2700 Sed
2737 2646 2863 2714 quia
2903 2646 3011 2709 hic,
3049 2646 3153 2701 hoc
3176 2656 3259 2700 est
3289 2647 3341 2700 in
3374 2647 3557 2701 Dente-

1990 2735 2252 2799 ronomio,
2288 2734 2640 2803 recapitulata
2662 2743 2805 2798 sunt,
2845 2735 2975 2803 quid
3008 2736 3233 2805 mystice
3262 2735 3567 2805 signiﬁcent

1988 2824 2353 2877 ostendemus.
2395 2824 2532 2876 Sunt
2569 2825 2719 2876 multi
2746 2824 2798 2877 in
2827 2825 3067 2877 Ecclesia
3097 2825 3185 2892 qui
3213 2824 3420 2894 parvuli
3447 2841 3568 2881 esse

1984 2912 2312 2980 despiciunt,
2352 2913 2516 2967 etiam
2545 2913 2868 2967 humilitatis
2897 2913 3163 2967 immunes
3190 2911 3328 2981 apud
3357 2928 3417 2968 se
3445 2928 3567 2968 esse

1988 3002 2209 3056 minime
2240 3003 2528 3057 desistunt.
2559 3003 2669 3058 llos
2712 3004 3030 3072 plerumque
3056 3003 3238 3058 videas
3272 3005 3568 3060 honoribus

1990 3091 2197 3156 extolli,
2237 3093 2598 3161 voluptatibus
2649 3091 2876 3162 perfrui,
2936 3109 3116 3148 rerum
3164 3086 3566 3164 multiplicitate

315 3180 436 3250 ejus
463 3189 769 3246 transeant,
800 3182 893 3236 sed
930 3182 1188 3237 continuo
1216 3182 1509 3252 conﬂigunt
1536 3196 1659 3236 cum
1694 3197 1793 3245 eo,
1833 3189 1888 3234 et
1916 3191 1961 3253 ρ
1992 3182 2223 3237 dilatari.
2262 3182 2322 3236 Hi
2372 3198 2513 3253 saepe
2543 3183 2675 3237 nihil
2706 3184 2978 3252 przecipue
3012 3182 3114 3237 nisi
3154 3198 3389 3254 praeesse
3413 3182 3572 3240 caete

315 3280 575 3341 superant
604 3281 710 3325 tam
742 3273 914 3341 ipsum
942 3288 1101 3343 quam
1141 3272 1390 3342 populum
1421 3273 1557 3342 ejus.
1595 3273 1884 3327 Videamus

313 3375 449 3431 ergo
478 3377 597 3431 qua:
622 3371 703 3416 cst
727 3363 920 3417 Busan.
960 3364 1132 3418 Busan
1177 3365 1562 3432 interpretatur
1594 3365 1884 3433 turpitudo.

320 3453 512 3507 Merito
550 3471 677 3524 ergo
696 3455 872 3525 legati
902 3456 1190 3509 mittuntur
1221 3457 1286 3509 ad
1316 3456 1474 3510 istam
1502 3465 1715 3525 gentem
1740 3499 1753 3521 ,
1789 3473 1890 3511 nec

294 3544 580 3601 transitus
603 3561 697 3615 per
725 3554 924 3599 terram
957 3544 1073 3614 ejus
1103 3546 1362 3613 poscitur.
1398 3546 1583 3600 Nullus
1619 3547 1762 3601 enim
1794 3562 1890 3600 no-

317 3636 404 3689 bis
435 3637 696 3691 transitus
725 3637 883 3690 debet
909 3652 1050 3700 esse,
1077 3637 1255 3691 nullus
1284 3647 1532 3692 accessus
1554 3638 1622 3691 ad
1661 3637 1890 3705 turpitu-

315 3727 526 3788 dinem,
551 3725 646 3780 sed
671 3726 739 3779 ab
775 3726 930 3779 initio
953 3726 1139 3779 statim
1167 3726 1522 3794 expugnanda
1551 3735 1606 3780 et
1626 3726 1891 3779 omnimo—

317 3816 404 3870 dis
440 3817 674 3871 cavenda
703 3824 807 3871 est.
834 3817 913 3887 Og
939 3825 1118 3871 autem
1141 3857 1154 3880 ,
1193 3817 1285 3886 qui
1318 3832 1410 3870 rex
1452 3816 1653 3871 dicitur
1686 3817 1887 3880 Basan,

288 3945 292 3950 -
317 3908 635 3962 interclusio
666 3910 1071 3978 interpretatur.
1099 3908 1286 3963 Potest
1318 3908 1404 3963 hic
1433 3910 1658 3977 ﬁguram
1692 3910 1893 3964 habere

315 4001 562 4055 omnium
590 4000 887 4056 carnalium
925 4009 979 4056 et
1008 4002 1367 4056 materialium
1410 4017 1591 4056 rerum
1613 4043 1627 4067 ,
1664 4019 1892 4073 quarum

318 4106 507 4147 amore
532 4104 585 4147 et
613 4093 882 4148 desiderio
908 4094 1123 4149 detenta
1168 4095 1347 4148 anima
1389 4094 1693 4149 excluditur
1728 4102 1781 4148 et
1812 4110 1896 4148 se-

302 4191 548 4252 paratur
566 4199 595 4236 a
619 4182 748 4237 Deo.
771 4183 1043 4239 Adversus
1068 4185 1167 4240 hos
1191 4200 1320 4256 ergo
1352 4185 1425 4239 ita
1454 4186 1764 4256 prmeipitur
1787 4187 1896 4258 bel-

304 4272 431 4337 lum
480 4275 806 4344 gerendum,
855 4283 912 4327 ut
958 4291 1063 4329 non
1106 4276 1441 4345 relinquatur
1479 4291 1547 4329 ex
1592 4292 1657 4331 eo
1688 4277 1890 4330 vivens.

320 4363 537 4418 Nulium
573 4366 715 4418 enim
740 4382 770 4419 a
796 4367 921 4420 ﬁliis
949 4367 1113 4422 Israel
1156 4377 1372 4437 oportet
1408 4369 1637 4438 relinqui
1682 4370 1736 4425 in
1787 4378 1895 4422 tur-

320 4455 582 4523 pitudinis
612 4470 795 4524 regno,
822 4468 876 4510 et
905 4459 1013 4511 Deo
1040 4459 1342 4525 viventem;
1373 4461 1468 4515 sed
1505 4461 1658 4515 decet
1693 4462 1898 4515 Israeli-

1995 3272 2070 3326 ris
2105 3281 2380 3343 appetunt,
2415 3289 2445 3327 a
2490 3273 2672 3327 multis
2702 3273 2881 3326 timeri
2910 3273 3268 3343 gratulantur,
3310 3283 3459 3331 recte
3490 3276 3570 3329 vi-

1990 3376 2116 3417 vere
2144 3362 2435 3433 uegligunt,
2470 3372 2525 3416 et
2572 3372 2734 3418 rectae
2762 3360 2884 3417 vitae
2912 3362 3112 3418 famam
3146 3365 3346 3420 habere
3374 3379 3571 3423 concu-

1989 3454 2222 3522 piscunt,
2239 3455 2576 3509 adulationes
2590 3463 2858 3525 quaerunt,
2877 3456 3154 3511 favoribus
3171 3458 3535 3514 intumescunt
3554 3477 3566 3512 :

1990 3554 2043 3598 et
2068 3547 2195 3612 quia
2225 3547 2383 3599 rebus
2408 3547 2509 3599 sibi
2540 3548 2756 3616 copiose
2777 3548 3135 3616 praesentibus
3160 3551 3393 3619 prompti
3423 3561 3567 3615 sunt,

1992 3643 2219 3687 ventura
2267 3636 2458 3703 gaudia
2488 3650 2596 3689 non
2638 3638 2944 3704 requirunt.
2978 3636 3220 3707 Cumque
3247 3654 3342 3693 eos
3389 3642 3570 3694 multi-

1992 3727 2113 3796 plex
2157 3727 2299 3781 actio
2325 3736 2575 3797 occupat,
2621 3730 2785 3783 etiam
2831 3744 2860 3782 a
2892 3729 3198 3798 semetipsis
3238 3730 3446 3785 alienos
3476 3733 3558 3785 de-

1997 3826 2287 3870 monstrat.
2323 3819 2390 3871 Et
2432 3826 2611 3872 tamen
2662 3820 2706 3873 si
2737 3834 2844 3888 qua
2875 3817 2998 3873 ﬁdei
3040 3820 3267 3874 tentatio
3297 3832 3569 3891 exsurgat,

1994 3908 2121 3976 quia
2152 3908 2206 3961 in
2237 3924 2301 3963 ea
2349 3910 2542 3964 saltem
2588 3910 2767 3980 specie
2811 3916 2970 3965 tenus
3014 3910 3380 3977 continentur,
3432 3911 3570 3965 hanc

1994 3998 2195 4064 verbis,
2258 3998 2397 4054 hanc
2449 4000 2779 4055 clamoribus
2824 4000 3140 4067 defendunt,
3189 4012 3243 4058 et
3289 4004 3563 4059 ctelcstem

1994 4091 2225 4160 patriam
2266 4092 2559 4157 vindicant,
2612 4107 2713 4147 nec
2756 4100 2934 4147 tamen
2985 4100 3187 4147 amant.
3238 4094 3386 4159 Quos
3433 4095 3572 4149 bene

1995 4180 2136 4248 apud
2182 4179 2400 4251 Moysen
2445 4180 2537 4235 lilii
2568 4181 2759 4236 Ruben
2787 4190 2840 4236 et
2883 4182 2999 4237 Gad
3040 4190 3096 4236 et
3135 4183 3355 4236 dimidia
3405 4185 3576 4239 tribus

1997 4268 2241 4324 Manassc
2271 4271 2604 4338 exprimunt,
2637 4272 2729 4339 qui
2774 4271 2941 4324 multa
2990 4284 3186 4340 pecora
3234 4278 3289 4325 et
3329 4269 3573 4339 iumenta

1995 4358 2350 4427 possidentes,
2382 4361 2509 4413 dum
2537 4366 2690 4413 extra
2718 4357 3011 4415 Jordanem
3050 4374 3114 4415 ea
3160 4374 3280 4429 quae
3326 4360 3577 4416 viderunt

1997 4451 2320 4519 campestria
2372 4451 2787 4520 concupiscunt,
2838 4452 2891 4504 in
2949 4452 3384 4521 repromissionis
3427 4461 3576 4509 terra

323 4551 483 4603 ticam
516 4550 768 4602 virtutem
808 4552 1058 4605 excidere
1098 4559 1155 4605 et
1201 4566 1444 4606 resecare
1483 4555 1690 4622 turpia,
1722 4562 1775 4608 et
1809 4556 1888 4623 pia

2006 4543 2373 4596 haereditatem
2425 4541 2625 4597 habere
2657 4531 2965 4608 uoluerunt,
3017 4544 3299 4598 dicentes:
3350 4562 3368 4595 ι
3406 4545 3577 4600 Terra

321 4657 545 4709 qzneque
576 4640 628 4693 in
657 4642 836 4694 animo
863 4640 1189 4695 re;ediﬁcare
1221 4651 1383 4711 atque
1412 4642 1639 4697 honesta
1674 4660 1735 4699 ac
1770 4645 1894 4698 reli-

320 4733 469 4799 giosa
500 4731 764 4798 plantare.
790 4732 865 4785 De
893 4747 1057 4803 regno
1086 4732 1263 4787 Sehon
1297 4749 1404 4787 non
1438 4742 1521 4787 est
1552 4734 1812 4802 scriptum
1841 4744 1900 4789 ut

324 4822 501 4875 nullus
524 4822 678 4876 vivus
705 4822 1058 4890 relinquatur,
1088 4838 1185 4878 nec
1224 4823 1290 4878 de
1329 4840 1494 4895 regno
1528 4823 1703 4879 Moab.
1738 4825 1899 4881 Forte

308 4912 467 4971 ,euim
498 4926 567 4964 ex
593 4911 699 4966 illis
739 4928 876 4982 opus
900 4914 1159 4968 habemus
1190 4914 1489 4983 aliquibus,
1528 4923 1584 4970 et
1627 4917 1902 4972 nonnullis

322 5018 510 5057 eorum
538 5018 637 5072 pro
667 5004 788 5059 vitm
819 5005 978 5075 hujus
1010 5004 1273 5074 agonibus
1306 5014 1361 5060 et
1397 5007 1728 5062 exercitibus
1754 5008 1894 5063 indi-

323 5110 531 5164 gemus.
557 5093 808 5163 Alioquin
833 5096 1208 5151 debuissemus
1235 5098 1300 5151 de
1331 5098 1434 5152 hoc
1466 5098 1664 5153 mundo
1693 5100 1893 5155 exisse.

308 5187 398 5239 De
423 5186 603 5241 Busan
623 5186 793 5252 enim,
820 5188 921 5242 hoc
947 5195 1028 5243 est
1046 5229 1060 5253 ,
1085 5189 1149 5242 de
1183 5190 1539 5257 turpitudine,
1575 5192 1720 5247 nullo
1749 5195 1900 5262 peni-

324 5287 410 5333 tus
437 5279 770 5349 indigemus;
810 5280 943 5334 nihil
974 5296 1038 5335 ex
1066 5297 1135 5335 co
1173 5281 1535 5352 relinquamus
1559 5324 1571 5348 ,
1603 5286 1898 5339 excidenda

324 5372 530 5436 omnia,
560 5372 919 5428 subvertenda
945 5382 1069 5428 sunt
1108 5388 1268 5443 opera
1296 5375 1647 5441 fortitudinis,
1675 5377 1727 5430 in
1754 5378 1902 5432 nullo

324 5463 467 5516 enim
492 5471 671 5530 potest
699 5463 983 5517 lionestum
1012 5481 1131 5519 esse
1160 5467 1301 5534 quod
1329 5475 1479 5536 turpe
1502 5477 1602 5521 est.
1630 5458 1904 5533 Quodau-

328 5560 433 5605 tem
456 5552 829 5622 subjuugitur:
852 5572 869 5602 ι
903 5552 1017 5608 Non
1042 5553 1139 5607 fuit
1163 5563 1341 5609 autem
1365 5556 1617 5625 oppidum
1640 5558 1783 5624 quod
1808 5576 1904 5614 nos

331 5660 349 5691 ι
391 5640 682 5711 elfugerct,
715 5645 989 5715 sexaginta
1032 5646 1193 5700 urbes
1226 5656 1499 5700 vastantes
1524 5688 1537 5708 ,
1570 5662 1785 5702 omnem
1817 5667 1902 5705 re-

333 5747 351 5775 ι
386 5732 599 5800 giuuem
643 5734 817 5803 Argoi)
853 5737 999 5799 muti
1030 5740 1105 5804 0,;
1139 5737 1189 5789 in
1224 5738 1422 5799 ιέέῑλςιηι,
1463 5746 1565 5792 etc.
1603 5760 1620 5791 ι
1659 5742 1903 5811 Superio-

2001 4650 2160 4703 quam
2191 4635 2460 4704 percussit
2500 4635 2759 4690 Dominus
2802 4635 2857 4687 in
2887 4642 3179 4704 conSpectu
3224 4633 3454 4690 ﬁliorum
3498 4635 3577 4691 ls-

2002 4729 2132 4794 rael,
2168 4729 2403 4800 regionis
2433 4730 2707 4783 uberrima
2753 4737 2837 4783 est
2876 4729 2942 4783 ad
2989 4737 3203 4798 pastum
3244 4724 3580 4789 animalium,

2003 4821 2070 4875 Et
2098 4838 2195 4874 nos
2230 4822 2369 4874 servi
2412 4822 2486 4874 tui
2516 4820 2777 4874 habemus
2818 4817 3062 4886 jumenta
3100 4819 3362 4889 plurima;
3393 4833 3581 4888 preca-

2003 4926 2252 4978 murque,
2280 4912 2324 4965 si
2354 4911 2656 4965 invenimus
2683 4912 2908 4981 gratiam
2944 4924 3125 4964 coram
3160 4918 3232 4975 te,
3264 4919 3325 4963 ut
3363 4909 3459 4965 des
3488 4924 3584 4962 no-

2006 5006 2088 5059 bis
2121 5004 2335 5059 famulis
2386 5004 2494 5057 tuis
2540 5018 2661 5075 eam
2708 5005 2761 5056 in
2799 5004 3218 5073 possessionem.
3274 5008 3377 5057 nec
3417 5000 3585 5055 facias

2006 5112 2105 5151 nos
2149 5097 2381 5150 transire
2413 5094 2725 5151 Jovdancm.
2765 5112 2782 5146 ι
2815 5095 2912 5160 Qui
2948 5094 3111 5162 igitur
3133 5094 3377 5163 jumenta
3410 5088 3583 5159 pluri—

2008 5205 2096 5243 ma
2136 5189 2435 5259 possident,
2479 5187 2770 5243 Jordancm
2815 5188 3048 5241 transire
3094 5185 3405 5257 refugiunt:
3455 5179 3579 5249 quia

2007 5297 2145 5350 quos
2175 5280 2340 5334 multa
2374 5281 2558 5334 mundi
2602 5281 3002 5349 implicamenta
3050 5283 3332 5346 occupant,
3366 5270 3579 5327 habita-

2011 5374 2210 5427 tionem
2238 5373 2419 5427 cordis
2462 5373 2653 5441 patria:
2703 5389 2808 5425 non
2839 5371 3119 5439 requirunt
3150 5386 3162 5419 :
3195 5365 3287 5420 sed
3324 5365 3436 5432 ipsa
3464 5377 3581 5426 eos,

2007 5480 2167 5532 quam
2206 5466 2383 5534 Specie
2415 5472 2569 5519 tenus
2598 5466 2892 5525 tenuerint,
2936 5462 3068 5514 ﬁdes
3099 5460 3361 5524 increpat,
3393 5468 3459 5509 nc
3487 5456 3585 5511 otii

2006 5554 2359 5612 delectatione
2404 5564 2713 5626 torpescunt
2758 5563 2920 5622 atque
2962 5546 3210 5616 exempto
3252 5559 3351 5601 suo
3382 5545 3520 5602 alios
3551 5564 3582 5602 a

2007 5646 2205 5698 laboris
2242 5648 2521 5701 tolerantia
2552 5656 2606 5700 et
2635 5646 2813 5699 studio
2847 5636 3273 5709 longanimitatis
3306 5633 3579 5711 inungunt,

2013 5761 2029 5791 ‹
2065 5742 2310 5811 Nunquid
2366 5746 2560 5796 fratres
2592 5740 2755 5795 vestri
2802 5739 2949 5790 ibunt
2985 5734 3051 5789 ad
3094 5750 3352 5806 pugnam,
3389 5747 3442 5789 et
3488 5751 3582 5789 vos
