3978 6182
398 343 503 399 85b

1064 347 1128 400 Β.
1171 346 1425 401 RABANI
1464 346 1682 405 MAURI
1719 347 2038 404 ARCHIEP.
2082 342 2391 407 MOGUNT‘.
2434 352 2723 410 OPERUM
2756 352 2934 409 PARS
2971 322 3013 408 l'.

3557 356 3675 412 85‘

398 463 487 517 hic
524 461 861 517 residebitis?
886 461 996 517 Cur
1034 463 1350 519 subvertitis
1391 473 1604 521 mentes
1645 465 1877 521 filiorum
1902 466 1979 522 ls-
2004 466 2055 527 Λ
2080 464 2181 521 bus
2218 467 2351 531 suis,
2397 470 2732 525 contendunt
2765 472 2997 526 transire
3042 471 3333 527 Iordanem
3373 480 3429 529 et
3459 475 3525 529 ad
3571 490 3674 546 pa-

398 551 544 607 racl?
573 571 592 603 ι
626 550 733 606 Sed
784 553 911 622 quia
954 554 1285 609 erubescunt
1338 571 1443 610 non
1493 556 1785 612 defendere
1832 556 1977 627 quod

397 638 748 706 confitentur,
773 656 872 710 pro
898 642 1086 697 eadem
1132 643 1235 699 fide
1271 660 1435 714 quam
1468 644 1696 714 professi
1743 655 1871 703 sunt
1910 647 1980 700 ad

400 737 679 786 certamen
700 740 1013 801 properant,
1033 746 1264 803 eamque
1299 750 1405 789 non
1438 737 1562 800 sibi,
1596 737 1689 792 sed
1714 738 1978 807 proximis

401 820 697 877 vindicant.
817 822 968 878 Unde
1019 831 1075 878 et
1123 825 1187 879 ad
1237 824 1454 896 Moysen
1510 826 1981 883 diettntchanlas

399 910 581 966 ovium
607 909 1013 976 fabricavimns,
1044 922 1101 968 et
1127 915 1340 970 stabula
1361 915 1759 985 jumentorum,
1783 932 1980 987 parvu-

402 999 468 1057 lis
494 1002 694 1056 nostris
730 1002 892 1057 nrbes
925 1004 1180 1059 munitas.
1214 1004 1323 1060 Nos
1357 1014 1536 1060 autem
1576 1007 1677 1076 ipsi
1708 1007 1901 1061 armati
1925 1015 1980 1062 ct

400 1091 627 1148 accincti
658 1105 944 1163 pergemus
979 1094 1046 1147 ad
1073 1095 1315 1164 prmlium
1348 1096 1580 1151 filiorum
1611 1096 1793 1151 lsrael.
1828 1118 1846 1149 ι
1877 1098 1978 1164 Qui

400 1196 524 1235 mox
556 1179 721 1236 fortes
745 1197 841 1251 pro
857 1183 977 1237 aliis
990 1186 1212 1239 veniunt
1239 1194 1294 1241 et
1320 1164 1756 1256 repromissionis
1779 1196 1978 1244 terram

398 1272 465 1327 ab
486 1271 732 1327 hostibus
759 1272 993 1330 liberant
1019 1284 1073 1331 et
1104 1277 1434 1347 relinquunt,
1466 1288 1630 1349 atque
1657 1280 1726 1334 ad
1749 1295 1981 1349 pascen—

400 1364 479 1418 da.
499 1372 744 1419 armenta
775 1376 932 1422 extra
967 1365 1258 1424 Iordanem
1305 1379 1535 1441 pergunt
1560 1413 1580 1438 ,
1617 1374 1744 1443 quia
1791 1382 1978 1430 contra

401 1454 563 1510 fidem
599 1454 939 1525 baptismatis
980 1466 1089 1513 tota
1117 1468 1296 1515 mente
1321 1461 1577 1531 omnique
1601 1462 1875 1518 desiderio
1903 1479 1981 1519 re-

399 1544 502 1600 bus
537 1545 795 1616 perituris
850 1547 1167 1603 inserviunt.
1219 1550 1322 1617 Qui
1370 1560 1570 1616 tamen,
1619 1560 1675 1606 ut
1723 1553 1977 1619 diximus,

399 1650 525 1692 cum
552 1635 673 1691 ﬁdei
714 1639 941 1695 tentatio
969 1641 1160 1706 oritur,
1191 1641 1564 1698 defensionum
1596 1646 1765 1700 armis
1792 1646 1978 1702 accin-

402 1734 622 1795 guntur,
664 1728 852 1784 hostes
882 1728 1005 1785 fidei
1044 1732 1366 1787 trucidando
1395 1743 1672 1803 superant,
1713 1744 1770 1790 et
1805 1737 1977 1791 hmre-

2081 567 2222 614 trum
2248 563 2531 628 pervenire
2557 563 2845 632 promissa.

2667 672 2895 728 CAPUT
2934 673 3064 728 Vill.

2079 761 2397 815 Exhortatio
2426 750 2610 832 Moysi
2635 763 2706 815 ad
2737 762 2922 836 Israel
2966 774 3024 836 nt
3067 764 3363 836 custodiant
3405 774 3672 836 meum

2536 842 2694 902 atque
2717 832 2929 902 judicia
2964 832 3176 887 Domini
3189 860 3203 886 δ

2148 923 2303 993 (Cxp.
2355 924 2458 993 ιγ.)
2511 941 2531 974 ι
2565 923 2632 976 Et
2679 937 2844 988 nunc,
2890 922 3078 988 lsrael,
3117 922 3243 978 audi
3294 931 3565 993 praecepta
3615 931 3676 981 et

2086 1033 2104 1064 ι
2123 1012 2326 1082 judicia
2353 1028 2474 1082 quae
2501 1026 2600 1082 ego
2642 1012 2810 1067 doceo
2840 1020 2927 1075 te;
2959 1020 3021 1066 ut
3052 1010 3266 1067 faciens
3288 1026 3375 1072 ea.
3402 1012 3579 1078 vivas,
3610 1022 3676 1071 et

2084 1124 2103 1156 ι
2135 1105 2444 1176 ingrediens
2483 1103 2767 1173 possideas
2802 1111 3006 1159 terram
3034 1118 3196 1171 quam
3234 1103 3499 1159 Dominus
3526 1104 3677 1163 Deus

2086 1214 2105 1245 ‹
2133 1202 2350 1264 patrum
2379 1200 2697 1249 vestrorum
2723 1192 2947 1248 daturus
2982 1200 3067 1248 est
3096 1192 3268 1251 vobis.
3300 1191 3418 1248 Non
3458 1193 3676 1250 addetis

2085 1305 2104 1337 ι
2134 1286 2200 1342 ad
2232 1284 2456 1340 verbum
2480 1284 2624 1354 quod
2664 1283 2817 1339 vobis
2841 1283 3054 1353 loquor,
3097 1296 3275 1351 neque
3298 1281 3566 1339 auferetis
3599 1299 3670 1339 ex

2088 1396 2106 1427 ‹
2136 1392 2219 1432 eo.
2250 1375 2529 1430 Custodite
2564 1373 2820 1428 mandata
2846 1373 3061 1428 Domini
3087 1372 3183 1427 Dei
3206 1372 3394 1438 vestri,
3417 1388 3540 1442 qua:
3569 1387 3675 1444 ego

2087 1488 2105 1518 ι
2135 1466 2387 1537 praecipio
2418 1464 2592 1528 vobis,
2631 1471 2737 1519 etc.
2778 1482 2798 1514 ι
2831 1462 3000 1519 Docet
3023 1476 3269 1517 normam
3293 1462 3587 1531 aequitatis,
3617 1471 3677 1519 et

2083 1571 2301 1613 omnem
2347 1556 2599 1610 haeresim
2627 1555 2731 1609 hac
2769 1554 3041 1609 sententia
3084 1553 3363 1622 percutit:
3415 1553 3544 1623 quia
3575 1553 3677 1609 ad-

2082 1647 2210 1702 dere
2230 1645 2360 1716 quid
2389 1643 2603 1699 aliunde
2626 1643 2693 1698 ad
2723 1652 2932 1699 rectam
2961 1643 3267 1699 doctrinam
3298 1655 3364 1698 ex
3401 1643 3678 1699 inventio-

2084 1739 2241 1793 nibus
2269 1737 2450 1807 pravis
2483 1744 2653 1800 vetat,
2700 1744 2757 1791 et
2786 1736 2852 1791 de
2879 1735 2964 1790 his
2992 1750 3114 1805 qua:
3137 1734 3432 1789 secundum
3468 1734 3678 1790 verita-

406 1816 628 1872 ditatem
657 1825 817 1873 terrm
863 1821 1316 1897 repromissionis,
1353 1823 1406 1877 id
1444 1833 1549 1889 est,
1591 1824 1826 1880 fructum
1858 1825 1979 1882 fidei
2010 1813 2057 1871 Β
2091 1840 2197 1886 tem
2224 1836 2388 1884 rectae
2424 1828 2547 1883 fidei
2578 1827 2789 1897 prolata
2824 1835 2952 1882 sunt
2979 1833 3228 1882 avertere
3254 1825 3463 1895 aliquid
3486 1825 3680 1897 prohi-

403 1922 510 1962 non
537 1915 753 1970 amant;
784 1909 971 1978 sicque
999 1926 1100 1979 pro
1149 1911 1235 1965 illa
1265 1921 1528 1982 pugnant,
1578 1921 1637 1967 ut
1673 1924 1853 1969 tamen
1883 1931 1979 1970 sua

406 1996 630 2067 pignora
650 2006 803 2052 extra
832 1998 974 2053 illam
997 2000 1287 2070 deponant.
1303 2002 1436 2070 Quia
1458 2005 1601 2061 enim
1627 2006 1882 2075 parvulos
1904 2006 1983 2062 fo-

404 2088 481 2143 ris
509 2088 730 2154 habent,
757 2089 1008 2145 effectum
1036 2091 1090 2146 in
1117 2093 1236 2164 ejus
1264 2093 1599 2152 habitatione
1621 2111 1726 2152 non
1756 2096 1979 2151 habent.

406 2175 558 2232 Unde
590 2178 655 2233 ad
684 2181 1007 2250 campestria
1053 2182 1301 2249 redeunt,
1343 2185 1469 2253 quia
1502 2184 1571 2239 ab
1597 2185 1721 2240 altis
1749 2186 1985 2241 cacumi-

403 2267 563 2323 nibus
592 2270 881 2335 montium,
911 2273 1067 2341 quasi
1096 2289 1126 2328 a
1156 2288 1251 2343 spe
1294 2275 1604 2338 celestinm
1636 2276 1981 2342 delabuntur,

404 2365 458 2413 et
477 2366 632 2413 extra
671 2363 1112 2430 repromissionis
1150 2373 1349 2419 terram
1381 2366 1541 2421 bruta
1590 2366 1846 2421 animalia
1893 2383 1988 2421 nu-

406 2449 618 2504 triunt:
667 2452 794 2520 quia
830 2453 897 2507 ad
936 2454 1236 2523 pascendos
1262 2456 1414 2511 vanis
1445 2457 1730 2513 desideriis
1771 2459 1988 2516 irratio-

409 2538 617 2594 nabiles
657 2541 829 2596 animi
864 2553 1045 2599 motus
1069 2545 1374 2612 elaborant,
1419 2548 1545 2617 quia
1594 2557 1812 2604 mternte
1852 2549 1989 2605 lucis

407 2637 609 2698 quanta
656 2631 728 2686 sit
771 2633 994 2689 claritas
1042 2651 1149 2690 non
1187 2647 1443 2705 noscunt,
1496 2640 1622 2708 quia
1677 2637 1991 2696 transituris

406 2723 854 2793 (DCCllpallOlllbUS
880 2727 1244 2795 obcaecantur,
1293 2738 1349 2785 et
1389 2731 1517 2787 dum
1551 2734 1787 2788 terrenis
1830 2733 1993 2790 rebus

407 2812 746 2881 superbiunt,
778 2815 1018 2872 cmlestis
1055 2819 1159 2874 sibi
1209 2820 1433 2877 luminis
1475 2823 1682 2880 aditum
1711 2823 1989 2880 claudunt.

408 2900 563 2969 Quod
605 2912 662 2958 et
698 2903 857 2960 aliter
901 2907 1125 2980 intelligi
1155 2916 1354 2981 potest.
1387 2912 1578 2970 Ruben
1624 2929 1858 2985 namque
1884 2916 1995 2985 pri-

410 2993 716 3069 mogenitns
745 2992 912 3050 Jacob
952 3006 1054 3052 est.
1088 2997 1241 3055 Licet
1286 3004 1737 3060 contaminaverit
1777 3004 1994 3060 thorum

407 3083 602 3153 patris,
647 3086 1038 3157 primogeritus
1082 3098 1259 3147 tamen
1306 3103 1408 3149 est.
1441 3094 1716 3151 Manasses
1755 3111 1990 3166 quoque.

409 3174 564 3245 cujus
595 3176 815 3232 dimidia
861 3179 1034 3236 tribus
1075 3189 1231 3236 extra
1277 3182 1570 3240 Iordanem
1616 3187 1988 3256 consequitur,

413 3270 469 3319 at
498 3263 612 3332 ipse
639 3266 764 3321 licet
796 3268 863 3323 de
890 3268 1143 3342 {Egyptia
1172 3284 1333 3330 natus
1358 3284 1466 3342 est,
1497 3278 1883 3349 primogenitus
1913 3289 1991 3335 ta-

413 3369 538 3413 men
573 3366 676 3413 est.
707 3359 912 3417 Omnes
936 3378 1066 3434 ergo
1101 3366 1190 3421 isti
1217 3367 1565 3440 primogeniti
1608 3379 1754 3436 sunt,
1786 3381 1842 3426 et
1871 3372 1993 3427 ideo

415 3447 647 3517 priorem
668 3450 924 3521 populum
946 3453 1253 3525 designant,
1299 3460 1389 3528 qui
1435 3476 1539 3514 non
1576 3475 1673 3530 per
1705 3461 1991 3517 Dominum

416 3546 661 3594 nostrum
691 3537 876 3597 Iesum
925 3542 1222 3611 Christum,
1272 3548 1367 3603 sed
1426 3565 1522 3620 per
1577 3551 1793 3622 Moysen
1841 3562 1993 3607 extra

423 3626 715 3685 Iordanem
747 3640 951 3689 sortem
992 3634 1325 3693 haereditatis
1370 3640 1661 3709 accipiunt.
1699 3640 1997 3697 Considera

417 3731 596 3778 autem
624 3724 934 3796 diligentius
960 3728 1125 3783 etiam
1154 3744 1372 3786 causam
1410 3747 1516 3801 qua
1551 3741 1607 3787 et
1649 3733 1800 3804 prior
1835 3743 2001 3790 estet

418 3822 572 3892 extra
612 3810 926 3883 Iordanem,
954 3825 1012 3873 et
1039 3822 1426 3889 sequestratim
1454 3839 1485 3878 a
1527 3824 1762 3887 caeteris,
1813 3840 2001 3881 conse-

419 3903 1045 3973 quitur~haereditatem.
1106 3908 1375 3977 Iumenta,
1439 3912 1637 3984 inquit,
1689 3922 1744 3968 et
1800 3929 1999 3983 pecora

421 3992 587 4049 multa
616 4003 745 4050 sunt
764 3997 939 4053 nobis.
966 3997 1094 4055 Hzec
1126 4015 1258 4072 ergo
1280 4018 1448 4058 causa
1481 4011 1567 4059 est
1590 4020 1696 4075 qua
1725 4006 1876 4076 prior
1899 4023 1999 4078 po-

420 4084 579 4153 pulus
620 4085 690 4141 ad
741 4088 1115 4148 haereditatem
1166 4102 1323 4150 terra:
1368 4094 1514 4152 illius
1541 4112 1662 4168 quae
1691 4098 1829 4154 lacte
1863 4098 1998 4168 fluit,

421 4183 542 4247 qua:
572 4177 729 4234 melle
758 4178 1019 4250 abundat,
1061 4197 1182 4254 qua:
1221 4182 1377 4242 favus
1405 4186 1580 4243 mellis
1602 4196 1687 4244 est
1713 4205 1826 4260 prae
1854 4193 2003 4247 omni

429 4278 609 4338 terra,
646 4286 754 4328 non
800 4275 977 4345 potuit
1000 4277 1307 4347 pervenire,
1355 4295 1455 4335 nec
1502 4281 1739 4337 Verbum
1781 4298 2003 4339 carnem

422 4362 596 4431 potuit
623 4377 943 4434 agnoscere,
983 4368 1110 4437 quia
1155 4369 1325 4425 multa
1367 4369 1616 4440 jnmenta
1661 4373 1901 4431 habebat
1947 4382 2003 4430 et

425 4454 590 4509 multa
624 4469 843 4525 pecora.
881 4458 1147 4517 Animalis
1184 4462 1328 4518 enim
1359 4479 1467 4520 non
1513 4465 1688 4536 potuit
1717 4466 2000 4538 percipere

423 4553 543 4613 qius
574 4555 702 4601 sunt
731 4548 955 4617 spiritus
985 4548 1102 4618 Dei,
1150 4568 1250 4608 nec
1273 4554 1631 4624 spiritualiter
1662 4556 1999 4626 dijudicare;

423 4634 550 4703 quia
588 4634 898 4694 homocum
931 4640 988 4695 in
1016 4641 1223 4715 honore
1252 4650 1414 4708 esset,
1459 4658 1566 4699 non
1596 4644 1881 4725 intellexit,
1912 4647 2008 4701 sed

425 4738 771 4797 comparatus
799 4739 884 4787 est
902 4729 1586 4805 jumentisinsipientibns,
1620 4744 1676 4790 et
1703 4736 1899 4791 similis
1935 4736 2011 4791 fa-

425 4825 652 4874 ctusest
677 4821 784 4876 his.
834 4819 944 4878 Pro
990 4824 1188 4895 quibus
1239 4826 1612 4881 hereditatem
1655 4841 1810 4882 suam
1852 4835 2008 4882 extra

423 4905 904 4968 Iordanislluenta
944 4916 1208 4986 percepit,
1247 4924 1303 4971 et
1329 4933 1358 4972 a
1383 4924 1531 4972 terra
1558 4931 1619 4973 se
1646 4925 1835 4972 sancta
1876 4917 2007 4975 fecit

432 4999 686 5056 alienum.
725 4999 820 5056 ille
848 5017 979 5074 ergo
1022 5006 1262 5076 populus
1280 5008 1492 5078 accepit
1517 5007 1886 5064 hereditatem
1910 5023 2011 5078 per

430 5091 670 5163 Moysen,
696 5094 905 5162 accepit
923 5103 1123 5151 terram
1149 5097 1376 5153 duorum
1398 5113 1581 5169 regum
1608 5102 2003 5156 tantummodo.

427 5185 547 5240 Non
597 5184 743 5240 enim
790 5185 1023 5255 amplius
1068 5189 1244 5258 potuit
1283 5188 1495 5259 Moyses
1547 5189 1855 5247 interficere
1902 5193 2007 5251 nisi

428 5275 562 5330 duos
593 5290 768 5347 reges,
799 5289 1030 5347 quorum
1067 5288 1269 5334 terram
1297 5278 1562 5338 divideret
1591 5281 1805 5351 populis
1837 5282 2005 5336 multa

426 5365 682 5425 animalia
709 5368 986 5439 multaque
1020 5384 1218 5438 pecora
1246 5371 1592 5435 habentibus.
1617 5371 1728 5427 illis
1754 5388 1886 5428 vero
1914 5373 2004 5441 qui

428 5453 717 5515 Iordanem
746 5459 1228 5516 transeunt'Iesus
1246 5446 1249 5451 ’
1269 5461 1460 5517 dividit
1508 5471 1731 5528 terram,
1761 5463 2008 5532 quamvis

433 5548 667 5603 habeant
695 5551 860 5606 etiam
908 5551 1010 5622 ipsi
1049 5552 1323 5619 animalia,
1370 5553 1609 5611 habeant
1648 5568 1867 5624 pecora,
1899 5569 2007 5610 non

429 5645 614 5712 tamen
638 5648 790 5695 tanta
818 5657 940 5712 qua:
964 5656 1059 5697 eos
1086 5640 1378 5698 excludant
1409 5656 1477 5697 ne
1501 5641 1793 5699 Iordanem
1834 5653 2012 5701 trans-

431 5737 581 5787 eant.
611 5729 719 5786 Sed
748 5748 868 5789 cum
908 5736 1038 5807 ipsis
1084 5744 1141 5792 et
1180 5736 1497 5795 mulieribus
1535 5746 1590 5794 et
1627 5753 1750 5794 cum
1786 5738 2008 5796 infanti-

2084 1922 2194 1976 bet.
2229 1920 2325 1975 Via
2351 1919 2497 1974 enim
2525 1918 2674 1988 regia
2712 1918 3076 1974 incedendum
3106 1925 3191 1973 est
3221 1936 3235 1972 :
3270 1933 3374 1977 nec
3400 1917 3533 1973 licet
3561 1919 3681 1975 sive

2085 2014 2153 2068 ad
2190 2013 2469 2067 dexteram
2528 2010 2644 2066 sive
2697 2010 2767 2063 ad
2824 2009 3103 2065 sinistram
3157 2008 3316 2063 alicui
3376 2008 3678 2075 declinare,

2085 2107 2213 2175 quia
2260 2121 2369 2160 non
2412 2104 2636 2159 habebit
2678 2103 2950 2158 insontem
3003 2103 3287 2168 Dominus,
3330 2103 3425 2175 qui
3472 2103 3683 2159 deserit

2086 2198 2229 2252 viam
2265 2204 2488 2258 rectam,
2533 2203 2588 2251 et
2632 2195 2869 2251 declinat
2891 2195 2945 2250 in
2985 2194 3215 2250 semitas
3254 2209 3475 2264 pravas.
3510 2193 3687 2250 Recte

2086 2287 2231 2342 enim
2268 2293 2395 2341 sunt
2444 2285 2545 2339 vim
2585 2284 2822 2349 Domini,
2870 2291 2927 2339 et
2963 2282 3099 2354 justi
3143 2284 3423 2338 ambulant
3477 2284 3535 2338 in
3572 2284 3681 2339 eis.

2088 2378 2219 2434 Tale
2249 2377 2378 2448 quid
2402 2385 2458 2432 et
2497 2378 2551 2433 in
2579 2376 2901 2448 Apocalypsi
2931 2374 3157 2433 Ioannis
3181 2374 3434 2446 legimus,
3469 2393 3490 2427 ι
3528 2374 3678 2430 Bea-

2093 2479 2205 2534 tus,
2240 2469 2434 2538 inquit,
2468 2469 2561 2540 qui
2593 2468 2831 2523 custodit
2864 2467 3030 2523 verba
3059 2466 3359 2536 prophetiae
3403 2462 3568 2534 hujus
3614 2463 3687 2519 li-

2091 2561 2170 2617 bri
2189 2560 2444 2632 (Apom).
2468 2580 2485 2612 ι
2508 2559 2575 2614 Et
2593 2558 2752 2629 paulo
2776 2567 2926 2629 post:
2954 2558 3262 2623 Contestor,
3288 2558 3386 2623 ait,
3411 2571 3516 2628 ego
3527 2556 3683 2613 omni

2091 2651 2327 2706 audienti
2359 2652 2521 2706 verba
2573 2651 2873 2721 prophetia:
2906 2649 3065 2721 hujus
3093 2648 3239 2713 libri,
3264 2648 3311 2703 si
3351 2648 3478 2719 quis
3506 2661 3682 2717 appo-

2089 2741 2266 2797 suerit
2317 2741 2383 2794 ad
2433 2742 2569 2805 hzec,
2626 2747 2860 2811 apponet
2905 2754 3070 2810 super
3119 2738 3267 2792 illum
3311 2737 3456 2793 Deus
3495 2735 3688 2807 plagas

2093 2833 2327 2903 scriptas
2352 2832 2405 2885 in
2434 2831 2575 2887 libro
2603 2832 2725 2885 isto.
2759 2830 2825 2884 Et
2852 2830 2896 2885 si
2920 2830 3044 2900 quis
3064 2828 3384 2883 diminuerit
3405 2827 3475 2882 de
3496 2824 3683 2881 verbis

2094 2923 2391 2994 prophetiae
2432 2921 2591 2992 hujus
2621 2921 2771 2985 libri,
2812 2919 3021 2975 auferet
3056 2919 3198 2974 Deus
3224 2927 3438 2988 partem
3468 2916 3587 2987 ejus
3612 2915 3687 2972 de

2096 3013 2234 3069 libro
2260 3015 2407 3079 vitae,
2440 3020 2495 3067 et
2517 3013 2584 3067 de
2607 3013 2827 3067 civitate
2856 3018 3064 3075 sancta,
3089 3018 3145 3064 et
3169 3009 3237 3064 de
3267 3008 3353 3064 his
3385 3024 3509 3078 qua:
3543 3004 3686 3063 scri-

2019 3155 2063 3216 C
2094 3115 2187 3175 pta
2226 3114 2353 3161 sunt
2392 3107 2448 3161 in
2472 3106 2612 3160 libro
2643 3106 2764 3160 isto.
2798 3104 2925 3160 Haec
2965 3113 3048 3159 est
3089 3102 3235 3157 enim
3260 3116 3390 3156 vera
3417 3100 3686 3171 sapientia

2100 3204 2142 3216 -.
2174 3194 2474 3216 εμ.-.ικ--.---
2512 3210 2688 3216 --__-_-
2722 3194 2931 3216 --ηιμ
3105 3192 3391 3216 ---λεωω
3423 3192 3682 3216 ---εηημ

2094 3204 2149 3250 et
2174 3194 2476 3250 intellectus
2505 3210 2692 3249 coram
2722 3194 2957 3265 populis,
3000 3200 3061 3248 u‘t
3105 3192 3396 3249 audientes
3423 3192 3686 3246 universa

2092 3292 2363 3355 praecepta
2391 3285 2527 3349 bzec,
2555 3284 2738 3340 dicant
2765 3302 2778 3338 ;
2819 3302 2838 3334 ι
2881 3284 2962 3338 Εη
2989 3284 3219 3355 populus
3263 3282 3483 3352 sapiens
3508 3290 3566 3336 et
3594 3282 3686 3335 in-

2101 3392 2119 3424 c
2150 3372 2412 3445 telligens,
2442 3388 2574 3444 gens
2603 3389 2818 3444 magna,
2851 3388 2949 3428 nec
2972 3383 3056 3429 est
3087 3374 3189 3428 alia
3210 3374 3359 3427 natio
3386 3382 3499 3427 tam
3526 3386 3692 3443 gran-

2104 3485 2121 3516 ‹
2151 3466 2255 3531 dis,
2286 3481 2405 3535 quae
2435 3466 2634 3520 habeat
2666 3466 2799 3521 deos
2831 3466 3327 3536 appmpinquantcs
3367 3464 3495 3528 sibi,
3544 3463 3693 3517 sicut

2104 3575 2122 3606 ι
2158 3556 2418 3611 Dominus
2445 3555 2588 3610 Deus
2628 3562 2814 3611 noster
2839 3556 2996 3611 adest
3034 3556 3245 3611 cunctis
3291 3551 3693 3609 obsecrationi-

2106 3668 2122 3699 ι
2154 3649 2253 3703 bus
2279 3648 2501 3713 nostris,
2536 3667 2554 3699 ι
2591 3657 2697 3702 etc.
2721 3646 2996 3703 Grandem
3028 3648 3158 3702 dicit
3184 3647 3482 3710 nationem,
3510 3644 3693 3715 digni-

2101 3746 2210 3793 tate
2235 3739 2518 3803 donorum,
2544 3753 2650 3792 non
2674 3738 3023 3792 multitudine
3042 3736 3379 3807 populorum.
3406 3733 3518 3790 Nec
3542 3735 3691 3789 enim

2099 3841 2230 3897 gens
2250 3825 2560 3882 Iudaeorum
2601 3841 2829 3881 numero
2870 3826 3123 3880 vincebat
3152 3825 3284 3879 alias
3327 3833 3541 3895 gentes,
3595 3829 3696 3879 aut

2099 3919 2337 3988 potentia
2376 3918 2673 3973 excellebat
2702 3936 2714 3971 :
2746 3917 2843 3973 sed
2872 3917 3227 3987 praerogativa
3260 3923 3480 3986 patrum
3505 3914 3694 3968 divina

2100 4005 2343 4077 dignatio
2366 4020 2461 4060 eos
2490 4004 2783 4069 exaltabat,
2811 4005 2953 4060 sicut
2994 4005 3134 4061 idem
3174 4002 3386 4074 Moyses
3411 4003 3465 4057 in
3507 4002 3694 4058 subse-

2101 4094 2390 4165 quentibus
2414 4103 2645 4150 testatur
2675 4088 2861 4149 diceas
2886 4112 2900 4147 :
2937 4112 2957 4144 ι
2994 4092 3111 4147 Non
3139 4094 3265 4163 quia
3303 4101 3533 4147 cunctas
3557 4106 3692 4163 gen-

2109 4205 2128 4237 ‹
2161 4194 2242 4240 tes
2271 4200 2497 4240 numero
2518 4184 2846 4251 vincebatis,‘
2875 4184 3031 4239 vobis
3063 4184 3288 4255 junctus
3312 4191 3398 4237 est
3422 4182 3690 4237 Dominus

2109 4294 2127 4326 ι
2157 4284 2211 4331 et
2239 4274 2401 4346 elegit
2423 4289 2543 4340 vos,
2563 4289 2688 4328 cum
2707 4274 2963 4330 omnibus
2987 4274 3109 4328 sitis
3135 4272 3352 4343 populis
3374 4272 3687 4341 pauciores,

2110 4384 2128 4417 ι
2159 4366 2256 4423 sed
2280 4364 2408 4435 quia
2438 4363 2628 4420 dilexit
2654 4379 2754 4419 vos
2781 4364 3062 4429 Dominus,
3089 4371 3145 4418 et
3188 4362 3488 4417 custodivit
3526 4361 3690 4431 jura—

2113 4479 2131 4511 ι
2163 4465 2405 4513 mentum
2431 4456 2575 4527 quod
2604 4456 2889 4527 juraverat
2927 4455 3176 4525 patribus
3200 4454 3419 4509 vestris.
3450 4473 3471 4505 ι

2708 4564 2933 4623 CAPUT
2983 4564 3076 4620 IX.

2110 4659 2188 4715 De
2209 4678 2269 4714 eo
2301 4659 2449 4731 quod,
2480 4655 2803 4731 prohibuerit
2839 4656 3106 4731 facturam
3145 4652 3551 4707 simulacrorum
3577 4670 3700 4707 om-

2180 4725 2326 4785 nium
2364 4725 2712 4783 nuntiantium
2746 4735 2902 4796 atque
2924 4725 3287 4795 jumentorum
3312 4740 3431 4794 eum
3454 4733 3577 4777 sum
3600 4740 3701 4778 sn-

2178 4817 2271 4867 per
2310 4809 2524 4854 terram.

2179 4912 2355 4986 (Imm)
2418 4930 2436 4963 ι
2463 4909 2744 4965 Custodite
2780 4923 2910 4979 ergo
2949 4908 3180 4964 sollicite
3219 4908 3436 4961 animas
3455 4916 3698 4962 vestras.
3800 4936 3817 4942 —

2117 5026 2136 5058 ι
2166 5004 2417 5075 Nunquid
2443 5002 2656 5057 vidistis
2679 5000 2916 5072 aliquam
2946 5000 3356 5056 similitudinem
3390 5000 3447 5053 in
3473 4998 3562 5053 die
3585 5014 3700 5069 qua

2116 5117 2135 5148 ‹
2166 5098 2376 5151 locutus
2397 5102 2484 5148 est
2506 5093 2769 5148 Dominus
2782 5092 2937 5147 vobis
2958 5092 3013 5147 in
3036 5090 3301 5147 florebde
3319 5091 3497 5147 medio
3516 5090 3702 5160 ignis?

2116 5208 2134 5240 ι
2167 5204 2234 5242 ne
2269 5187 2404 5241 forte
2431 5184 2665 5255 decepti,
2705 5183 2923 5239 faciatis
2947 5184 3101 5238 vobis
3135 5183 3404 5253 sculptam
3445 5182 3702 5238 similitu-

2115 5300 2133 5330 ι
2164 5278 2364 5341 dinem,
2393 5282 2485 5329 aut
2524 5276 2814 5345 imaginem
2860 5274 3086 5329 masculi
3117 5283 3213 5328 aut
3238 5274 3472 5329 feminae.
3510 5292 3531 5325 ι
3587 5272 3699 5345 (Et

2110 5368 2448 5440 Augustino.)
2478 5367 2620 5434 Quid
2641 5369 2855 5423 intersit
2877 5369 3021 5423 inter
3040 5367 3448 5423 similitudinem
3473 5375 3530 5421 et
3558 5367 3698 5420 ima—

2111 5460 2290 5532 ginem
2323 5461 2495 5531 quztri
2531 5460 2696 5519 ,solet.
2744 5460 2851 5515 Sed
2894 5463 2982 5515 hic
3026 5476 3134 5514 non
3184 5460 3343 5514 video
3383 5459 3512 5528 quid
3556 5459 3698 5513 inte-

2112 5573 2262 5613 resse
2292 5557 2538 5623 volnerit,
2569 5558 2673 5612 nisi
2702 5569 2796 5612 aut
2824 5558 3033 5614 duobus
3073 5559 3192 5614 istis
3219 5558 3499 5613 vocabulis
3527 5573 3699 5612 unam

2111 5665 2226 5705 rem
2253 5648 2659 5719 significaverit,
2687 5658 2783 5704 aut
2801 5649 3207 5705 similitudinem
3231 5649 3430 5704 dixerit
3449 5648 3520 5711 si,
3539 5648 3699 5702 verbi

2112 5739 2303 5812 gratia,
2355 5737 2452 5794 fiat
2483 5747 2658 5795 statua
2704 5738 2788 5794 vel
2822 5739 3040 5797 simulat
3055 5755 3173 5795 rum
3226 5740 3433 5795 habens
3460 5736 3702 5811 eﬂigiem
