3978 6182
223 399 331 461 857

1013 400 1414 462 ENARRAHO
1449 403 1674 461 SUPER
1716 403 2338 467 DEUTERONOMIUM.
2378 442 2449 452 —
2487 412 2611 468 LIB.
2652 415 2692 470 l.

3381 419 3485 478 858

221 522 539 582 humanam,
573 532 678 574 non
709 525 888 573 tamen
910 515 1136 587 alicujus
1169 519 1405 575 hominis
1429 520 1805 588 exprimantur
1831 531 1880 588 Α
1915 540 1934 572 σ
1960 521 2166 576 creavit
2198 522 2460 577 Dominus
2489 521 2632 578 Deus
2658 530 2781 578 tuus
2808 523 2861 577 in
2885 523 3246 580 ministerium
3279 528 3492 585 cunctis

217 611 573 676 lineamenta,
603 611 743 667 sicut
787 609 1026 681 pictores
1054 611 1136 666 vel
1179 613 1429 668 statuarii
1459 612 1686 678 faciunt,
1723 614 1806 668 iu-

225 712 440 760 tuentes
477 719 572 760 eos
601 719 740 774 quos
783 705 1010 775 pingunt
1054 706 1138 760 vel
1188 707 1415 778 lingunt.
1467 707 1617 762 Hanc
1658 707 1804 762 enim

224 795 512 866 imaginem
539 794 645 850 dici
691 809 850 849 nemo
883 795 1565 862 dubitaverit,,secundum
1611 798 1804 852 distin-

223 885 462 940 ctionem
491 900 593 955 qua
622 886 799 940 omnis
828 886 1006 956 imago
1037 888 1198 942 etiam
1243 889 1539 944 similitudo
1560 897 1662 952 est,
1696 905 1800 945 non

219 977 402 1032 omnis
425 976 717 1032 similitudo
745 978 906 1032 etiam
940 979 1135 1050 imago.
1166 979 1320 1037 Unde
1356 981 1400 1036 si
1433 981 1630 1051 gemini
1662 981 1805 1037 inter

221 1083 283 1124 se
303 1067 509 1123 similes
539 1077 686 1134 sunt,
739 1069 1036 1126 similitudo
1073 1071 1178 1126 dici
1223 1079 1400 1142 potest
1447 1071 1669 1126 alterius
1703 1086 1801 1125 cu-

214 1160 440 1232 juslibet
467 1162 520 1215 in
557 1161 748 1226 altero,
788 1177 893 1217 non
924 1164 1117 1234 imago.
1151 1163 1208 1219 Si
1248 1174 1425 1220 autem
1468 1165 1609 1234 patri
1661 1163 1803 1221 illius

220 1253 414 1308 similis
449 1253 540 1314 sit,
585 1253 748 1307 etiam
786 1252 964 1324 imago
1004 1260 1151 1308 recte
1187 1253 1404 1317 dicitur,
1451 1264 1510 1309 ut
1547 1255 1618 1308 sit
1647 1265 1804 1323 pater

224 1345 388 1399 totius
420 1344 558 1399 unde
599 1345 689 1400 illa
739 1345 918 1416 imago
947 1359 1196 1414 expressa
1242 1344 1525 1399 videatur:
1561 1361 1806 1415 quarum

221 1436 340 1489 alite
363 1445 487 1488 sunt
509 1433 747 1500 ejusdem
776 1435 1112 1499 substantize,
1159 1435 1298 1489 sicut
1344 1433 1508 1499 ﬁlius,
1537 1436 1655 1489 ali-.e
1696 1452 1800 1490 non

220 1519 484 1588 ejusdem,
519 1520 660 1574 sicut
709 1520 938 1590 pictura.
967 1519 1120 1575 Unde
1151 1519 1278 1574 illud
1321 1520 1463 1590 quo-:l
1507 1521 1561 1576 in
1605 1521 1802 1577 Genesi

219 1611 484 1679 scriptum
515 1617 635 1664 est:
678 1629 696 1661 ι
732 1609 880 1664 Fecit
911 1610 1052 1665 Deus
1094 1611 1367 1664 hominem
1411 1611 1478 1665 ad
1515 1611 1802 1681 imaginem

218 1716 376 1756 suam
407 1700 557 1771 (Gen.
593 1700 654 1769 ι),
693 1721 709 1751 ι
747 1700 1092 1754 manifestum
1123 1709 1207 1756 est
1234 1700 1306 1754 ita
1341 1700 1568 1767 dictum,
1606 1711 1666 1756 ut
1697 1719 1801 1758 non

215 1793 464 1861 ejusdem
488 1793 802 1847 substantia:
831 1791 898 1846 sit
925 1792 1100 1861 imago
1127 1807 1246 1860 qua:
1272 1789 1411 1847 facta
1439 1803 1538 1846 est.
1574 1791 1630 1848 Si
1657 1794 1800 1848 enim

1914 629 1931 660 ι
1960 613 2210 682 gentibus
2237 627 2356 682 qua:
2381 614 2481 668 sub
2507 613 2648 670 coelo
2669 621 2818 678 sunt,
2849 615 2974 683 quia
3004 615 3280 671 distribuit
3309 617 3492 673 Domi-

1912 721 1930 753 c
1961 718 2062 758 nus
2088 704 2232 760 Deus
2259 711 2384 759 tuus
2409 720 2472 759 ea
2494 706 2746 760 omnibus
2774 706 3027 776 gentibus
3066 722 3187 776 quae
3214 709 3317 762 sub
3350 708 3490 765 coelo

1913 813 1930 845 ι
1961 804 2104 850 sunt.
2139 816 2157 848 ι
2195 795 2308 850 Non
2344 797 2416 850 ita
2459 797 2663 851 dictum
2693 804 2778 852 est
2817 806 3076 866 tanquam
3106 799 3248 853 Deus
3288 813 3493 867 praece-

1904 887 2044 956 perit
2084 901 2147 942 ea
2173 887 2276 942 coli
2321 902 2350 940 a
2381 888 2653 959 gentibus,
2698 903 2728 942 a
2775 887 2890 943 solo
2936 896 3119 943 autem
3165 889 3364 959 pepulo
3391 905 3491 944 suo

1905 992 2013 1032 non
2052 977 2176 1032 coli.
2207 977 2312 1033 Sed
2341 988 2434 1033 aut
2457 980 2530 1033 ita
2559 980 2761 1034 dictum
2787 988 2871 1035 est
2897 989 3154 1050 tanquam
3189 981 3492 1050 praescierit

1905 1076 2094 1137 gentes
2119 1067 2383 1123 culturam
2415 1070 2750 1125 exhibituras
2775 1071 2857 1125 his
2873 1072 3206 1136 emlesti'ius,
3232 1081 3285 1126 et
3307 1081 3488 1127 tamen

1906 1159 2008 1214 hoc
2050 1159 2340 1229 przesciens
2394 1162 2665 1216 creaverit
2719 1176 2818 1227 ea;
2886 1177 3006 1217 eum
3053 1178 3186 1217 vero
3232 1163 3488 1233 pepulum

1905 1265 2062 1304 suum
2093 1267 2212 1306 esse
2238 1252 2572 1322 praeseiverit
2596 1253 2685 1323 qui
2715 1255 2816 1308 ista
2839 1269 2942 1308 non
2967 1255 3188 1319 coleret,
3220 1263 3312 1310 aut
3338 1275 3355 1307 ι
3380 1257 3492 1311 dis-

1907 1343 2096 1397 tribuit
2127 1363 2144 1393 ι
2179 1343 2378 1398 dictum
2422 1353 2524 1409 est,
2556 1353 2618 1398 ut
2659 1344 2992 1414 intelligatur
3035 1362 3184 1410 usus,
3217 1347 3306 1416 qui
3335 1363 3486 1402 com-

1906 1434 2193 1490 mendatur
2214 1434 2266 1487 in
2293 1433 2510 1499 Genesi,
2557 1453 2574 1486 ι
2603 1443 2661 1488 ut
2688 1437 2795 1489 sint
2825 1435 2878 1488 in
2911 1435 3082 1504 signis
3108 1446 3162 1489 et
3196 1437 3248 1489 in
3283 1447 3488 1508 tempo-

1907 1525 2057 1579 ribus
2085 1533 2141 1578 et
2182 1525 2235 1578 in
2265 1524 2452 1578 diebus
2483 1533 2537 1579 et
2576 1525 2626 1578 in
2660 1525 2836 1579 annis.
2876 1546 2893 1577 ›
2927 1527 3096 1592 Quem
3130 1543 3285 1582 usum
3327 1528 3378 1582 in
3412 1529 3493 1583 eis

1906 1629 2246 1669 communem
2291 1613 2453 1668 habet
2499 1614 2724 1683 populus
2753 1614 2846 1668 Dei
2897 1630 3020 1669 eum
3072 1617 3322 1671 omnibus
3364 1633 3494 1686 gen-

1909 1707 2074 1770 tibus,
2101 1723 2205 1760 non
2233 1715 2413 1760 autem
2459 1707 2660 1761 cultum
2691 1723 2850 1778 quem
2883 1709 3082 1762 habent
3125 1710 3244 1763 alite
3280 1721 3489 1779 gentes.

1915 1816 1933 1847 ¢
1961 1796 2104 1852 Cave
2151 1813 2218 1851 ne
2256 1799 2546 1867 aliquando
2588 1798 2924 1854 obliviscaris
2964 1802 3105 1870 pacti
3154 1801 3365 1856 Domini
3397 1803 3492 1858 Dei

216 1884 465 1953 ejusdem
495 1892 660 1946 esset,
691 1899 798 1937 non
840 1882 1002 1947 facta,
1029 1883 1120 1937 sed
1153 1882 1332 1954 genita
1360 1883 1649 1938 diceretur.
1698 1884 1802 1939 Sed
1833 1881 1878 1940 Β
1913 1908 1930 1937 ι
1962 1887 2126 1943 nostri
2162 1889 2302 1957 quod
2333 1890 2534 1958 pepigit
2577 1898 2774 1956 tecum,
2806 1899 2860 1945 et
2886 1891 3054 1946 facias
3085 1893 3179 1947 tibi
3226 1893 3491 1964 sculptam

216 1975 366 2047 quod
409 1992 514 2030 non
561 1975 786 2041 addidit,
833 1984 887 2031 et
920 1976 1348 2040 similitudinem,
1387 1992 1507 2031 cum
1557 1981 1802 2048 superius

217 2067 425 2122 dictum
452 2075 616 2130 esset,
657 2085 675 2116 ι
705 2065 989 2120 Faciamus
1031 2066 1303 2121 hominem
1333 2067 1398 2121 ad
1429 2068 1718 2136 imaginem
1751 2078 1804 2124 et

212 2157 628 2212 similitudinem
679 2166 942 2222 nostram,
978 2177 996 2209 ι
1034 2157 1355 2227 quibusdam
1384 2157 1557 2212 visum
1603 2167 1686 2213 est
1731 2160 1804 2214 si-

211 2249 579 2306 militudinem
627 2247 828 2318 aliquid
875 2248 1102 2318 amplius
1129 2263 1249 2303 esse
1299 2263 1460 2317 quam
1491 2250 1801 2319 imaginem,

209 2337 361 2410 quod
385 2337 588 2392 homini
618 2337 961 2392 reformando
981 2353 1079 2406 per
1100 2337 1302 2393 Christi
1345 2340 1575 2408 gratiam
1615 2348 1802 2408 postea

213 2437 610 2485 reservaretur.
654 2428 818 2482 Miror
849 2436 1028 2482 autem
1059 2429 1104 2483 si
1142 2445 1246 2484 non
1284 2437 1568 2498 propterea
1610 2439 1802 2500 postea

216 2523 513 2593 imaginem
569 2521 738 2577 solam
786 2521 957 2576 voluit
1005 2536 1477 2586 commemorare,
1538 2523 1663 2591 quia
1714 2521 1804 2576 ubi

216 2616 422 2683 imago,
460 2622 516 2669 et
545 2613 841 2670 similitudo
869 2623 971 2670 est.
1007 2612 1159 2670 Unde
1185 2623 1240 2668 et
1263 2615 1350 2670 hic
1378 2614 1587 2686 Moyses
1616 2615 1805 2669 simili-

217 2705 463 2761 tudinem
503 2715 557 2758 et
609 2705 899 2774 intaginem
947 2705 1062 2761 fieri
1108 2715 1273 2770 vetat,
1337 2707 1629 2762 secundum
1680 2721 1800 2762 eam

216 2798 449 2852 formam
493 2796 574 2852 vel
603 2795 835 2852 fortasse
872 2811 991 2852 eam
1039 2797 1305 2851 rationem
1339 2812 1501 2867 quam
1545 2797 1800 2851 diximus.

217 2887 274 2942 ln
306 2887 564 2955 deoalogo
612 2896 792 2941 autem
838 2887 1162 2957 generaliter
1203 2887 1404 2942 dicitur
1448 2885 1649 2941 nullam
1690 2886 1804 2940 ﬁeri

218 2986 421 3041 debere
473 2983 902 3049 similitudinem,
951 2998 1052 3038 nec
1101 2984 1276 3051 imago
1325 2991 1802 3038 commemoratur.

215 3077 353 3132 Cum
391 3076 533 3130 enim
557 3074 700 3129 nulla
727 3073 1020 3129 similitudo
1041 3074 1120 3139 ﬁt,
1144 3072 1332 3144 procul
1355 3073 1517 3128 dubio
1543 3088 1641 3128 nec
1670 3073 1806 3126 ima-

217 3185 284 3242 go
313 3168 394 3232 tit,
427 3166 681 3237 quoniam
718 3165 763 3219 si
800 3165 1003 3240 imago,
1037 3165 1221 3234 utique
1246 3173 1301 3218 et
1332 3163 1654 3219 similitudo.
1683 3162 1798 3216 Non

215 3269 403 3312 autem
429 3256 473 3311 si
506 3255 562 3308 iit
591 3255 902 3318 similitudo,
955 3254 1212 3309 continuo
1255 3254 1315 3308 tit
1362 3261 1416 3308 et
1464 3254 1679 3323 imago;
1723 3261 1802 3306 ta-
1831 3243 1876 3304 C

217 3366 343 3404 men
393 3348 438 3402 si
487 3346 628 3401 nulla
673 3345 988 3409 similitudo,
1037 3345 1278 3414 sequitur
1325 3353 1384 3399 ut
1421 3345 1567 3398 nulla
1603 3345 1799 3415 imago.

215 3440 464 3508 Denique
489 3437 578 3491 ubi
622 3437 896 3506 prohibuit
941 3436 1348 3491 similitudinem
1394 3444 1449 3492 et
1490 3436 1801 3507 imaginem,

213 3527 458 3584 hominis
480 3527 700 3597 intelligi
724 3527 912 3591 voluit,
941 3527 1038 3600 ubi
1055 3535 1108 3580 et
1141 3526 1436 3581 similitudo
1462 3525 1576 3580 ﬁeri
1603 3533 1803 3594 potest,

215 3636 326 3674 non
352 3617 516 3687 hujus
541 3627 632 3673 aut
661 3617 820 3682 illius,
849 3619 942 3673 sed
978 3619 1265 3688 cujuslibet
1291 3619 1556 3682 hominis;
1586 3627 1642 3672 et
1667 3619 1804 3672 ima-

215 3728 310 3782 go,
363 3711 421 3765 id
456 3718 561 3774 est,
614 3708 774 3778 hujus
818 3709 1035 3779 proprie
1065 3708 1148 3763 vel
1193 3707 1337 3761 illius
1381 3706 1636 3761 hominis.
1671 3705 1805 3761 Cum

216 3819 351 3858 vero
394 3802 460 3857 de
505 3801 788 3871 pecoribus
825 3801 1099 3855 diceretur
1135 3806 1297 3868 atque
1350 3797 1808 3852 irrationabilibus

217 3890 614 3954 animantibus,
650 3889 818 3944 solam
861 3887 1270 3943 similitudinem
1301 3886 1453 3941 dixit.
1486 3885 1618 3953 Quis
1657 3887 1801 3942 enim
1839 3949 1842 3952 _

217 3982 453 4053 reperiri
492 3989 671 4051 potest
695 3981 783 4050 qui
813 3980 915 4034 sibi
945 3995 1108 4034 unum
1144 3979 1439 4034 constituat
1475 3993 1690 4044 canem,
1722 3977 1804 4032 vel

218 4074 349 4145 quid
398 4071 686 4142 ejusmodi,
733 4087 892 4142 quem
943 4072 1156 4126 intuens
1211 4071 1329 4139 ejus
1372 4069 1662 4141 imaginem
1715 4077 1810 4124 aut

219 4167 411 4236 pingat
431 4172 525 4217 aut
551 4156 754 4233 lingat?
777 4161 930 4228 Quod
958 4163 1022 4216 de
1059 4161 1368 4216 hominibus
1395 4161 1808 4216 usitatissimum

219 4266 324 4311 est.
362 4275 381 4307 σ
420 4253 836 4309 Similitudinem
863 4254 1102 4308 omnium
1125 4253 1494 4324 jumentorum
1522 4267 1646 4322 qua:
1680 4260 1809 4307 sunt

224 4369 244 4401 ι
275 4364 440 4419 super
471 4357 693 4413 terram,
721 4346 805 4401 vel
853 4347 1031 4400 avium
1070 4346 1168 4400 sub
1196 4345 1334 4400 coelo
1365 4345 1686 4406 volantium,-
1730 4353 1811 4398 at-

225 4457 246 4490 ο
279 4451 387 4508 que
413 4435 682 4505 reptilium
702 4451 820 4504 qua:
849 4443 1133 4488 moventur
1154 4434 1207 4487 in
1239 4443 1402 4497 terra,
1435 4435 1548 4488 sive
1575 4434 1806 4503 piscium

225 4548 246 4580 ι
277 4526 370 4598 qui
395 4527 498 4581 sub
527 4534 670 4580 terra
701 4535 980 4580 morantur
1003 4525 1057 4578 in
1094 4524 1269 4593 aquis.
1305 4544 1323 4576 ι
1355 4523 1496 4591 Quid
1523 4533 1607 4578 est
1627 4531 1807 4576 autem

1913 1998 1932 2030 ι
1962 1979 2369 2034 similitudinem
2394 1980 2604 2033 illorum
2627 1997 2746 2049 qua:
2769 1981 2883 2036 fieri
2911 1983 3166 2037 Dominus
3182 1984 3489 2054 prohibuit:

1914 2090 1931 2121 ι
1963 2071 2088 2140 quia
2138 2071 2396 2125 Dominus
2445 2069 2587 2125 Deus
2641 2081 2763 2126 tuus
2813 2073 2952 2143 ignis
3005 2090 3330 2130 consumens
3385 2085 3490 2141 est,

1911 2183 1930 2216 ι
1967 2163 2109 2217 Deus
2145 2162 2444 2225 aemulator,
2483 2171 2588 2218 etc.
2627 2182 2645 2214 ι
2702 2162 2799 2218 llic
2842 2174 2989 2220 certe
3042 2167 3370 2236 generaliter
3415 2166 3493 2221 lo-

1906 2270 2100 2325 quens,
2134 2254 2537 2310 similitudinem
2575 2256 2774 2325 posuit,
2804 2257 3090 2325 imaginem
3126 2259 3325 2322 tacuit,
3360 2273 3494 2327 quo-

1906 2348 2049 2401 niam
2107 2348 2149 2402 si
2199 2349 2344 2402 uulla
2385 2349 2456 2403 sit
2503 2349 2799 2406 similitudo
2837 2351 3079 2420 profecto
3131 2367 3230 2406 nec
3274 2353 3492 2424 imago:

1906 2438 2030 2506 quia
2076 2437 2167 2492 ubi
2218 2438 2416 2508 imago,
2465 2439 2720 2493 continuo
2746 2441 3065 2505 similitudo,
3107 2443 3356 2511 quamvis
3386 2459 3494 2498 non

1909 2529 1996 2582 ubi
2042 2528 2360 2595 similitudo,
2393 2531 2652 2584 continuo
2686 2531 2882 2601 imago.
2908 2549 2926 2580 ι
2967 2532 3272 2587 Novissime
3312 2543 3494 2587 autem

1914 2635 1932 2667 ι
1964 2625 2206 2687 tempore
2254 2621 2541 2675 reverteris
2571 2621 2637 2673 ad
2681 2620 2973 2675 Dominum
3019 2619 3189 2676 Deum
3237 2632 3411 2688 tuum,
3441 2630 3497 2676 ct

1913 2727 1930 2760 ι
1960 2710 2145 2764 audies
2174 2725 2360 2764 vocem
2387 2708 2519 2778 ejus,
2551 2711 2677 2779 quia
2708 2711 3016 2766 misericors
3057 2713 3198 2766 Deus
3226 2721 3282 2766 et
3318 2713 3498 2766 Domi-

1913 2816 2064 2855 cnus
2110 2811 2254 2862 tuus,
2317 2810 2421 2856 etc.
2463 2822 2480 2853 ι
2545 2802 2642 2857 llic
2708 2803 3123 2857 conversionem
3186 2803 3497 2857 Israelitica:

1907 2891 2083 2962 gentis
2110 2892 2176 2945 ad
2207 2892 2364 2946 ﬁdem
2407 2892 2607 2946 Christi
2659 2893 3003 2962 praenuntiat,
3037 2893 3255 2962 quando
3301 2906 3495 2946 secun-

1908 2983 2032 3036 dum
2082 2983 2306 3050 apostoli
2359 2981 2510 3035 Pauli
2558 2985 2902 3048 sententiam,
2940 3001 2957 3033 ‹
2995 2991 3280 3053 postquam
3325 2983 3496 3052 pleni-

1909 3075 2036 3126 tit-lo
2110 3074 2348 3144 gentium
2410 3073 2839 3136 subintraverit,
2896 3082 3024 3128 tunc
3087 3073 3264 3130 omnis
3327 3072 3494 3130 Israel

1912 3165 2095 3220 salvus
2145 3166 2251 3220 erit
2285 3165 2461 3235 (Rom.
2513 3168 2611 3237 xl).
2655 3186 2674 3220 ι

1984 3255 2304 3326 «Interroga
2333 3256 2398 3310 de
2437 3255 2627 3311 diebus
2673 3256 2928 3326 antiquis,
2967 3257 3059 3327 qui
3105 3257 3327 3314 fuerunt
3367 3268 3498 3314 ante

1911 3365 1930 3399 ε
1962 3357 2031 3414 te,
2060 3363 2127 3402 ex
2150 3347 2237 3403 die
2269 3363 2373 3417 qua
2396 3348 2601 3402 ereavit
2626 3347 2767 3403 Deus
2792 3349 3062 3404 hominem
3085 3366 3246 3420 super
3270 3360 3495 3416 terram,

1912 3454 1930 3487 ι
1960 3453 1989 3491 a
2019 3453 2230 3492 summo
2267 3437 2392 3492 coeli
2419 3453 2590 3508 usque
2614 3439 2680 3492 ad
2709 3453 2978 3493 summum
3006 3437 3141 3506 ejus,
3175 3439 3219 3494 si
3245 3439 3388 3494 facta
3416 3450 3501 3495 est

1914 3546 1932 3579 ι
1963 3527 2254 3597 aliquando
2293 3527 2599 3594 bujusmodi
2649 3543 2756 3593 res,
2798 3537 2891 3582 aut
2940 3544 3175 3598 unquam
3218 3529 3498 3600 cognitum

1919 3637 1937 3672 ι
1963 3629 2064 3680 est,
2094 3628 2154 3674 ut
2177 3620 2389 3674 audiret
2416 3620 2644 3689 populus
2672 3635 2858 3674 vocem
2891 3621 3102 3675 Domini
3127 3622 3396 3690 loquentis
3428 3622 3498 3677 de

1914 3730 1933 3761 ι
1963 3709 2140 3765 medio
2171 3709 2330 3780 ignis,
2362 3710 2501 3763 sicut
2525 3717 2580 3762 tu
2598 3709 2794 3764 audisti
2833 3717 2889 3764 et
2918 3709 3122 3775 vidisti,
3144 3719 3251 3764 etc.
3291 3731 3309 3762 ι
3341 3710 3500 3778 Quae-

1909 3800 2137 3855 rendum
2189 3799 2458 3869 quomodo
2515 3798 2718 3854 dictum
2779 3799 2884 3865 sit,
2925 3817 2943 3850 c
2997 3799 3328 3872 interrogate
3381 3803 3498 3858 dies

1907 3891 2138 3961 priores,
2177 3892 2270 3962 qui
2310 3889 2512 3946 fuerint
2556 3890 2767 3961 priores
2813 3899 2885 3957 te,
2929 3907 2995 3946 ex
3025 3891 3112 3947 die
3143 3908 3250 3962 qua
3288 3893 3498 3949 creavit

1909 3980 2053 4038 Deus
2082 3982 2359 4036 hominem
2386 3997 2548 4052 super
2583 3989 2804 4046 terram,
2849 3997 2880 4035 a
2919 3997 3132 4036 summo
3163 3983 3286 4037 cmli
3324 3998 3497 4053 usque

1908 4073 1976 4127 ad
2006 4088 2276 4128 summum
2305 4073 2442 4142 ejus,
2478 4072 2794 4128 subauditur
2823 4072 2990 4137 enim,
3024 4073 3375 4142 interrogate.
3405 4073 3497 4128 Vi-

1909 4166 2066 4221 detur
2101 4165 2244 4220 enim
2291 4163 2598 4236 significare
2631 4172 2800 4218 totum
2841 4165 3031 4220 orbem
3063 4173 3352 4218 terrarum.
3390 4163 3497 4219 Sed

1909 4272 2008 4311 cur
2034 4272 2064 4310 a
2093 4271 2306 4310 summo
2349 4255 2473 4310 ωεΙί
2518 4269 2688 4324 usque
2735 4255 2802 4307 ad
2851 4269 3120 4308 summum
3168 4255 3293 4309 coeli
3325 4255 3492 4320 dicat,

1911 4362 2016 4401 non
2045 4361 2076 4399 a
2103 4360 2314 4400 summo
2352 4353 2510 4398 terra:
2551 4357 2722 4412 usque
2747 4344 2816 4397 ad
2860 4359 3130 4397 summum
3177 4351 3357 4408 terrm,
3386 4360 3495 4400 non

1910 4446 1994 4493 est
2016 4436 2172 4491 facile
2198 4437 2536 4505 dignoscere.
2570 4433 2715 4489 Talis
2741 4435 2883 4489 enim
2906 4435 3152 4503 quadam
3180 4435 3380 4491 locutio
3409 4444 3496 4492 est

1913 4529 1968 4582 in
2002 4526 2292 4597 Evangelio
2321 4541 2444 4581 cum
2489 4525 2746 4580 Dominus
2792 4527 2867 4580 ait
2898 4527 3041 4596 quod
3080 4528 3494 4597 congregabun-

219 4617 369 4690 quod
390 4618 489 4683 ait,
511 4636 529 4667 ι
552 4616 954 4672 similitudinem
979 4616 1156 4671 omnis
1179 4616 1342 4686 piscis
1362 4616 1671 4685 quicunque
1685 4624 1810 4668 sunt
1839 4587 1886 4645 D
1916 4629 2002 4673 tur
2025 4618 2178 4674 electi
2207 4616 2323 4686 ejus
2351 4637 2368 4668 ι
2392 4633 2422 4671 a
2469 4618 2694 4672 summis
2723 4617 2982 4672 caelorum
3014 4633 3182 4688 usque
3213 4619 3281 4673 ad
3310 4621 3496 4676 termi-

220 4711 278 4765 in
305 4711 462 4779 aquis
483 4711 584 4764 sub
607 4710 788 4763 terra?
809 4730 827 4761 ›
848 4710 926 4762 An
946 4718 1002 4764 et
1022 4725 1216 4779 aquam
1221 4717 1453 4783 propter
1472 4707 1811 4763 tractabilem

221 4799 619 4870 corpulentiam
665 4809 864 4854 terram
909 4800 1134 4870 intelligi
1176 4799 1379 4854 voluit?
1420 4808 1476 4854 et
1517 4799 1811 4853 secundum

221 4895 329 4949 hoe
355 4893 502 4964 quod
527 4892 580 4947 in
611 4907 676 4948 eo
717 4892 977 4960 scriptum
1005 4901 1107 4956 est,
1139 4909 1157 4942 ι
1194 4891 1320 4946 fecit
1359 4890 1500 4946 Deus
1536 4889 1732 4945 coelum
1763 4899 1816 4946 et

223 4997 454 5050 terram,
496 5003 515 5036 ι
551 5000 721 5054 aquas
765 4985 1023 5039 debemus
1068 4985 1340 5054 accipere.
1382 4983 1612 5040 Assidue
1662 4981 1814 5038 Seri-

219 5085 388 5148 ptura
431 5075 631 5145 quippe
675 5075 761 5130 his
800 5074 1009 5130 duabus
1056 5075 1305 5144 partibus
1353 5073 1810 5138 commemoratis,

224 5168 543 5222 universum
571 5167 831 5222 mundum
874 5166 989 5220 vult
1015 5166 1262 5236 intelligi,
1306 5168 1605 5221 secundum
1640 5165 1808 5220 illud:

229 5279 250 5310 ο
281 5256 556 5312 Auxilium
585 5272 767 5312 meum
793 5272 824 5311 a
844 5257 1092 5322 Domino,
1122 5259 1212 5326 qui
1237 5255 1364 5312 fecit
1389 5257 1586 5312 ctelum
1615 5265 1672 5311 et
1701 5265 1811 5311 ter-

223 5364 341 5404 ram
366 5346 539 5419 (Psal.
569 5350 750 5419 cxx),i
777 5358 833 5404 et
857 5348 1264 5403 innumerabilia
1287 5346 1567 5415 ejusmodi.
1589 5347 1671 5400 An
1696 5349 1816 5403 ideo

221 5442 432 5495 dictum
480 5449 565 5496 est
599 5458 617 5490 ι
653 5443 752 5495 sub
782 5449 948 5506 terra,
981 5460 998 5491 ι
1035 5442 1176 5511 quod
1225 5452 1366 5496 terra
1417 5441 1518 5495 nisi
1567 5441 1813 5512 superior

225 5531 388 5599 aquis
407 5531 820 5596 esset,habitari
849 5531 1034 5600 utique
1057 5530 1125 5585 ab
1147 5531 1454 5587 hominibus
1479 5540 1533 5586 et
1558 5531 1809 5585 animalia

225 5628 446 5675 terrena
478 5620 678 5674 habere
701 5636 806 5676 non
833 5621 1050 5691 posset?
1075 5638 1092 5672 ι
1125 5619 1200 5676 Ne
1231 5620 1367 5675 forte
1398 5621 1568 5676 oculis
1593 5621 1814 5675 elevatis

234 5729 254 5759 ο
287 5709 352 5763 ad
382 5710 603 5776 coelum,
635 5712 821 5767 videas
847 5712 1016 5767 solem
1042 5721 1098 5767 et
1125 5712 1327 5775 lunam,
1360 5719 1413 5765 et
1457 5711 1637 5765 omnia
1669 5721 1811 5765 astra

234 5819 258 5848 ι
289 5801 442 5869 etnli;
482 5812 536 5856 et
564 5815 751 5858 et‘rore
789 5803 1063 5872 deceptus,
1095 5803 1289 5856 adores
1316 5819 1378 5856 ea
1409 5811 1461 5856 et
1492 5802 1661 5868 colas,
1695 5818 1814 5870 qua:

1909 4723 2008 4763 nos
2033 4723 2242 4763 eorum.
2273 4727 2291 4758 ι
2335 4705 2448 4761 Nisi
2479 4705 2618 4761 forte
2665 4707 2774 4771 hic,
2822 4722 2921 4761 nec
2953 4707 3005 4760 in
3050 4708 3358 4764 hominibus
3395 4725 3496 4767 nec

1911 4801 1963 4852 in
1993 4796 2198 4868 angelis
2239 4797 2479 4851 auditum
2508 4811 2629 4851 esse
2656 4797 2774 4851 vult
2819 4797 3066 4869 intelligi,
3098 4798 3244 4867 quod
3283 4800 3336 4854 in
3389 4801 3492 4857 hoc

1910 4890 2106 4961 populo
2143 4888 2344 4943 factum
2385 4888 2657 4958 singulare
2694 4890 3059 4944 commendat.
3094 4889 3207 4945 Hoc
3232 4891 3380 4946 enim
3406 4908 3491 4948 se.

1913 4979 2135 5049 quitur:
2168 4997 2185 5029 t
2222 4977 2279 5032 Si
2309 4977 2511 5032 factum
2535 4988 2618 5033 est
2650 4980 2945 5035 secundum
2974 4983 3202 5038 verbum
3235 4999 3488 5055 magnum

1918 5068 2037 5131 hoc,
2078 5068 2121 5122 si
2151 5069 2392 5122 auditum
2417 5077 2500 5123 est
2523 5068 2628 5124 tale
2650 5069 2806 5138 quid;
2833 5071 2878 5124 si
2907 5071 3112 5127 audivit
3138 5089 3269 5144 gens
3300 5090 3489 5130 vocem

1915 5158 2126 5213 Domini
2166 5159 2414 5226 viventis,
2447 5158 2714 5228 loquentis
2757 5176 2789 5215 e
2815 5163 2994 5217 medio
3033 5163 3190 5235 ignis,
3237 5163 3494 5234 quemado

1918 5249 2136 5304 modum
2159 5249 2355 5305 audisti
2385 5259 2439 5304 tu
2468 5259 2522 5306 et
2543 5251 2746 5307 vidisti.
2783 5271 2800 5304 ι
2831 5251 2984 5320 Quod
3021 5255 3065 5309 si
3097 5256 3169 5308 ita
3201 5263 3283 5308 est
3307 5261 3365 5306 ut
3391 5266 3492 5306 nec

1918 5339 1972 5394 in
2002 5341 2310 5398 hominibus
2357 5358 2458 5399 nec
2508 5343 2561 5397 in
2604 5345 2827 5415 angelis,
2880 5345 2984 5401 hoc
3022 5347 3165 5401 dicat
3209 5343 3491 5407 auditum;

1919 5435 2046 5504 quid
2071 5443 2154 5488 est
2198 5448 2327 5506 ergo
2354 5436 2480 5490 illud
2521 5436 2573 5490 in
2619 5436 2928 5507 Evangelio,
2959 5457 2975 5488 ι
3013 5451 3040 5489 a
3071 5433 3295 5489 summis
3322 5431 3492 5486 ccelo-

1922 5542 2039 5580 rum
2067 5542 2238 5596 usque
2260 5529 2325 5581 ad
2350 5529 2610 5583 terminos
2626 5544 2835 5592 eorum,
2870 5549 2888 5580 ι
2922 5541 3042 5582 cum
3071 5527 3187 5579 sine
3211 5523 3373 5578 dubio
3394 5523 3494 5577 Do-

1920 5616 2098 5670 minus
2127 5617 2200 5670 ait
2233 5617 2335 5672 hoe
2375 5633 2494 5673 eum
2539 5619 2606 5672 de
2633 5619 2918 5672 novissima
2953 5616 3246 5669 electorum
3274 5629 3492 5668 suorum

1920 5705 2335 5776 eongregatiom
2386 5707 2714 5775 loqueretur.
2772 5707 2921 5774 (ti/tr.
2981 5705 3057 5769 v.)
3113 5722 3130 5755 c
3168 5703 3495 5772 Vocavitquc

1929 5817 1943 5846 ι
1977 5797 2182 5866 Moyses
2208 5815 2420 5853 omnem
2461 5798 2643 5862 Israel,
2674 5809 2725 5853 et
2772 5798 2905 5853 dixit
2945 5799 3012 5854 ad
3036 5812 3194 5853 eum:
3224 5796 3383 5862 Audi,
3414 5797 3493 5851 ls-

2805 5935 2818 5958 1
