3964 6192
548 363 651 418 831)
1187 355 1244 412 Β.
1293 358 1544 414 [MBAN
1587 359 1804 414 MAUHI
1846 361 2164 414 AlitilllEP.

554 502 570 532 ι
605 480 738 542 rael,
779 478 1128 533 cmrcmonias
1159 487 1321 545 atque
1346 477 1548 546 judicia
1577 496 1698 548 qua:
1727 496 1826 552 ego
1851 481 2039 550 loquor
2075 483 2127 536 in
2161 483 2203 540 Α

553 597 568 622 ι
593 572 822 626 aurilms
852 569 1044 623 vestris
1074 566 1249 623 hodie.
1287 569 1491 624 Discite
1533 586 1594 625 ea
1633 581 1687 626 et
1715 589 1811 626 ore
1841 575 2121 644 complete.

528 663 567 713 ἰ
604 662 860 716 Dominus
891 661 1030 714 Deus
1075 669 1258 715 noster
1303 661 1504 730 pepigit
1553 662 1832 718 nobiscum
1869 664 2043 719 fmdus
2074 667 2124 718 in

552 775 568 804 ι
589 754 793 808 ilorcb.
833 751 944 806 Non
969 767 1089 805 cum
1113 753 1358 820 patri-bus
1403 755 1603 809 nostris
1635 756 2009 825 iniitpaetum,
2033 761 2126 812 sed

552 845 896 903 «.nobiscum,
929 844 1020 911 qui
1049 845 1098 897 in
1130 844 1541 911 prwsentiarum
1571 863 1757 900 sumus
1785 856 1840 901 et
1874 849 2122 904 vivimus.

553 956 569 985 ι
603 935 760 987 Facie
790 934 857 987 ad
885 933 1074 988 faciem
1104 934 1314 990 loeutus
1345 946 1427 991 est
1455 938 1610 990 nobis
1637 940 1702 992 de
1729 948 1909 994 monte
1933 940 1984 993 in
2019 957 2127 994 me-

553 1045 569 1074 ι
600 1025 688 1079 dio
725 1025 882 1092 ignis.
918 1045 934 1074 ι
968 1025 1102 1091 Quid
1135 1037 1217 1080 est
1247 1028 1390 1095 quod
1416 1028 1511 1091 ait,
1549 1029 1808 1083 Dominus
1843 1031 1984 1084 Deus
2025 1047 2124 1085 no-

545 1128 659 1170 ster
694 1117 958 1185 disposuit
1003 1119 1069 1170 ad
1116 1133 1212 1171 nos
1245 1125 1626 1174 testamenuun
1661 1121 1711 1174 in
1743 1121 1961 1176 lioreb?
2012 1122 2126 1176 Non

542 1220 666 1264 eum
709 1207 952 1276 patribus
999 1209 1198 1262 nostris
1227 1209 1490 1278 disposuit
1537 1212 1796 1267 Dominus
1833 1222 2126 1268 testamen-

546 1307 658 1358 tum
692 1298 811 1358 hoc,
844 1298 938 1350 sed
970 1299 1034 1350 ad
1067 1315 1160 1352 vos
1191 1317 1201 1351 :
1235 1317 1332 1354 vos
1380 1301 1468 1355 hic
1510 1318 1715 1367 onmes,
1749 1305 1841 1372 qui
1885 1306 2129 1360 viventes

545 1387 702 1447 hodie
727 1388 878 1441 estis.
915 1387 1071 1442 Facie
1099 1391 1166 1442 ad
1195 1390 1387 1445 faciem
1420 1392 1630 1446 locutus
1657 1402 1744 1447 est
1769 1395 2030 1451 Dominus
2055 1397 2121 1450 ad

543 1491 637 1530 vos
664 1477 714 1529 in
743 1487 922 1532 monte
953 1494 983 1532 e
1009 1480 1184 1534 medio
1215 1481 1370 1550 ignis.
1401 1482 1483 1535 Au
1525 1485 1650 1552 quia
1696 1484 1769 1538 illi
1795 1487 1885 1554 qui
1913 1503 2015 1540 non
2047 1487 2128 1541 in-

543 1568 861 1636 grediuntur
900 1577 1098 1622 terram
1128 1572 1560 1639 repromissionis
1582 1573 1800 1644 (mortui
1831 1577 1976 1630 enim
2000 1587 2127 1631 sunt

541 1657 749 1725 omnes)
805 1673 906 1711 non
959 1660 1232 1727 pertinent
1279 1660 1344 1714 ad
1386 1664 1488 1717 hoc
1535 1672 1947 1731 testamentum,
1995 1683 2127 1736 quo-

543 1763 664 1802 rum
695 1756 822 1801 tunc
856 1751 1151 1820 recognitio
1197 1750 1336 1807 facta
1376 1765 1478 1818 est,
1523 1770 1646 1809 cum
1673 1772 1703 1810 a
1735 1757 1920 1826 viginti
1969 1759 2126 1813 annis

2219 361 2524 420 ιιυιιυΝι.
2566 364 2852 420 ()PERUM
2888 365 3066 424 PARS
3106 368 3143 422 Ι.

3670 384 3751 436 830

2239 494 2412 538 tamen
2448 486 2588 539 sicut
2631 487 2791 540 homo
2821 489 3008 544 Deum.
3039 489 3222 560 Neque
3253 495 3417 558 enim,
3448 499 3564 565 quia
3591 501 3752 560 dictum

2231 582 2332 637 est,
2373 593 2388 622 ι
2406 575 2587 630 Estote
2620 576 2864 645 perfecti,
2890 580 3032 634 sicut
3052 579 3212 636 Pater
3235 592 3411 637 vester
3427 587 3636 645 caelestis
3654 609 3749 662 per-

2233 664 2404 720 fectus
2431 676 2534 728 est,
2567 688 2584 719 ι
2620 670 2742 723 ideo
2771 672 3133 740 mquah’tatem
3157 673 3357 740 Patris,
3385 693 3537 746 quam
3567 681 3756 740 Verbum

2231 754 2397 810 habet
2436 757 2794 827 unigenitum,
2844 777 3066 830 sperare
3095 765 3385 830 debemus;
3418 773 3639 836 quamvis
3670 791 3753 829 non

2231 845 2503 898 defuerint
2543 847 2634 915 qui
2689 857 2744 900 et
2788 850 2891 904 hoc
2917 849 3158 906 futurum
3186 856 3510 922 putaverint,
3539 859 3626 912 nisi
3651 861 3755 918 forte

2230 934 2360 1001 quid
2399 934 2583 988 dicant
2617 947 2812 1001 parum
2843 938 3212 1011 intelligimus.

2851 1048 3081 1105 CAPUT
3118 1052 3184 1106 Χ.

2233 1132 2307 1186 De
2328 1150 2388 1187 eo
2409 1136 2548 1204 quod
2557 1154 2624 1214 se
2651 1137 2776 1214 dicit
2809 1138 3014 1214 Moyses
3042 1153 3366 1212 sequestrum
3395 1157 3439 1199 et
3468 1150 3672 1214 jndiccm
3693 1155 3755 1206 iu-

2427 1215 2504 1258 ter
2544 1206 2823 1260 Dominum
2858 1206 2914 1262 et
2948 1206 3119 1264 Israel
3152 1216 3204 1266 in
3241 1227 3414 1268 monte
3441 1206 3598 1271 Sinni.

2308 1316 2325 1348 ι
2362 1297 2470 1368 Ego
2517 1309 2800 1368 sequester
2827 1311 2881 1355 et
2914 1306 3120 1359 medius
3156 1307 3228 1360 fui
3265 1308 3405 1363 inter
3442 1310 3691 1366 Dominum
3718 1326 3758 1368 rt

2236 1409 2253 1440 ι
2287 1404 2381 1442 vos
2397 1390 2448 1442 in
2469 1391 2830 1460 temporeillo,
2850 1396 3300 1450 utannuntiarem
3317 1400 3465 1452 vobis
3491 1403 3634 1455 verba
3652 1401 3755 1468 ejus.

2236 1497 2253 1529 ι
2285 1479 2564 1533 Timuistis
2607 1481 2752 1534 enim
2781 1483 2978 1552 ignem,
3003 1494 3057 1538 ct
3079 1501 3183 1538 non
3205 1489 3516 1544 ascendistis
3557 1491 3604 1544 in
3643 1509 3761 1546 ιῐιοιι·

2235 1588 2252 1618 ι
2287 1578 2410 1622 tem.
2439 1589 2456 1619 ι
2487 1569 2624 1636 Quid
2646 1574 2888 1641 estquod
2919 1574 3014 1638 ait,
3052 1595 3069 1624 ι
3093 1586 3146 1630 et
3177 1592 3278 1647 ego
3300 1589 3583 1648 sequester,
3607 1592 3655 1635 et
3678 1599 3760 1636 me-

2229 1657 2349 1710 dius
2379 1657 2450 1712 fui
2487 1660 2626 1714 inter
2657 1676 2752 1714 vos
2775 1671 2830 1715 et
2861 1663 3166 1730 Dominum,
3218 1669 3355 1732 sive,
3402 1679 3459 1724 ut
3498 1671 3590 1725 alia
3631 1674 3762 1728 editio

2229 1751 2391 1806 habet
2416 1767 2429 1805 :
2465 1773 2481 1805 ι
2517 1753 2583 1806 Et
2607 1770 2707 1825 ego
2736 1758 2943 1810 stabam
2975 1759 3115 1813 inter
3145 1761 3430 1816 Dominmn
3464 1774 3514 1817 et
3543 1766 3665 1820 inter
3691 1783 3762 1822 vos

539 1839 719 1891 multis
746 1847 800 1892 ει
844 1855 1004 1908 supra
1043 1853 1479 1908 numerarentur,
1532 1861 1700 1915 usque
1748 1849 1814 1900 ad
1865 1849 2129 1918 αιιίιημκι-
2159 1825 2203 1882 Β
2234 1839 2286 1892 in
2325 1849 2567 1912 tempore
2607 1844 2714 1908 illo,
2759 1848 3080 1901 annuntiare
3117 1851 3272 1903 vobis
3309 1854 3464 1906 verba
3496 1855 3678 1908 Domini
3698 1857 3759 1910 di-

537 1930 690 1998 ginta
721 1947 890 1986 annos
933 1933 1140 1987 habiles
1169 1935 1234 1988 ad
1281 1936 1478 1990 bellum
1497 1939 1519 1990 Ῥ
1551 1938 1831 2004 Quomodo
1869 1957 1996 2012 ergo
2027 1943 2132 1998 illis

543 2019 754 2074 loeutus
787 2031 870 2074 est
902 2023 1181 2087 Dominus,
1209 2026 1296 2093 qui
1329 2028 1488 2082 hodie
1521 2029 1745 2084 vivunt?
1780 2033 1861 2085 An
1890 2035 2014 2102 quia
2061 2051 2127 2088 ex

542 2110 732 2176 viginti
765 2111 921 2164 annis
956 2122 1011 2166 et
1040 2113 1178 2166 infra
1214 2123 1505 2183 potuerunt
1534 2120 1686 2174 multi
1717 2130 1843 2176 tunc
1872 2138 2014 2187 esse,
2039 2127 2130 2193 qui

542 2199 644 2253 hoc
677 2202 813 2255 bene
866 2205 1259 2269 meminissent,
1309 2206 1469 2262 alicui
1518 2212 1585 2264 ab
1636 2211 1726 2265 illa
1773 2228 1929 2280 pmna
1969 2232 2128 2283 quam

544 2289 684 2343 Deus
726 2291 830 2344 illis
872 2295 1152 2348 constituit
1191 2298 1284 2365 qui
1334 2306 1461 2352 tunc
1517 2305 1785 2357 numerati
1830 2315 1972 2370 sunt,
2025 2325 2128 2361 non

544 2381 748 2435 intrare
776 2382 826 2434 in
864 2393 1062 2437 terram
1089 2388 1559 2454 repromissionis?
1586 2392 1652 2444 Et
1681 2395 1778 2448 bos
1803 2395 1987 2464 utique
2032 2413 2128 2466 ap-

541 2468 722 2537 pellat,
752 2472 841 2539 qui
890 2475 1138 2540 quamvis
1180 2477 1365 2546 viginti
1411 2493 1674 2554 anuorum
1715 2495 1768 2536 et
1810 2501 1969 2554 supra
2022 2502 2125 2540 non

541 2570 741 2624 essent,
771 2564 984 2630 (platnlo
1024 2565 1163 2619 Deus
1191 2567 1244 2620 in
1276 2579 1459 2622 monte
1489 2553 1827 2639 loquebatur,
1853 2585 1909 2627 ut
1936 2591 2124 2628 nume—

542 2651 648 2703 rari
695 2660 817 2706 tunc
859 2664 1098 2720 possent,
1135 2665 1425 2724 potuerunt
1466 2669 1644 2714 tamen
1690 2677 1812 2716 esse
1855 2665 2039 2718 decem
2075 2675 2128 2718 et

542 2754 754 2804 novem,
804 2751 858 2795 et
900 2742 1034 2796 infra
1079 2761 1248 2814 usque
1295 2747 1359 2800 ad
1409 2750 1668 2817 puerilem
1725 2761 1960 2817 aetatem,
2009 2771 2127 2823 qua:

543 2843 725 2900 posset
758 2833 843 2887 illa
892 2852 1011 2903 qua:
1051 2835 1194 2891 facta
1239 2848 1381 2903 sunt,
1421 2850 1475 2894 et
1513 2843 1696 2896 videre
1737 2854 1793 2898 et
1835 2846 2044 2910 audire,
2074 2857 2129 2900 et

543 2923 798 2994 memoria
829 2925 1082 2980 retinere.
1117 2926 1221 2981 Sed
1248 2930 1376 2997 quid
1406 2939 1488 2984 cst
1518 2933 1657 3000 quod
1698 2935 1791 2997 ait,
1825 2956 1840 2984 ι
1874 2935 2034 2990 Facie
2057 2938 2124 2990 ad

541 3013 736 3067 facient
780 3015 989 3070 locutus
1019 3027 1103 3071 est
1141 3021 1207 3072 ad
1251 3036 1368 3086 vos,
1403 3043 1418 3070 ι
1463 3039 1599 3091 quos
1647 3026 1803 3094 paqu
1850 3038 1976 3081 ante
2013 3044 2118 3082 ma-

541 3104 684 3157 xime
717 3106 1006 3160 admonere
1047 3111 1258 3162 curavit
1283 3113 1424 3180 quod
1473 3114 1671 3168 nullam
1715 3117 2120 3172 similitudinem

537 3197 790 3260 viderint,
821 3200 912 3253 sed
942 3200 1109 3255 solam
1133 3219 1317 3256 vocem
1347 3205 1412 3258 de
1443 3207 1618 3260 medio
1640 3209 1787 3278 ignis
1823 3211 2122 3279 audierint?
2149 3181 2195 3243 Ο

536 3285 619 3338 An
647 3295 865 3354 propter
898 3304 1076 3342 rerum
1101 3292 1442 3352 evidentimu,
1475 3303 1529 3347 et
1559 3297 1963 3363 quodammodo
1991 3316 2123 3368 pra:-

537 3377 767 3429 sentiam
822 3378 1180 3434 manifestato
1237 3383 1555 3447 divinitatis,
1610 3387 1673 3439 de
1720 3404 1822 3455 qua
1875 3390 2124 3445 dubitare

540 3482 698 3518 nemo
728 3477 924 3535 posset,
975 3470 1059 3524 his
1101 3471 1279 3526 verbis
1312 3489 1440 3527 usus
1477 3479 1599 3530 est?
1638 3478 1789 3544 Quod
1823 3481 1866 3533 si
1901 3481 1973 3534 ita
2017 3492 2118 3544 est,

537 3557 665 3625 quid
713 3558 962 3624 prohibet
1007 3560 1073 3613 de
1122 3561 1237 3630 ipso
1285 3563 1468 3634 Moyse
1522 3567 1622 3621 hoc
1672 3568 1914 3640 intelligi,
1966 3572 2018 3624 in
2059 3588 2122 3626 co

535 3645 678 3713 quod
712 3647 774 3699 de
802 3647 889 3701 illo
927 3649 1130 3703 dictum
1165 3661 1269 3716 est,
1297 3656 1438 3722 (pio-tl
1481 3655 1616 3710 facie
1645 3659 1710 3710 ad
1754 3659 1946 3713 faciem
1978 3662 2123 3716 locu-

539 3744 624 3788 tus
649 3737 714 3789 sit
753 3753 874 3790 cum
902 3755 968 3791 eo
1013 3741 1290 3807 Dominus,
1321 3753 1378 3798 ut
1420 3762 1520 3799 nec
1572 3749 1682 3817 ipse
1710 3749 1909 3818 aliquid
1951 3753 2122 3807 oculis

537 3825 733 3878 viderit
755 3837 948 3894 praeter
979 3831 1192 3899 ignem?
1221 3833 1300 3885 An
1328 3835 1529 3904 aliquid
1555 3838 1789 3905 amplius
1814 3840 2010 3896 vidisse
2043 3843 2118 3896 in-

538 3915 814 3985 teliigitur,
845 3921 968 3987 quia
1003 3923 1261 3991 scriptum
1295 3936 1378 3980 est
1421 3944 1545 3982 eum
1594 3930 1828 3984 intrasse
1866 3935 1916 3986 in
1947 3936 2118 3988 nebu-

536 4005 643 4058 lam
686 4008 766 4059 vcl
801 4009 1038 4062 nimiunn
1074 4014 1159 4064 ubi
1204 4024 1322 4068 erat
1351 4017 1524 4070 Deus?
1568 4020 1675 4073 Sed
1720 4031 1773 4075 et
1822 4024 1864 4075 si
1919 4025 2121 4094 aliquid

537 4096 766 4164 amplius
797 4099 930 4151 vidit
970 4117 1132 4168 quam
1166 4103 1266 4168 illi,
1295 4121 1400 4159 non
1443 4123 1564 4161 eum
1597 4118 1776 4165 tamen
1807 4115 2120 4169 mortalibus

533 4186 705 4240 oculis
731 4188 928 4242 vidisse
981 4191 1071 4245 Dei
1108 4194 1466 4249 substantiam
1514 4215 1580 4252 ex
1622 4199 1726 4253 illis
1775 4201 1895 4269 ejus
1940 4206 2119 4260 verbis

537 4279 759 4347 intelligi
789 4291 985 4350 potest,
1017 4285 1210 4352 quibus
1238 4288 1313 4341 ait
1343 4289 1489 4343 Deo:
1535 4312 1551 4343 ι
1588 4291 1642 4346 Si
1683 4292 1860 4348 inveni
1889 4301 2116 4366 gratiam

535 4382 659 4426 ante
689 4382 757 4435 te.
804 4377 1027 4430 ostende
1069 4381 1200 4434 mihi
1247 4385 1610 4452 temetipsum,
1646 4396 1705 4440 ut
1746 4389 1950 4443 videam
1991 4402 2057 4445 te.
2094 4412 2111 4441 ι

534 4464 718 4543 i\_'cque
763 4468 903 4522 enim
961 4471 1334 4528 arbitramlnm
1383 4486 1466 4530 est
1520 4479 1662 4532 hunc
1707 4483 1980 4551 populum,
2029 4487 2113 4538 cui

534 4554 744 4624 Moyses
772 4558 1108 4627 ititltlt'itttllll',
1145 4564 1222 4618 sic
1255 4576 1383 4619 tunc
1411 4569 1613 4623 vidisse
1656 4571 1822 4623 Deum
1866 4571 2023 4656 faciti,
2047 4576 2112 4626 ad

535 4645 727 4699 facient
755 4651 966 4716 quando
998 4654 1048 4706 in
1081 4665 1262 4708 monte
1291 4656 1614 4724 loquebatur
1656 4675 1686 4712 e
1733 4661 1910 4714 medio
1954 4645 2114 4729 igtus,

535 4742 982 4802 quotumlntodttnl
1009 4745 1297 4815 Apostolus
1326 4749 1476 4813 dicit,
1530 4750 1581 4803 in
1615 4751 1720 4803 fine
1761 4767 1859 4806 nos
1887 4768 2006 4808 esse
2036 4756 2113 4807 vi-

536 4842 713 4890 suros,
762 4833 849 4884 ubi
901 4834 1011 4888 ait:
1047 4855 1064 4885 ‹
1106 4838 1362 4892 Videmus
1413 4856 1556 4894 nunc
1600 4857 1695 4910 per
1737 4844 2011 4912 speculum
2064 4849 2116 4902 in

534 4918 837 4986 :cnigmate,
884 4932 1008 4978 ttmc
1036 4937 1214 4980 autem
1259 4930 1394 4984 lacie
1438 4932 1504 4984 ad
1532 4931 1744 4993 faciem.
1784 4952 1802 4983 ι
1853 4935 1990 5000 Quid
2028 4953 2117 4990 au-

533 5020 644 5088 tem
685 5014 785 5068 hoc
813 5023 868 5069 ct
899 5030 1157 5084 quantum
1189 5031 1350 5084 esset,
1385 5033 1781 5094 coast-quenter
1805 5031 2015 5097 aperuit
2038 5030 2142 5083 di—.

453 5123 456 5126 ‘
535 5121 701 5159 cens:
739 5125 754 5155 ι
795 5106 945 5160 Nune
970 5108 1084 5162 scio
1107 5127 1171 5164 ex
1205 5123 1375 5181 parte,
1418 5123 1542 5168 tunc
1581 5125 1762 5169 autem
1791 5135 2111 5188 cognoscam

536 5196 675 5250 sicut
713 5204 764 5250 et
795 5197 1038 5268 cognitus
1082 5215 1202 5253 sum
1249 5202 1298 5272 (Ι
1345 5202 1466 5256 Cor.
1515 5204 1655 5276 Jun).
1698 5225 1716 5256 ι
1762 5207 1909 5272 Quod
1949 5211 2110 5264 etiam

535 5290 711 5359 ipsum
759 5301 915 5352 caute
961 5294 1332 5363 accipiendum
1377 5307 1476 5359 est,
1529 5312 1597 5351 ne
1643 5308 1848 5355 tantam
1895 5311 2113 5372 putetur

535 5373 816 5448 habiturus
846 5383 1007 5437 homo
1036 5385 1393 5453 cognitionem
1436 5387 1524 5442 Dei
1557 5399 1813 5458 quautam
1843 5408 1986 5446 nunc
2013 5395 2107 5447 ha-

536 5469 626 5524 bet
650 5473 882 5529 liominis
914 5474 1088 5540 Deus;
1123 5476 1217 5530 sed
1254 5492 1348 5545 pro
1373 5494 1470 5532 suo
1495 5481 1653 5533 modo
1683 5480 1753 5533 ita
1788 5481 2104 5550 perfectam,

536 5569 592 5613 ut
620 5564 665 5616 ei
699 5566 825 5620 nihil
855 5576 1196 5635 exspectetur
1225 5569 1560 5624 addemlum:
1601 5581 1656 5626 ut
1688 5590 1847 5641 quam
1875 5575 2110 5644 perfecte

2146 4525 2194 4582 D

541 5669 677 5707 nunc
709 5658 845 5713 Dens
892 5665 1038 5715 novit
1087 5665 1374 5727 hominem,
1419 5667 1510 5719 sed
1556 5676 1733 5719 tamen
1786 5669 1922 5722 sicut
1969 5669 2106 5722 Deus

541 5739 829 5811 lunuimsn,
859 5753 927 5804 ita
953 5756 1343 5823 nunqt‘Jti'cctz‘
1368 5757 1576 5810 noverit
1609 5758 1766 5810 homo
1800 5760 1980 5818 iimttt,
2014 5760 2104 5809 scd

2231 1932 2397 1986 cens?
2433 1931 2707 2001 Tanquam
2739 1936 2791 1988 in
2823 1936 2940 1990 loco
2981 1949 3128 1992 esset
3173 1941 3449 2007 Dominus,
3497 1945 3592 1998 hoc
3620 1953 3688 1998 est
3720 1947 3759 1999 in

2231 2033 2411 2078 monte
2435 2025 2572 2079 unde
2604 2025 2675 2079 illi
2705 2041 2862 2081 voces
2893 2030 3202 2085 audiebant.
3244 2034 3396 2100 Quod
3432 2036 3507 2089 sic
3539 2037 3760 2105 accipien-

2231 2113 2356 2166 dum
2388 2124 2488 2177 est,
2517 2124 2574 2167 ut
2596 2130 2694 2170 nec
2719 2132 2782 2169 ex
2809 2117 2909 2170 hoc
2948 2118 3289 2188 suspicemur
3330 2123 3418 2176 Dei
3459 2127 3761 2180 substantiam

2232 2201 2284 2254 in
2313 2203 2420 2256 ullo
2455 2202 2634 2271 aliquo
2665 2220 2785 2259 esse
2813 2207 3076 2275 corporali
3113 2208 3252 2274 loco,
3291 2212 3486 2279 quiest
3512 2215 3683 2282 ubique
3705 2223 3760 2268 t0-

2233 2304 2335 2357 tns,
2366 2311 2464 2349 nec.
2485 2311 2581 2363 per
2605 2296 2845 2351 locorum
2875 2299 3154 2354 intervalla
3185 2304 3505 2373 propinquat
3537 2316 3619 2359 aut
3647 2322 3762 2361 recc-

2229 2385 2338 2449 dit;
2370 2386 2462 2440 sed
2499 2387 2989 2445 demonstrationes
3021 2389 3136 2457 ejus
3181 2393 3236 2445 in
3279 2410 3340 2446 ea
3383 2404 3632 2459 creatura,
3671 2411 3762 2464 qua:

2231 2494 2334 2530 non
2361 2481 2604 2548 estquod
2646 2480 2760 2548 ipse
2794 2490 2894 2542 cst,
2939 2497 3044 2536 non
3074 2484 3236 2539 aliter
3276 2487 3518 2542 lnnnanis
3563 2489 3764 2542 sensibus

2229 2568 2569 2622 exhibentur.
2633 2569 2786 2624 Unde
2840 2570 3100 2628 Dominus
3149 2577 3341 2632 volens
3380 2579 3580 2633 auferre
3617 2579 3761 2648 hujus-

2231 2657 2372 2709 modi
2407 2658 2766 2728 suspicionem
2806 2663 3076 2717 mentibus
3110 2669 3333 2728 nostris,
3376 2670 3559 2738 quibus
3589 2678 3762 2739 putatur

2231 2745 2371 2800 Deus
2417 2747 2532 2800 loco
2573 2749 2754 2818 aliquo
2797 2753 3083 2808 contineri.
3140 2775 3155 2806 ι
3187 2757 3399 2819 Veniet,
3448 2759 3622 2827 inquit,
3658 2761 3776 2820 hora,

2229 2837 2442 2904 quando
2477 2853 2650 2906 neque
2691 2840 2742 2893 in
2789 2851 2968 2896 monte
3009 2843 3132 2908 hoc,
3179 2862 3358 2916 neque
3393 2849 3442 2901 in
3470 2847 3765 2918 Jerosolymis

2228 2926 2524 2982 adorabitis
2555 2929 2786 2984 Patrem.
2841 2932 2944 2987 Vos
2979 2936 3216 2990 adoratis
3258 2941 3398 3006 quod
3434 2939 3652 3001 nescitis,
3684 2955 3764 2992 nos

2228 3020 2514 3076 adoramus
2535 3023 2676 3090 quod
2702 3024 2922 3090 scimus,
2948 3027 3071 3094 quia
3096 3025 3245 3082 salus
3268 3044 3332 3083 ex
3353 3029 3545 3084 Judzeis
3563 3038 3649 3083 est.
3679 3027 3762 3083 Sed

2230 3113 2378 3165 venit
2415 3113 2546 3165 hora
2579 3123 2633 3166 et
2664 3131 2802 3167 nunc
2840 3124 2924 3168 est
2955 3118 3170 3184 quando
3210 3118 3327 3171 veri
3366 3118 3653 3172 adoratores
3691 3119 3762 3171 ad-

2225 3205 2458 3257 orabunt
2490 3205 2701 3260 Patrem
2731 3208 2782 3260 in
2807 3208 2996 3279 spiritu
3033 3219 3086 3262 et
3123 3211 3376 3264 veritate.
3411 3210 3534 3264 Nam
3568 3219 3614 3263 et
3639 3208 3763 3262 Pater

2227 3293 2360 3347 tales
2389 3295 2581 3362 qumrit
2606 3297 2695 3364 qui
2730 3298 2956 3351 adorant
2984 3316 3126 3352 eum.
3182 3300 3421 3368 Spiritus
3453 3312 3528 3356 est
3559 3303 3694 3364 Deus,
3722 3309 3762 3353 et

2223 3400 2318 3438 eos
2357 3386 2447 3454 qui
2489 3387 2718 3441 aderam
2746 3405 2867 3442 eum
2912 3391 2962 3443 in
3006 3392 3195 3459 spiritu
3247 3405 3306 3446 et
3351 3396 3569 3449 veritate
3591 3400 3762 3462 ttpot‘lei

2225 3475 2449 3530 adorare
2477 3475 2655 3545 (Joou.
2695 3479 2823 3548 xu).
2862 3499 2880 3529 ι
2921 3480 3148 3534 Medium
3175 3498 3236 3536 se
3272 3484 3406 3537 dixit
3444 3485 3650 3555 Moyses,
3681 3499 3760 3535 non

2227 3568 2365 3619 inter
2390 3569 2746 3623 substantiam
2783 3580 2835 3624 et
2867 3574 3118 3640 populum
3149 3573 3440 3630 intervallo
3475 3578 3632 3646 aliquo
3663 3575 3758 3636 loci,

2224 3661 2318 3714 sed
2348 3663 2469 3730 quia
2498 3678 2593 3730 per
2617 3680 2740 3716 eum
2765 3664 2962 3732 placuit
2991 3667 3183 3734 populo
3208 3670 3398 3722 audire
3421 3679 3597 3722 cetera
3633 3669 3759 3721 verba

2227 3750 2340 3815 Dei,
2372 3762 2721 3821 postcat‘plam
2748 3754 3092 3808 vehementer
3120 3757 3347 3812 territus
3368 3769 3468 3822 est,
3494 3759 3690 3812 audiens
3711 3756 3760 3807 de

2224 3844 2400 3896 medio
2428 3844 2566 3911 ignis
2591 3861 2774 3898 vocem
2800 3846 2889 3898 Dei
2917 3847 3148 3900 dicentis
3173 3848 3490 3918 dcc-alogum
3512 3849 3648 3918 legis.

2210 3930 2214 3934 ’
2295 3934 2399 3988 Sed
2449 3940 2642 3989 merito
2688 3938 2950 4004 qumritur
3000 3943 3275 4008 quomodo
3318 3942 3634 4010 accipiantur
3674 3939 3760 3992 hac

2225 4028 2385 4079 verba
2426 4028 2842 4092 Deuteronomii,
2889 4031 3101 4085 dicente
3147 4032 3369 4102 Moyse:
3404 4054 3422 4082 ι
3455 4033 3516 4087 Et
3563 4048 3647 4102 ego
3677 4039 3757 4085 sta-

2223 4117 2346 4169 bam
2378 4118 2516 4170 inter
2540 4120 2822 4173 [Mittinum
2864 4130 2917 4173 et
2951 4138 3042 4176 vos
3083 4123 3135 4174 in
3173 4133 3417 4192 tempore
3456 4125 3560 4186 illo,
3593 4137 3756 4175 annua

2223 4209 2359 4262 tiare
2386 4208 2545 4262 verba
2581 4209 2814 4276 Domini,
2842 4214 3093 4281 quoniam
3133 4215 3392 4271 timuistis
3428 4234 3457 4270 a
3494 4217 3617 4271 facie
3652 4215 3757 4282 ignis

2224 4302 2455 4365 Domini,
2483 4311 2537 4355 et
2571 4320 2674 4357 non
2714 4306 3031 4360 ascendistis
3063 4308 3114 4360 in
3153 4320 3412 4369 montem,
3454 4305 3757 4372 diceusigo

2221 4408 2338 4444 sum
2367 4394 2619 4447 Dominus
2646 4394 2784 4448 Deus
2813 4405 2954 4459 tuus,
2980 4420 2996 4448 ι
3025 4409 3129 4452 etc.
3175 4400 3307 4464 ρυςυ
3331 4402 3494 4454 etiam
3523 4400 3664 4453 verba
3684 4394 3754 4448 Dei

2223 4497 2347 4538 sunt
2399 4503 2519 4555 qua:
2555 4488 2843 4558 deealogns
2878 4493 3136 4546 continet.
3179 4494 3318 4560 Quid
3357 4512 3486 4566 ergo
3524 4494 3624 4546 vult
3645 4489 3755 4560 Quod

2221 4576 2444 4639 addidit,
2488 4597 2505 4629 ι
2541 4579 2768 4634 dicens?
2807 4602 2826 4632 ι
2858 4582 2915 4634 Si
2957 4585 3098 4636 enim
3133 4587 3501 4653 putaverimus
3541 4582 3755 4655 hyperba-

2221 4677 2336 4731 ton,
2366 4677 2424 4721 ut
2447 4671 2578 4723 ordo
2599 4672 2886 4726 verborum
2910 4674 3012 4726 sit:
3045 4693 3061 4724 ι
3085 4675 3151 4728 Et
3170 4691 3272 4743 ego
3303 4681 3510 4730 stabam
3534 4677 3655 4728 inter
3676 4670 3754 4723 Do-

2222 4760 2426 4814 minum
2445 4770 2496 4814 et
2519 4777 2611 4816 vos
2638 4762 2690 4816 in
2716 4772 2954 4833 tempore
2979 4765 3088 4829 illo,
3121 4768 3446 4822 annuntiare
3469 4766 3607 4820 vobis
3623 4759 3752 4816 verba

2222 4847 2431 4922 Domini
2464 4851 2647 4906 dicens
2673 4871 2685 4904 :
2711 4853 2822 4923 Ego
2852 4870 2970 4908 sum
2998 4857 3259 4912 Dominus
3295 4856 3437 4911 Deus
3465 4868 3597 4918 tuus,
3623 4874 3638 4905 ι
3669 4866 3750 4904 n0"

2220 4941 2326 4994 erit
2355 4958 2560 4996 verum.
2597 4943 2708 4996 Non
2731 4946 2874 4998 enim
2904 4947 3019 5001 haec
3053 4950 3213 5001 verba
3242 4966 3337 5018 per
3375 4949 3584 5019 Moysen
3619 4957 3750 5014 popu-

2219 5031 2318 5108 Ius,
2357 5033 2448 5086 sed
2479 5035 2544 5087 de
2575 5036 2750 5089 medio
2772 5038 2911 5106 ignis
2933 5039 3164 5104 audivit;
3200 5041 3340 5109 quod
3377 5057 3498 5094 cum
3528 5039 3750 5093 sustinere

2219 5136 2322 5175 non
2350 5127 2732 5192 possetaudito
2759 5129 3031 5197 decalogo,
3064 5133 3351 5201 postulavit
3373 5142 3433 5186 ut
3452 5148 3542 5201 per
3572 5129 3746 5197 Moysen

2216 5223 2410 5269 (uetera
2451 5218 2678 5272 audiret.
2738 5219 2923 5275 Restat
2959 5239 3085 5293 ergo
3127 5234 3187 5277 ut
3226 5225 3367 5294 quod
3413 5223 3629 5293 positum
3667 5225 3744 5274 est.

2219 5322 2238 5354 ‹
2268 5305 2473 5367 dicens,
2497 5326 2514 5357 ι
2557 5323 2654 5376 pro
2692 5324 2755 5361 eo
2789 5311 3020 5378 positum
3052 5313 3433 5384 intelligamus,
3463 5328 3524 5365 ac
3551 5311 3592 5363 si
3614 5312 3743 5363 esset,

2216 5404 2274 5448 ut
2299 5396 2532 5461 diceret;
2573 5407 2629 5453 ut
2663 5399 2762 5453 iste
2788 5401 2858 5453 sit
2879 5417 3067 5458 sensus
3093 5421 3103 5455 :
3142 5422 3158 5452 ι
3183 5404 3247 5456 Et
3284 5419 3382 5472 ego
3411 5401 3608 5455 stabam
3636 5397 3746 5449 inter

2216 5485 2498 5540 Dominqu
2533 5497 2587 5541 ct
2619 5505 2714 5544 vos
2751 5491 2805 5543 in
2849 5500 3088 5560 tempore
3126 5493 3234 5556 tuo,
3280 5490 3592 5562 annumiare
3624 5481 3744 5537 vobis

2216 5578 2378 5630 verba
2423 5578 2631 5633 [hmini
2681 5581 2864 5636 dicens
2907 5601 2916 5635 :
2957 5583 3218 5648 Quoniam
3276 5583 3522 5638 tiumistis
3567 5595 3595 5632 a
3635 5573 3742 5629 facit)

2214 5667 2368 5735 ignis,
2413 5677 2463 5719 ct
2509 5685 2612 5721 non
2656 5673 2969 5726 asccndistis
3010 5673 3061 5726 in
3106 5684 3358 5737 tuentem,
3385 5687 3504 5727 cum
3539 5672 3738 5723 diceret:

2214 5759 2322 5823 ligo
2360 5775 2475 5811 sint
2511 5761 2763 5814 Dmuinus
2795 5761 2933 5816 Deus
2964 5772 3104 5829 tuus,
3137 5785 3153 5816 ι
3189 5774 3244 5819 ut
3270 5761 3601 5819 subaudiatur
3641 5765 3739 5807 cum
