3964 6192
259 400 356 460 SOI

980 450 981 453 η
1056 393 1464 459 ΕΝΑΒΚΑΤΙΟ
1496 394 1731 459 SUPER
1770 394 2397 456 DEUTE‘RONOMIUM.
2436 428 2507 439 —
2543 397 2671 455 UB.
2713 396 2753 453 l.

3436 399 3542 459 852

256 515 486 575 diceret,
524 509 714 581 utique
743 508 1026 571 Dominus.
1073 508 1212 566 Cum
1240 510 1388 569 enim
1425 511 1542 567 haec
1569 513 1732 573 verba
1771 497 1935 575 lii-'A
1961 522 2046 569 tor
2071 523 2126 569 et
2158 516 2492 579 misericors,
2532 513 2751 584 patiens
2785 520 2845 567 et
2882 511 3066 568 multa:
3110 516 3494 577 miserationis.
3517 541 3536 572 ο

261 611 414 662 ceret
440 599 728 667 Dominus,
769 613 891 669 qua:
930 607 1330 670 consequenter
1347 615 1414 659 ex
1438 600 1702 671 demlogo
1723 616 1857 657 cun-

259 704 350 763 cta
375 698 795 758 commemorat,
833 698 963 747 tune
984 689 1168 745 timuit
1196 690 1427 761 populus
1462 706 1493 745 a
1526 690 1664 748 facie
1697 691 1854 763 ignis,

258 798 315 844 et
352 801 465 849 non
494 783 742 843 ascendit
760 782 817 839 in
838 788 1102 849 montem,
1124 789 1180 853 et
1202 783 1416 853 rogavit
1436 792 1495 847 ut
1515 798 1614 853 per
1639 783 1859 854 Moysen

256 881 451 951 potius
491 878 657 934 verba
680 874 914 933 Domini
956 875 1169 930 audiret
1214 893 1228 928 :
1272 889 1393 945 qua:
1441 876 1605 930 verba
1653 875 1860 946 Moyses

259 975 661 1029 commemorat
698 968 753 1023 in
793 965 1213 1025 Deuteronomio
1252 966 1395 1027 dicta
1428 966 1531 1021 sibi
1568 980 1602 1021 a
1629 965 1857 1036 populo,

262 1077 394 1119 eum
423 1061 613 1125 audire
628 1060 742 1132 jam
776 1058 983 1123 nonest
1003 1073 1193 1114 vocem
1226 1057 1345 1124 Dei,
1372 1058 1468 1114 sed
1493 1073 1591 1128 per
1620 1073 1742 1113 eum
1767 1074 1862 1129 pe-

265 1161 452 1210 terent
490 1151 593 1208 sibi
636 1149 742 1217 dici
785 1164 905 1220 qum
950 1149 1164 1205 dicebat
1210 1150 1371 1215 Deus,
1422 1150 1475 1205 id
1525 1157 1630 1215 est,
1678 1167 1697 1203 ι
1721 1150 1862 1207 Ecce

263 1242 511 1302 ostendit
537 1241 798 1305 Dominus
827 1240 970 1304 Deus
1008 1247 1196 1295 noster
1230 1239 1386 1295 nobis
1420 1239 1647 1310 gloriam
1680 1255 1858 1305 suam;

267 1346 330 1393 et
364 1349 552 1392 vocem
586 1333 707 1403 ejus
738 1330 1044 1389 audivimus
1071 1345 1103 1384 e
1130 1330 1306 1386 medio
1331 1330 1491 1399 ignis,
1515 1350 1534 1384 ι
1575 1339 1681 1387 etc.
1740 1330 1860 1387 Non

266 1430 463 1485 eadem
488 1440 713 1497 prorsus
742 1424 993 1494 leguntur
1019 1422 1071 1476 iu
1106 1422 1309 1487 Exodo,
1343 1422 1432 1477 ubi
1471 1422 1703 1493 primum
1737 1439 1865 1479 nar-

268 1527 397 1575 rata
443 1524 571 1575 sunt
616 1530 737 1584 qua:
773 1514 933 1569 modo
982 1521 1321 1582 repetuntur,
1375 1520 1435 1567 ut
1478 1512 1860 1583 intelligamus,

266 1611 422 1683 quod
449 1607 737 1679 aliquoties
756 1604 872 1674 jam
895 1603 1335 1669 commemoravi,
1366 1619 1474 1660 non
1493 1618 1614 1661 esse
1635 1604 1690 1659 in
1712 1619 1864 1663 men-

266 1704 436 1760 dacio
463 1699 844 1771 deputandum,
866 1696 911 1751 si
939 1695 1058 1759 aliis
1096 1694 1426 1765 quibuslibet
1460 1695 1642 1751 verbis
1672 1695 1860 1750 eadem

264 1795 528 1855 voluntas
550 1787 948 1850 manifestatur,
979 1794 1199 1855 propter
1216 1784 1675 1856 evangelistarum
1697 1785 1862 1840 etiam

1960 614 2017 661 et
2045 606 2277 660 infertur
2302 624 2314 659 :
2346 624 2366 656 ι
2390 605 2640 659 Iteddens
2664 604 3004 672 iniquitatem
3037 613 3252 672 patrum
3282 623 3445 677 super
3481 610 3546 668 ﬁ-

1960 697 2063 752 lios
2095 705 2153 751 et
2191 696 2353 762 ﬁlias,
2376 715 2396 748 ι
2432 696 2535 751 hoc
2563 695 2764 753 indicat
2794 695 2941 764 quod
2972 702 3135 749 tanta
3163 697 3547 756 misericordiae

1960 788 2052 854 sit,
2072 796 2136 842 ut
2156 803 2266 842 non
2289 787 2474 843 statim
2496 786 2707 855 puniat,
2729 785 2825 840 sed
2845 785 3173 839 sententiam
3205 785 3423 843 differat
3444 803 3549 859 pn-

1960 876 2164 932 niendi.
2220 874 2279 931 Si
2316 885 2500 930 autem
2536 874 2770 930 vindicta
2814 875 3159 942 peccantium
3198 875 3444 937 diﬂertttr
3491 877 3544 932 in

1960 971 2177 1027 tertiam
2214 978 2270 1026 et
2307 979 2556 1040 quartam
2598 970 3021 1039 generationem,
3059 970 3187 1039 quid
3221 972 3400 1042 agitur
3423 988 3546 1028 cum

1954 1059 2119 1130 justis
2143 1070 2198 1116 et
2231 1060 2436 1115 sanctis
2475 1058 2649 1114 viris?
2687 1058 2822 1113 Illud
2858 1059 3046 1136 utique
3080 1061 3230 1127 quod
3265 1058 3551 1132 ειὼέιωςί-

1963 1161 2094 1207 tur:
2124 1169 2142 1205 t
2167 1149 2360 1206 Servat
2395 1148 2664 1218 justitiam
2702 1158 2758 1204 et
2796 1149 3222 1205 misericordiam
3275 1152 3329 1205 in
3378 1151 3550 1206 multa

1961 1241 2130 1297 millia
2162 1242 2247 1297 bis
2274 1240 2368 1310 qui
2391 1239 2621 1311 diligunt
2649 1239 2821 1305 illum,
2849 1249 2905 1295 et
2940 1241 3252 1299 custodiunt
3278 1251 3549 1314 praecepta

1962 1333 2100 1403 ejus.
2125 1352 2142 1381 ι

2572 1400 2798 1458 CAPUT
2859 1401 2951 1456 XI.

1963 1494 2042 1553 De
2082 1494 2257 1550 decem
2303 1496 2567 1555 mandatis
2599 1494 2730 1559 legis
2770 1493 2827 1548 in
2866 1503 3038 1553 monte
3083 1492 3237 1548 Sinni
3280 1494 3442 1559 datis,
3494 1495 3552 1550 in

2354 1565 2557 1619 duabus
2596 1563 2788 1619 tabulis
2840 1564 3165 1633 conscriptis.

2036 1672 2214 1745 (1mm)
2266 1691 2286 1731 ς
2314 1673 2432 1729 Non
2459 1672 2743 1743 usurpabis
2763 1687 2961 1731 nomen
2982 1670 3192 1727 Domini
3217 1672 3310 1727 Dei
3338 1673 3413 1731 tui
3436 1671 3554 1733 fru-

1974 1783 1991 1815 ι
2023 1773 2155 1828 stra,
2186 1763 2313 1834 quia
2342 1780 2450 1819 non
2484 1764 2593 1819 erit
2629 1762 2929 1832 impunitus
2971 1762 3063 1833 qui
3107 1777 3270 1834 super
3313 1779 3373 1819 re
3412 1778 3555 1819 vana

266 1888 467 1952 verba,
491 1899 612 1954 qum
638 1883 709 1939 ab
737 1880 1003 1951 imperitis
1035 1888 1089 1935 et
1123 1854 1472 1937 calumniosis
1496 1886 1751 1948 tanquam
1780 1893 1867 1933 re-
1894 1866 1940 1924 Β
1974 1874 1993 1906 ‘
2024 1870 2228 1954 ηοωθιξ
2243 1854 2362 1924 eius
2394 1854 2773 1935 assumpseri‘.’
2812 1854 3052 1913 Observa
3076 1855 3223 1913 diem
3252 1856 3460 1920 $3M)“
3499 1866 3560 1911 ⁸η

266 1976 575 2050 pugnantia
626 1971 1115 2043 reprehenduntur.
1173 1969 1361 2039 Neque
1404 1969 1547 2027 enim
1596 1978 1715 2024 erat
1753 1983 1869 2025 ma-

268 2082 444 2139 gnum
475 2064 642 2137 Moysi
674 2062 954 2119 attendere
988 2076 1108 2130 quae
1148 2061 1202 2116 in
1237 2061 1422 2119 Exodo
1454 2060 1767 2130 scripserat,
1815 2068 1871 2116 et

269 2157 481 2214 eisdem
506 2153 727 2217 omnino
749 2151 928 2206 verbis
949 2150 1039 2205 illa
1067 2159 1335 2221 repetere,
1362 2149 1466 2204 nisi
1482 2149 1781 2219 pertineret
1803 2150 1869 2205 ad

271 2255 501 2305 sanctos
526 2246 775 2300 doctores
799 2250 1011 2299 nostros
1034 2243 1134 2301 hoc
1156 2242 1330 2312 ipsum
1352 2242 1629 2301 insinuare
1658 2241 1870 2297 discen-

273 2343 449 2406 tibus,
474 2352 534 2395 ut
554 2339 689 2401 nihil
700 2338 845 2394 aliud
859 2338 915 2395 in
930 2337 1109 2393 verbis
1132 2335 1468 2406 loquentium
1481 2342 1747 2404 quarunt,
1763 2332 1869 2389 nisi

270 2435 628 2495 voluntatem,
662 2438 886 2502 propter
911 2445 1076 2500 quam
1110 2428 1495 2484 enuntiandam
1522 2427 1687 2484 verba
1715 2426 1872 2482 insti-

272 2533 398 2581 tuta
433 2532 578 2580 sunt.
618 2522 686 2577 Et
716 2522 831 2576 ait:
858 2518 1035 2592 (lem)
1078 2538 1097 2569 ι
1128 2519 1240 2589 Ego
1273 2532 1393 2575 sum
1431 2515 1692 2574 Dominus
1728 2515 1872 2573 Deus

278 2636 298 2667 ε
340 2626 490 2680 tuus,
515 2613 605 2683 qui
629 2611 790 2668 eduxi
817 2619 870 2666 te
894 2611 961 2667 de
991 2618 1135 2665 terra
1157 2608 1397 2679 Egypti,
1426 2608 1493 2663 de
1514 2606 1676 2662 domo
1702 2605 1873 2661 servi-

282 2726 301 2758 ‹
339 2707 496 2761 tutis.
527 2704 647 2761 Non
672 2703 894 2759 habebis
934 2703 1071 2757 Deos
1096 2701 1302 2757 alienos
1328 2700 1383 2756 in
1410 2708 1704 2769 consptmtu
1728 2712 1869 2753 meo.

280 2819 301 2852 ‹
336 2798 457 2854 Non
481 2797 647 2853 facies
673 2796 769 2852 tibi
785 2796 1056 2866 sculptile,
1076 2811 1177 2851 nec
1198 2794 1608 2851 similitudinem
1628 2792 1872 2857 omnium

282 2909 301 2940 ι
339 2904 464 2959 qum
480 2888 536 2943 in
559 2887 699 2945 cmlo
713 2893 840 2945 sunt
859 2886 1108 2956 desuper,
1125 2894 1181 2940 et
1201 2900 1323 2954 qua:
1345 2885 1403 2939 in
1427 2891 1573 2939 terra
1589 2883 1868 2943 deorsum.

284 3001 303 3033 ι
338 2990 401 3036 et
422 2994 542 3050 qua:
569 2987 857 3035 versantur
884 2978 940 3033 in
970 2977 1127 3047 aquis
1164 2977 1263 3032 sub
1286 2983 1454 3031 terra.
1475 2974 1594 3030 Non
1617 2974 1869 3031 adorabis

283 3090 303 3125 ι
340 3073 477 3129 deos
514 3070 717 3127 alienos
742 3088 755 3124 :
790 3070 904 3140 Ego
947 3069 1091 3124 enim
1119 3084 1237 3124 sum
1265 3068 1528 3125 Dominus
1555 3068 1698 3123 Deus
1724 3075 1870 3129 tuus,

284 3186 303 3221 ι
337 3167 489 3223 Deus
506 3165 810 3229 aemulator,
832 3164 1065 3220 reddens
1099 3164 1441 3235 iniquitatem
1470 3148 1688 3234 patrum
1710 3178 1874 3233 super

1974 1971 1995 2005 ι
2023 1949 2328 2009 sanetilices
2348 1965 2493 2015 eum,
2515 1950 2658 2009 sicut
2676 1949 2932 2020 praecepit
2954 1948 3215 2007 Dominus
3238 1950 3381 2005 Deus
3408 1958 3555 2007 tuus.

1972 2062 1993 2095 ι
2022 2042 2131 2098 Sex
2158 2041 2347 2097 diebus
2368 2040 2702 2111 operaberis,
2732 2047 2789 2093 et
2816 2038 2982 2095 facies
3005 2038 3188 2101 omnia
3231 2054 3394 2108 opera
3421 2046 3510 2092 tua
3537 2054 3553 2103 ;

1974 2156 1993 2188 ι
2022 2136 2285 2206 septimus
2311 2134 2427 2189 dies
2447 2141 2529 2189 est
2551 2131 2784 2197 sabbati,
2800 2131 2951 2187 idest
2977 2131 3192 2201 requies
3224 2129 3432 2189 Domini
3461 2129 3559 2187 Dei

1974 2244 1993 2277 ι
2024 2226 2120 2282 tui.
2168 2223 2283 2281 Non
2306 2223 2473 2278 facies
2497 2223 2552 2277 in
2578 2237 2644 2277 eo
2671 2221 2969 2292 quidquam
2998 2220 3201 2291 operis,
3241 2228 3295 2275 tu
3330 2227 3388 2274 et
3410 2219 3556 2277 illius

1975 2338 1993 2370 ι
2024 2327 2167 2383 tuus,
2193 2327 2246 2375 ct
2271 2317 2397 2379 lilia,
2434 2331 2625 2373 servus
2645 2324 2701 2369 et
2723 2314 2942 2377 ancilla,
2968 2322 3023 2369 et
3044 2314 3162 2378 bos,
3192 2320 3247 2371 et
3268 2312 3474 2374 asinus,
3501 2320 3560 2366 et

1975 2429 1993 2460 ι
2021 2424 2180 2464 omne
2201 2406 2507 2476 iumentum
2549 2416 2721 2470 tuum,
2758 2413 2809 2461 et
2835 2405 3158 2475 peregrinus
3181 2404 3272 2474 qui
3302 2412 3387 2459 est
3416 2404 3560 2459 intra

1976 2519 1993 2551 ι
2023 2509 2211 2570 portas
2250 2509 2392 2564 tuas,
2430 2507 2490 2557 ut
2518 2497 2822 2568 requiescat
2853 2512 3046 2552 servus
3076 2504 3219 2561 tuus,
3262 2504 3318 2557 et
3359 2495 3560 2555 ancilla

1977 2610 1996 2644 ι
2022 2600 2129 2655 tua,
2155 2592 2293 2646 sicut
2326 2598 2382 2646 et
2407 2600 2483 2645 tu.
2531 2589 2800 2645 Memento
2818 2590 2962 2658 quod
2996 2598 3053 2644 et
3084 2589 3197 2658 ipse
3220 2587 3476 2645 servieris
3502 2588 3559 2643 in

1978 2702 1997 2734 c
2026 2683 2279 2755 Egypto,
2302 2693 2356 2738 et
2381 2681 2631 2737 eduxerit
2652 2689 2703 2736 te
2724 2680 2851 2736 inde
2881 2680 3140 2735 Dominus
3161 2679 3305 2735 Deus
3329 2688 3473 2743 tuus,
3501 2677 3559 2733 in

1978 2797 1996 2829 ι
2027 2794 2186 2837 nmnu
2231 2776 2359 2831 forti
2400 2780 2456 2831 'et
2499 2775 2727 2831 brachio
2767 2784 3005 2829 extento.
3054 2773 3261 2828 Idcirco
3304 2772 3565 2843 prmccpit

1978 2887 1998 2921 ι
2032 2870 2128 2925 tibi
2165 2878 2224 2924 ut
2252 2870 2572 2926 observares
2612 2867 2754 2923 diem
2798 2865 3027 2922 sabbati.
3088 2864 3304 2921 IIonora
3348 2870 3559 2932 patrem

1980 2978 1999 3011 ι
2029 2968 2194 3023 tuum,
2222 2968 2278 3014 et
2301 2967 2530 3014 matrem
2567 2968 2738 3022 tuam,
2769 2956 2911 3013 sicut
2951 2955 3211 3026 prmoepit
3246 2954 3340 3011 tibi
3381 2954 3563 3009 Domi-

1981 3070 2000 3104 ι
2024 3067 2131 3109 nus
2159 3051 2304 3106 Deus
2333 3060 2476 3116 tuus,
2509 3058 2570 3107 ut
2592 3049 2755 3119 longo
2780 3049 2931 3104 vivas
2966 3056 3227 3117 tempore,
3252 3055 3308 3101 et
3328 3046 3467 3101 bene
3490 3045 3566 3100 sit

1982 3164 2001 3197 ‹
2032 3145 2128 3203 tibi
2150 3145 2204 3200 in
2232 3152 2379 3201 terra
2408 3158 2572 3214 quam
2604 3141 2864 3198 Dominus
2890 3141 3033 3195 Deus
3062 3148 3185 3193 tuus
3218 3139 3444 3193 daturus
3479 3143 3565 3191 est

283 3279 306 3310 ε
326 3258 509 3322 Ιὶιὶοε,
538 3258 591 3311 ἱη
616 3257 831 3311 tertiam
853 3265 910 3311 et
934 3263 1183 3325 quartam
1198 3225 1637 3327 generationem,
1656 3256 1742 3312 his
1775 3225 1868 3326 qui

1980 3255 1998 3287 ι
2027 3237 2144 3292 tibi.
2186 3233 2305 3289 Non
2347 3234 2581 3291 occides.
2638 3231 2757 3288 Non
2792 3228 3174 3287 mehaberis.
3226 3227 3565 3296 Furtumque

284 3366 308 3402 ί
340 3347 678 3404 oderuntme
703 3364 717 3401 :
741 3354 797 3400 et
810 3345 1013 3407 faciens
1038 3346 1467 3401 misericordiam
1490 3347 1544 3401 in
1561 3346 1727 3402 multa
1750 3346 1871 3401 mil-

286 3460 307 3491 σ
342 3440 418 3495 lia
432 3439 872 3511 diligentibusme
885 3447 940 3492 et
951 3438 1386 3494 custodientibus
1405 3448 1674 3510 praecepta
1692 3454 1830 3494 mea.
1846 3458 1864 3492 ι

282 3533 429 3587 Sunt
451 3532 542 3601 qui
572 3532 674 3585 hoc
701 3530 846 3600 quod
882 3529 1145 3599 scriptum
1177 3537 1260 3584 est
1298 3529 1352 3583 in
1397 3529 1536 3599 lege,
1580 3529 1873 3585 (Reddens

281 3623 625 3692 iniquitatem
667 3630 881 3690 patrum
923 3632 1087 3689 super
1121 3618 1261 3674 filios
1291 3619 1346 3673 in
1380 3619 1595 3673 tertiam
1629 3628 1685 3672 et
1711 3632 1874 3687 quar-

281 3724 400 3769 tam
445 3713 869 3782 generationem,
896 3729 915 3762 ι
972 3710 1048 3765 ita
1092 3710 1414 3773 edisseram,
1456 3716 1519 3763 ut
1545 3708 1611 3763 ad
1637 3708 1873 3762 animam

283 3808 578 3862 humanam
605 3803 931 3859 sententiam
957 3808 1176 3856 vertant
1199 3818 1211 3853 :
1234 3806 1472 3869 patrem,
1513 3798 1567 3852 in
1601 3797 1757 3853 nobis
1797 3796 1875 3852 le-

281 3913 410 3953 vem
449 3910 707 3951 sensuum
750 3901 1012 3964 punctum
1059 3899 1114 3946 et
1158 3890 1432 3946 incentiva
1469 3889 1727 3944 vitiorum
1754 3902 1875 3945 esse

285 3992 563 4052 dicentes;
597 3987 766 4041 lilium
796 4000 947 4049 vero,
986 3985 1031 4039 si
1065 3983 1323 4054 cogitatio
1361 3990 1646 4052 peccatum
1685 3996 1877 4037 conce-

283 4082 458 4152 perit;
495 4086 771 4147 nepotem,
808 4076 854 4131 si
890 4074 1033 4144 qnod
1068 4075 1392 4145 cogitaveris
1428 4081 1589 4142 atque
1618 4085 1878 4142 concepe-

286 4173 366 4227 ris
391 4212 406 4237 ,
457 4184 624 4239 opere
664 4166 1094 4238 perpetraveris;
1139 4174 1494 4235 pronepotem
1536 4173 1719 4221 autem
1758 4177 1877 4218 esse

283 4270 539 4333 quartam
577 4258 1000 4330 generationem,
1044 4256 1089 4311 si
1132 4271 1237 4310 non
1286 4255 1460 4310 solum
1496 4255 1691 4313 feceris
1734 4254 1878 4324 quod

286 4351 493 4408 malum
517 4359 600 4405 est
624 4358 678 4404 et
711 4347 1018 4409 scelestum,
1052 4347 1147 4401 sed
1175 4347 1324 4402 intus
1354 4346 1650 4402 sceleribus
1683 4344 1879 4416 glorie-

284 4444 367 4498 ris
392 4483 408 4507 ,
455 4442 752 4496 secundum
794 4439 924 4493 illud
971 4437 1115 4507 quod
1165 4436 1428 4507 scriptum
1477 4443 1599 4490 est:
1636 4434 1879 4504 «Impius

286 4549 418 4589 cum
481 4532 535 4585 in
596 4529 918 4600 profundum
979 4526 1247 4581 malorum
1305 4524 1537 4587 venerit,
1579 4522 1876 4578 contemnit

1976 3348 1995 3382 ‹
2020 3344 2133 3385 non
2152 3328 2341 3385 facies.
2357 3325 2472 3384 Non
2497 3324 2734 3395 loqueris
2754 3332 2944 3381 contra
2969 3321 3273 3392 proximum
3303 3328 3452 3373 tuum
3475 3317 3568 3372 fal-

1976 3442 1995 3474 ι
2023 3437 2143 3481 sum
2166 3418 2553 3478 testimonium.
2590 3416 2713 3472 Non
2724 3415 3075 3484 concupisces
3096 3425 3320 3466 uxorem
3334 3409 3569 3481 proximi

1978 3533 1997 3565 ι
2028 3514 2123 3578 ιυί.
2146 3527 2253 3568 non
2283 3511 2531 3574 domum,
2551 3523 2660 3563 non
2686 3521 2894 3577 agrum,
2928 3520 3037 3560 non
3060 3517 3298 3562 servum,
3332 3515 3439 3559 non
3469 3515 3570 3554 an-

1979 3622 1998 3655 (
2026 3603 2225 3666 eillam,
2255 3616 2365 3655 non
2389 3600 2604 3662 bovem,
2636 3612 2747 3654 non
2785 3594 3023 3658 asinum,
3052 3602 3108 3648 et
3160 3593 3409 3647 universa
3445 3605 3568 3660 qua:

1980 3714 1998 3746 ι
2028 3695 2170 3750 illius
2191 3699 2336 3748 sunt.
2361 3711 2381 3745 ι
2436 3689 2676 3747 Primum
2697 3685 2941 3755 decaIOgi
2964 3683 3280 3739 mandatum
3301 3682 3369 3736 ad
3394 3681 3567 3735 Deum

1974 3789 2193 3844 Putrem
2224 3785 2480 3855 pertinet,
2517 3782 2644 3838 dum
2679 3781 2812 3837 dicit
2847 3780 2902 3834 in
2939 3777 3329 3848 sequentibus:
3362 3794 3379 3826 ι
3400 3775 3566 3841 Audi,

1974 3877 2166 3942 Israel,
2189 3875 2452 3932 Dominus
2480 3872 2625 3929 Deus
2649 3880 2791 3936 tuus,
2822 3870 2964 3924 Deus
3004 3883 3143 3923 unus
3176 3874 3290 3931 est;
3317 3886 3336 3919 ι
3380 3866 3571 3935 utique

1975 3977 2036 4024 ut
2070 3968 2187 4023 haec
2221 3965 2480 4029 audiens,
2522 3977 2690 4017 unum
2730 3961 2899 4015 Deum
2938 3959 3157 4014 Patrem
3195 3957 3342 4013 colas
3366 3997 3381 4020 ,
3420 3965 3477 4011 et
3508 3956 3565 4010 in

1976 4059 2175 4115 mullos
2203 4057 2359 4112 fictos
2387 4055 2517 4111 deos
2546 4053 2957 4109 fornicationem
2990 4060 3136 4105 tuam
3164 4066 3271 4105 non
3296 4048 3565 4105 ell‘undas.

1979 4149 2289 4206 Secundum
2308 4153 2640 4218 praeceptum
2656 4145 2894 4214 pertinet
2917 4142 2983 4197 ad
3008 4143 3226 4207 Filium,
3251 4143 3378 4197 dum
3401 4141 3564 4195 dicit:

1986 4260 2003 4293 ι
2024 4240 2142 4297 Non
2168 4252 2415 4295 assumes
2448 4251 2645 4291 nomen
2679 4234 2895 4289 Domini
2927 4232 3023 4291 Dei
3059 4232 3135 4286 tui
3167 4232 3220 4285 in
3255 4246 3472 4284 vanum.
3508 4230 3577 4285 ltl

1978 4344 2083 4397 est,
2109 4346 2177 4385 ne
2196 4330 2437 4385 aestimes
2458 4334 2764 4383 creaturam
2792 4340 2913 4380 esse
2940 4325 3134 4378 Filium
3158 4323 3275 4387 Dei,
3308 4323 3577 4393 quoniam

1979 4423 2157 4479 omnis
2176 4429 2425 4477 creatura
2452 4419 2685 4473 vanitati.
2705 4416 2945 4485 subjch
2974 4424 3077 4480 est,
3110 4416 3204 4470 sed
3226 4415 3419 4470 credas
3443 4430 3575 4471 eum

1973 4504 2241 4584 'zequalem
2284 4526 2403 4567 esse
2441 4510 2587 4566 Patri
2616 4529 2628 4563 :
2655 4509 2825 4565 Deum
2864 4509 3111 4574 deorum,
3156 4507 3390 4563 Verbum
3428 4508 3571 4576 apud

288 4620 478 4693 (Prov.
506 4575 679 4690 xuii).
716 4617 823 4671 »Ει
859 4617 1138 4688 signanter
1174 4615 1401 4678 addidit,
1447 4631 1469 4667 ι
1495 4613 1581 4667 bis
1610 4613 1701 4682 qui
1740 4613 1873 4667 oJee
1904 4575 1956 4636 Β
1985 4607 2177 4669 Deum,
2221 4618 2318 4674 per
2354 4618 2515 4672 quem
2550 4601 2732 4656 omnia
2772 4600 2911 4655 facta
2954 4608 3098 4654 sunt.
3138 4593 3379 4655 Tertium
3422 4575 3575 4653 man-

287 4721 424 4775 rnnt
469 4725 578 4773 me,
609 4730 628 4761 ι
681 4709 784 4764 hoc
835 4716 959 4771 est,
1008 4706 1116 4762 illis
1156 4707 1249 4775 qui
1299 4703 1642 4760 hmreditario
1690 4702 1878 4771 utique

284 4803 437 4859 male
453 4814 508 4857 et
533 4801 810 4871 impietate
824 4798 994 4853 Deum
1008 4797 1260 4861 oderunt,
1286 4808 1446 4864 poena
1469 4793 1674 4863 peccati
1697 4808 1880 4847 serva-

284 4898 463 4952 bitur.
511 4892 685 4957 Aiiter
736 4889 883 4947 enim
935 4889 1177 4957 iniquum
1222 4895 1386 4954 atque
1434 4899 1745 4954 perversum
1797 4893 1881 4939 est

285 4996 519 5062 peccata
549 4995 760 5055 patrum
789 4981 915 5041 ﬁliis
934 4996 1000 5036 ac
1026 4964 1313 5050 nepotibus
1333 4976 1584 5047 imputari
1612 4990 1717 5031 non
1749 4988 1879 5043 pec-

283 5079 571 5140 cantibus.
598 5075 833 5133 niaxime
871 5088 992 5131 cum
1033 5086 1129 5141 per
1156 5068 1493 5151 Ezeebielem
1520 5066 1778 5125 Dominus
1802 5063 1884 5118 di-

284 5178 423 5227 cat:
452 5167 685 5223 «Anima
728 5179 849 5234 quae
887 5161 1209 5233 peccaverit,
1240 5147 1358 5228 ipsa
1396 5158 1680 5218 morietur.
1720 5154 1884 5211 Pater

285 5278 407 5319 non
455 5259 692 5331 portabit
737 5255 1074 5326 iniquitatem
1122 5252 1236 5309 lilii.
1288 5251 1505 5309 iustitia
1542 5248 1675 5318 justi
1722 5262 1886 5317 super

284 5367 425 5408 eum
453 5352 580 5414 erit,
619 5357 675 5404 et
712 5347 961 5418 impietas
998 5343 1151 5413 impii
1184 5356 1349 5411 super
1377 5355 1499 5397 eum
1533 5339 1638 5395 erit
1666 5337 1879 5409 (Ezeclt.

284 5444 474 5513 xvui).
528 5443 713 5497 Potest
756 5448 812 5494 et
861 5437 1019 5495 aliter
1053 5437 1168 5491 [nec
1206 5432 1471 5489 sententia
1516 5428 1737 5498 intelligi
1778 5442 1884 5496 qua

286 5536 464 5592 dicit:
496 5533 787 5595 «,ltoddcus
818 5528 1160 5598 iniquitatem
1200 5534 1417 5595 patrum
1456 5535 1617 5590 super
1658 5520 1797 5579 ﬁlios
1829 5520 1884 5574 in

289 5625 519 5685 tertiam
566 5632 624 5679 et
661 5630 909 5692 quartam
959 5616 1426 5689 generationem,»
1471 5621 1659 5666 utnon
1702 5610 1773 5664 sit
1815 5610 1885 5663 si-

290 5734 467 5787 gnum
488 5713 845 5776 truculentim,
870 5711 965 5766 sed
988 5705 1390 5767 iniserieordim,
1409 5714 1624 5772 puniant
1646 5698 1882 5755 dilfcrrc.

294 5808 533 5874 Quando
562 5807 707 5863 enim
733 5805 997 5872 SCYipitlm
1025 5809 1129 5862 est,
1165 5818 1181 5846 ι
1208 5797 1464 5852 υυιυίιιιιδ
1494 5794 1635 5850 Deus
1664 5793 1885 5848 misera-

1982 4699 2168 4753 datum
2196 4697 2262 4752 de
2282 4696 2521 4751 sabbato.
2538 4692 2607 4747 ad
2638 4691 2901 4760 Spiritum
2923 4700 3169 4746 sanctum
3193 4690 3449 4761 pertinet,
3478 4707 3577 4747 cu-

1977 4793 2071 4862 jus
2096 4791 2235 4845 done
2263 4787 2477 4856 requies
2503 4785 2830 4854 sempiterna
2862 4783 3195 4853 promittitur
3222 4784 3397 4847 nobis.
3435 4784 3579 4840 Nam

1984 4884 2109 4952 quia
2132 4882 2366 4951 Spiritus
2396 4888 2614 4933 sanctus
2643 4876 2857 4939 dicitur,
2890 4883 3171 4946 propterea
3198 4883 3255 4930 et
3282 4876 3576 4945 septimum

1987 4974 2129 5028 diem
2151 4968 2510 5039 sanctificavit
2532 4967 2690 5020 Deus.
2715 4964 2770 5017 In
2797 4964 2919 5018 aliis
2943 4963 3087 5018 enim
3108 4962 3299 5018 diebus
3323 4978 3574 5033 operum,

1985 5080 2091 5119 non
2125 5071 2208 5117 est
2238 5059 2510 5114 nominata
2548 5053 2925 5119 sanctiﬁcatio,
2963 5054 3067 5108 nisi
3102 5054 3155 5108 in
3194 5054 3440 5117 sabbato,
3478 5051 3574 5107 ubi
3662 5113 3665 5116 ἠ

1984 5157 2200 5217 dicitur,
2231 5172 2250 5202 ι
2282 5149 2546 5220 requievit
2584 5149 2795 5205 Deus.»
2836 5145 3069 5201 Proinde
3104 5145 3266 5216 igitur
3294 5145 3394 5199 hoc
3420 5156 3576 5195 manv

1985 5247 2171 5300 datum
2214 5242 2450 5312 pertinet
2491 5239 2560 5293 azl
2601 5237 2862 5308 Spiritum
2904 5244 3172 5297 sanctum,
3211 5243 3318 5288 tam
3354 5240 3581 5301 prepter

1987 5349 2182 5390 nomen
2227 5330 2693 5400 sanctiﬁcationis,
2734 5343 2899 5399 quam
2934 5335 3154 5398 propter
3186 5332 3446 5378 aeternam
3486 5335 3575 5375 re-

1989 5428 2193 5498 quiem,
2224 5425 2290 5479 ad
2317 5426 2535 5480 domum
2571 5423 2744 5477 sancti
2781 5421 3016 5491 Spiritus
3049 5416 3428 5488 pertinentem.
3481 5410 3573 5465 Di-

1991 5519 2132 5574 citur
2156 5515 2300 5570 enim
2333 5514 2446 5567 ibi:
2477 5530 2495 5562 ι
2520 5512 2786 5571 Memento
2819 5519 2882 5565 ut
2905 5503 3288 5565 dicm-sabbati
3329 5500 3571 5557 sanctiﬁ—

1992 5621 2100 5662 ces.
2143 5606 2249 5659 Sex
2282 5604 2469 5658 diebus
2492 5602 2825 5670 operuberis,
2861 5607 2915 5653 et
2951 5597 3113 5651 facies
3143 5607 3311 5662 opera
3328 5600 3453 5657 tua;
3486 5605 3577 5648 se-

1993 5699 2192 5769 ptimus
2216 5704 2395 5750 autem
2424 5692 2538 5747 dies
2555 5693 2836 5747 sabbatum
2858 5698 2940 5743 cst
2966 5685 3177 5741 Domini
3212 5684 3305 5740 Dei
3342 5683 3440 5749 tui,
3467 5698 3580 5737 non

1995 5790 2158 5845 facies
2191 5802 2351 5842 omne
2388 5799 2540 5853 opus.
2570 5802 2587 5833 ι
2641 5782 2696 5834 In
2731 5796 2821 5834 sex
2862 5778 3071 5833 dierum
3105 5791 3288 5847 (mere,
3334 5788 3432 5831 sext
3456 5771 3579 5828 mll-
