3964 6192
392 394 497 450 885

1036 386 1097 440 Β.
1142 384 1399 441 RABANI
1439 384 1660 443 MAURI
1696 379 2016 440 ARClllEP.
2062 379 2372 439 MOGUNT.
2413 376 2700 438 OPERUM
2745 366 2924 432 PARS
2956 374 2999 430 I.

3566 369 3673 426 868

394 507 524 561 lium
553 513 816 557 annorum
843 497 1087 568 operatio
1112 498 1438 552 continetur.
1490 498 1549 553 In
1592 498 1823 568 septimo
1853 511 1984 551 vero
2009 498 2058 557 Α
2091 516 2108 547 c
2137 496 2222 553 bis
2248 505 2305 552 et
2334 493 2583 565 caliginis
2604 507 2734 548 voce
2756 506 2975 561 magna,
3007 487 3139 544 nihil
3164 488 3371 543 addens
3396 487 3632 558 amplius
3657 508 3673 554 ;

393 595 610 666 requies
659 590 801 645 beati
844 588 988 643 illius
1033 587 1182 658 regni
1218 595 1431 658 tempus
1468 588 1791 651 ostenditur,
1833 587 1976 656 quod

394 685 687 744 carnaliter
713 681 883 737 Judaei
918 681 1254 736 celebrantes
1280 688 1525 750 peccant.
1566 680 1634 735 Et
1659 689 1719 735 ut
1740 681 1843 735 hoc
1870 694 1976 733 non

393 792 495 832 nos
520 776 591 831 ad
617 773 775 828 fidem
803 771 1048 826 fallentes
1073 769 1339 825 mendacii
1361 776 1630 839 aptemus,
1653 769 1852 823 clamat
1875 768 1975 823 Do-

393 869 574 924 minus
606 881 703 937 per
727 864 1067 936 prephetam,
1097 861 1285 917 dicens
1316 876 1331 917 :
1370 878 1390 911 ‹
1410 859 1732 916 Ncomenias
1760 868 1819 914 et
1849 859 1976 913 sab-

393 960 523 1015 bata
548 963 727 1013 vestra
747 953 915 1010 odivit
937 951 1118 1007 anima
1148 965 1289 1005 mea.
1316 971 1334 1002 ι
1377 948 1669 1016 Quomodo
1685 963 1816 1018 ergo
1846 964 1978 1002 san-

394 1050 629 1106 ctiﬁcata
662 1053 823 1102 erunt
861 1045 1085 1100 sabbata
1132 1043 1223 1098 illa
1261 1059 1383 1113 qua:
1423 1042 1593 1097 odivit
1632 1042 1812 1097 Deus?
1848 1042 1979 1097 Illud

393 1155 524 1213 ergo
546 1139 825 1194 sabbatum
848 1134 1242 1191 sanctificatum
1267 1142 1372 1195 est,
1401 1133 1490 1187 ubi
1512 1140 1634 1203 post
1658 1132 1796 1186 bona
1820 1132 1980 1202 hujus

394 1230 518 1287 vita:
555 1244 742 1299 opera,
777 1227 994 1295 requies
1019 1226 1175 1280 nobis
1200 1234 1403 1279 mterna
1433 1224 1786 1293 promittitur.
1828 1222 1980 1277 Ideo-

394 1336 500 1392 que
538 1318 797 1389 quidquid
831 1317 1063 1388 agimus,
1110 1315 1155 1370 si
1192 1323 1414 1385 propter
1462 1313 1627 1368 futuri
1675 1312 1855 1369 szeculi
1899 1329 1983 1368 re-

394 1411 574 1480 quiem
595 1409 841 1472 facimus,
866 1407 1130 1462 veraciter
1151 1406 1500 1461 observamus
1520 1407 1824 1461 sabbatum.
1854 1405 1986 1459 Post

395 1503 530 1567 hmc,
563 1502 666 1555 tria
695 1507 986 1570 praecepta.
1038 1497 1388 1568 Septenarius
1424 1497 1566 1551 enim
1596 1498 1852 1568 praecedit
1882 1513 1980 1550 nu-

395 1608 580 1647 merus
625 1591 1000 1646 mandatorum
1045 1590 1113 1645 ad
1163 1588 1502 1644 dilectionem
1546 1590 1821 1659 pertinens
1860 1604 1985 1658 pro-

396 1683 549 1748 ximi,
576 1689 632 1737 et
661 1681 851 1750 incipit
878 1681 945 1735 ab
969 1682 1176 1735 honore
1208 1689 1518 1751 parentum,
1559 1681 1700 1749 quod
1726 1691 1901 1735 tamen
1929 1681 1982 1735 in

395 1772 585 1827 ordine
622 1778 873 1840 quartum
909 1778 993 1825 est
1023 1788 1037 1823 :
1072 1788 1090 1819 ι
1111 1768 1328 1824 Honora
1369 1777 1577 1838 patrem
1613 1778 1761 1823 tuum
1792 1778 1847 1823 et
1871 1782 1984 1822 ma-

2083 609 2101 640 ι
2130 599 2188 644 et
2225 588 2445 663 scripsit
2476 602 2541 643 ea
2573 585 2774 642 tabulis
2805 584 3012 639 duabus
3050 583 3296 653 lapideis,
3331 598 3470 652 quas
3506 585 3679 640 tradi-

2084 700 2104 732 ι
2131 679 2210 735 dit
2262 679 2394 734 mihi
2442 678 2609 743 Deus,
2663 688 2772 732 etc.
2801 696 2818 728 ι
2863 675 2975 731 Cur
3012 689 3115 746 ego
3149 675 3202 729 in
3235 675 3447 731 duabus
3478 676 3677 732 tabulis

2078 773 2279 843 scripta
2313 780 2397 826 est
2430 770 2538 835 lex,
2570 769 2677 825 nisi
2702 778 2798 823 aut
2826 775 3047 838 propter
3073 767 3182 822 duo
3211 764 3569 823 Testamenta
3605 770 3679 824 si-

2079 865 2405 936 gnificanda,
2438 871 2531 918 aut
2562 871 2783 934 propter
2811 861 2916 916 duo
2947 860 3035 916 illa
3067 873 3334 931 praerepta
3365 861 3678 916 dilectionis

2080 955 2174 1009 Dei
2205 962 2262 1009 et
2284 954 2536 1025 proximi,
2580 953 2674 1008 «in
2700 952 2897 1023 quibus
2935 959 3045 1005 tota
3085 951 3173 1005 lex
3214 951 3414 1021 pendet
3451 963 3513 1007 et
3557 967 3683 1021 pro-

2079 1045 2342 1114 phetae?»
2404 1042 2529 1098 Haec
2573 1043 2717 1097 enim
2766 1043 2819 1097 in
2872 1042 3101 1112 singulis
3153 1042 3353 1098 tabulis
3405 1042 3682 1112 explicata

2079 1143 2226 1190 sunt.
2278 1135 2335 1188 In
2365 1149 2472 1188 una
2497 1134 2640 1189 enim
2682 1133 2787 1187 tria
2818 1140 3090 1203 praecepta
3120 1134 3186 1188 ad
3216 1133 3311 1188 Dei
3341 1133 3679 1203 pertinentia

2081 1227 2419 1288 charitatem,
2449 1226 2502 1280 in
2531 1225 2633 1279 alia
2668 1240 2822 1289 vero,
2864 1232 3071 1294 septem
3094 1222 3420 1294 pertinentia
3450 1222 3519 1276 ad
3557 1237 3689 1292 pro--

2080 1318 2211 1372 ximi
2242 1318 2573 1373 societatem.
2614 1316 2720 1373 Sed
2746 1332 2845 1372 cur
2863 1316 3087 1386 lapidea:
3110 1316 3311 1369 etcdem
3341 1315 3546 1369 tabulae
3566 1314 3686 1370 fue—

2085 1415 2249 1471 runt,
2290 1406 2392 1461 nisi
2431 1407 2501 1461 ad
2545 1406 2958 1478 significandum
3003 1420 3100 1459 eor
3148 1405 3419 1474 lapideum
3468 1403 3683 1459 Iudaeo-

2085 1498 2247 1551 rum?
2286 1497 2388 1551 Per
2428 1498 2624 1568 lapidis
2659 1498 2802 1552 enim
2840 1496 3309 1551 insensibilitatem
3352 1498 3549 1551 duram
3595 1512 3682 1551 eo-

2085 1604 2203 1644 rum
2237 1588 2432 1643 mentis
2472 1589 2650 1658 signat
2685 1589 3035 1652 soliditatem,
3063 1588 3131 1643 de
3163 1603 3270 1658 qua
3305 1590 3573 1658 propheta
3598 1590 3685 1643 di-

2085 1682 2199 1737 cit:
2228 1681 2522 1735 «Auferam
2564 1697 2595 1734 a
2632 1681 2784 1735 vobis
2824 1696 2919 1735 cor
2944 1681 3234 1750 lapideum,
3264 1674 3325 1734 et“
3345 1681 3489 1734 dabo
3525 1680 3684 1736 vobis

2086 1787 2182 1825 cor
2206 1786 2461 1826 carncum
2500 1769 2713 1841 (Ezech.
2757 1768 2856 1841 iu).
2882 1789 2899 1819 ι
2947 1769 3100 1824 Unde
3133 1778 3186 1824 et
3223 1770 3515 1840 Apostolus
3561 1771 3678 1824 ait;

397 1873 535 1916 trem
566 1870 733 1917 tuam.
760 1882 778 1914 ι
821 1861 867 1915 Α
905 1861 1222 1931 parentibus
1261 1861 1405 1915 enim
1448 1860 1561 1916 suis
1602 1861 1775 1931 aperit
1822 1862 1984 1916 homo
2013 1850 2059 1909 Β
2091 1883 2109 1914 ι
2140 1862 2254 1919 Non
2296 1864 2350 1917 in
2396 1862 2592 1918 tabulis
2629 1862 2873 1932 lapideis,
2907 1862 2999 1916 sed
3036 1861 3085 1915 in
3120 1861 3315 1917 tabulis
3338 1862 3525 1915 cordis
3560 1876 3683 1915 car.

398 1953 607 2017 oculos,
638 1959 693 2008 et
722 1953 837 2007 haec
862 1952 971 2006 vita
1007 1951 1075 2006 ab
1103 1965 1288 2006 eorum
1319 1951 1607 2005 dilectione
1640 1951 1805 2005 sumit
1828 1966 1986 2005 exor-

396 2043 568 2098 dium.
610 2043 738 2098 lndc
777 2045 879 2098 hoc
917 2044 1227 2097 mandatum
1260 2043 1495 2111 primum
1537 2049 1623 2097 est
1658 2043 1711 2097 in
1754 2052 1982 2112 septem,

399 2140 539 2194 sicut
567 2148 624 2194 et
652 2138 907 2193 Dominus
938 2137 991 2191 in
1017 2135 1305 2207 Evangelio
1330 2136 1405 2190 ait
1436 2155 1450 2189 :
1479 2154 1497 2186 ¢
1523 2136 1737 2190 Honora
1774 2144 1983 2206 patrem

399 2229 549 2285 trium
573 2238 628 2286 et
659 2237 886 2284 matrem
918 2236 1089 2293 tuam,
1129 2228 1271 2297 quod
1301 2235 1385 2282 est
1413 2226 1724 2281 mandatum
1750 2228 1981 2297 primum

399 2319 612 2390 (Matth.
637 2319 749 2391 xv).
774 2341 792 2371 ι
838 2319 944 2373 Sed
967 2318 1233 2389 quomodo
1261 2317 1517 2388 primum,
1542 2318 1667 2386 quia
1696 2318 1986 2387 quartum?

400 2410 504 2465 nisi
530 2411 683 2480 quia,
719 2420 777 2465 ut
808 2411 1008 2466 dictum
1037 2420 1138 2473 est,
1182 2409 1235 2463 in
1270 2410 1578 2478 septenario
1616 2422 1861 2474 numero,
1892 2409 1983 2479 qui

401 2499 634 2569 pertinrt
672 2501 737 2553 ad
776 2499 1120 2554 dilectionem
1157 2499 1408 2567 proximi,
1438 2499 1670 2569 primum
1696 2507 1779 2553 est
1813 2500 1866 2554 in
1903 2499 1985 2553 al-

403 2598 518 2642 lera
551 2585 749 2640 tabula.
794 2586 927 2641 Nam
965 2586 1082 2640 ideo
1113 2587 1231 2641 dna:
1265 2586 1458 2639 tabula:
1489 2585 1620 2656 legis
1658 2587 1798 2640 datae
1838 2597 1983 2641 sunt.

400 2676 628 2732 Jubetur
656 2692 790 2747 ergo
827 2677 880 2730 in
912 2678 1013 2730 hoc
1042 2683 1309 2746 praecepto
1335 2674 1460 2730 libis
1493 2676 1762 2729 honorare
1788 2690 1984 2745 paren-

403 2775 507 2831 tes,
556 2783 731 2836 neque
779 2766 1197 2822 contumeliosos
1237 2766 1346 2821 illis
1383 2767 1639 2830 existere,
1681 2767 1775 2822 sed
1810 2767 1991 2823 cilicio

401 2858 618 2929 pietatis
637 2858 872 2913 debitam
899 2859 1256 2914 reverentiam
1282 2867 1561 2929 praestare.
1616 2860 1751 2915 Nam
1774 2862 1866 2932 qui
1889 2878 1986 2932 pa-

401 2949 646 3005 rentibus
666 2950 929 3007 honorem
957 2951 1168 3007 deferre
1197 2968 1303 3007 non
1340 2953 1508 3019 novit,
1535 2953 1732 3024 quibus
1756 2969 1985 3024 parcere

402 3049 580 3109 potest
599 3042 689 3111 qui
717 3056 844 3096 suos
865 3040 1014 3099 odit?
1050 3041 1306 3107 Quintum
1332 3062 1345 3097 :
1375 3061 1393 3093 ι
1416 3042 1533 3099 Non
1556 3044 1935 3109 moechaberis,
1962 3065 1982 3098 ι

405 3130 458 3184 id
479 3140 582 3195 est,
617 3144 683 3184 ne
708 3132 992 3200 quisquam
1027 3139 1226 3200 printer
1258 3133 1586 3187 matrimonii
1623 3132 1828 3188 fmdera
1865 3134 1988 3189 aliis

2085 1955 2204 2010 neis
2226 1954 2309 2026 (Il
2342 1954 2464 2009 Cor.
2503 1952 2607 2026 ιιι).
2634 1974 2653 2005 ι
2696 1952 2880 2022 Neque
2909 1954 3054 2007 enim
3080 1955 3185 2008 hoc
3208 1953 3401 2007 labulm
3427 1953 3685 2007 carnales

2086 2046 2291 2111 volunt,
2322 2054 2383 2100 ut
2416 2045 2708 2100 carnaliter
2736 2043 3043 2113 sapiamus;
3079 2045 3171 2097 sed
3202 2043 3327 2113 quia
3366 2044 3420 2097 in
3454 2059 3683 2112 compa-

2087 2138 2299 2192 ratione
2321 2135 2533 2206 lapidis,
2565 2134 2657 2203 qui
2685 2134 2801 2189 sine
2832 2148 2994 2190 sensu
3029 2141 3131 2191 est.
3185 2148 3313 2187 caro
3363 2133 3556 2197 sentit,
3601 2133 3685 2186 ιιι-

2086 2228 2231 2282 circo
2254 2242 2353 2296 per
2377 2227 2569 2296 lapidis
2588 2226 2844 2280 duritiam
2864 2241 2961 2279 cor
2984 2241 3088 2279 non
3116 2225 3425 2297 intelligens
3446 2267 3459 2288 ,
3494 2234 3553 2278 et
3584 2240 3684 2294 per

2087 2319 2266 2374 carnis
2286 2318 2695 2373 sensibilitatem
2733 2318 3092 2388 significatum
3119 2324 3205 2371 est
3225 2331 3322 2370 cor
3348 2314 3685 2385 intelligens.

2164 2427 2182 2459 ι
2213 2407 2353 2475 Quid
2381 2416 2467 2463 est
2492 2408 2669 2463 omnis
2693 2423 2822 2463 caro
2850 2416 2910 2461 ut
2939 2406 3119 2461 audiat
3152 2419 3338 2459 vocem
3365 2403 3461 2458 Dei
3492 2403 3689 2456 viven-

2093 2518 2111 2548 ι
2147 2498 2238 2564 tis,
2266 2498 2358 2568 qui
2394 2497 2459 2552 de
2488 2496 2667 2552 medio
2698 2497 2836 2568 ignis
2862 2497 3121 2566 loquitur,
3150 2496 3288 2551 sicut
3326 2510 3428 2549 nos
3463 2492 3684 2547 audivi-

2093 2605 2112 2638 ι
2144 2603 2279 2649 mus,
2320 2594 2381 2642 ut
2417 2587 2586 2657 possit
2618 2587 2842 2643 vivere?
2879 2587 2958 2641 Tu
3000 2587 3174 2657 magis
3205 2586 3421 2649 accede,
3458 2594 3515 2640 ct
3555 2583 3684 2638 audi

2092 2697 2111 2728 ι
2144 2686 2340 2733 cuncta
2374 2693 2496 2748 qua:
2521 2676 2721 2732 dixerit
2755 2677 3014 2733 Dominus
3043 2677 3186 2732 Deus
3212 2687 3397 2731 noster
3436 2676 3533 2730 tibi
3559 2693 3572 2728 :
3596 2674 3680 2727 lo—

2094 2787 2112 2818 ι
2141 2768 2433 2839 querisque
2472 2767 2541 2821 ad
2575 2782 2704 2832 nos,
2746 2776 2802 2823 et
2835 2784 2935 2824 nos
2969 2768 3248 2823 audientes
3285 2767 3550 2822 faciemus
3591 2781 3678 2822 ea.

2095 2878 2113 2911 ι
2143 2859 2295 2927 Quod
2327 2874 2451 2914 cum
2476 2858 2717 2914 audisset
2740 2860 3020 2928 Dominus,
3049 2861 3124 2914 ait
3157 2860 3222 2913 ad
3255 2875 3340 2913 me
3364 2874 3379 2913 ε
3402 2859 3543 2913 Audi
3587 2873 3681 2910 vo-

2095 2969 2113 3000 ι
2136 2965 2255 3004 cem
2292 2949 2579 3004 verborum
2605 2949 2787 3018 populi
2814 2936 2995 3020 hujus,
3029 2966 3148 3019 quae
3176 2951 3336 3004 locuti
3368 2958 3497 3004 sunt
3534 2949 3633 3003 tibi
3662 2969 3675 3001 ;

2095 3060 2115 3092 ι
2145 3040 2290 3095 Bene
2324 3041 2507 3095 omnia
2551 3049 2679 3096 sunt
2717 3041 2812 3095 tibi
2844 3040 3028 3096 locuti.
3072 3041 3205 3108 Quis
3244 3042 3337 3096 det
3383 3041 3548 3094 talem
3584 3055 3683 3095 eos

2097 3148 2115 3180 ι
2144 3129 2345 3184 habere
2373 3137 2633 3194 mentem,
2653 3138 2713 3184 ιιι
2736 3130 2961 3186 timeant
2986 3145 3103 3196 me,
3134 3139 3193 3186 et
3217 3130 3526 3185 custodiant
3555 3129 3679 3183 nni-

403 3217 618 3274 feminis
659 3220 968 3284 misceatur,
1013 3222 1080 3274 ad
1125 3222 1449 3291 implendam
1495 3222 1791 3279 libidinem.
1844 3224 1981 3279 Nam
2009 3209 2054 3270 C
2092 3238 2111 3269 ι
2141 3234 2297 3273 versa
2323 3218 2573 3274 mandata
2605 3236 2725 3275 mea
2769 3221 2824 3276 in
2866 3222 3015 3277 omni
3050 3231 3313 3291 tempore,
3344 3230 3404 3275 ιιι
3435 3222 3576 3275 bene
3609 3220 3683 3274 sit

404 3310 712 3377 specialiter
736 3310 1061 3365 adulterium
1088 3310 1237 3377 facit,
1262 3313 1377 3382 qui,
1400 3322 1597 3382 prmter
1622 3330 1799 3381 suam,
1823 3317 1888 3371 ad
1911 3316 1986 3370 al—

406 3409 578 3454 teram
604 3401 829 3455 accedit.
882 3401 1143 3457 Sextum:
1174 3421 1193 3453 σ
1217 3402 1332 3459 Non
1370 3404 1606 3459 occides.
1630 3424 1650 3457 ι
1684 3404 1810 3460 Non
1839 3400 1984 3461 enim

405 3489 578 3544 solum
603 3504 766 3559 opere
787 3500 1105 3562 perpetrans
1130 3493 1479 3549 homicidium
1506 3495 1667 3559 facit,
1701 3496 1796 3551 sed
1820 3496 1983 3551 etiam

407 3582 497 3651 qui
540 3590 596 3636 et
630 3583 859 3639 incurrit
898 3585 952 3639 in
986 3587 1315 3642 esurientem
1359 3596 1416 3644 et
1463 3591 1686 3656 nudum,
1726 3591 1817 3660 qui
1849 3592 1985 3646 mori

407 3674 577 3742 possit
604 3675 704 3729 nisi
728 3675 1098 3731 indumentum
1118 3678 1406 3749 cibumque
1432 3681 1756 3751 porrigenda
1785 3683 1985 3738 subve-

408 3766 540 3830 niat,
568 3773 624 3819 et
646 3767 785 3821 idem
816 3769 1084 3824 homicida
1115 3770 1403 3825 tenebitur.
1454 3770 1751 3842 Septimum
1779 3789 1792 3826 :
1823 3792 1842 3825 ι
1870 3774 1987 3828 Non

408 3854 613 3908 furtum
666 3857 905 3919 facies,»
960 3859 1102 3926 quod
1156 3866 1241 3913 est
1296 3860 1629 3928 rapacitatis.
1682 3858 1983 3915 Octavum:

415 3962 434 3994 ι
459 3944 571 3999 Non
606 3943 796 4000 falsum
836 3947 1198 4001 testimonium
1239 3947 1408 4013 dices,
1431 3968 1448 3999 ι
1491 3950 1633 4018 quod
1667 3959 1750 4004 est
1783 3951 1988 4005 crimen

410 4034 675 4091 mendacii
716 4044 770 4090 et
814 4034 1083 4091 falsitatis.
1132 4037 1344 4092 Nonum
1387 4056 1399 4092 :
1446 4038 1600 4095 «Non
1640 4042 1991 4110 concupisces

408 4136 636 4178 uxorem
665 4124 894 4193 proximi
939 4126 1034 4179 tui.
1059 4145 1077 4177 ι
1128 4125 1185 4180 1η
1214 4128 1316 4182 hoc
1344 4135 1615 4198 przecepto
1643 4136 1791 4184 vetat
1822 4129 1992 4185 inten-

414 4215 611 4271 tionem
640 4216 952 4272 adulterinum
980 4218 1336 4290 cogitationis.
1374 4218 1508 4275 Nam
1537 4220 1682 4276 aliud
1707 4230 1789 4277 est
1812 4221 1992 4278 facere

414 4303 520 4359 tale
544 4305 745 4374 aliquid
774 4317 971 4375 praeter
1009 4323 1232 4363 uxorem
1258 4328 1270 4363 :
1292 4309 1436 4365 aliud
1472 4318 1727 4382 appetere
1759 4312 1992 4368 alienam

410 4411 654 4451 uxorem.
714 4396 840 4452 Ideo
876 4397 984 4454 duo
1020 4408 1285 4470 praecepta
1321 4409 1483 4462 sunt,
1524 4401 1639 4457 Non
1684 4404 1991 4459 ma‘chabe-

411 4490 505 4543 ris.
535 4491 650 4545 Non
673 4493 1020 4563 concupisces
1040 4511 1261 4550 uxorem
1285 4498 1516 4567 proximi
1542 4500 1636 4554 tui.
1667 4500 1947 4555 Decimum
1973 4514 1989 4554 :
2029 4484 2035 4491 ’

416 4580 580 4636 ‹.Νοιι
603 4584 949 4652 concupisces
987 4600 1098 4639 rem
1134 4587 1362 4655 proximi
1411 4589 1518 4652 tui;
1543 4609 1561 4640 ι
1613 4590 1667 4642 in
1704 4605 1813 4659 quo
1846 4604 1988 4659 prm—
2017 4571 2067 4629 Ῑ)

410 4679 564 4737 ιϊριο
589 4672 812 4726 damnat
839 4674 1184 4729 ambitionem
1215 4676 1418 4739 saeculi,
1444 4685 1501 4730 et
1528 4676 1768 4731 refrenat
1790 4692 1991 4732 concu-

409 4758 728 4827 piscentiam
767 4777 967 4816 rerum.
1005 4763 1191 4832 Itaque
1234 4765 1427 4819 horum
1470 4767 1703 4835 primum
1737 4767 1991 4837 prohibet

410 4848 829 4916 subreptiouem,
870 4854 1166 4907 secundum
1202 4869 1477 4921 errorem,
1522 4857 1740 4911 tertium
1784 4857 1991 4914 interﬁ-

408 4937 486 4992 cit
531 4936 712 4992 sa'culi
756 4954 1015 5008 amorem,
1065 4953 1315 5013 quartum
1356 4946 1706 5017 impietatem,
1742 4950 1989 5020 quintum

408 5027 583 5084 allidit
633 5027 1070 5099 fornicationem,
1121 5045 1331 5092 sextum
1381 5038 1786 5106 crudelitatem,
1826 5043 1990 5113 septi-

411 5135 558 5175 mum
596 5121 963 5190 rapacitatem,
999 5133 1249 5180 octavum
1282 5127 1501 5196 perimit
1540 5127 1853 5196 falsitatem,
1892 5149 1989 5188 no-

411 5227 540 5267 num
582 5211 831 5268 adulterii
866 5213 1245 5283 cogitationem
1274 5256 1289 5281 ,
1320 5216 1588 5273 decimum
1626 5223 1807 5278 mundi
1842 5225 1989 5296 cupi-

410 5304 652 5359 ditatem.
700 5303 767 5359 Et
794 5305 1087 5360 notandum
1116 5306 1242 5376 quia
1266 5307 1407 5384 sicut
1437 5308 1624 5365 decem
1654 5313 1826 5384 plagis
1866 5331 1988 5385 per-
2020 5342 2031 5355 κ

410 5396 687 5453 cutiuntur
713 5396 975 5469 Egyptii,
1005 5397 1085 5453 sic
1112 5399 1296 5453 decem
1323 5402 1606 5471 praiceptis
1639 5408 1988 5463 conscribun-

411 5491 503 5539 tur
529 5486 740 5550 tabulae,
770 5487 966 5557 quibus
1004 5496 1261 5559 reguntur
1286 5489 1466 5559 populi
1492 5490 1608 5556 Dei,
1638 5500 1693 5546 et
1719 5494 1989 5551 daemones

409 5575 749 5633 occltluntttr.

492 5683 512 5716 ι
538 5666 661 5722 [Lee
695 5674 855 5727 verba
882 5674 1090 5730 locutus
1115 5684 1201 5730 est
1228 5675 1485 5731 Dominus
1513 5677 1579 5731 ad
1607 5691 1820 5732 omnem
1855 5680 1986 5733 mul—

435 5755 451 5788 ‘
473 5753 752 5811 titudinem
795 5774 1025 5819 vestram
1063 5766 1117 5820 in
1148 5775 1329 5821 monte
1360 5766 1413 5820 in
1443 5766 1620 5822 medio
1643 5768 1779 5838 ignis
1812 5776 1861 5822 et
1893 5785 1991 5823 nuc

2091 3326 2109 3358 ι
2139 3308 2220 3362 eis
2240 3315 2298 3362 et
2328 3306 2454 3361 filiis
2481 3322 2689 3372 eorum,
2720 3326 2892 3381 usque
2923 3311 2977 3364 in
3010 3312 3428 3380 ‘sempiternum,
3467 3322 3526 3366 et
3559 3311 3683 3366 reli-

2090 3416 2109 3448 c
2138 3413 2263 3468 qua.
2278 3420 2297 3451 ι
2318 3401 2455 3467 Quid
2476 3400 2715 3467 estquod
2733 3401 2810 3455 ait
2825 3401 3034 3471 Illoyses
3048 3389 3249 3457 dictum
3272 3402 3373 3456 sibi
3389 3417 3512 3457 esse
3534 3417 3565 3455 a
3585 3402 3686 3456 Do-
3718 3396 3725 3407 ’

2086 3491 2234 3545 mino
2247 3490 2311 3545 de
2333 3491 2528 3562 populo
2552 3492 2777 3547 Hebraeo
2802 3510 2815 3545 :
2843 3511 2862 3543 ι
2893 3492 3025 3558 Quis
3038 3493 3126 3547 det
3140 3507 3258 3547 esse
3271 3493 3350 3547 sic
3362 3508 3685 3557 eoreorum,

2086 3590 2145 3637 ut
2168 3584 2391 3641 timeant
2416 3600 2522 3649 me,
2551 3594 2610 3640 et
2632 3584 2940 3640 custodiant
2961 3585 3213 3639 mandata
3244 3586 3401 3639 mea?
3431 3606 3452 3638 ι
3489 3586 3575 3640 An
3600 3587 3687 3641 hic

2088 3674 2224 3729 clam
2246 3675 2361 3730 vult
2387 3676 2606 3745 intelligi
2638 3676 2811 3747 gratia
2842 3691 2937 3730 sua
2962 3676 3185 3732 concedi
3209 3677 3309 3731 hoc
3331 3678 3686 3739 beneficium,

2087 3772 2151 3819 ut
2175 3765 2248 3820 sit
2285 3765 2339 3820 in
2367 3766 2679 3822 hominibus
2713 3780 2781 3822 ex
2822 3765 2927 3821 fide
2966 3766 3173 3837 iustitia
3214 3767 3329 3829 Dei,
3373 3784 3481 3821 non
3527 3769 3687 3837 quasi

2088 3858 2305 3928 propria
2335 3858 2481 3912 velut
2515 3875 2584 3913 ex
2612 3858 2772 3929 lege?
2812 3858 2925 3913 lloc
2951 3859 3097 3913 enim
3125 3875 3223 3928 per
3249 3860 3577 3930 prephetam
3609 3862 3685 3915 si-

2089 3949 2313 4019 gniﬁcat
2338 3949 2526 4004 dicens
2551 3968 2563 4002 :
2596 3968 2615 3999 ¢
2633 3948 2890 4004 Auferam
2917 3949 2998 4004 eis
3018 3965 3116 4004 cor
3134 3949 3426 4019 lapideum,
3458 3958 3517 4005 et
3544 3951 3685 4003 dabo

2088 4041 2169 4095 eis
2192 4055 2286 4095 cor
2313 4055 2568 4095 carneum
2593 4040 2808 4111 (Ezech.
2834 4038 2912 4110 xi)
2935 4057 2950 4105 ;
2977 4052 3007 4090 i'
3040 4039 3181 4110 quod
3214 4048 3438 4110 propter
3462 4056 3682 4095 sensum

2089 4130 2293 4185 dictum
2334 4140 2439 4197 est,
2481 4146 2641 4200 quem
2677 4146 2806 4187 caro
2847 4132 3027 4197 habet,
3066 4140 3123 4187 et
3167 4131 3302 4201 lapis
3337 4148 3447 4185 non
3498 4133 3681 4195 habet,

2088 4221 2256 4276 verbo
2304 4222 2490 4291 utique
2533 4208 2811 4277 translato.
2859 4222 2973 4277 lloc
3015 4231 3070 4278 et
3115 4224 3290 4293 ipsum
3336 4224 3467 4278 alibi
3511 4225 3677 4279 dicit:

2096 4332 2114 4365 ι
2141 4314 2280 4370 Ecce
2318 4314 2434 4370 dies
2462 4314 2705 4381 veniunt,
2729 4315 2859 4369 dicit
2897 4315 3174 4379 Dominus,
3209 4324 3264 4369 et
3286 4318 3681 4372 consummabo

2089 4420 2251 4476 super
2281 4406 2498 4461 domum
2519 4406 2702 4472 Israel,
2725 4415 2779 4461 et
2804 4421 2966 4476 super
2986 4406 3206 4462 domum
3222 4405 3359 4460 Juda
3386 4416 3680 4463 testamen-

2092 4509 2205 4552 tum
2227 4513 2429 4553 novum
2450 4515 2462 4551 :
2483 4513 2590 4553 non
2606 4499 2901 4553 secundum
2920 4507 3317 4560 testamentum,
3337 4500 3483 4568 quod
3504 4501 3683 4570 dispo-

2092 4590 2174 4644 sui
2206 4591 2274 4645 ad
2318 4592 2502 4660 patres
2533 4605 2740 4654 eorum,
2777 4591 2829 4644 in
2866 4590 2953 4646 die
2989 4607 3093 4661 qua
3115 4593 3445 4661 apprehendi
3464 4610 3679 4649 manum

2090 4695 2300 4747 eorum,
2344 4690 2406 4736 ut
2442 4682 2729 4737 educerem
2769 4697 2864 4737 eos
2888 4683 2954 4737 de
2984 4692 3129 4737 terra
3154 4683 3398 4755 zEgypti,
3425 4687 3680 4755 quoniam

2090 4772 2194 4828 hoc
2243 4781 2329 4828 est
2372 4782 2773 4840 testamentum,
2827 4775 2969 4843 quod
3016 4775 3254 4846 disposui
3305 4777 3368 4829 ad
3410 4792 3531 4843 eos,
3563 4789 3682 4849 post

2092 4864 2209 4920 dies
2247 4865 2569 4921 illoszdans
2614 4866 2760 4936 leges
2810 4880 2961 4921 meas
3009 4867 3062 4921 in
3107 4882 3203 4922 cor
3253 4882 3466 4933 eorum,
3528 4880 3586 4925 et
3628 4870 3679 4924 iu

2092 4965 2273 5011 mente
2307 4972 2493 5012 eorum
2526 4957 2923 5026 superscribam
2951 4972 3076 5021 cas,
3113 4967 3168 5013 et
3213 4958 3564 5029 iniquitatum
3592 4975 3683 5016 e0-

2095 5062 2214 5100 rum
2241 5055 2295 5100 et
2319 5055 2661 5116 peccatorum
2700 5062 2889 5103 eorum
2930 5064 3034 5103 non
3073 5063 3281 5102 memor
3317 5066 3414 5104 ero
3451 5051 3685 5123 amplius

2095 5138 2315 5212 (Jercm.
2361 5139 2501 5208 xm).
2530 5160 2548 5193 ι
2592 5140 2707 5196 Hoc
2749 5142 2895 5196 enim
2939 5141 3195 5197 discrevit
3238 5140 3448 5195 Novum
3491 5143 3669 5199 Testa-

2097 5237 2339 5284 mentum
2369 5246 2398 5283 a
2436 5231 2640 5295 Veteri,
2672 5231 2816 5301 quod
2844 5230 3024 5287 Veteri
3049 5232 3174 5287 data
3201 5241 3286 5288 est
3309 5233 3397 5288 lex
3437 5232 3493 5288 in
3529 5236 3681 5289 tabu—

2095 5320 2162 5376 lis
2188 5320 2433 5391 lapideis,
2463 5322 2516 5375 in
2543 5321 2693 5377 Novo
2725 5330 2905 5377 autem
2942 5323 2995 5377 in
3032 5324 3309 5390 cordibus,
3333 5325 3480 5393 quod
3508 5326 3569 5380 fit
3593 5341 3684 5396 per

2095 5411 2344 5480 gratiam.
2378 5410 2532 5466 Unde
2561 5420 2617 5466 et
2642 5410 2932 5481 Apostolus
2960 5412 3038 5467 ait
3062 5427 3077 5466 :
3108 5432 3127 5463 ι
3148 5412 3263 5468 Non
3292 5415 3346 5469 in
3374 5414 3581 5471 tabulis
3610 5416 3681 5470 la-

2094 5500 2297 5573 pideis,
2353 5502 2447 5557 sed
2490 5502 2543 5557 in
2594 5502 2791 5558 tabulis
2836 5504 3015 5559 cordis
3054 5505 3421 5560 carnalibus.»
3466 5506 3536 5561 Et
3580 5506 3687 5559 alio

2097 5593 2251 5648 loco:
2290 5594 2555 5649 «ldoneos
2612 5609 2740 5659 nos,
2798 5596 3000 5665 inquit,
3056 5596 3183 5651 fecit
3223 5597 3507 5652 ministros
3550 5597 3683 5651 Novi

2096 5684 2446 5747 'l‘cstamenli,
2484 5674 2586 5738 noli
2627 5685 2826 5750 littera,
2874 5688 2965 5741 sed
3004 5687 3194 5756 spiritu
3242 5686 3326 5757 (ΙΙ
3360 5686 3483 5740 Cor.
3526 5689 3628 5754 in).
3656 5706 3674 5737 ι

2103 5792 2119 5824 ‹
2143 5774 2299 5839 Audi,
2335 5774 2517 5839 Israel,
2553 5774 2810 5831 Dominus
2848 5776 2988 5832 Deus
3016 5786 3200 5842 noster
3231 5779 3374 5832 Deus
3403 5794 3545 5833 unus
3580 5787 3675 5831 εει.
