  <div class='ocr_page' id='page_1' title='image "/cluster/home/n/w/nwhite01/storage/ocr_20150623/108/hvd.32044054759733/438.png"; bbox 0 0 3964 6192; ppageno 0'>
   <div class='ocr_carea' id='block_1_1' title="bbox 234 230 343 287">
    <p class='ocr_par' dir='ltr' id='par_1_1' title="bbox 234 230 343 287">
     <span class='ocr_line' id='line_1_1' title="bbox 234 230 343 287; baseline -0.046 1"><span class='ocrx_word' id='word_1_1' title='bbox 234 230 343 287; x_wconf 66' lang='lat'><strong>863</strong></span> 
     </span>
    </p>
   </div>
   <div class='ocr_carea' id='block_1_2' title="bbox 1056 220 2740 284">
    <p class='ocr_par' dir='ltr' id='par_1_2' title="bbox 1056 220 2740 284">
     <span class='ocr_line' id='line_1_2' title="bbox 1056 220 2740 284; baseline 0.002 -3"><span class='ocrx_word' id='word_1_2' title='bbox 1056 223 1457 281; x_wconf 73' lang='lat' dir='ltr'><strong>ENARRATIO</strong></span> <span class='ocrx_word' id='word_1_3' title='bbox 1499 222 1725 279; x_wconf 81' lang='lat' dir='ltr'>SUPER</span> <span class='ocrx_word' id='word_1_4' title='bbox 1766 220 2381 282; x_wconf 65' lang='lat' dir='ltr'><strong>DEUTERONOlIiUM.</strong></span> <span class='ocrx_word' id='word_1_5' title='bbox 2425 260 2493 268; x_wconf 89' lang='lat'><strong>-—</strong></span> <span class='ocrx_word' id='word_1_6' title='bbox 2532 228 2656 284; x_wconf 77' lang='lat' dir='ltr'><strong>LIB.</strong></span> <span class='ocrx_word' id='word_1_7' title='bbox 2700 228 2740 284; x_wconf 88' lang='lat' dir='ltr'><strong>l.</strong></span> 
     </span>
    </p>
   </div>
   <div class='ocr_carea' id='block_1_3' title="bbox 241 333 3510 415">
    <p class='ocr_par' dir='ltr' id='par_1_3' title="bbox 241 333 3510 415">
     <span class='ocr_line' id='line_1_3' title="bbox 241 333 3510 415; baseline 0.002 -23"><span class='ocrx_word' id='word_1_8' title='bbox 241 362 260 392; x_wconf 79' lang='grc' dir='ltr'>ι</span> <span class='ocrx_word' id='word_1_9' title='bbox 285 340 486 408; x_wconf 82' lang='lat' dir='ltr'><strong>Diliges</strong></span> <span class='ocrx_word' id='word_1_10' title='bbox 513 338 798 392; x_wconf 89' lang='lat' dir='ltr'><strong>Dominum</strong></span> <span class='ocrx_word' id='word_1_11' title='bbox 829 335 999 391; x_wconf 87' lang='lat' dir='ltr'><strong>Deum</strong></span> <span class='ocrx_word' id='word_1_12' title='bbox 1027 344 1176 391; x_wconf 89' lang='lat' dir='ltr'><strong>tuum</strong></span> <span class='ocrx_word' id='word_1_13' title='bbox 1205 352 1269 390; x_wconf 74' lang='lat' dir='ltr'><strong>ex</strong></span> <span class='ocrx_word' id='word_1_14' title='bbox 1304 343 1418 392; x_wconf 93' lang='lat' dir='ltr'><strong>toto</strong></span> <span class='ocrx_word' id='word_1_15' title='bbox 1453 334 1617 390; x_wconf 89' lang='lat' dir='ltr'><strong>corde</strong></span> <span class='ocrx_word' id='word_1_16' title='bbox 1641 342 1749 394; x_wconf 91' lang='lat' dir='ltr'><strong>tuo,</strong></span> <span class='ocrx_word' id='word_1_17' title='bbox 1781 340 1836 386; x_wconf 93' lang='lat' dir='ltr'><strong>et</strong></span> <span class='ocrx_word' id='word_1_18' title='bbox 1866 333 1910 400; x_wconf 74' lang='grc' dir='ltr'>Α</span> <span class='ocrx_word' id='word_1_19' title='bbox 1939 336 2163 391; x_wconf 88' lang='lat' dir='ltr'><strong>missum</strong></span> <span class='ocrx_word' id='word_1_20' title='bbox 2182 347 2294 392; x_wconf 84' lang='lat' dir='ltr'><strong>est.</strong></span> <span class='ocrx_word' id='word_1_21' title='bbox 2325 340 2460 394; x_wconf 86' lang='lat' dir='ltr'><strong>Cum</strong></span> <span class='ocrx_word' id='word_1_22' title='bbox 2488 343 2632 396; x_wconf 90' lang='lat' dir='ltr'><strong>enim</strong></span> <span class='ocrx_word' id='word_1_23' title='bbox 2667 349 2968 413; x_wconf 63' lang='lat' dir='ltr'><strong>praecurrat</strong></span> <span class='ocrx_word' id='word_1_24' title='bbox 2991 342 3206 398; x_wconf 76' lang='lat' dir='ltr'><strong>dilectio</strong></span> <span class='ocrx_word' id='word_1_25' title='bbox 3246 342 3363 409; x_wconf 88' lang='lat' dir='ltr'><strong>Dei,</strong></span> <span class='ocrx_word' id='word_1_26' title='bbox 3392 345 3510 415; x_wconf 76' lang='lat' dir='ltr'><strong>eius</strong></span> 
     </span>
    </p>
   </div>
   <div class='ocr_carea' id='block_1_4' title="bbox 241 426 1820 492">
    <p class='ocr_par' dir='ltr' id='par_1_4' title="bbox 241 426 1820 492">
     <span class='ocr_line' id='line_1_4' title="bbox 241 426 1820 492; baseline -0.004 -9"><span class='ocrx_word' id='word_1_27' title='bbox 241 449 348 486; x_wconf 66' lang='lat' dir='ltr'><strong>«ex</strong></span> <span class='ocrx_word' id='word_1_28' title='bbox 401 439 511 486; x_wconf 90' lang='lat' dir='ltr'><strong>tota</strong></span> <span class='ocrx_word' id='word_1_29' title='bbox 561 430 739 483; x_wconf 90' lang='lat' dir='ltr'><strong>anima</strong></span> <span class='ocrx_word' id='word_1_30' title='bbox 788 436 897 492; x_wconf 91' lang='lat' dir='ltr'><strong>tua,</strong></span> <span class='ocrx_word' id='word_1_31' title='bbox 928 439 981 483; x_wconf 90' lang='lat' dir='ltr'><strong>et</strong></span> <span class='ocrx_word' id='word_1_32' title='bbox 1013 444 1080 482; x_wconf 81' lang='lat' dir='ltr'><strong>ex</strong></span> <span class='ocrx_word' id='word_1_33' title='bbox 1139 437 1248 483; x_wconf 92' lang='lat' dir='ltr'><strong>tota</strong></span> <span class='ocrx_word' id='word_1_34' title='bbox 1307 426 1619 482; x_wconf 77' lang='lat' dir='ltr'><strong>fortitudine</strong></span> <span class='ocrx_word' id='word_1_35' title='bbox 1670 436 1820 481; x_wconf 63' lang='lat' dir='ltr'><strong>tua.»</strong></span> 
     </span>
    </p>
   </div>
   <div class='ocr_carea' id='block_1_5' title="bbox 234 516 1829 587">
    <p class='ocr_par' dir='ltr' id='par_1_5' title="bbox 234 516 1829 587">
     <span class='ocr_line' id='line_1_5' title="bbox 234 516 1829 587; baseline -0.004 -12"><span class='ocrx_word' id='word_1_36' title='bbox 234 522 448 577; x_wconf 68' lang='lat' dir='ltr'><strong>Animae</strong></span> <span class='ocrx_word' id='word_1_37' title='bbox 484 518 731 574; x_wconf 91' lang='lat' dir='ltr'><strong>rationali</strong></span> <span class='ocrx_word' id='word_1_38' title='bbox 766 534 884 587; x_wconf 78' lang='lat' dir='ltr'><strong>qua:</strong></span> <span class='ocrx_word' id='word_1_39' title='bbox 913 517 1177 573; x_wconf 82' lang='lat' dir='ltr'><strong>memoria</strong></span> <span class='ocrx_word' id='word_1_40' title='bbox 1210 526 1440 581; x_wconf 84' lang='lat' dir='ltr'><strong>constat,</strong></span> <span class='ocrx_word' id='word_1_41' title='bbox 1471 516 1745 571; x_wconf 88' lang='lat' dir='ltr'><strong>intellectu</strong></span> <span class='ocrx_word' id='word_1_42' title='bbox 1774 525 1829 571; x_wconf 93' lang='lat' dir='ltr'><strong>et</strong></span> 
     </span>
    </p>
   </div>
   <div class='ocr_carea' id='block_1_6' title="bbox 236 606 1829 673">
    <p class='ocr_par' dir='ltr' id='par_1_6' title="bbox 236 606 1829 673">
     <span class='ocr_line' id='line_1_6' title="bbox 236 606 1829 673; baseline -0.003 -7"><span class='ocrx_word' id='word_1_43' title='bbox 236 626 445 673; x_wconf 73' lang='lat' dir='ltr'><strong>arnore,</strong></span> <span class='ocrx_word' id='word_1_44' title='bbox 496 618 697 666; x_wconf 67' lang='lat' dir='ltr'><strong>sancta:</strong></span> <span class='ocrx_word' id='word_1_45' title='bbox 742 608 1024 662; x_wconf 82' lang='lat' dir='ltr'><strong>Trinitatis</strong></span> <span class='ocrx_word' id='word_1_46' title='bbox 1067 608 1199 662; x_wconf 79' lang='lat' dir='ltr'><strong>fides</strong></span> <span class='ocrx_word' id='word_1_47' title='bbox 1236 606 1646 662; x_wconf 84' lang='lat' dir='ltr'><strong>commendatur</strong></span> <span class='ocrx_word' id='word_1_48' title='bbox 1680 606 1732 658; x_wconf 93' lang='lat' dir='ltr'><strong>in</strong></span> <span class='ocrx_word' id='word_1_49' title='bbox 1766 621 1829 661; x_wconf 90' lang='lat' dir='ltr'><strong>co</strong></span> 
     </span>
    </p>
   </div>
   <div class='ocr_carea' id='block_1_7' title="bbox 233 696 1829 774">
    <p class='ocr_par' dir='ltr' id='par_1_7' title="bbox 233 696 1829 774">
     <span class='ocr_line' id='line_1_7' title="bbox 233 696 1829 774; baseline -0.004 -19"><span class='ocrx_word' id='word_1_50' title='bbox 233 703 383 774; x_wconf 90' lang='lat' dir='ltr'><strong>quod</strong></span> <span class='ocrx_word' id='word_1_51' title='bbox 412 701 541 757; x_wconf 89' lang='lat' dir='ltr'><strong>dicit</strong></span> <span class='ocrx_word' id='word_1_52' title='bbox 571 718 586 755; x_wconf 88' lang='lat'><strong>:</strong></span> <span class='ocrx_word' id='word_1_53' title='bbox 622 719 640 750; x_wconf 76' lang='grc' dir='ltr'>ι</span> <span class='ocrx_word' id='word_1_54' title='bbox 671 699 868 770; x_wconf 81' lang='lat' dir='ltr'><strong>Diliges</strong></span> <span class='ocrx_word' id='word_1_55' title='bbox 896 697 1181 752; x_wconf 86' lang='lat' dir='ltr'><strong>Dominum</strong></span> <span class='ocrx_word' id='word_1_56' title='bbox 1214 696 1385 752; x_wconf 90' lang='lat' dir='ltr'><strong>Deum</strong></span> <span class='ocrx_word' id='word_1_57' title='bbox 1428 704 1576 750; x_wconf 90' lang='lat' dir='ltr'><strong>tuum</strong></span> <span class='ocrx_word' id='word_1_58' title='bbox 1608 711 1675 749; x_wconf 85' lang='lat' dir='ltr'><strong>ex</strong></span> <span class='ocrx_word' id='word_1_59' title='bbox 1716 704 1829 749; x_wconf 89' lang='lat' dir='ltr'><strong>toto</strong></span> 
     </span>
    </p>
   </div>
   <div class='ocr_carea' id='block_1_8' title="bbox 234 786 1829 857">
    <p class='ocr_par' dir='ltr' id='par_1_8' title="bbox 234 786 1829 857">
     <span class='ocr_line' id='line_1_8' title="bbox 234 786 1829 857; baseline -0.006 -8"><span class='ocrx_word' id='word_1_60' title='bbox 234 795 406 849; x_wconf 84' lang='lat' dir='ltr'><strong>corde</strong></span> <span class='ocrx_word' id='word_1_61' title='bbox 434 802 547 857; x_wconf 92' lang='lat' dir='ltr'><strong>tuo,</strong></span> <span class='ocrx_word' id='word_1_62' title='bbox 577 801 632 846; x_wconf 90' lang='lat' dir='ltr'><strong>et</strong></span> <span class='ocrx_word' id='word_1_63' title='bbox 655 808 722 845; x_wconf 75' lang='lat' dir='ltr'><strong>ex</strong></span> <span class='ocrx_word' id='word_1_64' title='bbox 753 800 863 846; x_wconf 89' lang='lat' dir='ltr'><strong>tota</strong></span> <span class='ocrx_word' id='word_1_65' title='bbox 904 790 1082 844; x_wconf 85' lang='lat' dir='ltr'><strong>anima</strong></span> <span class='ocrx_word' id='word_1_66' title='bbox 1127 799 1237 853; x_wconf 89' lang='lat' dir='ltr'><strong>tua,</strong></span> <span class='ocrx_word' id='word_1_67' title='bbox 1274 798 1329 843; x_wconf 93' lang='lat' dir='ltr'><strong>et</strong></span> <span class='ocrx_word' id='word_1_68' title='bbox 1366 803 1431 843; x_wconf 82' lang='lat' dir='ltr'><strong>ex</strong></span> <span class='ocrx_word' id='word_1_69' title='bbox 1476 796 1586 841; x_wconf 93' lang='lat' dir='ltr'><strong>tota</strong></span> <span class='ocrx_word' id='word_1_70' title='bbox 1630 786 1829 840; x_wconf 90' lang='lat' dir='ltr'><strong>virtute</strong></span> 
     </span>
    </p>
   </div>
   <div class='ocr_carea' id='block_1_9' title="bbox 236 877 1829 953">
    <p class='ocr_par' dir='ltr' id='par_1_9' title="bbox 236 877 1829 953">
     <span class='ocr_line' id='line_1_9' title="bbox 236 877 1829 953; baseline -0.004 -15"><span class='ocrx_word' id='word_1_71' title='bbox 236 897 356 939; x_wconf 91' lang='lat' dir='ltr'><strong>tua.</strong></span> <span class='ocrx_word' id='word_1_72' title='bbox 383 905 401 935; x_wconf 73' lang='grc' dir='ltr'>ι</span> <span class='ocrx_word' id='word_1_73' title='bbox 442 883 549 940; x_wconf 85' lang='lat' dir='ltr'><strong>Sed</strong></span> <span class='ocrx_word' id='word_1_74' title='bbox 578 884 692 938; x_wconf 64' lang='lat' dir='ltr'><strong>haec</strong></span> <span class='ocrx_word' id='word_1_75' title='bbox 717 881 978 953; x_wconf 76' lang='lat' dir='ltr'><strong>perfectio</strong></span> <span class='ocrx_word' id='word_1_76' title='bbox 1011 879 1295 939; x_wconf 89' lang='lat' dir='ltr'><strong>charitatis</strong></span> <span class='ocrx_word' id='word_1_77' title='bbox 1320 880 1372 933; x_wconf 93' lang='lat' dir='ltr'><strong>in</strong></span> <span class='ocrx_word' id='word_1_78' title='bbox 1401 878 1581 948; x_wconf 82' lang='lat' dir='ltr'><strong>Specie</strong></span> <span class='ocrx_word' id='word_1_79' title='bbox 1620 877 1829 931; x_wconf 87' lang='lat' dir='ltr'><strong>decoris</strong></span> 
     </span>
    </p>
   </div>
   <div class='ocr_carea' id='block_1_10' title="bbox 233 966 1825 1030">
    <p class='ocr_par' dir='ltr' id='par_1_10' title="bbox 233 966 1825 1030">
     <span class='ocr_line' id='line_1_10' title="bbox 233 966 1825 1030; baseline -0.007 0"><span class='ocrx_word' id='word_1_80' title='bbox 233 987 321 1030; x_wconf 87' lang='lat' dir='ltr'><strong>est</strong></span> <span class='ocrx_word' id='word_1_81' title='bbox 352 975 447 1030; x_wconf 84' lang='lat' dir='ltr'><strong>Dei</strong></span> <span class='ocrx_word' id='word_1_82' title='bbox 470 974 559 1028; x_wconf 90' lang='lat' dir='ltr'><strong>ubi</strong></span> <span class='ocrx_word' id='word_1_83' title='bbox 589 972 925 1028; x_wconf 91' lang='lat' dir='ltr'><strong>conditorem</strong></span> <span class='ocrx_word' id='word_1_84' title='bbox 949 981 1193 1025; x_wconf 89' lang='lat' dir='ltr'><strong>nostrum</strong></span> <span class='ocrx_word' id='word_1_85' title='bbox 1213 969 1515 1024; x_wconf 82' lang='lat' dir='ltr'><strong>videbimus</strong></span> <span class='ocrx_word' id='word_1_86' title='bbox 1545 966 1703 1023; x_wconf 88' lang='lat' dir='ltr'><strong>sicuti</strong></span> <span class='ocrx_word' id='word_1_87' title='bbox 1724 975 1825 1021; x_wconf 90' lang='lat' dir='ltr'><strong>est.</strong></span> 
     </span>
    </p>
   </div>
   <div class='ocr_carea' id='block_1_11' title="bbox 239 1058 1831 1137">
    <p class='ocr_par' dir='ltr' id='par_1_11' title="bbox 239 1058 1831 1137">
     <span class='ocr_line' id='line_1_11' title="bbox 239 1058 1831 1137; baseline -0.006 -17"><span class='ocrx_word' id='word_1_88' title='bbox 239 1068 393 1121; x_wconf 80' lang='lat' dir='ltr'><strong>Nunc</strong></span> <span class='ocrx_word' id='word_1_89' title='bbox 417 1065 585 1137; x_wconf 84' lang='lat' dir='ltr'><strong>ipsius</strong></span> <span class='ocrx_word' id='word_1_90' title='bbox 613 1080 805 1119; x_wconf 87' lang='lat' dir='ltr'><strong>cursus</strong></span> <span class='ocrx_word' id='word_1_91' title='bbox 835 1062 1155 1117; x_wconf 89' lang='lat' dir='ltr'><strong>rectitudine</strong></span> <span class='ocrx_word' id='word_1_92' title='bbox 1188 1071 1243 1115; x_wconf 91' lang='lat' dir='ltr'><strong>ct</strong></span> <span class='ocrx_word' id='word_1_93' title='bbox 1275 1060 1603 1130; x_wconf 81' lang='lat' dir='ltr'><strong>perfectione</strong></span> <span class='ocrx_word' id='word_1_94' title='bbox 1646 1058 1831 1115; x_wconf 82' lang='lat' dir='ltr'><strong>tenda-</strong></span> 
     </span>
    </p>
   </div>
   <div class='ocr_carea' id='block_1_12' title="bbox 238 1149 1831 1227">
    <p class='ocr_par' dir='ltr' id='par_1_12' title="bbox 238 1149 1831 1227">
     <span class='ocr_line' id='line_1_12' title="bbox 238 1149 1831 1227; baseline -0.006 -15"><span class='ocrx_word' id='word_1_95' title='bbox 238 1175 363 1213; x_wconf 85' lang='lat' dir='ltr'><strong>mus</strong></span> <span class='ocrx_word' id='word_1_96' title='bbox 387 1173 401 1211; x_wconf 90' lang='lat'><strong>:</strong></span> <span class='ocrx_word' id='word_1_97' title='bbox 428 1155 743 1227; x_wconf 87' lang='lat' dir='ltr'><strong>castigando</strong></span> <span class='ocrx_word' id='word_1_98' title='bbox 783 1169 979 1224; x_wconf 89' lang='lat' dir='ltr'><strong>corpus</strong></span> <span class='ocrx_word' id='word_1_99' title='bbox 1020 1162 1263 1207; x_wconf 84' lang='lat' dir='ltr'><strong>nostrum</strong></span> <span class='ocrx_word' id='word_1_100' title='bbox 1303 1160 1360 1204; x_wconf 86' lang='lat' dir='ltr'><strong>ct</strong></span> <span class='ocrx_word' id='word_1_101' title='bbox 1404 1149 1650 1203; x_wconf 72' lang='lat' dir='ltr'><strong>servituti</strong></span> <span class='ocrx_word' id='word_1_102' title='bbox 1704 1149 1831 1203; x_wconf 85' lang='lat' dir='ltr'><strong>sub-</strong></span> 
     </span>
    </p>
   </div>
   <div class='ocr_carea' id='block_1_13' title="bbox 232 1240 1829 1316">
    <p class='ocr_par' dir='ltr' id='par_1_13' title="bbox 232 1240 1829 1316">
     <span class='ocr_line' id='line_1_13' title="bbox 232 1240 1829 1316; baseline -0.007 -14"><span class='ocrx_word' id='word_1_103' title='bbox 232 1249 490 1316; x_wconf 84' lang='lat' dir='ltr'><strong>iiciendo,</strong></span> <span class='ocrx_word' id='word_1_104' title='bbox 518 1256 574 1301; x_wconf 87' lang='lat' dir='ltr'><strong>et</strong></span> <span class='ocrx_word' id='word_1_105' title='bbox 594 1244 951 1315; x_wconf 84' lang='lat' dir='ltr'><strong>eleemosyuis</strong></span> <span class='ocrx_word' id='word_1_106' title='bbox 973 1244 1179 1301; x_wconf 80' lang='lat' dir='ltr'><strong>dandis.</strong></span> <span class='ocrx_word' id='word_1_107' title='bbox 1198 1252 1252 1296; x_wconf 90' lang='lat' dir='ltr'><strong>et</strong></span> <span class='ocrx_word' id='word_1_108' title='bbox 1278 1242 1607 1297; x_wconf 75' lang='lat' dir='ltr'><strong>dimittendis</strong></span> <span class='ocrx_word' id='word_1_109' title='bbox 1630 1254 1749 1308; x_wconf 63' lang='lat' dir='ltr'><strong>qua:</strong></span> <span class='ocrx_word' id='word_1_110' title='bbox 1778 1240 1829 1292; x_wconf 92' lang='lat' dir='ltr'><strong>in</strong></span> 
     </span>
    </p>
   </div>
   <div class='ocr_carea' id='block_1_14' title="bbox 200 1335 1832 1417">
    <p class='ocr_par' dir='ltr' id='par_1_14' title="bbox 200 1335 1832 1417">
     <span class='ocr_line' id='line_1_14' title="bbox 200 1335 1832 1417; baseline -0.004 -22"><span class='ocrx_word' id='word_1_111' title='bbox 200 1399 219 1417; x_wconf 54' lang='lat'><em>.</em></span> <span class='ocrx_word' id='word_1_112' title='bbox 239 1343 398 1395; x_wconf 83' lang='lat' dir='ltr'><strong>nobis</strong></span> <span class='ocrx_word' id='word_1_113' title='bbox 421 1349 545 1395; x_wconf 88' lang='lat' dir='ltr'><strong>sunt</strong></span> <span class='ocrx_word' id='word_1_114' title='bbox 565 1339 851 1393; x_wconf 86' lang='lat' dir='ltr'><strong>commissa</strong></span> <span class='ocrx_word' id='word_1_115' title='bbox 878 1339 1130 1407; x_wconf 85' lang='lat' dir='ltr'><strong>peccatis,</strong></span> <span class='ocrx_word' id='word_1_116' title='bbox 1161 1338 1403 1391; x_wconf 82' lang='lat' dir='ltr'><strong>hilariter</strong></span> <span class='ocrx_word' id='word_1_117' title='bbox 1426 1347 1480 1392; x_wconf 90' lang='lat' dir='ltr'><strong>et</strong></span> <span class='ocrx_word' id='word_1_118' title='bbox 1500 1352 1565 1391; x_wconf 72' lang='lat' dir='ltr'><strong>ex</strong></span> <span class='ocrx_word' id='word_1_119' title='bbox 1586 1335 1749 1393; x_wconf 88' lang='lat' dir='ltr'><strong>corde</strong></span> <span class='ocrx_word' id='word_1_120' title='bbox 1777 1342 1832 1388; x_wconf 91' lang='lat' dir='ltr'><strong>ct</strong></span> 
     </span>
    </p>
   </div>
   <div class='ocr_carea' id='block_1_15' title="bbox 238 1426 1830 1492">
    <p class='ocr_par' dir='ltr' id='par_1_15' title="bbox 238 1426 1830 1492">
     <span class='ocr_line' id='line_1_15' title="bbox 238 1426 1830 1492; baseline -0.006 -4"><span class='ocrx_word' id='word_1_121' title='bbox 238 1433 577 1488; x_wconf 80' lang='lat' dir='ltr'><strong>orationibus</strong></span> <span class='ocrx_word' id='word_1_122' title='bbox 608 1430 973 1485; x_wconf 75' lang='lat' dir='ltr'><strong>indesinenter</strong></span> <span class='ocrx_word' id='word_1_123' title='bbox 1001 1430 1267 1492; x_wconf 80' lang='lat' dir='ltr'><strong>instando,</strong></span> <span class='ocrx_word' id='word_1_124' title='bbox 1293 1439 1347 1483; x_wconf 86' lang='lat' dir='ltr'><strong>et.</strong></span> <span class='ocrx_word' id='word_1_125' title='bbox 1374 1430 1488 1482; x_wconf 77' lang='lat' dir='ltr'><strong>lucc</strong></span> <span class='ocrx_word' id='word_1_126' title='bbox 1510 1426 1754 1482; x_wconf 88' lang='lat' dir='ltr'><strong>faciendo</strong></span> <span class='ocrx_word' id='word_1_127' title='bbox 1777 1426 1830 1479; x_wconf 91' lang='lat' dir='ltr'><strong>in</strong></span> 
     </span>
    </p>
   </div>
   <div class='ocr_carea' id='block_1_16' title="bbox 235 1519 1827 1592">
    <p class='ocr_par' dir='ltr' id='par_1_16' title="bbox 235 1519 1827 1592">
     <span class='ocr_line' id='line_1_16' title="bbox 235 1519 1827 1592; baseline -0.007 -10"><span class='ocrx_word' id='word_1_128' title='bbox 235 1525 488 1582; x_wconf 85' lang='lat' dir='ltr'><strong>doctrina</strong></span> <span class='ocrx_word' id='word_1_129' title='bbox 513 1539 666 1587; x_wconf 90' lang='lat' dir='ltr'><strong>sana,</strong></span> <span class='ocrx_word' id='word_1_130' title='bbox 694 1538 799 1592; x_wconf 89' lang='lat' dir='ltr'><strong>qua</strong></span> <span class='ocrx_word' id='word_1_131' title='bbox 823 1521 1124 1579; x_wconf 60' lang='lat' dir='ltr'><strong>aediﬁcatur</strong></span> <span class='ocrx_word' id='word_1_132' title='bbox 1147 1520 1277 1575; x_wconf 80' lang='lat' dir='ltr'><strong>fides</strong></span> <span class='ocrx_word' id='word_1_133' title='bbox 1298 1530 1466 1584; x_wconf 89' lang='lat' dir='ltr'><strong>recta,</strong></span> <span class='ocrx_word' id='word_1_134' title='bbox 1490 1535 1613 1589; x_wconf 86' lang='lat' dir='ltr'><strong>spes</strong></span> <span class='ocrx_word' id='word_1_135' title='bbox 1641 1519 1793 1572; x_wconf 89' lang='lat' dir='ltr'><strong>lirma</strong></span> <span class='ocrx_word' id='word_1_136' title='bbox 1813 1558 1827 1581; x_wconf 93' lang='lat'><strong>,</strong></span> 
     </span>
    </p>
   </div>
   <div class='ocr_carea' id='block_1_17' title="bbox 233 1609 1829 1685">
    <p class='ocr_par' dir='ltr' id='par_1_17' title="bbox 233 1609 1829 1685">
     <span class='ocr_line' id='line_1_17' title="bbox 233 1609 1829 1685; baseline -0.009 -12"><span class='ocrx_word' id='word_1_137' title='bbox 233 1617 482 1673; x_wconf 78' lang='lat' dir='ltr'><strong>Charitas</strong></span> <span class='ocrx_word' id='word_1_138' title='bbox 496 1631 647 1685; x_wconf 89' lang='lat' dir='ltr'><strong>pura.</strong></span> <span class='ocrx_word' id='word_1_139' title='bbox 668 1613 795 1668; x_wconf 66' lang='lat' dir='ltr'><strong>llaec</strong></span> <span class='ocrx_word' id='word_1_140' title='bbox 818 1621 900 1667; x_wconf 91' lang='lat' dir='ltr'><strong>est</strong></span> <span class='ocrx_word' id='word_1_141' title='bbox 922 1627 1063 1666; x_wconf 91' lang='lat' dir='ltr'><strong>nunc</strong></span> <span class='ocrx_word' id='word_1_142' title='bbox 1085 1620 1136 1665; x_wconf 90' lang='lat' dir='ltr'><strong>et</strong></span> <span class='ocrx_word' id='word_1_143' title='bbox 1164 1611 1298 1681; x_wconf 78' lang='lat' dir='ltr'><strong>spei.</strong></span> <span class='ocrx_word' id='word_1_144' title='bbox 1326 1609 1461 1664; x_wconf 84' lang='lat' dir='ltr'><strong>Nam</strong></span> <span class='ocrx_word' id='word_1_145' title='bbox 1487 1625 1572 1663; x_wconf 89' lang='lat' dir='ltr'><strong>res</strong></span> <span class='ocrx_word' id='word_1_146' title='bbox 1593 1610 1705 1679; x_wconf 90' lang='lat' dir='ltr'><strong>ipsa</strong></span> <span class='ocrx_word' id='word_1_147' title='bbox 1723 1624 1829 1662; x_wconf 93' lang='lat' dir='ltr'><strong>non</strong></span> 
     </span>
    </p>
   </div>
   <div class='ocr_carea' id='block_1_18' title="bbox 1931 431 3511 504">
    <p class='ocr_par' dir='ltr' id='par_1_18' title="bbox 1931 431 3511 504">
     <span class='ocr_line' id='line_1_18' title="bbox 1931 431 3511 504; baseline 0.004 -19"><span class='ocrx_word' id='word_1_148' title='bbox 1931 431 2233 485; x_wconf 78' lang='lat' dir='ltr'><strong>dilectionis</strong></span> <span class='ocrx_word' id='word_1_149' title='bbox 2257 431 2448 486; x_wconf 89' lang='lat' dir='ltr'><strong>modus</strong></span> <span class='ocrx_word' id='word_1_150' title='bbox 2462 434 2814 502; x_wconf 66' lang='lat' dir='ltr'><strong>praescriptus</strong></span> <span class='ocrx_word' id='word_1_151' title='bbox 2837 444 3117 504; x_wconf 89' lang='lat' dir='ltr'><strong>appareat,</strong></span> <span class='ocrx_word' id='word_1_152' title='bbox 3135 435 3206 489; x_wconf 88' lang='lat' dir='ltr'><strong>ita</strong></span> <span class='ocrx_word' id='word_1_153' title='bbox 3236 444 3295 489; x_wconf 92' lang='lat' dir='ltr'><strong>ut</strong></span> <span class='ocrx_word' id='word_1_154' title='bbox 3313 444 3511 491; x_wconf 62' lang='lat' dir='ltr'><strong>eastern</strong></span> 
     </span>
    </p>
   </div>
   <div class='ocr_carea' id='block_1_19' title="bbox 1929 519 3512 580">
    <p class='ocr_par' dir='ltr' id='par_1_19' title="bbox 1929 519 3512 580">
     <span class='ocr_line' id='line_1_19' title="bbox 1929 519 3512 580; baseline 0.003 -6"><span class='ocrx_word' id='word_1_155' title='bbox 1929 520 1984 574; x_wconf 92' lang='lat' dir='ltr'><strong>in</strong></span> <span class='ocrx_word' id='word_1_156' title='bbox 2014 520 2163 574; x_wconf 89' lang='lat' dir='ltr'><strong>illum</strong></span> <span class='ocrx_word' id='word_1_157' title='bbox 2206 519 2500 576; x_wconf 83' lang='lat' dir='ltr'><strong>confluant.</strong></span> <span class='ocrx_word' id='word_1_158' title='bbox 2534 522 2609 576; x_wconf 90' lang='lat' dir='ltr'><strong>De</strong></span> <span class='ocrx_word' id='word_1_159' title='bbox 2650 520 2940 576; x_wconf 89' lang='lat' dir='ltr'><strong>dilectione</strong></span> <span class='ocrx_word' id='word_1_160' title='bbox 2982 531 3071 577; x_wconf 89' lang='lat' dir='ltr'><strong>tua</strong></span> <span class='ocrx_word' id='word_1_161' title='bbox 3121 523 3255 577; x_wconf 90' lang='lat' dir='ltr'><strong>nihil</strong></span> <span class='ocrx_word' id='word_1_162' title='bbox 3305 524 3512 580; x_wconf 87' lang='lat' dir='ltr'><strong>dictum</strong></span> 
     </span>
    </p>
   </div>
   <div class='ocr_carea' id='block_1_20' title="bbox 1927 612 3510 682">
    <p class='ocr_par' dir='ltr' id='par_1_20' title="bbox 1927 612 3510 682">
     <span class='ocr_line' id='line_1_20' title="bbox 1927 612 3510 682; baseline 0.003 -18"><span class='ocrx_word' id='word_1_163' title='bbox 1927 613 2173 676; x_wconf 89' lang='lat' dir='ltr'><strong>videtur;</strong></span> <span class='ocrx_word' id='word_1_164' title='bbox 2212 612 2307 667; x_wconf 87' lang='lat' dir='ltr'><strong>sed</strong></span> <span class='ocrx_word' id='word_1_165' title='bbox 2353 628 2477 667; x_wconf 91' lang='lat' dir='ltr'><strong>cum</strong></span> <span class='ocrx_word' id='word_1_166' title='bbox 2526 613 2729 668; x_wconf 88' lang='lat' dir='ltr'><strong>dictum</strong></span> <span class='ocrx_word' id='word_1_167' title='bbox 2760 621 2883 668; x_wconf 89' lang='lat' dir='ltr'><strong>est:</strong></span> <span class='ocrx_word' id='word_1_168' title='bbox 2917 631 2934 663; x_wconf 74' lang='grc' dir='ltr'>ι</span> <span class='ocrx_word' id='word_1_169' title='bbox 2977 613 3177 682; x_wconf 78' lang='lat' dir='ltr'><strong>Diliges</strong></span> <span class='ocrx_word' id='word_1_170' title='bbox 3203 614 3510 682; x_wconf 79' lang='lat' dir='ltr'><strong>proximum</strong></span> 
     </span>
    </p>
   </div>
   <div class='ocr_carea' id='block_1_21' title="bbox 1928 704 3515 773">
    <p class='ocr_par' dir='ltr' id='par_1_21' title="bbox 1928 704 3515 773">
     <span class='ocr_line' id='line_1_21' title="bbox 1928 704 3515 773; baseline 0.003 -16"><span class='ocrx_word' id='word_1_171' title='bbox 1928 711 2082 758; x_wconf 90' lang='lat' dir='ltr'><strong>tuum</strong></span> <span class='ocrx_word' id='word_1_172' title='bbox 2104 712 2360 772; x_wconf 88' lang='lat' dir='ltr'><strong>tanquam</strong></span> <span class='ocrx_word' id='word_1_173' title='bbox 2391 712 2442 758; x_wconf 91' lang='lat' dir='ltr'><strong>te</strong></span> <span class='ocrx_word' id='word_1_174' title='bbox 2465 704 2665 773; x_wconf 91' lang='lat' dir='ltr'><strong>ipsum,</strong></span> <span class='ocrx_word' id='word_1_175' title='bbox 2689 724 2708 755; x_wconf 67' lang='grc' dir='ltr'>θ</span> <span class='ocrx_word' id='word_1_176' title='bbox 2734 704 2972 759; x_wconf 91' lang='lat' dir='ltr'><strong>simulet</strong></span> <span class='ocrx_word' id='word_1_177' title='bbox 2998 704 3073 758; x_wconf 91' lang='lat' dir='ltr'><strong>tui</strong></span> <span class='ocrx_word' id='word_1_178' title='bbox 3096 704 3194 758; x_wconf 90' lang='lat' dir='ltr'><strong>abs</strong></span> <span class='ocrx_word' id='word_1_179' title='bbox 3217 716 3268 759; x_wconf 90' lang='lat' dir='ltr'><strong>te</strong></span> <span class='ocrx_word' id='word_1_180' title='bbox 3292 705 3515 761; x_wconf 88' lang='lat' dir='ltr'><strong>dilectio</strong></span> 
     </span>
    </p>
   </div>
   <div class='ocr_carea' id='block_1_22' title="bbox 1927 792 3516 862">
    <p class='ocr_par' dir='ltr' id='par_1_22' title="bbox 1927 792 3516 862">
     <span class='ocr_line' id='line_1_22' title="bbox 1927 792 3516 862; baseline 0.001 -16"><span class='ocrx_word' id='word_1_181' title='bbox 1927 808 2035 846; x_wconf 93' lang='lat' dir='ltr'><strong>non</strong></span> <span class='ocrx_word' id='word_1_182' title='bbox 2080 793 2441 862; x_wconf 83' lang='lat' dir='ltr'><strong>praetermissa</strong></span> <span class='ocrx_word' id='word_1_183' title='bbox 2469 802 2574 848; x_wconf 91' lang='lat' dir='ltr'><strong>est.</strong></span> <span class='ocrx_word' id='word_1_184' title='bbox 2616 792 2917 848; x_wconf 65' lang='lat' dir='ltr'><strong>llle‘autem</strong></span> <span class='ocrx_word' id='word_1_185' title='bbox 2942 792 3092 861; x_wconf 86' lang='lat' dir='ltr'><strong>iuste</strong></span> <span class='ocrx_word' id='word_1_186' title='bbox 3131 802 3189 848; x_wconf 89' lang='lat' dir='ltr'><strong>et</strong></span> <span class='ocrx_word' id='word_1_187' title='bbox 3229 803 3418 848; x_wconf 85' lang='lat' dir='ltr'><strong>sancte</strong></span> <span class='ocrx_word' id='word_1_188' title='bbox 3439 796 3516 849; x_wconf 84' lang='lat' dir='ltr'><strong>vi-</strong></span> 
     </span>
    </p>
   </div>
   <div class='ocr_carea' id='block_1_23' title="bbox 1929 884 3513 955">
    <p class='ocr_par' dir='ltr' id='par_1_23' title="bbox 1929 884 3513 955">
     <span class='ocr_line' id='line_1_23' title="bbox 1929 884 3513 955; baseline -0.001 -16"><span class='ocrx_word' id='word_1_189' title='bbox 1929 885 2026 950; x_wconf 80' lang='lat' dir='ltr'><strong>vit,</strong></span> <span class='ocrx_word' id='word_1_190' title='bbox 2055 885 2146 953; x_wconf 88' lang='lat' dir='ltr'><strong>qui</strong></span> <span class='ocrx_word' id='word_1_191' title='bbox 2195 899 2376 939; x_wconf 90' lang='lat' dir='ltr'><strong>rerum</strong></span> <span class='ocrx_word' id='word_1_192' title='bbox 2428 884 2639 955; x_wconf 79' lang='lat' dir='ltr'><strong>integer</strong></span> <span class='ocrx_word' id='word_1_193' title='bbox 2685 884 2986 938; x_wconf 82' lang='lat' dir='ltr'><strong>aestimator</strong></span> <span class='ocrx_word' id='word_1_194' title='bbox 3025 894 3124 938; x_wconf 90' lang='lat' dir='ltr'><strong>est.</strong></span> <span class='ocrx_word' id='word_1_195' title='bbox 3173 884 3295 955; x_wconf 84' lang='lat' dir='ltr'><strong>Ipse</strong></span> <span class='ocrx_word' id='word_1_196' title='bbox 3329 891 3513 938; x_wconf 90' lang='lat' dir='ltr'><strong>autem</strong></span> 
     </span>
    </p>
   </div>
   <div class='ocr_carea' id='block_1_24' title="bbox 1928 975 3517 1047">
    <p class='ocr_par' dir='ltr' id='par_1_24' title="bbox 1928 975 3517 1047">
     <span class='ocr_line' id='line_1_24' title="bbox 1928 975 3517 1047; baseline -0.002 -17"><span class='ocrx_word' id='word_1_197' title='bbox 1928 978 2020 1047; x_wconf 89' lang='lat' dir='ltr'><strong>qui</strong></span> <span class='ocrx_word' id='word_1_198' title='bbox 2073 976 2380 1031; x_wconf 85' lang='lat' dir='ltr'><strong>ordinatam</strong></span> <span class='ocrx_word' id='word_1_199' title='bbox 2435 977 2599 1030; x_wconf 85' lang='lat' dir='ltr'><strong>habet</strong></span> <span class='ocrx_word' id='word_1_200' title='bbox 2648 975 3017 1038; x_wconf 88' lang='lat' dir='ltr'><strong>dilectionem,</strong></span> <span class='ocrx_word' id='word_1_201' title='bbox 3066 991 3134 1029; x_wconf 88' lang='lat' dir='ltr'><strong>ne</strong></span> <span class='ocrx_word' id='word_1_202' title='bbox 3187 985 3277 1028; x_wconf 90' lang='lat' dir='ltr'><strong>aut</strong></span> <span class='ocrx_word' id='word_1_203' title='bbox 3328 975 3517 1045; x_wconf 83' lang='lat' dir='ltr'><strong>diligat</strong></span> 
     </span>
    </p>
   </div>
   <div class='ocr_carea' id='block_1_25' title="bbox 1928 1066 3514 1139">
    <p class='ocr_par' dir='ltr' id='par_1_25' title="bbox 1928 1066 3514 1139">
     <span class='ocr_line' id='line_1_25' title="bbox 1928 1066 3514 1139; baseline -0.004 -16"><span class='ocrx_word' id='word_1_204' title='bbox 1928 1069 2070 1139; x_wconf 88' lang='lat' dir='ltr'><strong>quod</strong></span> <span class='ocrx_word' id='word_1_205' title='bbox 2103 1084 2209 1123; x_wconf 92' lang='lat' dir='ltr'><strong>non</strong></span> <span class='ocrx_word' id='word_1_206' title='bbox 2246 1077 2330 1123; x_wconf 90' lang='lat' dir='ltr'><strong>est</strong></span> <span class='ocrx_word' id='word_1_207' title='bbox 2362 1066 2714 1137; x_wconf 85' lang='lat' dir='ltr'><strong>diligendum,</strong></span> <span class='ocrx_word' id='word_1_208' title='bbox 2752 1074 2845 1119; x_wconf 91' lang='lat' dir='ltr'><strong>aut</strong></span> <span class='ocrx_word' id='word_1_209' title='bbox 2875 1082 2982 1121; x_wconf 92' lang='lat' dir='ltr'><strong>non</strong></span> <span class='ocrx_word' id='word_1_210' title='bbox 3022 1066 3209 1136; x_wconf 77' lang='lat' dir='ltr'><strong>diligat</strong></span> <span class='ocrx_word' id='word_1_211' title='bbox 3257 1066 3401 1133; x_wconf 89' lang='lat' dir='ltr'><strong>quod</strong></span> <span class='ocrx_word' id='word_1_212' title='bbox 3429 1073 3514 1118; x_wconf 85' lang='lat' dir='ltr'><strong>est</strong></span> 
     </span>
    </p>
   </div>
   <div class='ocr_carea' id='block_1_26' title="bbox 1929 1161 3517 1232">
    <p class='ocr_par' dir='ltr' id='par_1_26' title="bbox 1929 1161 3517 1232">
     <span class='ocr_line' id='line_1_26' title="bbox 1929 1161 3517 1232; baseline -0.002 -16"><span class='ocrx_word' id='word_1_213' title='bbox 1929 1162 2278 1232; x_wconf 89' lang='lat' dir='ltr'><strong>diligendum,</strong></span> <span class='ocrx_word' id='word_1_214' title='bbox 2312 1163 2657 1232; x_wconf 90' lang='lat' dir='ltr'><strong>autamplius</strong></span> <span class='ocrx_word' id='word_1_215' title='bbox 2691 1162 2879 1232; x_wconf 79' lang='lat' dir='ltr'><strong>diligat</strong></span> <span class='ocrx_word' id='word_1_216' title='bbox 2902 1162 3043 1232; x_wconf 81' lang='lat' dir='ltr'><strong>quod</strong></span> <span class='ocrx_word' id='word_1_217' title='bbox 3080 1163 3258 1216; x_wconf 91' lang='lat' dir='ltr'><strong>minus</strong></span> <span class='ocrx_word' id='word_1_218' title='bbox 3286 1161 3517 1231; x_wconf 77' lang='lat' dir='ltr'><strong>diligen—</strong></span> 
     </span>
    </p>
   </div>
   <div class='ocr_carea' id='block_1_27' title="bbox 1928 1253 3514 1325">
    <p class='ocr_par' dir='ltr' id='par_1_27' title="bbox 1928 1253 3514 1325">
     <span class='ocr_line' id='line_1_27' title="bbox 1928 1253 3514 1325; baseline -0.003 -16"><span class='ocrx_word' id='word_1_219' title='bbox 1928 1256 2054 1309; x_wconf 92' lang='lat' dir='ltr'><strong>dum</strong></span> <span class='ocrx_word' id='word_1_220' title='bbox 2097 1266 2201 1314; x_wconf 85' lang='lat' dir='ltr'><strong>est.</strong></span> <span class='ocrx_word' id='word_1_221' title='bbox 2232 1264 2326 1309; x_wconf 92' lang='lat' dir='ltr'><strong>aut</strong></span> <span class='ocrx_word' id='word_1_222' title='bbox 2354 1271 2507 1325; x_wconf 74' lang='lat' dir='ltr'><strong>teque</strong></span> <span class='ocrx_word' id='word_1_223' title='bbox 2535 1255 2721 1325; x_wconf 84' lang='lat' dir='ltr'><strong>diligat</strong></span> <span class='ocrx_word' id='word_1_224' title='bbox 2759 1254 2903 1323; x_wconf 90' lang='lat' dir='ltr'><strong>quod</strong></span> <span class='ocrx_word' id='word_1_225' title='bbox 2940 1253 3025 1308; x_wconf 81' lang='lat' dir='ltr'><strong>vel</strong></span> <span class='ocrx_word' id='word_1_226' title='bbox 3065 1254 3246 1308; x_wconf 89' lang='lat' dir='ltr'><strong>minus</strong></span> <span class='ocrx_word' id='word_1_227' title='bbox 3282 1253 3367 1307; x_wconf 86' lang='lat' dir='ltr'><strong>vel</strong></span> <span class='ocrx_word' id='word_1_228' title='bbox 3400 1267 3514 1305; x_wconf 84' lang='lat' dir='ltr'><strong>am-</strong></span> 
     </span>
    </p>
   </div>
   <div class='ocr_carea' id='block_1_28' title="bbox 1929 1345 3513 1417">
    <p class='ocr_par' dir='ltr' id='par_1_28' title="bbox 1929 1345 3513 1417">
     <span class='ocr_line' id='line_1_28' title="bbox 1929 1345 3513 1417; baseline -0.003 -17"><span class='ocrx_word' id='word_1_229' title='bbox 1929 1348 2070 1416; x_wconf 91' lang='lat' dir='ltr'><strong>plius</strong></span> <span class='ocrx_word' id='word_1_230' title='bbox 2114 1346 2443 1417; x_wconf 84' lang='lat' dir='ltr'><strong>diligendum</strong></span> <span class='ocrx_word' id='word_1_231' title='bbox 2486 1355 2588 1399; x_wconf 90' lang='lat' dir='ltr'><strong>est.</strong></span> <span class='ocrx_word' id='word_1_232' title='bbox 2638 1345 2828 1401; x_wconf 90' lang='lat' dir='ltr'><strong>Omnis</strong></span> <span class='ocrx_word' id='word_1_233' title='bbox 2869 1353 3123 1414; x_wconf 83' lang='lat' dir='ltr'><strong>peccator</strong></span> <span class='ocrx_word' id='word_1_234' title='bbox 3147 1345 3201 1399; x_wconf 91' lang='lat' dir='ltr'><strong>in</strong></span> <span class='ocrx_word' id='word_1_235' title='bbox 3250 1352 3513 1413; x_wconf 88' lang='lat' dir='ltr'><strong>quantum</strong></span> 
     </span>
    </p>
   </div>
   <div class='ocr_carea' id='block_1_29' title="bbox 1930 1436 3516 1509">
    <p class='ocr_par' dir='ltr' id='par_1_29' title="bbox 1930 1436 3516 1509">
     <span class='ocr_line' id='line_1_29' title="bbox 1930 1436 3516 1509; baseline -0.002 -18"><span class='ocrx_word' id='word_1_236' title='bbox 1930 1446 2184 1507; x_wconf 89' lang='lat' dir='ltr'><strong>peccator</strong></span> <span class='ocrx_word' id='word_1_237' title='bbox 2204 1453 2312 1491; x_wconf 92' lang='lat' dir='ltr'><strong>non</strong></span> <span class='ocrx_word' id='word_1_238' title='bbox 2343 1446 2425 1492; x_wconf 90' lang='lat' dir='ltr'><strong>est</strong></span> <span class='ocrx_word' id='word_1_239' title='bbox 2449 1436 2770 1509; x_wconf 82' lang='lat' dir='ltr'><strong>diligendus.</strong></span> <span class='ocrx_word' id='word_1_240' title='bbox 2797 1439 2862 1492; x_wconf 89' lang='lat' dir='ltr'><strong>Et</strong></span> <span class='ocrx_word' id='word_1_241' title='bbox 2884 1438 3061 1492; x_wconf 88' lang='lat' dir='ltr'><strong>omnis</strong></span> <span class='ocrx_word' id='word_1_242' title='bbox 3084 1438 3246 1492; x_wconf 89' lang='lat' dir='ltr'><strong>homo</strong></span> <span class='ocrx_word' id='word_1_243' title='bbox 3270 1436 3323 1489; x_wconf 92' lang='lat' dir='ltr'><strong>in</strong></span> <span class='ocrx_word' id='word_1_244' title='bbox 3347 1450 3516 1504; x_wconf 86' lang='lat' dir='ltr'><strong>quan-</strong></span> 
     </span>
    </p>
   </div>
   <div class='ocr_carea' id='block_1_30' title="bbox 1933 1524 3514 1597">
    <p class='ocr_par' dir='ltr' id='par_1_30' title="bbox 1933 1524 3514 1597">
     <span class='ocr_line' id='line_1_30' title="bbox 1933 1524 3514 1597; baseline -0.003 -17"><span class='ocrx_word' id='word_1_245' title='bbox 1933 1536 2043 1580; x_wconf 90' lang='lat' dir='ltr'><strong>tum</strong></span> <span class='ocrx_word' id='word_1_246' title='bbox 2085 1528 2245 1581; x_wconf 88' lang='lat' dir='ltr'><strong>homo</strong></span> <span class='ocrx_word' id='word_1_247' title='bbox 2286 1536 2370 1581; x_wconf 90' lang='lat' dir='ltr'><strong>cst</strong></span> <span class='ocrx_word' id='word_1_248' title='bbox 2414 1526 2717 1597; x_wconf 90' lang='lat' dir='ltr'><strong>diligendus</strong></span> <span class='ocrx_word' id='word_1_249' title='bbox 2754 1537 2838 1580; x_wconf 90' lang='lat' dir='ltr'><strong>est</strong></span> <span class='ocrx_word' id='word_1_250' title='bbox 2878 1535 3099 1596; x_wconf 88' lang='lat' dir='ltr'><strong>propter</strong></span> <span class='ocrx_word' id='word_1_251' title='bbox 3139 1525 3306 1579; x_wconf 86' lang='lat' dir='ltr'><strong>Deum</strong></span> <span class='ocrx_word' id='word_1_252' title='bbox 3333 1539 3346 1577; x_wconf 88' lang='lat'>:</span> <span class='ocrx_word' id='word_1_253' title='bbox 3371 1524 3514 1579; x_wconf 84' lang='lat' dir='ltr'><strong>Dens</strong></span> 
     </span>
    </p>
   </div>
   <div class='ocr_carea' id='block_1_31' title="bbox 1932 1616 3517 1690">
    <p class='ocr_par' dir='ltr' id='par_1_31' title="bbox 1932 1616 3517 1690">
     <span class='ocr_line' id='line_1_31' title="bbox 1932 1616 3517 1690; baseline -0.002 -18"><span class='ocrx_word' id='word_1_254' title='bbox 1932 1635 2062 1674; x_wconf 77' lang='lat' dir='ltr'><strong>vero</strong></span> <span class='ocrx_word' id='word_1_255' title='bbox 2089 1629 2311 1690; x_wconf 87' lang='lat' dir='ltr'><strong>propter</strong></span> <span class='ocrx_word' id='word_1_256' title='bbox 2338 1620 2596 1688; x_wconf 90' lang='lat' dir='ltr'><strong>seipsum.</strong></span> <span class='ocrx_word' id='word_1_257' title='bbox 2649 1619 2715 1672; x_wconf 83' lang='lat' dir='ltr'><strong>Et</strong></span> <span class='ocrx_word' id='word_1_258' title='bbox 2739 1620 2784 1674; x_wconf 89' lang='lat' dir='ltr'><strong>si</strong></span> <span class='ocrx_word' id='word_1_259' title='bbox 2811 1620 2952 1673; x_wconf 90' lang='lat' dir='ltr'><strong>Deus</strong></span> <span class='ocrx_word' id='word_1_260' title='bbox 2974 1619 3121 1673; x_wconf 92' lang='lat' dir='ltr'><strong>omni</strong></span> <span class='ocrx_word' id='word_1_261' title='bbox 3152 1617 3372 1673; x_wconf 89' lang='lat' dir='ltr'><strong>homine</strong></span> <span class='ocrx_word' id='word_1_262' title='bbox 3396 1616 3517 1671; x_wconf 89' lang='lat' dir='ltr'><strong>dili-</strong></span> 
     </span>
    </p>
   </div>
   <div class='ocr_carea' id='block_1_32' title="bbox 230 1684 3515 1782">
    <p class='ocr_par' dir='ltr' id='par_1_32' title="bbox 230 1684 3515 1782">
     <span class='ocr_line' id='line_1_32' title="bbox 230 1684 3515 1782; baseline -0.005 -21"><span class='ocrx_word' id='word_1_263' title='bbox 230 1724 363 1779; x_wconf 71' lang='lat' dir='ltr'><strong>quze</strong></span> <span class='ocrx_word' id='word_1_264' title='bbox 392 1708 643 1762; x_wconf 84' lang='lat' dir='ltr'><strong>credatur</strong></span> <span class='ocrx_word' id='word_1_265' title='bbox 663 1714 718 1760; x_wconf 91' lang='lat' dir='ltr'><strong>et</strong></span> <span class='ocrx_word' id='word_1_266' title='bbox 742 1712 1006 1773; x_wconf 87' lang='lat' dir='ltr'><strong>speretur,</strong></span> <span class='ocrx_word' id='word_1_267' title='bbox 1032 1703 1125 1757; x_wconf 87' lang='lat' dir='ltr'><strong>sed</strong></span> <span class='ocrx_word' id='word_1_268' title='bbox 1140 1719 1261 1772; x_wconf 74' lang='lat' dir='ltr'><strong>qua:</strong></span> <span class='ocrx_word' id='word_1_269' title='bbox 1280 1702 1525 1756; x_wconf 86' lang='lat' dir='ltr'><strong>videatur</strong></span> <span class='ocrx_word' id='word_1_270' title='bbox 1553 1709 1824 1755; x_wconf 84' lang='lat' dir='ltr'><strong>teneatur-</strong></span> <span class='ocrx_word' id='word_1_271' title='bbox 1863 1684 1902 1740; x_wconf 73' lang='grc' dir='ltr'><strong>Β</strong></span> <span class='ocrx_word' id='word_1_272' title='bbox 1931 1684 2137 1782; x_wconf 46' lang='lat' dir='ltr'><strong>gemmis</strong></span> <span class='ocrx_word' id='word_1_273' title='bbox 2173 1684 2258 1766; x_wconf 67' lang='grc' dir='ltr'><strong>έςι</strong></span> <span class='ocrx_word' id='word_1_274' title='bbox 2293 1684 2547 1780; x_wconf 65' lang='grc' dir='ltr'><strong>ειιιιρίίυε’</strong></span> <span class='ocrx_word' id='word_1_275' title='bbox 2576 1709 2805 1779; x_wconf 62' lang='lat' dir='ltr'><strong>amplius</strong></span> <span class='ocrx_word' id='word_1_276' title='bbox 2834 1710 3064 1780; x_wconf 71' lang='lat' dir='ltr'><strong>quisque</strong></span> <span class='ocrx_word' id='word_1_277' title='bbox 3100 1709 3325 1779; x_wconf 57' lang='lat' dir='ltr'><strong>diligere</strong></span> <span class='ocrx_word' id='word_1_278' title='bbox 3355 1707 3515 1761; x_wconf 48' lang='lat' dir='ltr'><strong>debet</strong></span> 
     </span>
    </p>
   </div>
   <div class='ocr_carea' id='block_1_33' title="bbox 234 1795 1830 1875">
    <p class='ocr_par' dir='ltr' id='par_1_33' title="bbox 234 1795 1830 1875">
     <span class='ocr_line' id='line_1_33' title="bbox 234 1795 1830 1875; baseline -0.008 -15"><span class='ocrx_word' id='word_1_279' title='bbox 234 1820 375 1875; x_wconf 90' lang='lat' dir='ltr'><strong>que,</strong></span> <span class='ocrx_word' id='word_1_280' title='bbox 403 1802 667 1866; x_wconf 83' lang='lat' dir='ltr'><strong>succedit;</strong></span> <span class='ocrx_word' id='word_1_281' title='bbox 694 1800 933 1854; x_wconf 87' lang='lat' dir='ltr'><strong>cbaritas</strong></span> <span class='ocrx_word' id='word_1_282' title='bbox 959 1805 1159 1862; x_wconf 90' lang='lat' dir='ltr'><strong>autem,</strong></span> <span class='ocrx_word' id='word_1_283' title='bbox 1184 1812 1305 1866; x_wconf 77' lang='lat' dir='ltr'><strong>qua:</strong></span> <span class='ocrx_word' id='word_1_284' title='bbox 1336 1796 1387 1850; x_wconf 93' lang='lat' dir='ltr'><strong>in</strong></span> <span class='ocrx_word' id='word_1_285' title='bbox 1412 1796 1494 1850; x_wconf 87' lang='lat' dir='ltr'><strong>his</strong></span> <span class='ocrx_word' id='word_1_286' title='bbox 1526 1795 1698 1850; x_wconf 89' lang='lat' dir='ltr'><strong>tribus</strong></span> <span class='ocrx_word' id='word_1_287' title='bbox 1717 1810 1830 1848; x_wconf 82' lang='lat' dir='ltr'><strong>ma-</strong></span> 
     </span>
    </p>
   </div>
   <div class='ocr_carea' id='block_1_34' title="bbox 228 1888 1823 1968">
    <p class='ocr_par' dir='ltr' id='par_1_34' title="bbox 228 1888 1823 1968">
     <span class='ocr_line' id='line_1_34' title="bbox 228 1888 1823 1968; baseline -0.009 -17"><span class='ocrx_word' id='word_1_288' title='bbox 228 1899 328 1968; x_wconf 87' lang='lat' dir='ltr'><strong>jor</strong></span> <span class='ocrx_word' id='word_1_289' title='bbox 365 1906 470 1960; x_wconf 88' lang='lat' dir='ltr'><strong>est,</strong></span> <span class='ocrx_word' id='word_1_290' title='bbox 501 1910 608 1949; x_wconf 91' lang='lat' dir='ltr'><strong>non</strong></span> <span class='ocrx_word' id='word_1_291' title='bbox 646 1892 942 1956; x_wconf 83' lang='lat' dir='ltr'><strong>auferatur,</strong></span> <span class='ocrx_word' id='word_1_292' title='bbox 986 1891 1079 1945; x_wconf 91' lang='lat' dir='ltr'><strong>sed</strong></span> <span class='ocrx_word' id='word_1_293' title='bbox 1118 1898 1381 1960; x_wconf 87' lang='lat' dir='ltr'><strong>augeatur</strong></span> <span class='ocrx_word' id='word_1_294' title='bbox 1412 1898 1467 1942; x_wconf 90' lang='lat' dir='ltr'><strong>et</strong></span> <span class='ocrx_word' id='word_1_295' title='bbox 1502 1888 1823 1957; x_wconf 86' lang='lat' dir='ltr'><strong>impleatur:</strong></span> 
     </span>
    </p>
   </div>
   <div class='ocr_carea' id='block_1_35' title="bbox 235 1974 1823 2059">
    <p class='ocr_par' dir='ltr' id='par_1_35' title="bbox 235 1974 1823 2059">
     <span class='ocr_line' id='line_1_35' title="bbox 235 1974 1823 2059; baseline -0.006 -14"><span class='ocrx_word' id='word_1_296' title='bbox 235 1989 605 2058; x_wconf 85' lang='lat' dir='ltr'><strong>contemplata</strong></span> <span class='ocrx_word' id='word_1_297' title='bbox 617 1988 759 2059; x_wconf 85' lang='lat' dir='ltr'><strong>quod</strong></span> <span class='ocrx_word' id='word_1_298' title='bbox 780 1987 1053 2049; x_wconf 88' lang='lat' dir='ltr'><strong>credebat,</strong></span> <span class='ocrx_word' id='word_1_299' title='bbox 1075 1993 1126 2038; x_wconf 92' lang='lat' dir='ltr'><strong>ct</strong></span> <span class='ocrx_word' id='word_1_300' title='bbox 1153 1985 1296 2053; x_wconf 91' lang='lat' dir='ltr'><strong>quod</strong></span> <span class='ocrx_word' id='word_1_301' title='bbox 1325 1983 1580 2054; x_wconf 77' lang='lat' dir='ltr'><strong>sperabat</strong></span> <span class='ocrx_word' id='word_1_302' title='bbox 1600 1974 1823 2051; x_wconf 81' lang='lat' dir='ltr'><strong>adepta:</strong></span> 
     </span>
    </p>
   </div>
   <div class='ocr_carea' id='block_1_36' title="bbox 236 2071 1829 2151">
    <p class='ocr_par' dir='ltr' id='par_1_36' title="bbox 236 2071 1829 2151">
     <span class='ocr_line' id='line_1_36' title="bbox 236 2071 1829 2151; baseline -0.005 -16"><span class='ocrx_word' id='word_1_303' title='bbox 236 2083 294 2135; x_wconf 89' lang='lat' dir='ltr'><strong>in</strong></span> <span class='ocrx_word' id='word_1_304' title='bbox 319 2096 425 2151; x_wconf 85' lang='lat' dir='ltr'><strong>qua</strong></span> <span class='ocrx_word' id='word_1_305' title='bbox 444 2078 774 2150; x_wconf 86' lang='lat' dir='ltr'><strong>plenitudine</strong></span> <span class='ocrx_word' id='word_1_306' title='bbox 801 2076 1106 2139; x_wconf 87' lang='lat' dir='ltr'><strong>charitatis,</strong></span> <span class='ocrx_word' id='word_1_307' title='bbox 1139 2084 1466 2146; x_wconf 74' lang='lat' dir='ltr'><strong>przeeeptum</strong></span> <span class='ocrx_word' id='word_1_308' title='bbox 1494 2073 1620 2127; x_wconf 87' lang='lat' dir='ltr'><strong>illud</strong></span> <span class='ocrx_word' id='word_1_309' title='bbox 1644 2071 1829 2141; x_wconf 90' lang='lat' dir='ltr'><strong>imple-</strong></span> 
     </span>
    </p>
   </div>
   <div class='ocr_carea' id='block_1_37' title="bbox 236 2167 1830 2241">
    <p class='ocr_par' dir='ltr' id='par_1_37' title="bbox 236 2167 1830 2241">
     <span class='ocr_line' id='line_1_37' title="bbox 236 2167 1830 2241; baseline -0.005 -13"><span class='ocrx_word' id='word_1_310' title='bbox 236 2175 390 2228; x_wconf 86' lang='lat' dir='ltr'><strong>bitur</strong></span> <span class='ocrx_word' id='word_1_311' title='bbox 418 2192 430 2227; x_wconf 86' lang='lat'><strong>:</strong></span> <span class='ocrx_word' id='word_1_312' title='bbox 462 2191 481 2223; x_wconf 75' lang='grc' dir='ltr'>ι</span> <span class='ocrx_word' id='word_1_313' title='bbox 504 2172 701 2241; x_wconf 87' lang='lat' dir='ltr'><strong>Diliges</strong></span> <span class='ocrx_word' id='word_1_314' title='bbox 730 2170 1016 2224; x_wconf 89' lang='lat' dir='ltr'><strong>Dominum</strong></span> <span class='ocrx_word' id='word_1_315' title='bbox 1052 2168 1218 2223; x_wconf 88' lang='lat' dir='ltr'><strong>Deum</strong></span> <span class='ocrx_word' id='word_1_316' title='bbox 1256 2176 1407 2221; x_wconf 87' lang='lat' dir='ltr'><strong>tuutn</strong></span> <span class='ocrx_word' id='word_1_317' title='bbox 1432 2182 1495 2220; x_wconf 75' lang='lat' dir='ltr'><strong>ex</strong></span> <span class='ocrx_word' id='word_1_318' title='bbox 1527 2174 1639 2218; x_wconf 88' lang='lat' dir='ltr'><strong>toto</strong></span> <span class='ocrx_word' id='word_1_319' title='bbox 1667 2167 1830 2220; x_wconf 73' lang='lat' dir='ltr'><strong>corde</strong></span> 
     </span>
    </p>
   </div>
   <div class='ocr_carea' id='block_1_38' title="bbox 236 2261 1822 2331">
    <p class='ocr_par' dir='ltr' id='par_1_38' title="bbox 236 2261 1822 2331">
     <span class='ocr_line' id='line_1_38' title="bbox 236 2261 1822 2331; baseline -0.007 -12"><span class='ocrx_word' id='word_1_320' title='bbox 236 2276 357 2331; x_wconf 89' lang='lat' dir='ltr'><strong>tuo,</strong></span> <span class='ocrx_word' id='word_1_321' title='bbox 388 2273 444 2319; x_wconf 90' lang='lat' dir='ltr'><strong>et</strong></span> <span class='ocrx_word' id='word_1_322' title='bbox 465 2278 528 2317; x_wconf 78' lang='lat' dir='ltr'><strong>ex</strong></span> <span class='ocrx_word' id='word_1_323' title='bbox 560 2271 668 2316; x_wconf 83' lang='lat' dir='ltr'><strong>tota</strong></span> <span class='ocrx_word' id='word_1_324' title='bbox 707 2261 887 2316; x_wconf 90' lang='lat' dir='ltr'><strong>anima</strong></span> <span class='ocrx_word' id='word_1_325' title='bbox 928 2269 1044 2324; x_wconf 88' lang='lat' dir='ltr'><strong>tua,</strong></span> <span class='ocrx_word' id='word_1_326' title='bbox 1083 2268 1137 2313; x_wconf 91' lang='lat' dir='ltr'><strong>et</strong></span> <span class='ocrx_word' id='word_1_327' title='bbox 1178 2274 1244 2313; x_wconf 80' lang='lat' dir='ltr'><strong>ex</strong></span> <span class='ocrx_word' id='word_1_328' title='bbox 1288 2266 1398 2312; x_wconf 87' lang='lat' dir='ltr'><strong>tota</strong></span> <span class='ocrx_word' id='word_1_329' title='bbox 1442 2266 1622 2311; x_wconf 88' lang='lat' dir='ltr'><strong>mente</strong></span> <span class='ocrx_word' id='word_1_330' title='bbox 1667 2267 1776 2312; x_wconf 90' lang='lat' dir='ltr'><strong>tua.</strong></span> <span class='ocrx_word' id='word_1_331' title='bbox 1804 2277 1822 2308; x_wconf 75' lang='grc' dir='ltr'>ι</span> 
     </span>
    </p>
   </div>
   <div class='ocr_carea' id='block_1_39' title="bbox 238 2347 1829 2420">
    <p class='ocr_par' dir='ltr' id='par_1_39' title="bbox 238 2347 1829 2420">
     <span class='ocr_line' id='line_1_39' title="bbox 238 2347 1829 2420; baseline -0.004 -12"><span class='ocrx_word' id='word_1_332' title='bbox 238 2354 377 2408; x_wconf 81' lang='lat' dir='ltr'><strong>Nam</strong></span> <span class='ocrx_word' id='word_1_333' title='bbox 412 2369 535 2408; x_wconf 89' lang='lat' dir='ltr'><strong>cum</strong></span> <span class='ocrx_word' id='word_1_334' title='bbox 571 2362 656 2406; x_wconf 87' lang='lat' dir='ltr'><strong>est</strong></span> <span class='ocrx_word' id='word_1_335' title='bbox 699 2352 873 2405; x_wconf 89' lang='lat' dir='ltr'><strong>adhuc</strong></span> <span class='ocrx_word' id='word_1_336' title='bbox 904 2349 1105 2420; x_wconf 87' lang='lat' dir='ltr'><strong>aliquid</strong></span> <span class='ocrx_word' id='word_1_337' title='bbox 1129 2348 1363 2404; x_wconf 86' lang='lat' dir='ltr'><strong>carnalis</strong></span> <span class='ocrx_word' id='word_1_338' title='bbox 1382 2347 1829 2417; x_wconf 73' lang='lat' dir='ltr'><strong>concupiscentia:</strong></span> 
     </span>
    </p>
   </div>
   <div class='ocr_carea' id='block_1_40' title="bbox 238 2439 1827 2515">
    <p class='ocr_par' dir='ltr' id='par_1_40' title="bbox 238 2439 1827 2515">
     <span class='ocr_line' id='line_1_40' title="bbox 238 2439 1827 2515; baseline -0.004 -16"><span class='ocrx_word' id='word_1_339' title='bbox 238 2446 385 2515; x_wconf 83' lang='lat' dir='ltr'><strong>quod</strong></span> <span class='ocrx_word' id='word_1_340' title='bbox 431 2444 512 2498; x_wconf 74' lang='lat' dir='ltr'><strong>vel</strong></span> <span class='ocrx_word' id='word_1_341' title='bbox 556 2441 881 2498; x_wconf 88' lang='lat' dir='ltr'><strong>continendo</strong></span> <span class='ocrx_word' id='word_1_342' title='bbox 922 2440 1185 2503; x_wconf 88' lang='lat' dir='ltr'><strong>frcnetur,</strong></span> <span class='ocrx_word' id='word_1_343' title='bbox 1225 2456 1331 2494; x_wconf 93' lang='lat' dir='ltr'><strong>non</strong></span> <span class='ocrx_word' id='word_1_344' title='bbox 1376 2440 1523 2493; x_wconf 90' lang='lat' dir='ltr'><strong>omni</strong></span> <span class='ocrx_word' id='word_1_345' title='bbox 1566 2439 1724 2493; x_wconf 80' lang='lat' dir='ltr'><strong>modo</strong></span> <span class='ocrx_word' id='word_1_346' title='bbox 1761 2455 1827 2493; x_wconf 84' lang='lat' dir='ltr'><strong>ex</strong></span> 
     </span>
    </p>
   </div>
   <div class='ocr_carea' id='block_1_41' title="bbox 1928 1797 3513 1871">
    <p class='ocr_par' dir='ltr' id='par_1_41' title="bbox 1928 1797 3513 1871">
     <span class='ocr_line' id='line_1_41' title="bbox 1928 1797 3513 1871; baseline -0.002 -17"><span class='ocrx_word' id='word_1_347' title='bbox 1928 1817 2050 1855; x_wconf 89' lang='lat' dir='ltr'><strong>eum</strong></span> <span class='ocrx_word' id='word_1_348' title='bbox 2089 1817 2251 1870; x_wconf 86' lang='lat' dir='ltr'><strong>quam</strong></span> <span class='ocrx_word' id='word_1_349' title='bbox 2289 1802 2547 1871; x_wconf 89' lang='lat' dir='ltr'><strong>seipsum.</strong></span> <span class='ocrx_word' id='word_1_350' title='bbox 2594 1800 2727 1855; x_wconf 89' lang='lat' dir='ltr'><strong>ltem</strong></span> <span class='ocrx_word' id='word_1_351' title='bbox 2767 1801 3001 1870; x_wconf 89' lang='lat' dir='ltr'><strong>amplius</strong></span> <span class='ocrx_word' id='word_1_352' title='bbox 3029 1800 3167 1853; x_wconf 88' lang='lat' dir='ltr'><strong>alius</strong></span> <span class='ocrx_word' id='word_1_353' title='bbox 3197 1800 3360 1853; x_wconf 89' lang='lat' dir='ltr'><strong>homo</strong></span> <span class='ocrx_word' id='word_1_354' title='bbox 3388 1797 3513 1851; x_wconf 88' lang='lat' dir='ltr'><strong>dili-</strong></span> 
     </span>
    </p>
   </div>
   <div class='ocr_carea' id='block_1_42' title="bbox 1927 1890 3511 1965">
    <p class='ocr_par' dir='ltr' id='par_1_42' title="bbox 1927 1890 3511 1965">
     <span class='ocr_line' id='line_1_42' title="bbox 1927 1890 3511 1965; baseline -0.004 -16"><span class='ocrx_word' id='word_1_355' title='bbox 1927 1895 2133 1965; x_wconf 85' lang='lat' dir='ltr'><strong>gendus</strong></span> <span class='ocrx_word' id='word_1_356' title='bbox 2152 1903 2420 1962; x_wconf 87' lang='lat' dir='ltr'><strong>estquam</strong></span> <span class='ocrx_word' id='word_1_357' title='bbox 2444 1908 2642 1963; x_wconf 91' lang='lat' dir='ltr'><strong>corpus</strong></span> <span class='ocrx_word' id='word_1_358' title='bbox 2661 1903 2927 1957; x_wconf 89' lang='lat' dir='ltr'><strong>nostrum,</strong></span> <span class='ocrx_word' id='word_1_359' title='bbox 2944 1893 3069 1961; x_wconf 85' lang='lat' dir='ltr'><strong>quia</strong></span> <span class='ocrx_word' id='word_1_360' title='bbox 3094 1900 3315 1961; x_wconf 89' lang='lat' dir='ltr'><strong>propter</strong></span> <span class='ocrx_word' id='word_1_361' title='bbox 3339 1890 3511 1943; x_wconf 82' lang='lat' dir='ltr'><strong>Deum</strong></span> 
     </span>
    </p>
   </div>
   <div class='ocr_carea' id='block_1_43' title="bbox 1927 1981 3519 2057">
    <p class='ocr_par' dir='ltr' id='par_1_43' title="bbox 1927 1981 3519 2057">
     <span class='ocr_line' id='line_1_43' title="bbox 1927 1981 3519 2057; baseline -0.004 -15"><span class='ocrx_word' id='word_1_362' title='bbox 1927 1988 2106 2043; x_wconf 89' lang='lat' dir='ltr'><strong>omnia</strong></span> <span class='ocrx_word' id='word_1_363' title='bbox 2136 1988 2236 2042; x_wconf 87' lang='lat' dir='ltr'><strong>ista</strong></span> <span class='ocrx_word' id='word_1_364' title='bbox 2264 1987 2535 2057; x_wconf 85' lang='lat' dir='ltr'><strong>diligenda</strong></span> <span class='ocrx_word' id='word_1_365' title='bbox 2565 1995 2711 2041; x_wconf 92' lang='lat' dir='ltr'><strong>sunt.</strong></span> <span class='ocrx_word' id='word_1_366' title='bbox 2762 1986 2827 2041; x_wconf 86' lang='lat' dir='ltr'><strong>Et</strong></span> <span class='ocrx_word' id='word_1_367' title='bbox 2858 1994 3037 2055; x_wconf 88' lang='lat' dir='ltr'><strong>potest</strong></span> <span class='ocrx_word' id='word_1_368' title='bbox 3065 1985 3220 2039; x_wconf 87' lang='lat' dir='ltr'><strong>nobis</strong></span> <span class='ocrx_word' id='word_1_369' title='bbox 3244 1999 3365 2039; x_wconf 90' lang='lat' dir='ltr'><strong>cum</strong></span> <span class='ocrx_word' id='word_1_370' title='bbox 3398 1981 3519 2036; x_wconf 85' lang='lat' dir='ltr'><strong>aliis</strong></span> 
     </span>
    </p>
   </div>
   <div class='ocr_carea' id='block_1_44' title="bbox 1930 2073 3517 2149">
    <p class='ocr_par' dir='ltr' id='par_1_44' title="bbox 1930 2073 3517 2149">
     <span class='ocr_line' id='line_1_44' title="bbox 1930 2073 3517 2149; baseline -0.006 -14"><span class='ocrx_word' id='word_1_371' title='bbox 1930 2082 2093 2136; x_wconf 91' lang='lat' dir='ltr'><strong>homo</strong></span> <span class='ocrx_word' id='word_1_372' title='bbox 2140 2082 2251 2136; x_wconf 90' lang='lat' dir='ltr'><strong>Deo</strong></span> <span class='ocrx_word' id='word_1_373' title='bbox 2296 2079 2533 2149; x_wconf 75' lang='lat' dir='ltr'><strong>perfrui,</strong></span> <span class='ocrx_word' id='word_1_374' title='bbox 2564 2079 2708 2149; x_wconf 90' lang='lat' dir='ltr'><strong>quod</strong></span> <span class='ocrx_word' id='word_1_375' title='bbox 2754 2094 2859 2132; x_wconf 92' lang='lat' dir='ltr'><strong>non</strong></span> <span class='ocrx_word' id='word_1_376' title='bbox 2911 2084 3090 2147; x_wconf 86' lang='lat' dir='ltr'><strong>potest</strong></span> <span class='ocrx_word' id='word_1_377' title='bbox 3134 2092 3354 2145; x_wconf 88' lang='lat' dir='ltr'><strong>corpus,</strong></span> <span class='ocrx_word' id='word_1_378' title='bbox 3389 2073 3517 2142; x_wconf 86' lang='lat' dir='ltr'><strong>quia</strong></span> 
     </span>
    </p>
   </div>
   <div class='ocr_carea' id='block_1_45' title="bbox 1928 2167 3518 2241">
    <p class='ocr_par' dir='ltr' id='par_1_45' title="bbox 1928 2167 3518 2241">
     <span class='ocr_line' id='line_1_45' title="bbox 1928 2167 3518 2241; baseline -0.004 -17"><span class='ocrx_word' id='word_1_379' title='bbox 1928 2187 2125 2241; x_wconf 86' lang='lat' dir='ltr'><strong>corpus</strong></span> <span class='ocrx_word' id='word_1_380' title='bbox 2152 2187 2250 2241; x_wconf 90' lang='lat' dir='ltr'><strong>per</strong></span> <span class='ocrx_word' id='word_1_381' title='bbox 2285 2173 2525 2225; x_wconf 83' lang='lat' dir='ltr'><strong>animam</strong></span> <span class='ocrx_word' id='word_1_382' title='bbox 2568 2170 2724 2233; x_wconf 80' lang='lat' dir='ltr'><strong>vivit,</strong></span> <span class='ocrx_word' id='word_1_383' title='bbox 2755 2185 2860 2239; x_wconf 90' lang='lat' dir='ltr'><strong>qua</strong></span> <span class='ocrx_word' id='word_1_384' title='bbox 2892 2168 3125 2223; x_wconf 91' lang='lat' dir='ltr'><strong>fruimur</strong></span> <span class='ocrx_word' id='word_1_385' title='bbox 3153 2168 3282 2221; x_wconf 91' lang='lat' dir='ltr'><strong>Deo.</strong></span> <span class='ocrx_word' id='word_1_386' title='bbox 3316 2167 3518 2221; x_wconf 82' lang='lat' dir='ltr'><strong>Omnes</strong></span> 
     </span>
    </p>
   </div>
   <div class='ocr_carea' id='block_1_46' title="bbox 1930 2255 3518 2330">
    <p class='ocr_par' dir='ltr' id='par_1_46' title="bbox 1930 2255 3518 2330">
     <span class='ocr_line' id='line_1_46' title="bbox 1930 2255 3518 2330; baseline -0.002 -18"><span class='ocrx_word' id='word_1_387' title='bbox 1930 2270 2109 2314; x_wconf 81' lang='lat' dir='ltr'><strong>autem</strong></span> <span class='ocrx_word' id='word_1_388' title='bbox 2140 2275 2294 2329; x_wconf 47' lang='lat' dir='ltr'><strong>atque</strong></span> <span class='ocrx_word' id='word_1_389' title='bbox 2322 2259 2579 2330; x_wconf 73' lang='lat' dir='ltr'><strong>diligendi</strong></span> <span class='ocrx_word' id='word_1_390' title='bbox 2607 2267 2750 2313; x_wconf 91' lang='lat' dir='ltr'><strong>sunt.</strong></span> <span class='ocrx_word' id='word_1_391' title='bbox 2785 2258 2890 2313; x_wconf 86' lang='lat' dir='ltr'><strong>Sed</strong></span> <span class='ocrx_word' id='word_1_392' title='bbox 2924 2273 3045 2312; x_wconf 91' lang='lat' dir='ltr'><strong>cum</strong></span> <span class='ocrx_word' id='word_1_393' title='bbox 3078 2258 3329 2314; x_wconf 90' lang='lat' dir='ltr'><strong>omnibus</strong></span> <span class='ocrx_word' id='word_1_394' title='bbox 3356 2255 3518 2326; x_wconf 83' lang='lat' dir='ltr'><strong>prod-</strong></span> 
     </span>
    </p>
   </div>
   <div class='ocr_carea' id='block_1_47' title="bbox 1929 2350 3521 2421">
    <p class='ocr_par' dir='ltr' id='par_1_47' title="bbox 1929 2350 3521 2421">
     <span class='ocr_line' id='line_1_47' title="bbox 1929 2350 3521 2421; baseline -0.003 -16"><span class='ocrx_word' id='word_1_395' title='bbox 1929 2367 2049 2405; x_wconf 86' lang='lat' dir='ltr'><strong>esse</strong></span> <span class='ocrx_word' id='word_1_396' title='bbox 2098 2367 2202 2405; x_wconf 89' lang='lat' dir='ltr'><strong>non</strong></span> <span class='ocrx_word' id='word_1_397' title='bbox 2252 2352 2451 2420; x_wconf 88' lang='lat' dir='ltr'><strong>possis,</strong></span> <span class='ocrx_word' id='word_1_398' title='bbox 2484 2351 2568 2406; x_wconf 90' lang='lat' dir='ltr'><strong>his</strong></span> <span class='ocrx_word' id='word_1_399' title='bbox 2615 2352 2958 2421; x_wconf 88' lang='lat' dir='ltr'><strong>potissimum</strong></span> <span class='ocrx_word' id='word_1_400' title='bbox 3006 2350 3396 2404; x_wconf 79' lang='lat' dir='ltr'><strong>consulendum</strong></span> <span class='ocrx_word' id='word_1_401' title='bbox 3435 2356 3521 2401; x_wconf 85' lang='lat' dir='ltr'><strong>est</strong></span> 
     </span>
    </p>
   </div>
   <div class='ocr_carea' id='block_1_48' title="bbox 1928 2439 3519 2511">
    <p class='ocr_par' dir='ltr' id='par_1_48' title="bbox 1928 2439 3519 2511">
     <span class='ocr_line' id='line_1_48' title="bbox 1928 2439 3519 2511; baseline -0.002 -17"><span class='ocrx_word' id='word_1_402' title='bbox 1928 2439 2021 2511; x_wconf 88' lang='lat' dir='ltr'><strong>qui</strong></span> <span class='ocrx_word' id='word_1_403' title='bbox 2064 2456 2162 2510; x_wconf 92' lang='lat' dir='ltr'><strong>pro</strong></span> <span class='ocrx_word' id='word_1_404' title='bbox 2203 2440 2439 2495; x_wconf 85' lang='lat' dir='ltr'><strong>locorum</strong></span> <span class='ocrx_word' id='word_1_405' title='bbox 2471 2450 2527 2494; x_wconf 91' lang='lat' dir='ltr'><strong>et</strong></span> <span class='ocrx_word' id='word_1_406' title='bbox 2557 2449 2896 2510; x_wconf 87' lang='lat' dir='ltr'><strong>temporum,</strong></span> <span class='ocrx_word' id='word_1_407' title='bbox 2930 2440 3010 2495; x_wconf 75' lang='lat' dir='ltr'><strong>vel</strong></span> <span class='ocrx_word' id='word_1_408' title='bbox 3040 2440 3407 2509; x_wconf 89' lang='lat' dir='ltr'><strong>quarumlibet</strong></span> <span class='ocrx_word' id='word_1_409' title='bbox 3434 2447 3519 2493; x_wconf 66' lang='lat' dir='ltr'><strong>re:</strong></span> 
     </span>
    </p>
   </div>
   <div class='ocr_carea' id='block_1_49' title="bbox 239 2529 3515 2603">
    <p class='ocr_par' dir='ltr' id='par_1_49' title="bbox 239 2529 3515 2603">
     <span class='ocr_line' id='line_1_49' title="bbox 239 2529 3515 2603; baseline -0.003 -12"><span class='ocrx_word' id='word_1_410' title='bbox 239 2546 353 2591; x_wconf 88' lang='lat' dir='ltr'><strong>tota</strong></span> <span class='ocrx_word' id='word_1_411' title='bbox 379 2536 560 2589; x_wconf 81' lang='lat' dir='ltr'><strong>anitna</strong></span> <span class='ocrx_word' id='word_1_412' title='bbox 589 2534 828 2603; x_wconf 83' lang='lat' dir='ltr'><strong>diligitur</strong></span> <span class='ocrx_word' id='word_1_413' title='bbox 853 2533 1015 2588; x_wconf 90' lang='lat' dir='ltr'><strong>Deus.</strong></span> <span class='ocrx_word' id='word_1_414' title='bbox 1049 2531 1163 2585; x_wconf 85' lang='lat' dir='ltr'><strong>Non</strong></span> <span class='ocrx_word' id='word_1_415' title='bbox 1189 2532 1331 2587; x_wconf 89' lang='lat' dir='ltr'><strong>enim</strong></span> <span class='ocrx_word' id='word_1_416' title='bbox 1358 2545 1486 2585; x_wconf 89' lang='lat' dir='ltr'><strong>caro</strong></span> <span class='ocrx_word' id='word_1_417' title='bbox 1510 2531 1625 2584; x_wconf 88' lang='lat' dir='ltr'><strong>sine</strong></span> <span class='ocrx_word' id='word_1_418' title='bbox 1650 2530 1828 2584; x_wconf 78' lang='lat' dir='ltr'><strong>anima</strong></span> <span class='ocrx_word' id='word_1_419' title='bbox 1907 2529 2557 2600; x_wconf 87' lang='lat' dir='ltr'><strong>rumopportunitatibus,</strong></span> <span class='ocrx_word' id='word_1_420' title='bbox 2585 2530 2934 2585; x_wconf 84' lang='lat' dir='ltr'><strong>constrictius</strong></span> <span class='ocrx_word' id='word_1_421' title='bbox 2975 2529 3068 2584; x_wconf 87' lang='lat' dir='ltr'><strong>tibi</strong></span> <span class='ocrx_word' id='word_1_422' title='bbox 3099 2529 3253 2599; x_wconf 89' lang='lat' dir='ltr'><strong>quasi</strong></span> <span class='ocrx_word' id='word_1_423' title='bbox 3278 2529 3515 2597; x_wconf 87' lang='lat' dir='ltr'><strong>quadam</strong></span> 
     </span>
    </p>
   </div>
   <div class='ocr_carea' id='block_1_50' title="bbox 238 2620 1827 2695">
    <p class='ocr_par' dir='ltr' id='par_1_50' title="bbox 238 2620 1827 2695">
     <span class='ocr_line' id='line_1_50' title="bbox 238 2620 1827 2695; baseline -0.006 -15"><span class='ocrx_word' id='word_1_424' title='bbox 238 2625 617 2695; x_wconf 86' lang='lat' dir='ltr'><strong>concupiscit,</strong></span> <span class='ocrx_word' id='word_1_425' title='bbox 669 2624 915 2693; x_wconf 81' lang='lat' dir='ltr'><strong>quamvis</strong></span> <span class='ocrx_word' id='word_1_426' title='bbox 974 2637 1102 2677; x_wconf 90' lang='lat' dir='ltr'><strong>caro</strong></span> <span class='ocrx_word' id='word_1_427' title='bbox 1154 2621 1535 2689; x_wconf 83' lang='lat' dir='ltr'><strong>concupiscere</strong></span> <span class='ocrx_word' id='word_1_428' title='bbox 1587 2620 1827 2682; x_wconf 83' lang='lat' dir='ltr'><strong>dicatur,</strong></span> 
     </span>
    </p>
   </div>
   <div class='ocr_carea' id='block_1_51' title="bbox 237 2710 1832 2788">
    <p class='ocr_par' dir='ltr' id='par_1_51' title="bbox 237 2710 1832 2788">
     <span class='ocr_line' id='line_1_51' title="bbox 237 2710 1832 2788; baseline -0.006 -15"><span class='ocrx_word' id='word_1_429' title='bbox 237 2718 369 2788; x_wconf 87' lang='lat' dir='ltr'><strong>quia</strong></span> <span class='ocrx_word' id='word_1_430' title='bbox 399 2716 692 2771; x_wconf 84' lang='lat' dir='ltr'><strong>carnaliter</strong></span> <span class='ocrx_word' id='word_1_431' title='bbox 725 2714 1059 2784; x_wconf 84' lang='lat' dir='ltr'><strong>concupiscit</strong></span> <span class='ocrx_word' id='word_1_432' title='bbox 1088 2714 1289 2768; x_wconf 90' lang='lat' dir='ltr'><strong>anima.</strong></span> <span class='ocrx_word' id='word_1_433' title='bbox 1347 2712 1498 2766; x_wconf 88' lang='lat' dir='ltr'><strong>Tune</strong></span> <span class='ocrx_word' id='word_1_434' title='bbox 1526 2713 1630 2765; x_wconf 88' lang='lat' dir='ltr'><strong>erit</strong></span> <span class='ocrx_word' id='word_1_435' title='bbox 1652 2710 1832 2781; x_wconf 89' lang='lat' dir='ltr'><strong>justus</strong></span> 
     </span>
    </p>
   </div>
   <div class='ocr_carea' id='block_1_52' title="bbox 241 2803 1830 2875">
    <p class='ocr_par' dir='ltr' id='par_1_52' title="bbox 241 2803 1830 2875">
     <span class='ocr_line' id='line_1_52' title="bbox 241 2803 1830 2875; baseline -0.004 -12"><span class='ocrx_word' id='word_1_436' title='bbox 241 2808 363 2863; x_wconf 81' lang='lat' dir='ltr'><strong>sine</strong></span> <span class='ocrx_word' id='word_1_437' title='bbox 408 2807 519 2861; x_wconf 92' lang='lat' dir='ltr'><strong>ullo</strong></span> <span class='ocrx_word' id='word_1_438' title='bbox 575 2806 798 2861; x_wconf 90' lang='lat' dir='ltr'><strong>omnino</strong></span> <span class='ocrx_word' id='word_1_439' title='bbox 838 2814 1083 2875; x_wconf 90' lang='lat' dir='ltr'><strong>peccato,</strong></span> <span class='ocrx_word' id='word_1_440' title='bbox 1132 2806 1255 2873; x_wconf 87' lang='lat' dir='ltr'><strong>quia</strong></span> <span class='ocrx_word' id='word_1_441' title='bbox 1309 2803 1452 2858; x_wconf 89' lang='lat' dir='ltr'><strong>nulla</strong></span> <span class='ocrx_word' id='word_1_442' title='bbox 1500 2803 1582 2857; x_wconf 75' lang='lat' dir='ltr'><strong>lex</strong></span> <span class='ocrx_word' id='word_1_443' title='bbox 1623 2803 1727 2858; x_wconf 88' lang='lat' dir='ltr'><strong>erit</strong></span> <span class='ocrx_word' id='word_1_444' title='bbox 1776 2803 1830 2857; x_wconf 93' lang='lat' dir='ltr'><strong>in</strong></span> 
     </span>
    </p>
   </div>
   <div class='ocr_carea' id='block_1_53' title="bbox 242 2894 1834 2968">
    <p class='ocr_par' dir='ltr' id='par_1_53' title="bbox 242 2894 1834 2968">
     <span class='ocr_line' id='line_1_53' title="bbox 242 2894 1834 2968; baseline -0.006 -12"><span class='ocrx_word' id='word_1_445' title='bbox 242 2899 506 2956; x_wconf 84' lang='lat' dir='ltr'><strong>membris</strong></span> <span class='ocrx_word' id='word_1_446' title='bbox 527 2898 645 2968; x_wconf 87' lang='lat' dir='ltr'><strong>ejus</strong></span> <span class='ocrx_word' id='word_1_447' title='bbox 676 2912 979 2967; x_wconf 80' lang='lat' dir='ltr'><strong>repugnans</strong></span> <span class='ocrx_word' id='word_1_448' title='bbox 1010 2895 1111 2963; x_wconf 84' lang='lat' dir='ltr'><strong>legi</strong></span> <span class='ocrx_word' id='word_1_449' title='bbox 1140 2895 1337 2950; x_wconf 88' lang='lat' dir='ltr'><strong>mentis</strong></span> <span class='ocrx_word' id='word_1_450' title='bbox 1374 2894 1528 2961; x_wconf 85' lang='lat' dir='ltr'><strong>ejus;</strong></span> <span class='ocrx_word' id='word_1_451' title='bbox 1562 2895 1657 2949; x_wconf 88' lang='lat' dir='ltr'><strong>sed</strong></span> <span class='ocrx_word' id='word_1_452' title='bbox 1684 2910 1834 2964; x_wconf 87' lang='lat' dir='ltr'><strong>pror-</strong></span> 
     </span>
    </p>
   </div>
   <div class='ocr_carea' id='block_1_54' title="bbox 241 2985 1828 3055">
    <p class='ocr_par' dir='ltr' id='par_1_54' title="bbox 241 2985 1828 3055">
     <span class='ocr_line' id='line_1_54' title="bbox 241 2985 1828 3055; baseline -0.008 -6"><span class='ocrx_word' id='word_1_453' title='bbox 241 3007 339 3049; x_wconf 74' lang='lat' dir='ltr'><strong>sus</strong></span> <span class='ocrx_word' id='word_1_454' title='bbox 366 2999 480 3045; x_wconf 91' lang='lat' dir='ltr'><strong>toto</strong></span> <span class='ocrx_word' id='word_1_455' title='bbox 502 2989 683 3051; x_wconf 85' lang='lat' dir='ltr'><strong>corde,</strong></span> <span class='ocrx_word' id='word_1_456' title='bbox 715 2996 828 3043; x_wconf 90' lang='lat' dir='ltr'><strong>tota</strong></span> <span class='ocrx_word' id='word_1_457' title='bbox 854 2988 1058 3051; x_wconf 89' lang='lat' dir='ltr'><strong>anima,</strong></span> <span class='ocrx_word' id='word_1_458' title='bbox 1097 2995 1207 3040; x_wconf 88' lang='lat' dir='ltr'><strong>tota</strong></span> <span class='ocrx_word' id='word_1_459' title='bbox 1239 2993 1419 3039; x_wconf 87' lang='lat' dir='ltr'><strong>mente</strong></span> <span class='ocrx_word' id='word_1_460' title='bbox 1440 2985 1615 3055; x_wconf 83' lang='lat' dir='ltr'><strong>diligit</strong></span> <span class='ocrx_word' id='word_1_461' title='bbox 1642 2986 1828 3047; x_wconf 84' lang='lat' dir='ltr'><strong>Deum,</strong></span> 
     </span>
    </p>
   </div>
   <div class='ocr_carea' id='block_1_55' title="bbox 244 3075 1832 3156">
    <p class='ocr_par' dir='ltr' id='par_1_55' title="bbox 244 3075 1832 3156">
     <span class='ocr_line' id='line_1_55' title="bbox 244 3075 1832 3156; baseline -0.008 -17"><span class='ocrx_word' id='word_1_462' title='bbox 244 3084 390 3156; x_wconf 89' lang='lat' dir='ltr'><strong>quod</strong></span> <span class='ocrx_word' id='word_1_463' title='bbox 419 3091 503 3136; x_wconf 88' lang='lat' dir='ltr'><strong>est</strong></span> <span class='ocrx_word' id='word_1_464' title='bbox 528 3080 762 3151; x_wconf 88' lang='lat' dir='ltr'><strong>primum</strong></span> <span class='ocrx_word' id='word_1_465' title='bbox 788 3093 1164 3147; x_wconf 85' lang='lat' dir='ltr'><strong>summumque</strong></span> <span class='ocrx_word' id='word_1_466' title='bbox 1190 3086 1534 3147; x_wconf 62' lang='lat' dir='ltr'><strong>praeceptum.</strong></span> <span class='ocrx_word' id='word_1_467' title='bbox 1569 3075 1679 3130; x_wconf 85' lang='lat' dir='ltr'><strong>Cur</strong></span> <span class='ocrx_word' id='word_1_468' title='bbox 1702 3090 1832 3145; x_wconf 81' lang='lat' dir='ltr'><strong>ergo</strong></span> 
     </span>
    </p>
   </div>
   <div class='ocr_carea' id='block_1_56' title="bbox 241 3168 1836 3246">
    <p class='ocr_par' dir='ltr' id='par_1_56' title="bbox 241 3168 1836 3246">
     <span class='ocr_line' id='line_1_56' title="bbox 241 3168 1836 3246; baseline -0.008 -13"><span class='ocrx_word' id='word_1_469' title='bbox 241 3192 354 3233; x_wconf 85' lang='lat' dir='ltr'><strong>non</strong></span> <span class='ocrx_word' id='word_1_470' title='bbox 404 3174 792 3246; x_wconf 69' lang='lat' dir='ltr'><strong>praeciperetur</strong></span> <span class='ocrx_word' id='word_1_471' title='bbox 838 3172 1042 3227; x_wconf 88' lang='lat' dir='ltr'><strong>homini</strong></span> <span class='ocrx_word' id='word_1_472' title='bbox 1096 3172 1196 3225; x_wconf 87' lang='lat' dir='ltr'><strong>ista</strong></span> <span class='ocrx_word' id='word_1_473' title='bbox 1246 3168 1540 3240; x_wconf 83' lang='lat' dir='ltr'><strong>perfectio,</strong></span> <span class='ocrx_word' id='word_1_474' title='bbox 1589 3168 1836 3239; x_wconf 76' lang='lat' dir='ltr'><strong>quamvis</strong></span> 
     </span>
    </p>
   </div>
   <div class='ocr_carea' id='block_1_57' title="bbox 241 3258 1836 3322">
    <p class='ocr_par' dir='ltr' id='par_1_57' title="bbox 241 3258 1836 3322">
     <span class='ocr_line' id='line_1_57' title="bbox 241 3258 1836 3322; baseline -0.007 0"><span class='ocrx_word' id='word_1_475' title='bbox 241 3282 366 3322; x_wconf 85' lang='lat' dir='ltr'><strong>eam</strong></span> <span class='ocrx_word' id='word_1_476' title='bbox 397 3268 451 3321; x_wconf 92' lang='lat' dir='ltr'><strong>in</strong></span> <span class='ocrx_word' id='word_1_477' title='bbox 481 3267 585 3321; x_wconf 89' lang='lat' dir='ltr'><strong>hac</strong></span> <span class='ocrx_word' id='word_1_478' title='bbox 614 3265 724 3318; x_wconf 86' lang='lat' dir='ltr'><strong>vita</strong></span> <span class='ocrx_word' id='word_1_479' title='bbox 754 3279 860 3318; x_wconf 93' lang='lat' dir='ltr'><strong>non</strong></span> <span class='ocrx_word' id='word_1_480' title='bbox 895 3262 1136 3317; x_wconf 88' lang='lat' dir='ltr'><strong>haheat?</strong></span> <span class='ocrx_word' id='word_1_481' title='bbox 1172 3260 1289 3315; x_wconf 84' lang='lat' dir='ltr'><strong>Non</strong></span> <span class='ocrx_word' id='word_1_482' title='bbox 1319 3261 1461 3315; x_wconf 89' lang='lat' dir='ltr'><strong>enim</strong></span> <span class='ocrx_word' id='word_1_483' title='bbox 1490 3269 1636 3314; x_wconf 90' lang='lat' dir='ltr'><strong>recte</strong></span> <span class='ocrx_word' id='word_1_484' title='bbox 1661 3258 1836 3313; x_wconf 84' lang='lat' dir='ltr'><strong>curri-</strong></span> 
     </span>
    </p>
   </div>
   <div class='ocr_carea' id='block_1_58' title="bbox 245 3350 1835 3427">
    <p class='ocr_par' dir='ltr' id='par_1_58' title="bbox 245 3350 1835 3427">
     <span class='ocr_line' id='line_1_58' title="bbox 245 3350 1835 3427; baseline -0.006 -16"><span class='ocrx_word' id='word_1_485' title='bbox 245 3368 359 3422; x_wconf 88' lang='lat' dir='ltr'><strong>tur,</strong></span> <span class='ocrx_word' id='word_1_486' title='bbox 387 3357 431 3411; x_wconf 91' lang='lat' dir='ltr'><strong>si</strong></span> <span class='ocrx_word' id='word_1_487' title='bbox 461 3371 569 3427; x_wconf 91' lang='lat' dir='ltr'><strong>quo</strong></span> <span class='ocrx_word' id='word_1_488' title='bbox 602 3354 929 3411; x_wconf 86' lang='lat' dir='ltr'><strong>currendum</strong></span> <span class='ocrx_word' id='word_1_489' title='bbox 958 3361 1060 3417; x_wconf 81' lang='lat' dir='ltr'><strong>est,</strong></span> <span class='ocrx_word' id='word_1_490' title='bbox 1096 3351 1388 3406; x_wconf 89' lang='lat' dir='ltr'><strong>nesciatur.</strong></span> <span class='ocrx_word' id='word_1_491' title='bbox 1431 3350 1711 3417; x_wconf 83' lang='lat' dir='ltr'><strong>Quomodo</strong></span> <span class='ocrx_word' id='word_1_492' title='bbox 1740 3364 1835 3403; x_wconf 84' lang='lat' dir='ltr'><strong>an-</strong></span> 
     </span>
    </p>
   </div>
   <div class='ocr_carea' id='block_1_59' title="bbox 243 3437 1835 3511">
    <p class='ocr_par' dir='ltr' id='par_1_59' title="bbox 243 3437 1835 3511">
     <span class='ocr_line' id='line_1_59' title="bbox 243 3437 1835 3511; baseline -0.006 -8"><span class='ocrx_word' id='word_1_493' title='bbox 243 3458 358 3503; x_wconf 90' lang='lat' dir='ltr'><strong>tem</strong></span> <span class='ocrx_word' id='word_1_494' title='bbox 405 3446 657 3508; x_wconf 88' lang='lat' dir='ltr'><strong>sciretur,</strong></span> <span class='ocrx_word' id='word_1_495' title='bbox 701 3444 749 3499; x_wconf 91' lang='lat' dir='ltr'><strong>si</strong></span> <span class='ocrx_word' id='word_1_496' title='bbox 788 3442 951 3498; x_wconf 90' lang='lat' dir='ltr'><strong>nullis</strong></span> <span class='ocrx_word' id='word_1_497' title='bbox 984 3441 1267 3511; x_wconf 69' lang='lat' dir='ltr'><strong>prteceptis</strong></span> <span class='ocrx_word' id='word_1_498' title='bbox 1304 3441 1701 3495; x_wconf 85' lang='lat' dir='ltr'><strong>ostenderetur.</strong></span> <span class='ocrx_word' id='word_1_499' title='bbox 1743 3437 1835 3494; x_wconf 85' lang='lat' dir='ltr'><strong>Sic</strong></span> 
     </span>
    </p>
   </div>
   <div class='ocr_carea' id='block_1_60' title="bbox 243 3529 1834 3605">
    <p class='ocr_par' dir='ltr' id='par_1_60' title="bbox 243 3529 1834 3605">
     <span class='ocr_line' id='line_1_60' title="bbox 243 3529 1834 3605; baseline -0.006 -14"><span class='ocrx_word' id='word_1_500' title='bbox 243 3551 533 3592; x_wconf 86' lang='lat' dir='ltr'><strong>curramus</strong></span> <span class='ocrx_word' id='word_1_501' title='bbox 567 3549 716 3605; x_wconf 86' lang='lat' dir='ltr'><strong>ergo,</strong></span> <span class='ocrx_word' id='word_1_502' title='bbox 751 3541 809 3588; x_wconf 90' lang='lat' dir='ltr'><strong>ut</strong></span> <span class='ocrx_word' id='word_1_503' title='bbox 847 3531 1390 3602; x_wconf 87' lang='lat' dir='ltr'><strong>comprehendamus.</strong></span> <span class='ocrx_word' id='word_1_504' title='bbox 1447 3529 1648 3585; x_wconf 88' lang='lat' dir='ltr'><strong>Omnes</strong></span> <span class='ocrx_word' id='word_1_505' title='bbox 1688 3530 1834 3582; x_wconf 90' lang='lat' dir='ltr'><strong>enim</strong></span> 
     </span>
    </p>
   </div>
   <div class='ocr_carea' id='block_1_61' title="bbox 241 3619 1835 3699">
    <p class='ocr_par' dir='ltr' id='par_1_61' title="bbox 241 3619 1835 3699">
     <span class='ocr_line' id='line_1_61' title="bbox 241 3619 1835 3699; baseline -0.007 -17"><span class='ocrx_word' id='word_1_506' title='bbox 241 3628 337 3699; x_wconf 90' lang='lat' dir='ltr'><strong>qui</strong></span> <span class='ocrx_word' id='word_1_507' title='bbox 383 3635 528 3681; x_wconf 86' lang='lat' dir='ltr'><strong>recte</strong></span> <span class='ocrx_word' id='word_1_508' title='bbox 577 3632 834 3690; x_wconf 88' lang='lat' dir='ltr'><strong>current,</strong></span> <span class='ocrx_word' id='word_1_509' title='bbox 888 3620 1378 3693; x_wconf 85' lang='lat' dir='ltr'><strong>comprehendent;</strong></span> <span class='ocrx_word' id='word_1_510' title='bbox 1429 3635 1537 3674; x_wconf 91' lang='lat' dir='ltr'><strong>non</strong></span> <span class='ocrx_word' id='word_1_511' title='bbox 1583 3619 1725 3674; x_wconf 90' lang='lat' dir='ltr'><strong>sicut</strong></span> <span class='ocrx_word' id='word_1_512' title='bbox 1780 3619 1835 3672; x_wconf 93' lang='lat' dir='ltr'><strong>in</strong></span> 
     </span>
    </p>
   </div>
   <div class='ocr_carea' id='block_1_62' title="bbox 244 3710 1837 3790">
    <p class='ocr_par' dir='ltr' id='par_1_62' title="bbox 244 3710 1837 3790">
     <span class='ocr_line' id='line_1_62' title="bbox 244 3710 1837 3790; baseline -0.007 -16"><span class='ocrx_word' id='word_1_513' title='bbox 244 3735 420 3790; x_wconf 83' lang='lat' dir='ltr'><strong>agone</strong></span> <span class='ocrx_word' id='word_1_514' title='bbox 451 3718 738 3781; x_wconf 87' lang='lat' dir='ltr'><strong>theatrico,</strong></span> <span class='ocrx_word' id='word_1_515' title='bbox 766 3730 958 3770; x_wconf 90' lang='lat' dir='ltr'><strong>omnes</strong></span> <span class='ocrx_word' id='word_1_516' title='bbox 998 3714 1218 3783; x_wconf 81' lang='lat' dir='ltr'><strong>quidem</strong></span> <span class='ocrx_word' id='word_1_517' title='bbox 1263 3720 1512 3774; x_wconf 86' lang='lat' dir='ltr'><strong>currunt,</strong></span> <span class='ocrx_word' id='word_1_518' title='bbox 1561 3710 1654 3764; x_wconf 90' lang='lat' dir='ltr'><strong>sed</strong></span> <span class='ocrx_word' id='word_1_519' title='bbox 1699 3724 1837 3763; x_wconf 85' lang='lat' dir='ltr'><strong>unus</strong></span> 
     </span>
    </p>
   </div>
   <div class='ocr_carea' id='block_1_63' title="bbox 240 3800 1838 3880">
    <p class='ocr_par' dir='ltr' id='par_1_63' title="bbox 240 3800 1838 3880">
     <span class='ocr_line' id='line_1_63' title="bbox 240 3800 1838 3880; baseline -0.008 -15"><span class='ocrx_word' id='word_1_520' title='bbox 240 3809 446 3880; x_wconf 85' lang='lat' dir='ltr'><strong>accipit</strong></span> <span class='ocrx_word' id='word_1_521' title='bbox 491 3807 743 3879; x_wconf 88' lang='lat' dir='ltr'><strong>palmam.</strong></span> <span class='ocrx_word' id='word_1_522' title='bbox 815 3805 1112 3860; x_wconf 82' lang='lat' dir='ltr'><strong>Curramus</strong></span> <span class='ocrx_word' id='word_1_523' title='bbox 1164 3818 1362 3871; x_wconf 87' lang='lat' dir='ltr'><strong>corpus</strong></span> <span class='ocrx_word' id='word_1_524' title='bbox 1414 3800 1732 3871; x_wconf 86' lang='lat' dir='ltr'><strong>castigando</strong></span> <span class='ocrx_word' id='word_1_525' title='bbox 1783 3810 1838 3854; x_wconf 84' lang='lat' dir='ltr'><strong>et</strong></span> 
     </span>
    </p>
   </div>
   <div class='ocr_carea' id='block_1_64' title="bbox 243 3889 1839 3970">
    <p class='ocr_par' dir='ltr' id='par_1_64' title="bbox 243 3889 1839 3970">
     <span class='ocr_line' id='line_1_64' title="bbox 243 3889 1839 3970; baseline -0.008 -14"><span class='ocrx_word' id='word_1_526' title='bbox 243 3900 608 3970; x_wconf 85' lang='lat' dir='ltr'><strong>eleemosynis</strong></span> <span class='ocrx_word' id='word_1_527' title='bbox 644 3897 696 3951; x_wconf 92' lang='lat' dir='ltr'><strong>in</strong></span> <span class='ocrx_word' id='word_1_528' title='bbox 741 3896 895 3951; x_wconf 87' lang='lat' dir='ltr'><strong>bonis</strong></span> <span class='ocrx_word' id='word_1_529' title='bbox 937 3894 1156 3957; x_wconf 86' lang='lat' dir='ltr'><strong>dandis,</strong></span> <span class='ocrx_word' id='word_1_530' title='bbox 1201 3892 1463 3961; x_wconf 87' lang='lat' dir='ltr'><strong>malisque</strong></span> <span class='ocrx_word' id='word_1_531' title='bbox 1499 3889 1839 3960; x_wconf 80' lang='lat' dir='ltr'><strong>ignoscendis</strong></span> 
     </span>
    </p>
   </div>
   <div class='ocr_carea' id='block_1_65' title="bbox 246 3982 1840 4051">
    <p class='ocr_par' dir='ltr' id='par_1_65' title="bbox 246 3982 1840 4051">
     <span class='ocr_line' id='line_1_65' title="bbox 246 3982 1840 4051; baseline -0.009 -1"><span class='ocrx_word' id='word_1_532' title='bbox 246 3994 494 4051; x_wconf 82' lang='lat' dir='ltr'><strong>hilariter</strong></span> <span class='ocrx_word' id='word_1_533' title='bbox 530 4000 585 4047; x_wconf 89' lang='lat' dir='ltr'><strong>et</strong></span> <span class='ocrx_word' id='word_1_534' title='bbox 621 4007 688 4046; x_wconf 79' lang='lat' dir='ltr'><strong>ex</strong></span> <span class='ocrx_word' id='word_1_535' title='bbox 732 3989 894 4043; x_wconf 89' lang='lat' dir='ltr'><strong>corde</strong></span> <span class='ocrx_word' id='word_1_536' title='bbox 931 3986 1194 4049; x_wconf 84' lang='lat' dir='ltr'><strong>faciendo,</strong></span> <span class='ocrx_word' id='word_1_537' title='bbox 1232 3994 1288 4040; x_wconf 91' lang='lat' dir='ltr'><strong>et</strong></span> <span class='ocrx_word' id='word_1_538' title='bbox 1321 3983 1656 4039; x_wconf 88' lang='lat' dir='ltr'><strong>currentium</strong></span> <span class='ocrx_word' id='word_1_539' title='bbox 1695 3982 1840 4037; x_wconf 75' lang='lat' dir='ltr'><strong>vires</strong></span> 
     </span>
    </p>
   </div>
   <div class='ocr_carea' id='block_1_66' title="bbox 246 4075 1838 4153">
    <p class='ocr_par' dir='ltr' id='par_1_66' title="bbox 246 4075 1838 4153">
     <span class='ocr_line' id='line_1_66' title="bbox 246 4075 1838 4153; baseline -0.009 -12"><span class='ocrx_word' id='word_1_540' title='bbox 246 4095 308 4142; x_wconf 93' lang='lat' dir='ltr'><strong>ut</strong></span> <span class='ocrx_word' id='word_1_541' title='bbox 352 4085 674 4153; x_wconf 78' lang='lat' dir='ltr'><strong>adiuventur</strong></span> <span class='ocrx_word' id='word_1_542' title='bbox 721 4080 969 4143; x_wconf 84' lang='lat' dir='ltr'><strong>orando;</strong></span> <span class='ocrx_word' id='word_1_543' title='bbox 1013 4088 1068 4133; x_wconf 92' lang='lat' dir='ltr'><strong>et</strong></span> <span class='ocrx_word' id='word_1_544' title='bbox 1114 4077 1193 4131; x_wconf 92' lang='lat' dir='ltr'><strong>sic</strong></span> <span class='ocrx_word' id='word_1_545' title='bbox 1243 4075 1523 4129; x_wconf 88' lang='lat' dir='ltr'><strong>audiamus</strong></span> <span class='ocrx_word' id='word_1_546' title='bbox 1572 4082 1838 4143; x_wconf 62' lang='lat' dir='ltr'><strong>praecepta</strong></span> 
     </span>
    </p>
   </div>
   <div class='ocr_carea' id='block_1_67' title="bbox 247 4165 1839 4246">
    <p class='ocr_par' dir='ltr' id='par_1_67' title="bbox 247 4165 1839 4246">
     <span class='ocr_line' id='line_1_67' title="bbox 247 4165 1839 4246; baseline -0.009 -15"><span class='ocrx_word' id='word_1_547' title='bbox 247 4174 622 4246; x_wconf 87' lang='lat' dir='ltr'><strong>perfectionis,</strong></span> <span class='ocrx_word' id='word_1_548' title='bbox 652 4188 719 4227; x_wconf 91' lang='lat' dir='ltr'><strong>ne</strong></span> <span class='ocrx_word' id='word_1_549' title='bbox 750 4185 971 4226; x_wconf 87' lang='lat' dir='ltr'><strong>currere</strong></span> <span class='ocrx_word' id='word_1_550' title='bbox 1001 4168 1336 4237; x_wconf 84' lang='lat' dir='ltr'><strong>negligamus</strong></span> <span class='ocrx_word' id='word_1_551' title='bbox 1364 4166 1430 4227; x_wconf 84' lang='lat' dir='ltr'><strong>ad</strong></span> <span class='ocrx_word' id='word_1_552' title='bbox 1453 4165 1839 4236; x_wconf 83' lang='lat' dir='ltr'><strong>plenitudinem</strong></span> 
     </span>
    </p>
   </div>
   <div class='ocr_carea' id='block_1_68' title="bbox 248 4266 554 4324">
    <p class='ocr_par' dir='ltr' id='par_1_68' title="bbox 248 4266 554 4324">
     <span class='ocr_line' id='line_1_68' title="bbox 248 4266 554 4324; baseline -0.023 0"><span class='ocrx_word' id='word_1_553' title='bbox 248 4266 554 4324; x_wconf 87' lang='lat' dir='ltr'><strong>charitatis.</strong></span> 
     </span>
    </p>
   </div>
   <div class='ocr_carea' id='block_1_69' title="bbox 848 4350 1232 4408">
    <p class='ocr_par' dir='ltr' id='par_1_69' title="bbox 848 4350 1232 4408">
     <span class='ocr_line' id='line_1_69' title="bbox 848 4350 1232 4408; baseline -0.013 0"><span class='ocrx_word' id='word_1_554' title='bbox 848 4350 1073 4408; x_wconf 72' lang='lat' dir='ltr'><strong>CAPUT</strong></span> <span class='ocrx_word' id='word_1_555' title='bbox 1121 4350 1232 4404; x_wconf 77' lang='lat' dir='ltr'><strong>XII.</strong></span> 
     </span>
    </p>
   </div>
   <div class='ocr_carea' id='block_1_70' title="bbox 249 4461 1832 4541">
    <p class='ocr_par' dir='ltr' id='par_1_70' title="bbox 249 4461 1832 4541">
     <span class='ocr_line' id='line_1_70' title="bbox 249 4461 1832 4541; baseline -0.008 -13"><span class='ocrx_word' id='word_1_556' title='bbox 249 4473 329 4529; x_wconf 81' lang='lat' dir='ltr'><strong>De</strong></span> <span class='ocrx_word' id='word_1_557' title='bbox 356 4469 622 4541; x_wconf 81' lang='lat' dir='ltr'><strong>diligendo</strong></span> <span class='ocrx_word' id='word_1_558' title='bbox 648 4468 753 4541; x_wconf 80' lang='lat' dir='ltr'><strong>Deo</strong></span> <span class='ocrx_word' id='word_1_559' title='bbox 773 4482 837 4520; x_wconf 72' lang='lat' dir='ltr'><strong>ea:</strong></span> <span class='ocrx_word' id='word_1_560' title='bbox 860 4475 968 4541; x_wconf 69' lang='lat' dir='ltr'><strong>tota</strong></span> <span class='ocrx_word' id='word_1_561' title='bbox 995 4465 1197 4541; x_wconf 64' lang='lat' dir='ltr'><strong>animo,</strong></span> <span class='ocrx_word' id='word_1_562' title='bbox 1220 4472 1267 4541; x_wconf 70' lang='lat' dir='ltr'><strong>et</strong></span> <span class='ocrx_word' id='word_1_563' title='bbox 1293 4477 1357 4515; x_wconf 65' lang='lat' dir='ltr'><strong>ex</strong></span> <span class='ocrx_word' id='word_1_564' title='bbox 1378 4470 1483 4541; x_wconf 66' lang='lat' dir='ltr'><strong>tota</strong></span> <span class='ocrx_word' id='word_1_565' title='bbox 1508 4461 1832 4541; x_wconf 64' lang='lat' dir='ltr'><strong>fortitudine,</strong></span> 
     </span>
    </p>
   </div>
   <div class='ocr_carea' id='block_1_71' title="bbox 318 4531 1833 4608">
    <p class='ocr_par' dir='ltr' id='par_1_71' title="bbox 318 4531 1833 4608">
     <span class='ocr_line' id='line_1_71' title="bbox 318 4531 1833 4608; baseline -0.009 -12"><span class='ocrx_word' id='word_1_566' title='bbox 318 4552 368 4597; x_wconf 79' lang='lat' dir='ltr'><strong>et</strong></span> <span class='ocrx_word' id='word_1_567' title='bbox 396 4531 766 4608; x_wconf 51' lang='lat' dir='ltr'><strong>develligandis</strong></span> <span class='ocrx_word' id='word_1_568' title='bbox 798 4537 1062 4608; x_wconf 69' lang='lat' dir='ltr'><strong>&quot;tendatis</strong></span> <span class='ocrx_word' id='word_1_569' title='bbox 1092 4534 1185 4587; x_wconf 79' lang='lat' dir='ltr'><strong>Dei</strong></span> <span class='ocrx_word' id='word_1_570' title='bbox 1225 4534 1275 4608; x_wconf 78' lang='lat' dir='ltr'><strong>in</strong></span> <span class='ocrx_word' id='word_1_571' title='bbox 1301 4531 1542 4584; x_wconf 74' lang='lat' dir='ltr'><strong>cordibus</strong></span> <span class='ocrx_word' id='word_1_572' title='bbox 1565 4532 1833 4608; x_wconf 75' lang='lat' dir='ltr'><strong>hominum</strong></span> 
     </span>
    </p>
   </div>
   <div class='ocr_carea' id='block_1_72' title="bbox 318 4604 1837 4680">
    <p class='ocr_par' dir='ltr' id='par_1_72' title="bbox 318 4604 1837 4680">
     <span class='ocr_line' id='line_1_72' title="bbox 318 4604 1837 4680; baseline -0.009 -13"><span class='ocrx_word' id='word_1_573' title='bbox 318 4622 372 4667; x_wconf 81' lang='lat' dir='ltr'><strong>et</strong></span> <span class='ocrx_word' id='word_1_574' title='bbox 407 4604 760 4680; x_wconf 64' lang='lat' dir='ltr'><strong>prmdictmdis</strong></span> <span class='ocrx_word' id='word_1_575' title='bbox 787 4609 861 4660; x_wconf 78' lang='lat' dir='ltr'><strong>eis</strong></span> <span class='ocrx_word' id='word_1_576' title='bbox 886 4604 1047 4660; x_wconf 82' lang='lat' dir='ltr'><strong>soboli</strong></span> <span class='ocrx_word' id='word_1_577' title='bbox 1087 4620 1197 4656; x_wconf 71' lang='lat' dir='ltr'><strong>sua:</strong></span> <span class='ocrx_word' id='word_1_578' title='bbox 1216 4644 1229 4667; x_wconf 88' lang='lat'><strong>,</strong></span> <span class='ocrx_word' id='word_1_579' title='bbox 1261 4605 1313 4655; x_wconf 84' lang='lat' dir='ltr'><strong>in</strong></span> <span class='ocrx_word' id='word_1_580' title='bbox 1345 4618 1520 4655; x_wconf 83' lang='lat' dir='ltr'><strong>omnes</strong></span> <span class='ocrx_word' id='word_1_581' title='bbox 1546 4604 1837 4671; x_wconf 77' lang='lat' dir='ltr'><strong>generatio-</strong></span> 
     </span>
    </p>
   </div>
   <div class='ocr_carea' id='block_1_73' title="bbox 319 4699 436 4736">
    <p class='ocr_par' dir='ltr' id='par_1_73' title="bbox 319 4699 436 4736">
     <span class='ocr_line' id='line_1_73' title="bbox 319 4699 436 4736; baseline -0.009 0"><span class='ocrx_word' id='word_1_582' title='bbox 319 4699 415 4736; x_wconf 78' lang='lat' dir='ltr'><strong>nes</strong></span> <span class='ocrx_word' id='word_1_583' title='bbox 421 4722 436 4735; x_wconf 86' lang='lat'><strong>.</strong></span> 
     </span>
    </p>
   </div>
   <div class='ocr_carea' id='block_1_74' title="bbox 324 4805 1837 4886">
    <p class='ocr_par' dir='ltr' id='par_1_74' title="bbox 324 4805 1837 4886">
     <span class='ocr_line' id='line_1_74' title="bbox 324 4805 1837 4886; baseline -0.009 -15"><span class='ocrx_word' id='word_1_584' title='bbox 324 4814 479 4886; x_wconf 74' lang='lat' dir='ltr'><strong>(CAP.</strong></span> <span class='ocrx_word' id='word_1_585' title='bbox 506 4812 604 4882; x_wconf 63' lang='grc' dir='ltr'><strong>γι.)</strong></span> <span class='ocrx_word' id='word_1_586' title='bbox 637 4829 656 4862; x_wconf 80' lang='lat' dir='ltr'><strong>t</strong></span> <span class='ocrx_word' id='word_1_587' title='bbox 685 4809 901 4880; x_wconf 90' lang='lat' dir='ltr'><strong>Diliges,</strong></span> <span class='ocrx_word' id='word_1_588' title='bbox 928 4808 1124 4878; x_wconf 88' lang='lat' dir='ltr'><strong>inquit,</strong></span> <span class='ocrx_word' id='word_1_589' title='bbox 1155 4805 1443 4861; x_wconf 89' lang='lat' dir='ltr'><strong>Dominum</strong></span> <span class='ocrx_word' id='word_1_590' title='bbox 1470 4806 1638 4860; x_wconf 89' lang='lat' dir='ltr'><strong>Deum</strong></span> <span class='ocrx_word' id='word_1_591' title='bbox 1664 4813 1837 4870; x_wconf 89' lang='lat' dir='ltr'><strong>tuum,</strong></span> 
     </span>
    </p>
   </div>
   <div class='ocr_carea' id='block_1_75' title="bbox 255 4898 1839 4966">
    <p class='ocr_par' dir='ltr' id='par_1_75' title="bbox 255 4898 1839 4966">
     <span class='ocr_line' id='line_1_75' title="bbox 255 4898 1839 4966; baseline -0.006 -4"><span class='ocrx_word' id='word_1_592' title='bbox 255 4926 279 4963; x_wconf 67' lang='grc' dir='ltr'><strong>ε</strong></span> <span class='ocrx_word' id='word_1_593' title='bbox 311 4921 380 4963; x_wconf 78' lang='lat' dir='ltr'><strong>ex</strong></span> <span class='ocrx_word' id='word_1_594' title='bbox 412 4913 525 4960; x_wconf 89' lang='lat' dir='ltr'><strong>toto</strong></span> <span class='ocrx_word' id='word_1_595' title='bbox 549 4902 714 4958; x_wconf 89' lang='lat' dir='ltr'><strong>corde</strong></span> <span class='ocrx_word' id='word_1_596' title='bbox 742 4912 856 4966; x_wconf 92' lang='lat' dir='ltr'><strong>tuo,</strong></span> <span class='ocrx_word' id='word_1_597' title='bbox 882 4908 936 4955; x_wconf 89' lang='lat' dir='ltr'><strong>et</strong></span> <span class='ocrx_word' id='word_1_598' title='bbox 958 4915 1023 4954; x_wconf 80' lang='lat' dir='ltr'><strong>ex</strong></span> <span class='ocrx_word' id='word_1_599' title='bbox 1057 4907 1166 4954; x_wconf 91' lang='lat' dir='ltr'><strong>tota</strong></span> <span class='ocrx_word' id='word_1_600' title='bbox 1193 4898 1371 4951; x_wconf 90' lang='lat' dir='ltr'><strong>anima</strong></span> <span class='ocrx_word' id='word_1_601' title='bbox 1399 4904 1506 4962; x_wconf 85' lang='lat' dir='ltr'><strong>tua,</strong></span> <span class='ocrx_word' id='word_1_602' title='bbox 1533 4912 1598 4951; x_wconf 77' lang='lat' dir='ltr'><strong>ex</strong></span> <span class='ocrx_word' id='word_1_603' title='bbox 1630 4914 1695 4951; x_wconf 86' lang='lat' dir='ltr'><strong>ex</strong></span> <span class='ocrx_word' id='word_1_604' title='bbox 1729 4906 1839 4952; x_wconf 86' lang='lat' dir='ltr'><strong>tota</strong></span> 
     </span>
    </p>
   </div>
   <div class='ocr_carea' id='block_1_76' title="bbox 259 4990 1842 5063">
    <p class='ocr_par' dir='ltr' id='par_1_76' title="bbox 259 4990 1842 5063">
     <span class='ocr_line' id='line_1_76' title="bbox 259 4990 1842 5063; baseline -0.006 -9"><span class='ocrx_word' id='word_1_605' title='bbox 259 5018 279 5053; x_wconf 75' lang='grc' dir='ltr'>ι</span> <span class='ocrx_word' id='word_1_606' title='bbox 318 5006 504 5053; x_wconf 90' lang='lat' dir='ltr'><strong>mente</strong></span> <span class='ocrx_word' id='word_1_607' title='bbox 553 5003 674 5060; x_wconf 90' lang='lat' dir='ltr'><strong>tua;</strong></span> <span class='ocrx_word' id='word_1_608' title='bbox 703 5002 760 5049; x_wconf 92' lang='lat' dir='ltr'><strong>et</strong></span> <span class='ocrx_word' id='word_1_609' title='bbox 795 4993 990 5063; x_wconf 86' lang='lat' dir='ltr'><strong>diliges</strong></span> <span class='ocrx_word' id='word_1_610' title='bbox 1034 4992 1342 5062; x_wconf 80' lang='lat' dir='ltr'><strong>proximum</strong></span> <span class='ocrx_word' id='word_1_611' title='bbox 1382 4997 1531 5044; x_wconf 89' lang='lat' dir='ltr'><strong>tuum</strong></span> <span class='ocrx_word' id='word_1_612' title='bbox 1576 4990 1719 5045; x_wconf 89' lang='lat' dir='ltr'><strong>sicut</strong></span> <span class='ocrx_word' id='word_1_613' title='bbox 1765 5000 1842 5044; x_wconf 89' lang='lat' dir='ltr'><strong>tc-</strong></span> 
     </span>
    </p>
   </div>
   <div class='ocr_carea' id='block_1_77' title="bbox 259 5082 1843 5159">
    <p class='ocr_par' dir='ltr' id='par_1_77' title="bbox 259 5082 1843 5159">
     <span class='ocr_line' id='line_1_77' title="bbox 259 5082 1843 5159; baseline -0.003 -17"><span class='ocrx_word' id='word_1_614' title='bbox 259 5110 278 5142; x_wconf 81' lang='grc' dir='ltr'>ι</span> <span class='ocrx_word' id='word_1_615' title='bbox 318 5090 518 5159; x_wconf 88' lang='lat' dir='ltr'><strong>ipsum.</strong></span> <span class='ocrx_word' id='word_1_616' title='bbox 554 5106 572 5138; x_wconf 71' lang='grc' dir='ltr'><strong><em>ι</em></strong></span> <span class='ocrx_word' id='word_1_617' title='bbox 603 5085 660 5139; x_wconf 92' lang='lat' dir='ltr'><strong>ln</strong></span> <span class='ocrx_word' id='word_1_618' title='bbox 702 5085 787 5140; x_wconf 89' lang='lat' dir='ltr'><strong>his</strong></span> <span class='ocrx_word' id='word_1_619' title='bbox 826 5083 1035 5139; x_wconf 92' lang='lat' dir='ltr'><strong>duobus</strong></span> <span class='ocrx_word' id='word_1_620' title='bbox 1075 5082 1360 5152; x_wconf 61' lang='lat' dir='ltr'><strong>praaceptis</strong></span> <span class='ocrx_word' id='word_1_621' title='bbox 1391 5090 1501 5136; x_wconf 88' lang='lat' dir='ltr'><strong>tota</strong></span> <span class='ocrx_word' id='word_1_622' title='bbox 1532 5082 1619 5136; x_wconf 76' lang='lat' dir='ltr'><strong>lex</strong></span> <span class='ocrx_word' id='word_1_623' title='bbox 1645 5084 1843 5152; x_wconf 83' lang='lat' dir='ltr'><strong>pendet</strong></span> 
     </span>
    </p>
   </div>
   <div class='ocr_carea' id='block_1_78' title="bbox 252 5175 1840 5251">
    <p class='ocr_par' dir='ltr' id='par_1_78' title="bbox 252 5175 1840 5251">
     <span class='ocr_line' id='line_1_78' title="bbox 252 5175 1840 5251; baseline -0.004 -15"><span class='ocrx_word' id='word_1_624' title='bbox 252 5189 311 5236; x_wconf 88' lang='lat' dir='ltr'><strong>et</strong></span> <span class='ocrx_word' id='word_1_625' title='bbox 330 5180 631 5251; x_wconf 65' lang='lat' dir='ltr'><strong>prophetat.</strong></span> <span class='ocrx_word' id='word_1_626' title='bbox 662 5176 814 5232; x_wconf 85' lang='lat' dir='ltr'><strong>Finis</strong></span> <span class='ocrx_word' id='word_1_627' title='bbox 838 5176 1018 5246; x_wconf 88' lang='lat' dir='ltr'><strong>itaque</strong></span> <span class='ocrx_word' id='word_1_628' title='bbox 1037 5175 1290 5244; x_wconf 76' lang='lat' dir='ltr'><strong>przecepti</strong></span> <span class='ocrx_word' id='word_1_629' title='bbox 1312 5182 1396 5229; x_wconf 90' lang='lat' dir='ltr'><strong>est</strong></span> <span class='ocrx_word' id='word_1_630' title='bbox 1418 5175 1655 5230; x_wconf 87' lang='lat' dir='ltr'><strong>dilectio.</strong></span> <span class='ocrx_word' id='word_1_631' title='bbox 1688 5176 1754 5230; x_wconf 88' lang='lat' dir='ltr'><strong>Et</strong></span> <span class='ocrx_word' id='word_1_632' title='bbox 1778 5190 1840 5229; x_wconf 89' lang='lat' dir='ltr'><strong>ea</strong></span> 
     </span>
    </p>
   </div>
   <div class='ocr_carea' id='block_1_79' title="bbox 254 5263 1847 5342">
    <p class='ocr_par' dir='ltr' id='par_1_79' title="bbox 254 5263 1847 5342">
     <span class='ocr_line' id='line_1_79' title="bbox 254 5263 1847 5342; baseline -0.004 -15"><span class='ocrx_word' id='word_1_633' title='bbox 254 5272 559 5342; x_wconf 81' lang='lat' dir='ltr'><strong>geminata,</strong></span> <span class='ocrx_word' id='word_1_634' title='bbox 592 5268 646 5323; x_wconf 92' lang='lat' dir='ltr'><strong>id</strong></span> <span class='ocrx_word' id='word_1_635' title='bbox 696 5277 779 5323; x_wconf 88' lang='lat' dir='ltr'><strong>cst</strong></span> <span class='ocrx_word' id='word_1_636' title='bbox 808 5266 901 5321; x_wconf 88' lang='lat' dir='ltr'><strong>Dei</strong></span> <span class='ocrx_word' id='word_1_637' title='bbox 946 5274 1002 5320; x_wconf 88' lang='lat' dir='ltr'><strong>et</strong></span> <span class='ocrx_word' id='word_1_638' title='bbox 1045 5265 1485 5335; x_wconf 77' lang='lat' dir='ltr'><strong>proximi:quod</strong></span> <span class='ocrx_word' id='word_1_639' title='bbox 1533 5263 1690 5330; x_wconf 88' lang='lat' dir='ltr'><strong>facis,</strong></span> <span class='ocrx_word' id='word_1_640' title='bbox 1716 5267 1761 5320; x_wconf 88' lang='lat' dir='ltr'><strong>si</strong></span> <span class='ocrx_word' id='word_1_641' title='bbox 1797 5278 1847 5322; x_wconf 90' lang='lat' dir='ltr'><strong>te</strong></span> 
     </span>
    </p>
   </div>
   <div class='ocr_carea' id='block_1_80' title="bbox 260 5356 1845 5432">
    <p class='ocr_par' dir='ltr' id='par_1_80' title="bbox 260 5356 1845 5432">
     <span class='ocr_line' id='line_1_80' title="bbox 260 5356 1845 5432; baseline -0.004 -14"><span class='ocrx_word' id='word_1_642' title='bbox 260 5374 436 5419; x_wconf 90' lang='lat' dir='ltr'><strong>totum</strong></span> <span class='ocrx_word' id='word_1_643' title='bbox 498 5361 798 5432; x_wconf 87' lang='lat' dir='ltr'><strong>intelligas,</strong></span> <span class='ocrx_word' id='word_1_644' title='bbox 854 5359 906 5412; x_wconf 89' lang='lat' dir='ltr'><strong>id</strong></span> <span class='ocrx_word' id='word_1_645' title='bbox 956 5367 1040 5414; x_wconf 91' lang='lat' dir='ltr'><strong>est</strong></span> <span class='ocrx_word' id='word_1_646' title='bbox 1106 5357 1284 5411; x_wconf 91' lang='lat' dir='ltr'><strong>anima</strong></span> <span class='ocrx_word' id='word_1_647' title='bbox 1333 5366 1388 5412; x_wconf 88' lang='lat' dir='ltr'><strong>et</strong></span> <span class='ocrx_word' id='word_1_648' title='bbox 1447 5372 1643 5427; x_wconf 92' lang='lat' dir='ltr'><strong>corpus</strong></span> <span class='ocrx_word' id='word_1_649' title='bbox 1695 5356 1845 5426; x_wconf 82' lang='lat' dir='ltr'><strong>eius.</strong></span> 
     </span>
    </p>
   </div>
   <div class='ocr_carea' id='block_1_81' title="bbox 259 5450 1843 5528">
    <p class='ocr_par' dir='ltr' id='par_1_81' title="bbox 259 5450 1843 5528">
     <span class='ocr_line' id='line_1_81' title="bbox 259 5450 1843 5528; baseline -0.003 -17"><span class='ocrx_word' id='word_1_650' title='bbox 259 5466 316 5512; x_wconf 88' lang='lat' dir='ltr'><strong>et</strong></span> <span class='ocrx_word' id='word_1_651' title='bbox 366 5456 676 5528; x_wconf 76' lang='lat' dir='ltr'><strong>proximum</strong></span> <span class='ocrx_word' id='word_1_652' title='bbox 740 5464 929 5520; x_wconf 91' lang='lat' dir='ltr'><strong>tuum,</strong></span> <span class='ocrx_word' id='word_1_653' title='bbox 976 5453 1030 5508; x_wconf 89' lang='lat' dir='ltr'><strong>id</strong></span> <span class='ocrx_word' id='word_1_654' title='bbox 1077 5459 1161 5507; x_wconf 89' lang='lat' dir='ltr'><strong>est</strong></span> <span class='ocrx_word' id='word_1_655' title='bbox 1219 5450 1455 5506; x_wconf 89' lang='lat' dir='ltr'><strong>animam</strong></span> <span class='ocrx_word' id='word_1_656' title='bbox 1504 5458 1559 5505; x_wconf 88' lang='lat' dir='ltr'><strong>et</strong></span> <span class='ocrx_word' id='word_1_657' title='bbox 1608 5465 1843 5520; x_wconf 82' lang='lat' dir='ltr'><strong>corpus:</strong></span> 
     </span>
    </p>
   </div>
   <div class='ocr_carea' id='block_1_82' title="bbox 260 5541 1846 5613">
    <p class='ocr_par' dir='ltr' id='par_1_82' title="bbox 260 5541 1846 5613">
     <span class='ocr_line' id='line_1_82' title="bbox 260 5541 1846 5613; baseline -0.004 -8"><span class='ocrx_word' id='word_1_658' title='bbox 260 5547 426 5605; x_wconf 81' lang='lat' dir='ltr'><strong>homo</strong></span> <span class='ocrx_word' id='word_1_659' title='bbox 468 5549 614 5603; x_wconf 88' lang='lat' dir='ltr'><strong>enim</strong></span> <span class='ocrx_word' id='word_1_660' title='bbox 645 5562 713 5602; x_wconf 76' lang='lat' dir='ltr'><strong>ex</strong></span> <span class='ocrx_word' id='word_1_661' title='bbox 757 5548 939 5602; x_wconf 87' lang='lat' dir='ltr'><strong>anima</strong></span> <span class='ocrx_word' id='word_1_662' title='bbox 981 5552 1200 5600; x_wconf 88' lang='lat' dir='ltr'><strong>constat</strong></span> <span class='ocrx_word' id='word_1_663' title='bbox 1243 5551 1299 5600; x_wconf 90' lang='lat' dir='ltr'><strong>et</strong></span> <span class='ocrx_word' id='word_1_664' title='bbox 1341 5556 1589 5613; x_wconf 90' lang='lat' dir='ltr'><strong>corpore.</strong></span> <span class='ocrx_word' id='word_1_665' title='bbox 1631 5541 1846 5598; x_wconf 83' lang='lat' dir='ltr'><strong>Nullum</strong></span> 
     </span>
    </p>
   </div>
   <div class='ocr_carea' id='block_1_83' title="bbox 265 5635 1848 5711">
    <p class='ocr_par' dir='ltr' id='par_1_83' title="bbox 265 5635 1848 5711">
     <span class='ocr_line' id='line_1_83' title="bbox 265 5635 1848 5711; baseline -0.003 -15"><span class='ocrx_word' id='word_1_666' title='bbox 265 5653 446 5696; x_wconf 78' lang='lat' dir='ltr'><strong>rerum</strong></span> <span class='ocrx_word' id='word_1_667' title='bbox 493 5640 887 5711; x_wconf 81' lang='lat' dir='ltr'><strong>diligendarum</strong></span> <span class='ocrx_word' id='word_1_668' title='bbox 933 5653 1104 5710; x_wconf 85' lang='lat' dir='ltr'><strong>genus</strong></span> <span class='ocrx_word' id='word_1_669' title='bbox 1144 5639 1198 5692; x_wconf 92' lang='lat' dir='ltr'><strong>in</strong></span> <span class='ocrx_word' id='word_1_670' title='bbox 1234 5636 1322 5692; x_wconf 88' lang='lat' dir='ltr'><strong>his</strong></span> <span class='ocrx_word' id='word_1_671' title='bbox 1367 5635 1577 5691; x_wconf 89' lang='lat' dir='ltr'><strong>duobus</strong></span> <span class='ocrx_word' id='word_1_672' title='bbox 1622 5644 1848 5704; x_wconf 57' lang='lat' dir='ltr'><strong>prater-</strong></span> 
     </span>
    </p>
   </div>
   <div class='ocr_carea' id='block_1_84' title="bbox 1929 2621 3522 2692">
    <p class='ocr_par' dir='ltr' id='par_1_84' title="bbox 1929 2621 3522 2692">
     <span class='ocr_line' id='line_1_84' title="bbox 1929 2621 3522 2692; baseline 0 -15"><span class='ocrx_word' id='word_1_673' title='bbox 1929 2632 2076 2677; x_wconf 89' lang='lat' dir='ltr'><strong>sorte</strong></span> <span class='ocrx_word' id='word_1_674' title='bbox 2117 2621 2437 2692; x_wconf 86' lang='lat' dir='ltr'><strong>junguntur.</strong></span> <span class='ocrx_word' id='word_1_675' title='bbox 2476 2640 2493 2671; x_wconf 72' lang='grc' dir='ltr'>ι</span> <span class='ocrx_word' id='word_1_676' title='bbox 2524 2622 2804 2691; x_wconf 89' lang='lat' dir='ltr'><strong>Eruntque</strong></span> <span class='ocrx_word' id='word_1_677' title='bbox 2855 2622 3019 2676; x_wconf 71' lang='lat' dir='ltr'><strong>verba</strong></span> <span class='ocrx_word' id='word_1_678' title='bbox 3074 2622 3222 2684; x_wconf 72' lang='lat' dir='ltr'><strong>htec,</strong></span> <span class='ocrx_word' id='word_1_679' title='bbox 3251 2636 3373 2690; x_wconf 67' lang='lat' dir='ltr'><strong>qum</strong></span> <span class='ocrx_word' id='word_1_680' title='bbox 3418 2635 3522 2691; x_wconf 82' lang='lat' dir='ltr'><strong>ego</strong></span> 
     </span>
    </p>
   </div>
   <div class='ocr_carea' id='block_1_85' title="bbox 1936 2713 3516 2796">
    <p class='ocr_par' dir='ltr' id='par_1_85' title="bbox 1936 2713 3516 2796">
     <span class='ocr_line' id='line_1_85' title="bbox 1936 2713 3516 2796; baseline 0 -30"><span class='ocrx_word' id='word_1_681' title='bbox 1936 2735 1955 2766; x_wconf 74' lang='grc' dir='ltr'><strong><em>ι</em></strong></span> <span class='ocrx_word' id='word_1_682' title='bbox 1992 2716 2249 2796; x_wconf 62' lang='lat' dir='ltr'><strong>praecipio</strong></span> <span class='ocrx_word' id='word_1_683' title='bbox 2289 2716 2408 2775; x_wconf 85' lang='lat' dir='ltr'><strong>tibi.</strong></span> <span class='ocrx_word' id='word_1_684' title='bbox 2438 2717 2491 2770; x_wconf 90' lang='lat' dir='ltr'><strong>in</strong></span> <span class='ocrx_word' id='word_1_685' title='bbox 2533 2716 2695 2771; x_wconf 90' lang='lat' dir='ltr'><strong>corde</strong></span> <span class='ocrx_word' id='word_1_686' title='bbox 2727 2726 2818 2770; x_wconf 91' lang='lat' dir='ltr'><strong>tuo</strong></span> <span class='ocrx_word' id='word_1_687' title='bbox 2857 2716 3037 2779; x_wconf 84' lang='lat' dir='ltr'><strong>hodie,</strong></span> <span class='ocrx_word' id='word_1_688' title='bbox 3068 2724 3123 2770; x_wconf 93' lang='lat' dir='ltr'><strong>ct</strong></span> <span class='ocrx_word' id='word_1_689' title='bbox 3169 2713 3421 2769; x_wconf 86' lang='lat' dir='ltr'><strong>narrabis</strong></span> <span class='ocrx_word' id='word_1_690' title='bbox 3447 2724 3516 2767; x_wconf 83' lang='lat' dir='ltr'><strong>ea</strong></span> 
     </span>
    </p>
   </div>
   <div class='ocr_carea' id='block_1_86' title="bbox 1938 2807 3525 2871">
    <p class='ocr_par' dir='ltr' id='par_1_86' title="bbox 1938 2807 3525 2871">
     <span class='ocr_line' id='line_1_86' title="bbox 1938 2807 3525 2871; baseline 0.001 -12"><span class='ocrx_word' id='word_1_691' title='bbox 1938 2827 1955 2859; x_wconf 81' lang='grc' dir='ltr'>ι</span> <span class='ocrx_word' id='word_1_692' title='bbox 1994 2808 2118 2863; x_wconf 77' lang='lat' dir='ltr'><strong>filiis</strong></span> <span class='ocrx_word' id='word_1_693' title='bbox 2167 2808 2308 2871; x_wconf 90' lang='lat' dir='ltr'><strong>tuis,</strong></span> <span class='ocrx_word' id='word_1_694' title='bbox 2344 2816 2401 2863; x_wconf 91' lang='lat' dir='ltr'><strong>et</strong></span> <span class='ocrx_word' id='word_1_695' title='bbox 2429 2808 2778 2862; x_wconf 87' lang='lat' dir='ltr'><strong>meditabcris</strong></span> <span class='ocrx_word' id='word_1_696' title='bbox 2808 2807 3002 2863; x_wconf 88' lang='lat' dir='ltr'><strong>sedens</strong></span> <span class='ocrx_word' id='word_1_697' title='bbox 3044 2808 3097 2861; x_wconf 91' lang='lat' dir='ltr'><strong>in</strong></span> <span class='ocrx_word' id='word_1_698' title='bbox 3134 2807 3294 2862; x_wconf 89' lang='lat' dir='ltr'><strong>domo</strong></span> <span class='ocrx_word' id='word_1_699' title='bbox 3329 2816 3440 2869; x_wconf 90' lang='lat' dir='ltr'><strong>tua,</strong></span> <span class='ocrx_word' id='word_1_700' title='bbox 3467 2812 3525 2861; x_wconf 79' lang='lat' dir='ltr'><strong>et</strong></span> 
     </span>
    </p>
   </div>
   <div class='ocr_carea' id='block_1_87' title="bbox 1940 2898 3518 2967">
    <p class='ocr_par' dir='ltr' id='par_1_87' title="bbox 1940 2898 3518 2967">
     <span class='ocr_line' id='line_1_87' title="bbox 1940 2898 3518 2967; baseline 0 -19"><span class='ocrx_word' id='word_1_701' title='bbox 1940 2920 1955 2948; x_wconf 81' lang='grc' dir='ltr'>ι</span> <span class='ocrx_word' id='word_1_702' title='bbox 1992 2898 2276 2953; x_wconf 88' lang='lat' dir='ltr'><strong>ambulans</strong></span> <span class='ocrx_word' id='word_1_703' title='bbox 2307 2899 2360 2951; x_wconf 92' lang='lat' dir='ltr'><strong>in</strong></span> <span class='ocrx_word' id='word_1_704' title='bbox 2409 2899 2622 2960; x_wconf 81' lang='lat' dir='ltr'><strong>itinere,</strong></span> <span class='ocrx_word' id='word_1_705' title='bbox 2649 2898 2923 2953; x_wconf 87' lang='lat' dir='ltr'><strong>dormiens</strong></span> <span class='ocrx_word' id='word_1_706' title='bbox 2958 2907 3121 2967; x_wconf 90' lang='lat' dir='ltr'><strong>atque</strong></span> <span class='ocrx_word' id='word_1_707' title='bbox 3163 2910 3518 2966; x_wconf 89' lang='lat' dir='ltr'><strong>consurgens.</strong></span> 
     </span>
    </p>
   </div>
   <div class='ocr_carea' id='block_1_88' title="bbox 1941 2985 3524 3056">
    <p class='ocr_par' dir='ltr' id='par_1_88' title="bbox 1941 2985 3524 3056">
     <span class='ocr_line' id='line_1_88' title="bbox 1941 2985 3524 3056; baseline 0.001 -18"><span class='ocrx_word' id='word_1_708' title='bbox 1941 3006 1959 3038; x_wconf 72' lang='grc' dir='ltr'>ι</span> <span class='ocrx_word' id='word_1_709' title='bbox 2000 2986 2060 3041; x_wconf 85' lang='lat' dir='ltr'><strong>Et</strong></span> <span class='ocrx_word' id='word_1_710' title='bbox 2089 2986 2282 3056; x_wconf 83' lang='lat' dir='ltr'><strong>ligabis</strong></span> <span class='ocrx_word' id='word_1_711' title='bbox 2309 3001 2373 3041; x_wconf 90' lang='lat' dir='ltr'><strong>ea</strong></span> <span class='ocrx_word' id='word_1_712' title='bbox 2398 2985 2550 3054; x_wconf 88' lang='lat' dir='ltr'><strong>quasi</strong></span> <span class='ocrx_word' id='word_1_713' title='bbox 2586 2986 2801 3056; x_wconf 82' lang='lat' dir='ltr'><strong>signum</strong></span> <span class='ocrx_word' id='word_1_714' title='bbox 2830 2987 2881 3039; x_wconf 90' lang='lat' dir='ltr'><strong>in</strong></span> <span class='ocrx_word' id='word_1_715' title='bbox 2919 3002 3082 3039; x_wconf 91' lang='lat' dir='ltr'><strong>manu</strong></span> <span class='ocrx_word' id='word_1_716' title='bbox 3112 2994 3226 3049; x_wconf 88' lang='lat' dir='ltr'><strong>tua,</strong></span> <span class='ocrx_word' id='word_1_717' title='bbox 3253 2993 3524 3053; x_wconf 87' lang='lat' dir='ltr'><strong>eruntque</strong></span> 
     </span>
    </p>
   </div>
   <div class='ocr_carea' id='block_1_89' title="bbox 1891 3068 3523 3146">
    <p class='ocr_par' dir='ltr' id='par_1_89' title="bbox 1891 3068 3523 3146">
     <span class='ocr_line' id='line_1_89' title="bbox 1891 3068 3523 3146; baseline -0.001 -15"><span class='ocrx_word' id='word_1_718' title='bbox 1891 3068 1905 3086; x_wconf 79' lang='grc'><strong><em>⁸</em></strong></span> <span class='ocrx_word' id='word_1_719' title='bbox 1943 3099 1961 3131; x_wconf 77' lang='grc' dir='ltr'>ι</span> <span class='ocrx_word' id='word_1_720' title='bbox 1998 3090 2052 3136; x_wconf 89' lang='lat' dir='ltr'><strong>et</strong></span> <span class='ocrx_word' id='word_1_721' title='bbox 2080 3080 2437 3134; x_wconf 82' lang='lat' dir='ltr'><strong>movebuntur</strong></span> <span class='ocrx_word' id='word_1_722' title='bbox 2464 3077 2604 3133; x_wconf 90' lang='lat' dir='ltr'><strong>inter</strong></span> <span class='ocrx_word' id='word_1_723' title='bbox 2627 3077 2814 3133; x_wconf 90' lang='lat' dir='ltr'><strong>oculos</strong></span> <span class='ocrx_word' id='word_1_724' title='bbox 2854 3089 2974 3132; x_wconf 88' lang='lat' dir='ltr'><strong>tuos</strong></span> <span class='ocrx_word' id='word_1_725' title='bbox 2993 3118 3008 3142; x_wconf 95' lang='lat'><strong>,</strong></span> <span class='ocrx_word' id='word_1_726' title='bbox 3041 3078 3345 3146; x_wconf 86' lang='lat' dir='ltr'><strong>scribisque</strong></span> <span class='ocrx_word' id='word_1_727' title='bbox 3371 3090 3436 3130; x_wconf 84' lang='lat' dir='ltr'><strong>ea</strong></span> <span class='ocrx_word' id='word_1_728' title='bbox 3467 3075 3523 3130; x_wconf 92' lang='lat' dir='ltr'><strong>in</strong></span> 
     </span>
    </p>
   </div>
   <div class='ocr_carea' id='block_1_90' title="bbox 1941 3167 3525 3239">
    <p class='ocr_par' dir='ltr' id='par_1_90' title="bbox 1941 3167 3525 3239">
     <span class='ocr_line' id='line_1_90' title="bbox 1941 3167 3525 3239; baseline -0.002 -16"><span class='ocrx_word' id='word_1_729' title='bbox 1941 3192 1959 3223; x_wconf 75' lang='grc' dir='ltr'><strong><em>ι</em></strong></span> <span class='ocrx_word' id='word_1_730' title='bbox 1998 3172 2182 3227; x_wconf 88' lang='lat' dir='ltr'><strong>limine</strong></span> <span class='ocrx_word' id='word_1_731' title='bbox 2215 3180 2271 3227; x_wconf 88' lang='lat' dir='ltr'><strong>et</strong></span> <span class='ocrx_word' id='word_1_732' title='bbox 2309 3172 2466 3225; x_wconf 90' lang='lat' dir='ltr'><strong>ostiis</strong></span> <span class='ocrx_word' id='word_1_733' title='bbox 2505 3171 2696 3225; x_wconf 84' lang='lat' dir='ltr'><strong>domus</strong></span> <span class='ocrx_word' id='word_1_734' title='bbox 2741 3178 2870 3232; x_wconf 75' lang='lat' dir='ltr'><strong>tum,</strong></span> <span class='ocrx_word' id='word_1_735' title='bbox 2900 3177 3003 3224; x_wconf 88' lang='lat' dir='ltr'><strong>etc.</strong></span> <span class='ocrx_word' id='word_1_736' title='bbox 3027 3189 3045 3221; x_wconf 76' lang='grc' dir='ltr'><strong>ι</strong></span> <span class='ocrx_word' id='word_1_737' title='bbox 3078 3169 3240 3224; x_wconf 88' lang='lat' dir='ltr'><strong>Istius</strong></span> <span class='ocrx_word' id='word_1_738' title='bbox 3264 3184 3396 3239; x_wconf 84' lang='lat' dir='ltr'><strong>ergo</strong></span> <span class='ocrx_word' id='word_1_739' title='bbox 3420 3167 3525 3221; x_wconf 85' lang='lat' dir='ltr'><strong>loci</strong></span> 
     </span>
    </p>
   </div>
   <div class='ocr_carea' id='block_1_91' title="bbox 1938 3262 3528 3331">
    <p class='ocr_par' dir='ltr' id='par_1_91' title="bbox 1938 3262 3528 3331">
     <span class='ocr_line' id='line_1_91' title="bbox 1938 3262 3528 3331; baseline -0.003 -14"><span class='ocrx_word' id='word_1_740' title='bbox 1938 3263 2059 3317; x_wconf 87' lang='lat' dir='ltr'><strong>talis</strong></span> <span class='ocrx_word' id='word_1_741' title='bbox 2087 3271 2169 3317; x_wconf 89' lang='lat' dir='ltr'><strong>est</strong></span> <span class='ocrx_word' id='word_1_742' title='bbox 2194 3279 2404 3318; x_wconf 89' lang='lat' dir='ltr'><strong>sensus.</strong></span> <span class='ocrx_word' id='word_1_743' title='bbox 2450 3263 2728 3331; x_wconf 70' lang='lat' dir='ltr'><strong>Prtccepta</strong></span> <span class='ocrx_word' id='word_1_744' title='bbox 2760 3277 2878 3316; x_wconf 89' lang='lat' dir='ltr'><strong>mea</strong></span> <span class='ocrx_word' id='word_1_745' title='bbox 2908 3262 3015 3315; x_wconf 88' lang='lat' dir='ltr'><strong>sint</strong></span> <span class='ocrx_word' id='word_1_746' title='bbox 3045 3262 3097 3316; x_wconf 90' lang='lat' dir='ltr'><strong>in</strong></span> <span class='ocrx_word' id='word_1_747' title='bbox 3130 3276 3295 3316; x_wconf 91' lang='lat' dir='ltr'><strong>manu</strong></span> <span class='ocrx_word' id='word_1_748' title='bbox 3327 3272 3437 3324; x_wconf 81' lang='lat' dir='ltr'><strong>tua,</strong></span> <span class='ocrx_word' id='word_1_749' title='bbox 3469 3267 3528 3315; x_wconf 89' lang='lat' dir='ltr'><strong>ut</strong></span> 
     </span>
    </p>
   </div>
   <div class='ocr_carea' id='block_1_92' title="bbox 1934 3352 3526 3426">
    <p class='ocr_par' dir='ltr' id='par_1_92' title="bbox 1934 3352 3526 3426">
     <span class='ocr_line' id='line_1_92' title="bbox 1934 3352 3526 3426; baseline -0.001 -18"><span class='ocrx_word' id='word_1_750' title='bbox 1934 3371 2099 3426; x_wconf 68' lang='lat' dir='ltr'><strong>apere</strong></span> <span class='ocrx_word' id='word_1_751' title='bbox 2138 3356 2537 3426; x_wconf 86' lang='lat' dir='ltr'><strong>compleantur,</strong></span> <span class='ocrx_word' id='word_1_752' title='bbox 2569 3354 2678 3409; x_wconf 88' lang='lat' dir='ltr'><strong>sint</strong></span> <span class='ocrx_word' id='word_1_753' title='bbox 2708 3362 2836 3407; x_wconf 86' lang='lat' dir='ltr'><strong>ante</strong></span> <span class='ocrx_word' id='word_1_754' title='bbox 2873 3352 3060 3408; x_wconf 84' lang='lat' dir='ltr'><strong>oculos</strong></span> <span class='ocrx_word' id='word_1_755' title='bbox 3109 3360 3231 3407; x_wconf 88' lang='lat' dir='ltr'><strong>tuos</strong></span> <span class='ocrx_word' id='word_1_756' title='bbox 3258 3361 3321 3407; x_wconf 91' lang='lat' dir='ltr'><strong>ut</strong></span> <span class='ocrx_word' id='word_1_757' title='bbox 3347 3352 3435 3407; x_wconf 91' lang='lat' dir='ltr'><strong>die</strong></span> <span class='ocrx_word' id='word_1_758' title='bbox 3460 3365 3526 3405; x_wconf 91' lang='lat' dir='ltr'><strong>ac</strong></span> 
     </span>
    </p>
   </div>
   <div class='ocr_carea' id='block_1_93' title="bbox 1935 3447 3528 3517">
    <p class='ocr_par' dir='ltr' id='par_1_93' title="bbox 1935 3447 3528 3517">
     <span class='ocr_line' id='line_1_93' title="bbox 1935 3447 3528 3517; baseline -0.003 -11"><span class='ocrx_word' id='word_1_759' title='bbox 1935 3460 2095 3506; x_wconf 84' lang='lat' dir='ltr'><strong>nocte</strong></span> <span class='ocrx_word' id='word_1_760' title='bbox 2124 3449 2408 3505; x_wconf 79' lang='lat' dir='ltr'><strong>mediteris</strong></span> <span class='ocrx_word' id='word_1_761' title='bbox 2432 3449 2485 3503; x_wconf 92' lang='lat' dir='ltr'><strong>in</strong></span> <span class='ocrx_word' id='word_1_762' title='bbox 2513 3449 2612 3502; x_wconf 89' lang='lat' dir='ltr'><strong>eis.</strong></span> <span class='ocrx_word' id='word_1_763' title='bbox 2654 3447 2781 3503; x_wconf 75' lang='lat' dir='ltr'><strong>llzec</strong></span> <span class='ocrx_word' id='word_1_764' title='bbox 2806 3448 3064 3503; x_wconf 69' lang='lat' dir='ltr'><strong>Pharisaei</strong></span> <span class='ocrx_word' id='word_1_765' title='bbox 3093 3448 3235 3503; x_wconf 90' lang='lat' dir='ltr'><strong>male</strong></span> <span class='ocrx_word' id='word_1_766' title='bbox 3263 3448 3528 3517; x_wconf 82' lang='lat' dir='ltr'><strong>interpre-</strong></span> 
     </span>
    </p>
   </div>
   <div class='ocr_carea' id='block_1_94' title="bbox 1940 3540 3528 3610">
    <p class='ocr_par' dir='ltr' id='par_1_94' title="bbox 1940 3540 3528 3610">
     <span class='ocr_line' id='line_1_94' title="bbox 1940 3540 3528 3610; baseline -0.001 -15"><span class='ocrx_word' id='word_1_767' title='bbox 1940 3551 2140 3604; x_wconf 89' lang='lat' dir='ltr'><strong>tantes,</strong></span> <span class='ocrx_word' id='word_1_768' title='bbox 2163 3548 2222 3594; x_wconf 91' lang='lat' dir='ltr'><strong>ut</strong></span> <span class='ocrx_word' id='word_1_769' title='bbox 2249 3540 2597 3610; x_wconf 84' lang='lat' dir='ltr'><strong>Evangelium</strong></span> <span class='ocrx_word' id='word_1_770' title='bbox 2622 3541 2778 3594; x_wconf 86' lang='lat' dir='ltr'><strong>testis</strong></span> <span class='ocrx_word' id='word_1_771' title='bbox 2804 3549 2909 3603; x_wconf 88' lang='lat' dir='ltr'><strong>est,</strong></span> <span class='ocrx_word' id='word_1_772' title='bbox 2933 3541 3244 3595; x_wconf 89' lang='lat' dir='ltr'><strong>scribebant</strong></span> <span class='ocrx_word' id='word_1_773' title='bbox 3273 3540 3325 3593; x_wconf 93' lang='lat' dir='ltr'><strong>in</strong></span> <span class='ocrx_word' id='word_1_774' title='bbox 3355 3555 3528 3594; x_wconf 86' lang='lat' dir='ltr'><strong>mem-</strong></span> 
     </span>
    </p>
   </div>
   <div class='ocr_carea' id='block_1_95' title="bbox 1936 3627 3517 3699">
    <p class='ocr_par' dir='ltr' id='par_1_95' title="bbox 1936 3627 3517 3699">
     <span class='ocr_line' id='line_1_95' title="bbox 1936 3627 3517 3699; baseline -0.003 -14"><span class='ocrx_word' id='word_1_775' title='bbox 1936 3629 2182 3685; x_wconf 86' lang='lat' dir='ltr'><strong>branulis</strong></span> <span class='ocrx_word' id='word_1_776' title='bbox 2204 3628 2519 3699; x_wconf 88' lang='lat' dir='ltr'><strong>deealogum</strong></span> <span class='ocrx_word' id='word_1_777' title='bbox 2544 3627 2733 3699; x_wconf 84' lang='lat' dir='ltr'><strong>Moysi,</strong></span> <span class='ocrx_word' id='word_1_778' title='bbox 2765 3628 2816 3682; x_wconf 86' lang='lat' dir='ltr'><strong>id</strong></span> <span class='ocrx_word' id='word_1_779' title='bbox 2844 3638 2929 3682; x_wconf 88' lang='lat' dir='ltr'><strong>est</strong></span> <span class='ocrx_word' id='word_1_780' title='bbox 2957 3628 3145 3683; x_wconf 86' lang='lat' dir='ltr'><strong>decem</strong></span> <span class='ocrx_word' id='word_1_781' title='bbox 3167 3630 3330 3682; x_wconf 87' lang='lat' dir='ltr'><strong>verba</strong></span> <span class='ocrx_word' id='word_1_782' title='bbox 3361 3629 3517 3699; x_wconf 82' lang='lat' dir='ltr'><strong>legis,</strong></span> 
     </span>
    </p>
   </div>
   <div class='ocr_carea' id='block_1_96' title="bbox 1936 3718 3526 3791">
    <p class='ocr_par' dir='ltr' id='par_1_96' title="bbox 1936 3718 3526 3791">
     <span class='ocr_line' id='line_1_96' title="bbox 1936 3718 3526 3791; baseline -0.002 -15"><span class='ocrx_word' id='word_1_783' title='bbox 1936 3730 1992 3776; x_wconf 90' lang='lat' dir='ltr'><strong>et</strong></span> <span class='ocrx_word' id='word_1_784' title='bbox 2021 3720 2410 3791; x_wconf 86' lang='lat' dir='ltr'><strong>complicantes</strong></span> <span class='ocrx_word' id='word_1_785' title='bbox 2440 3734 2503 3774; x_wconf 91' lang='lat' dir='ltr'><strong>ea</strong></span> <span class='ocrx_word' id='word_1_786' title='bbox 2526 3727 2582 3773; x_wconf 88' lang='lat' dir='ltr'><strong>et</strong></span> <span class='ocrx_word' id='word_1_787' title='bbox 2609 3718 2837 3789; x_wconf 86' lang='lat' dir='ltr'><strong>ligantes</strong></span> <span class='ocrx_word' id='word_1_788' title='bbox 2870 3733 2935 3773; x_wconf 92' lang='lat' dir='ltr'><strong>ca</strong></span> <span class='ocrx_word' id='word_1_789' title='bbox 2972 3719 3025 3773; x_wconf 93' lang='lat' dir='ltr'><strong>in</strong></span> <span class='ocrx_word' id='word_1_790' title='bbox 3058 3719 3257 3783; x_wconf 86' lang='lat' dir='ltr'><strong>fronte,</strong></span> <span class='ocrx_word' id='word_1_791' title='bbox 3289 3728 3344 3773; x_wconf 92' lang='lat' dir='ltr'><strong>et</strong></span> <span class='ocrx_word' id='word_1_792' title='bbox 3368 3720 3526 3789; x_wconf 84' lang='lat' dir='ltr'><strong>quasi</strong></span> 
     </span>
    </p>
   </div>
   <div class='ocr_carea' id='block_1_97' title="bbox 1937 3808 3526 3880">
    <p class='ocr_par' dir='ltr' id='par_1_97' title="bbox 1937 3808 3526 3880">
     <span class='ocr_line' id='line_1_97' title="bbox 1937 3808 3526 3880; baseline -0.003 -13"><span class='ocrx_word' id='word_1_793' title='bbox 1937 3826 2195 3868; x_wconf 88' lang='lat' dir='ltr'><strong>coronam</strong></span> <span class='ocrx_word' id='word_1_794' title='bbox 2226 3811 2386 3880; x_wconf 89' lang='lat' dir='ltr'><strong>capiti</strong></span> <span class='ocrx_word' id='word_1_795' title='bbox 2421 3808 2698 3873; x_wconf 88' lang='lat' dir='ltr'><strong>facientes,</strong></span> <span class='ocrx_word' id='word_1_796' title='bbox 2726 3817 2786 3862; x_wconf 89' lang='lat' dir='ltr'><strong>ut</strong></span> <span class='ocrx_word' id='word_1_797' title='bbox 2807 3824 3022 3880; x_wconf 89' lang='lat' dir='ltr'><strong>semper</strong></span> <span class='ocrx_word' id='word_1_798' title='bbox 3047 3819 3173 3865; x_wconf 88' lang='lat' dir='ltr'><strong>ante</strong></span> <span class='ocrx_word' id='word_1_799' title='bbox 3195 3808 3383 3864; x_wconf 89' lang='lat' dir='ltr'><strong>oculos</strong></span> <span class='ocrx_word' id='word_1_800' title='bbox 3409 3825 3526 3863; x_wconf 87' lang='lat' dir='ltr'><strong>mo-</strong></span> 
     </span>
    </p>
   </div>
   <div class='ocr_carea' id='block_1_98' title="bbox 1939 3897 3529 3969">
    <p class='ocr_par' dir='ltr' id='par_1_98' title="bbox 1939 3897 3529 3969">
     <span class='ocr_line' id='line_1_98' title="bbox 1939 3897 3529 3969; baseline -0.005 -12"><span class='ocrx_word' id='word_1_801' title='bbox 1939 3909 2186 3957; x_wconf 85' lang='lat' dir='ltr'><strong>veantur.</strong></span> <span class='ocrx_word' id='word_1_802' title='bbox 2218 3899 2373 3968; x_wconf 90' lang='lat' dir='ltr'><strong>Quod</strong></span> <span class='ocrx_word' id='word_1_803' title='bbox 2398 3914 2573 3969; x_wconf 87' lang='lat' dir='ltr'><strong>usque</strong></span> <span class='ocrx_word' id='word_1_804' title='bbox 2594 3899 2755 3954; x_wconf 88' lang='lat' dir='ltr'><strong>hodie</strong></span> <span class='ocrx_word' id='word_1_805' title='bbox 2779 3899 3061 3969; x_wconf 85' lang='lat' dir='ltr'><strong>Babylonii</strong></span> <span class='ocrx_word' id='word_1_806' title='bbox 3093 3899 3317 3962; x_wconf 89' lang='lat' dir='ltr'><strong>faciunt,</strong></span> <span class='ocrx_word' id='word_1_807' title='bbox 3349 3907 3405 3952; x_wconf 90' lang='lat' dir='ltr'><strong>et</strong></span> <span class='ocrx_word' id='word_1_808' title='bbox 3432 3897 3529 3968; x_wconf 86' lang='lat' dir='ltr'><strong>qui</strong></span> 
     </span>
    </p>
   </div>
   <div class='ocr_carea' id='block_1_99' title="bbox 1941 3987 3526 4059">
    <p class='ocr_par' dir='ltr' id='par_1_99' title="bbox 1941 3987 3526 4059">
     <span class='ocr_line' id='line_1_99' title="bbox 1941 3987 3526 4059; baseline -0.003 -15"><span class='ocrx_word' id='word_1_809' title='bbox 1941 3992 2044 4047; x_wconf 87' lang='lat' dir='ltr'><strong>hoc</strong></span> <span class='ocrx_word' id='word_1_810' title='bbox 2068 3990 2339 4049; x_wconf 86' lang='lat' dir='ltr'><strong>habuerit,</strong></span> <span class='ocrx_word' id='word_1_811' title='bbox 2367 3988 2523 4058; x_wconf 89' lang='lat' dir='ltr'><strong>quasi</strong></span> <span class='ocrx_word' id='word_1_812' title='bbox 2568 3988 2856 4058; x_wconf 86' lang='lat' dir='ltr'><strong>religiosus</strong></span> <span class='ocrx_word' id='word_1_813' title='bbox 2899 3988 2955 4042; x_wconf 91' lang='lat' dir='ltr'><strong>in</strong></span> <span class='ocrx_word' id='word_1_814' title='bbox 2985 3988 3196 4058; x_wconf 87' lang='lat' dir='ltr'><strong>populis</strong></span> <span class='ocrx_word' id='word_1_815' title='bbox 3230 3987 3526 4059; x_wconf 88' lang='lat' dir='ltr'><strong>indicatur.</strong></span> 
     </span>
    </p>
   </div>
   <div class='ocr_carea' id='block_1_100' title="bbox 1942 4074 3527 4153">
    <p class='ocr_par' dir='ltr' id='par_1_100' title="bbox 1942 4074 3527 4153">
     <span class='ocr_line' id='line_1_100' title="bbox 1942 4074 3527 4153; baseline -0.006 -15"><span class='ocrx_word' id='word_1_816' title='bbox 1942 4082 2080 4150; x_wconf 83' lang='lat' dir='ltr'><strong>Quia</strong></span> <span class='ocrx_word' id='word_1_817' title='bbox 2107 4096 2239 4153; x_wconf 88' lang='lat' dir='ltr'><strong>ergo</strong></span> <span class='ocrx_word' id='word_1_818' title='bbox 2262 4079 2525 4135; x_wconf 89' lang='lat' dir='ltr'><strong>Dominus</strong></span> <span class='ocrx_word' id='word_1_819' title='bbox 2554 4074 2976 4150; x_wconf 84' lang='lat' dir='ltr'><strong>disputationem</strong></span> <span class='ocrx_word' id='word_1_820' title='bbox 3001 4087 3194 4133; x_wconf 90' lang='lat' dir='ltr'><strong>contra</strong></span> <span class='ocrx_word' id='word_1_821' title='bbox 3221 4076 3527 4132; x_wconf 71' lang='lat' dir='ltr'><strong>Phariszeus</strong></span> 
     </span>
    </p>
   </div>
   <div class='ocr_carea' id='block_1_101' title="bbox 1942 4169 3529 4243">
    <p class='ocr_par' dir='ltr' id='par_1_101' title="bbox 1942 4169 3529 4243">
     <span class='ocr_line' id='line_1_101' title="bbox 1942 4169 3529 4243; baseline -0.006 -13"><span class='ocrx_word' id='word_1_822' title='bbox 1942 4177 2172 4239; x_wconf 84' lang='lat' dir='ltr'><strong>habens,</strong></span> <span class='ocrx_word' id='word_1_823' title='bbox 2209 4176 2422 4230; x_wconf 72' lang='lat' dir='ltr'><strong>dixerat</strong></span> <span class='ocrx_word' id='word_1_824' title='bbox 2456 4174 2523 4228; x_wconf 87' lang='lat' dir='ltr'><strong>ad</strong></span> <span class='ocrx_word' id='word_1_825' title='bbox 2553 4172 2845 4243; x_wconf 88' lang='lat' dir='ltr'><strong>discipulos</strong></span> <span class='ocrx_word' id='word_1_826' title='bbox 2882 4186 3048 4227; x_wconf 86' lang='lat' dir='ltr'><strong>suos:</strong></span> <span class='ocrx_word' id='word_1_827' title='bbox 3082 4188 3100 4220; x_wconf 73' lang='grc' dir='ltr'>ι</span> <span class='ocrx_word' id='word_1_828' title='bbox 3137 4169 3331 4225; x_wconf 89' lang='lat' dir='ltr'><strong>Omnia</strong></span> <span class='ocrx_word' id='word_1_829' title='bbox 3362 4181 3529 4235; x_wconf 83' lang='lat' dir='ltr'><strong>opera</strong></span> 
     </span>
    </p>
   </div>
   <div class='ocr_carea' id='block_1_102' title="bbox 1942 4258 3528 4332">
    <p class='ocr_par' dir='ltr' id='par_1_102' title="bbox 1942 4258 3528 4332">
     <span class='ocr_line' id='line_1_102' title="bbox 1942 4258 3528 4332; baseline -0.009 -9"><span class='ocrx_word' id='word_1_830' title='bbox 1942 4284 2041 4323; x_wconf 89' lang='lat' dir='ltr'><strong>sua</strong></span> <span class='ocrx_word' id='word_1_831' title='bbox 2065 4268 2288 4332; x_wconf 89' lang='lat' dir='ltr'><strong>faciunt,</strong></span> <span class='ocrx_word' id='word_1_832' title='bbox 2316 4275 2377 4321; x_wconf 93' lang='lat' dir='ltr'><strong>ut</strong></span> <span class='ocrx_word' id='word_1_833' title='bbox 2396 4266 2684 4321; x_wconf 88' lang='lat' dir='ltr'><strong>videantur</strong></span> <span class='ocrx_word' id='word_1_834' title='bbox 2706 4265 2776 4318; x_wconf 88' lang='lat' dir='ltr'><strong>ab</strong></span> <span class='ocrx_word' id='word_1_835' title='bbox 2796 4262 3125 4322; x_wconf 86' lang='lat' dir='ltr'><strong>hominibus,</strong></span> <span class='ocrx_word' id='word_1_836' title='bbox 3151 4278 3171 4310; x_wconf 76' lang='grc' dir='ltr'><strong>ι</strong></span> <span class='ocrx_word' id='word_1_837' title='bbox 3196 4258 3339 4328; x_wconf 91' lang='lat' dir='ltr'><strong>quod</strong></span> <span class='ocrx_word' id='word_1_838' title='bbox 3364 4272 3528 4327; x_wconf 89' lang='lat' dir='ltr'><strong>gene-</strong></span> 
     </span>
    </p>
   </div>
   <div class='ocr_carea' id='block_1_103' title="bbox 1862 4349 3525 4429">
    <p class='ocr_par' dir='ltr' id='par_1_103' title="bbox 1862 4349 3525 4429">
     <span class='ocr_line' id='line_1_103' title="bbox 1862 4349 3525 4429; baseline -0.007 -15"><span class='ocrx_word' id='word_1_839' title='bbox 1862 4370 1915 4429; x_wconf 71' lang='grc' dir='ltr'><strong>ι)</strong></span> <span class='ocrx_word' id='word_1_840' title='bbox 1944 4360 2130 4415; x_wconf 88' lang='lat' dir='ltr'><strong>raliter</strong></span> <span class='ocrx_word' id='word_1_841' title='bbox 2173 4366 2546 4421; x_wconf 88' lang='lat' dir='ltr'><strong>accusaverat,</strong></span> <span class='ocrx_word' id='word_1_842' title='bbox 2597 4371 2743 4410; x_wconf 91' lang='lat' dir='ltr'><strong>nunc</strong></span> <span class='ocrx_word' id='word_1_843' title='bbox 2796 4355 2850 4409; x_wconf 92' lang='lat' dir='ltr'><strong>in</strong></span> <span class='ocrx_word' id='word_1_844' title='bbox 2898 4362 3081 4423; x_wconf 85' lang='lat' dir='ltr'><strong>partes</strong></span> <span class='ocrx_word' id='word_1_845' title='bbox 3121 4351 3332 4406; x_wconf 81' lang='lat' dir='ltr'><strong>dividit.</strong></span> <span class='ocrx_word' id='word_1_846' title='bbox 3387 4349 3525 4403; x_wconf 87' lang='lat' dir='ltr'><strong>Puta</strong></span> 
     </span>
    </p>
   </div>
   <div class='ocr_carea' id='block_1_104' title="bbox 1943 4441 3530 4518">
    <p class='ocr_par' dir='ltr' id='par_1_104' title="bbox 1943 4441 3530 4518">
     <span class='ocr_line' id='line_1_104' title="bbox 1943 4441 3530 4518; baseline -0.006 -13"><span class='ocrx_word' id='word_1_847' title='bbox 1943 4450 2096 4513; x_wconf 89' lang='lat' dir='ltr'><strong>scioli</strong></span> <span class='ocrx_word' id='word_1_848' title='bbox 2130 4448 2389 4518; x_wconf 87' lang='lat' dir='ltr'><strong>decalogi,</strong></span> <span class='ocrx_word' id='word_1_849' title='bbox 2423 4446 2765 4518; x_wconf 88' lang='lat' dir='ltr'><strong>phylacteria</strong></span> <span class='ocrx_word' id='word_1_850' title='bbox 2796 4446 3062 4500; x_wconf 85' lang='lat' dir='ltr'><strong>vocabant</strong></span> <span class='ocrx_word' id='word_1_851' title='bbox 3088 4462 3101 4498; x_wconf 89' lang='lat'><strong>:</strong></span> <span class='ocrx_word' id='word_1_852' title='bbox 3124 4443 3266 4511; x_wconf 87' lang='lat' dir='ltr'><strong>quod</strong></span> <span class='ocrx_word' id='word_1_853' title='bbox 3296 4441 3530 4511; x_wconf 87' lang='lat' dir='ltr'><strong>quicun-</strong></span> 
     </span>
    </p>
   </div>
   <div class='ocr_carea' id='block_1_105' title="bbox 1942 4533 3531 4610">
    <p class='ocr_par' dir='ltr' id='par_1_105' title="bbox 1942 4533 3531 4610">
     <span class='ocr_line' id='line_1_105' title="bbox 1942 4533 3531 4610; baseline -0.006 -15"><span class='ocrx_word' id='word_1_854' title='bbox 1942 4555 2048 4610; x_wconf 89' lang='lat' dir='ltr'><strong>que</strong></span> <span class='ocrx_word' id='word_1_855' title='bbox 2077 4539 2391 4594; x_wconf 86' lang='lat' dir='ltr'><strong>habuissent</strong></span> <span class='ocrx_word' id='word_1_856' title='bbox 2420 4553 2504 4602; x_wconf 90' lang='lat' dir='ltr'><strong>ea,</strong></span> <span class='ocrx_word' id='word_1_857' title='bbox 2537 4536 2690 4607; x_wconf 89' lang='lat' dir='ltr'><strong>quasi</strong></span> <span class='ocrx_word' id='word_1_858' title='bbox 2719 4536 2785 4590; x_wconf 92' lang='lat' dir='ltr'><strong>ad</strong></span> <span class='ocrx_word' id='word_1_859' title='bbox 2828 4533 3128 4591; x_wconf 89' lang='lat' dir='ltr'><strong>custodiam</strong></span> <span class='ocrx_word' id='word_1_860' title='bbox 3156 4540 3209 4587; x_wconf 92' lang='lat' dir='ltr'><strong>et</strong></span> <span class='ocrx_word' id='word_1_861' title='bbox 3231 4533 3531 4586; x_wconf 69' lang='lat' dir='ltr'><strong>nutrimen-</strong></span> 
     </span>
    </p>
   </div>
   <div class='ocr_carea' id='block_1_106' title="bbox 1946 4624 3529 4695">
    <p class='ocr_par' dir='ltr' id='par_1_106' title="bbox 1946 4624 3529 4695">
     <span class='ocr_line' id='line_1_106' title="bbox 1946 4624 3529 4695; baseline -0.005 -10"><span class='ocrx_word' id='word_1_862' title='bbox 1946 4639 2059 4685; x_wconf 93' lang='lat' dir='ltr'><strong>tum</strong></span> <span class='ocrx_word' id='word_1_863' title='bbox 2102 4631 2185 4685; x_wconf 90' lang='lat' dir='ltr'><strong>sui</strong></span> <span class='ocrx_word' id='word_1_864' title='bbox 2240 4628 2554 4695; x_wconf 89' lang='lat' dir='ltr'><strong>habuerint,</strong></span> <span class='ocrx_word' id='word_1_865' title='bbox 2584 4626 2879 4682; x_wconf 65' lang='lat' dir='ltr'><strong>Pharisalis</strong></span> <span class='ocrx_word' id='word_1_866' title='bbox 2929 4641 3033 4680; x_wconf 91' lang='lat' dir='ltr'><strong>non</strong></span> <span class='ocrx_word' id='word_1_867' title='bbox 3079 4624 3529 4693; x_wconf 83' lang='lat' dir='ltr'><strong>intelligentibus,</strong></span> 
     </span>
    </p>
   </div>
   <div class='ocr_carea' id='block_1_107' title="bbox 1946 4715 3527 4791">
    <p class='ocr_par' dir='ltr' id='par_1_107' title="bbox 1946 4715 3527 4791">
     <span class='ocr_line' id='line_1_107' title="bbox 1946 4715 3527 4791; baseline -0.004 -16"><span class='ocrx_word' id='word_1_868' title='bbox 1946 4720 2088 4791; x_wconf 90' lang='lat' dir='ltr'><strong>quod</strong></span> <span class='ocrx_word' id='word_1_869' title='bbox 2134 4722 2250 4776; x_wconf 72' lang='lat' dir='ltr'><strong>hzee</strong></span> <span class='ocrx_word' id='word_1_870' title='bbox 2283 4720 2335 4774; x_wconf 93' lang='lat' dir='ltr'><strong>in</strong></span> <span class='ocrx_word' id='word_1_871' title='bbox 2377 4719 2540 4774; x_wconf 89' lang='lat' dir='ltr'><strong>corde</strong></span> <span class='ocrx_word' id='word_1_872' title='bbox 2586 4718 2854 4789; x_wconf 86' lang='lat' dir='ltr'><strong>portanda</strong></span> <span class='ocrx_word' id='word_1_873' title='bbox 2886 4716 3017 4781; x_wconf 92' lang='lat' dir='ltr'><strong>sint,</strong></span> <span class='ocrx_word' id='word_1_874' title='bbox 3055 4731 3162 4770; x_wconf 90' lang='lat' dir='ltr'><strong>non</strong></span> <span class='ocrx_word' id='word_1_875' title='bbox 3195 4715 3248 4770; x_wconf 91' lang='lat' dir='ltr'><strong>in</strong></span> <span class='ocrx_word' id='word_1_876' title='bbox 3276 4727 3527 4785; x_wconf 87' lang='lat' dir='ltr'><strong>corpore.</strong></span> 
     </span>
    </p>
   </div>
   <div class='ocr_carea' id='block_1_108' title="bbox 1944 4805 3532 4881">
    <p class='ocr_par' dir='ltr' id='par_1_108' title="bbox 1944 4805 3532 4881">
     <span class='ocr_line' id='line_1_108' title="bbox 1944 4805 3532 4881; baseline -0.002 -17"><span class='ocrx_word' id='word_1_877' title='bbox 1944 4810 2198 4881; x_wconf 87' lang='lat' dir='ltr'><strong>Alioquin</strong></span> <span class='ocrx_word' id='word_1_878' title='bbox 2243 4819 2300 4865; x_wconf 87' lang='lat' dir='ltr'><strong>et</strong></span> <span class='ocrx_word' id='word_1_879' title='bbox 2333 4810 2569 4865; x_wconf 81' lang='lat' dir='ltr'><strong>armaria</strong></span> <span class='ocrx_word' id='word_1_880' title='bbox 2616 4817 2671 4864; x_wconf 88' lang='lat' dir='ltr'><strong>et</strong></span> <span class='ocrx_word' id='word_1_881' title='bbox 2704 4822 2846 4864; x_wconf 68' lang='lat' dir='ltr'><strong>arcte</strong></span> <span class='ocrx_word' id='word_1_882' title='bbox 2886 4808 3088 4862; x_wconf 88' lang='lat' dir='ltr'><strong>habent</strong></span> <span class='ocrx_word' id='word_1_883' title='bbox 3130 4806 3323 4872; x_wconf 88' lang='lat' dir='ltr'><strong>libros,</strong></span> <span class='ocrx_word' id='word_1_884' title='bbox 3354 4815 3409 4861; x_wconf 90' lang='lat' dir='ltr'><strong>et</strong></span> <span class='ocrx_word' id='word_1_885' title='bbox 3432 4805 3532 4861; x_wconf 82' lang='lat' dir='ltr'><strong>Dei</strong></span> 
     </span>
    </p>
   </div>
   <div class='ocr_carea' id='block_1_109' title="bbox 1947 4903 2578 4961">
    <p class='ocr_par' dir='ltr' id='par_1_109' title="bbox 1947 4903 2578 4961">
     <span class='ocr_line' id='line_1_109' title="bbox 1947 4903 2578 4961; baseline -0.003 -2"><span class='ocrx_word' id='word_1_886' title='bbox 1947 4904 2196 4961; x_wconf 86' lang='lat' dir='ltr'><strong>notitiam</strong></span> <span class='ocrx_word' id='word_1_887' title='bbox 2225 4918 2331 4959; x_wconf 92' lang='lat' dir='ltr'><strong>non</strong></span> <span class='ocrx_word' id='word_1_888' title='bbox 2357 4903 2578 4958; x_wconf 88' lang='lat' dir='ltr'><strong>habent.</strong></span> 
     </span>
    </p>
   </div>
   <div class='ocr_carea' id='block_1_110' title="bbox 2024 4988 3531 5061">
    <p class='ocr_par' dir='ltr' id='par_1_110' title="bbox 2024 4988 3531 5061">
     <span class='ocr_line' id='line_1_110' title="bbox 2024 4988 3531 5061; baseline -0.002 -16"><span class='ocrx_word' id='word_1_889' title='bbox 2024 5013 2043 5045; x_wconf 74' lang='grc' dir='ltr'>ι</span> <span class='ocrx_word' id='word_1_890' title='bbox 2080 4994 2369 5049; x_wconf 86' lang='lat' dir='ltr'><strong>Dominum</strong></span> <span class='ocrx_word' id='word_1_891' title='bbox 2410 4992 2581 5048; x_wconf 90' lang='lat' dir='ltr'><strong>Deum</strong></span> <span class='ocrx_word' id='word_1_892' title='bbox 2617 5002 2769 5047; x_wconf 88' lang='lat' dir='ltr'><strong>tuum</strong></span> <span class='ocrx_word' id='word_1_893' title='bbox 2800 4992 3046 5056; x_wconf 84' lang='lat' dir='ltr'><strong>timebis,</strong></span> <span class='ocrx_word' id='word_1_894' title='bbox 3076 4999 3133 5046; x_wconf 90' lang='lat' dir='ltr'><strong>et</strong></span> <span class='ocrx_word' id='word_1_895' title='bbox 3168 4990 3269 5061; x_wconf 91' lang='lat' dir='ltr'><strong>ipsi</strong></span> <span class='ocrx_word' id='word_1_896' title='bbox 3301 4988 3531 5049; x_wconf 77' lang='lat' dir='ltr'><strong>servies.</strong></span> 
     </span>
    </p>
   </div>
   <div class='ocr_carea' id='block_1_111' title="bbox 1952 5078 3532 5157">
    <p class='ocr_par' dir='ltr' id='par_1_111' title="bbox 1952 5078 3532 5157">
     <span class='ocr_line' id='line_1_111' title="bbox 1952 5078 3532 5157; baseline -0.005 -18"><span class='ocrx_word' id='word_1_897' title='bbox 1952 5105 1972 5139; x_wconf 82' lang='grc'><em>‹</em></span> <span class='ocrx_word' id='word_1_898' title='bbox 1993 5102 2058 5142; x_wconf 87' lang='lat' dir='ltr'><strong>ac</strong></span> <span class='ocrx_word' id='word_1_899' title='bbox 2077 5100 2175 5156; x_wconf 88' lang='lat' dir='ltr'><strong>per</strong></span> <span class='ocrx_word' id='word_1_900' title='bbox 2206 5100 2403 5141; x_wconf 88' lang='lat' dir='ltr'><strong>nomen</strong></span> <span class='ocrx_word' id='word_1_901' title='bbox 2425 5085 2570 5140; x_wconf 87' lang='lat' dir='ltr'><strong>illius</strong></span> <span class='ocrx_word' id='word_1_902' title='bbox 2584 5085 2815 5157; x_wconf 88' lang='lat' dir='ltr'><strong>iurabis,</strong></span> <span class='ocrx_word' id='word_1_903' title='bbox 2838 5093 2893 5139; x_wconf 90' lang='lat' dir='ltr'><strong>et</strong></span> <span class='ocrx_word' id='word_1_904' title='bbox 2915 5083 3140 5153; x_wconf 84' lang='lat' dir='ltr'><strong>reliqua.</strong></span> <span class='ocrx_word' id='word_1_905' title='bbox 3158 5078 3343 5149; x_wconf 66' lang='lat' dir='ltr'><strong>bQuod</strong></span> <span class='ocrx_word' id='word_1_906' title='bbox 3369 5080 3443 5132; x_wconf 90' lang='lat' dir='ltr'><strong>ait</strong></span> <span class='ocrx_word' id='word_1_907' title='bbox 3464 5078 3532 5132; x_wconf 87' lang='lat' dir='ltr'><strong>de</strong></span> 
     </span>
    </p>
   </div>
   <div class='ocr_carea' id='block_1_112' title="bbox 1950 5169 3533 5245">
    <p class='ocr_par' dir='ltr' id='par_1_112' title="bbox 1950 5169 3533 5245">
     <span class='ocr_line' id='line_1_112' title="bbox 1950 5169 3533 5245; baseline -0.01 -13"><span class='ocrx_word' id='word_1_908' title='bbox 1950 5176 2200 5241; x_wconf 88' lang='lat' dir='ltr'><strong>Domino,</strong></span> <span class='ocrx_word' id='word_1_909' title='bbox 2231 5195 2249 5227; x_wconf 72' lang='grc' dir='ltr'>ι</span> <span class='ocrx_word' id='word_1_910' title='bbox 2278 5176 2346 5230; x_wconf 86' lang='lat' dir='ltr'><strong>Et</strong></span> <span class='ocrx_word' id='word_1_911' title='bbox 2370 5177 2422 5231; x_wconf 92' lang='lat' dir='ltr'><strong>in</strong></span> <span class='ocrx_word' id='word_1_912' title='bbox 2453 5176 2672 5231; x_wconf 87' lang='lat' dir='ltr'><strong>nomine</strong></span> <span class='ocrx_word' id='word_1_913' title='bbox 2695 5173 2814 5245; x_wconf 85' lang='lat' dir='ltr'><strong>eius</strong></span> <span class='ocrx_word' id='word_1_914' title='bbox 2835 5173 3067 5244; x_wconf 90' lang='lat' dir='ltr'><strong>iurabis,</strong></span> <span class='ocrx_word' id='word_1_915' title='bbox 3101 5190 3120 5225; x_wconf 74' lang='grc' dir='ltr'><strong><em>ι</em></strong></span> <span class='ocrx_word' id='word_1_916' title='bbox 3155 5185 3260 5226; x_wconf 91' lang='lat' dir='ltr'><strong>non</strong></span> <span class='ocrx_word' id='word_1_917' title='bbox 3290 5169 3366 5221; x_wconf 92' lang='lat' dir='ltr'><strong>ita</strong></span> <span class='ocrx_word' id='word_1_918' title='bbox 3394 5179 3533 5234; x_wconf 73' lang='lat' dir='ltr'><strong>pra:—</strong></span> 
     </span>
    </p>
   </div>
   <div class='ocr_carea' id='block_1_113' title="bbox 1950 5251 3532 5338">
    <p class='ocr_par' dir='ltr' id='par_1_113' title="bbox 1950 5251 3532 5338">
     <span class='ocr_line' id='line_1_113' title="bbox 1950 5251 3532 5338; baseline -0.013 -13"><span class='ocrx_word' id='word_1_919' title='bbox 1950 5277 2167 5338; x_wconf 88' lang='lat' dir='ltr'><strong>ceptum</strong></span> <span class='ocrx_word' id='word_1_920' title='bbox 2198 5266 2571 5338; x_wconf 89' lang='lat' dir='ltr'><strong>accipiendum</strong></span> <span class='ocrx_word' id='word_1_921' title='bbox 2602 5275 2706 5331; x_wconf 91' lang='lat' dir='ltr'><strong>est,</strong></span> <span class='ocrx_word' id='word_1_922' title='bbox 2732 5265 2887 5336; x_wconf 87' lang='lat' dir='ltr'><strong>quasi</strong></span> <span class='ocrx_word' id='word_1_923' title='bbox 2929 5263 3118 5333; x_wconf 84' lang='lat' dir='ltr'><strong>iurare</strong></span> <span class='ocrx_word' id='word_1_924' title='bbox 3155 5257 3400 5329; x_wconf 84' lang='lat' dir='ltr'><strong>jusserit,</strong></span> <span class='ocrx_word' id='word_1_925' title='bbox 3433 5251 3532 5307; x_wconf 75' lang='lat' dir='ltr'><strong>sed</strong></span> 
     </span>
    </p>
   </div>
   <div class='ocr_carea' id='block_1_114' title="bbox 1950 5342 3525 5425">
    <p class='ocr_par' dir='ltr' id='par_1_114' title="bbox 1950 5342 3525 5425">
     <span class='ocr_line' id='line_1_114' title="bbox 1950 5342 3525 5425; baseline -0.011 -12"><span class='ocrx_word' id='word_1_926' title='bbox 1950 5359 2004 5414; x_wconf 91' lang='lat' dir='ltr'><strong>in</strong></span> <span class='ocrx_word' id='word_1_927' title='bbox 2046 5357 2272 5413; x_wconf 86' lang='lat' dir='ltr'><strong>alterius</strong></span> <span class='ocrx_word' id='word_1_928' title='bbox 2318 5354 2546 5425; x_wconf 88' lang='lat' dir='ltr'><strong>alicuius</strong></span> <span class='ocrx_word' id='word_1_929' title='bbox 2593 5356 2688 5412; x_wconf 88' lang='lat' dir='ltr'><strong>Dei</strong></span> <span class='ocrx_word' id='word_1_930' title='bbox 2734 5356 2953 5411; x_wconf 89' lang='lat' dir='ltr'><strong>nomine</strong></span> <span class='ocrx_word' id='word_1_931' title='bbox 2994 5352 3185 5422; x_wconf 87' lang='lat' dir='ltr'><strong>iurare</strong></span> <span class='ocrx_word' id='word_1_932' title='bbox 3230 5342 3525 5417; x_wconf 80' lang='lat' dir='ltr'><strong>prohibuit.</strong></span> 
     </span>
    </p>
   </div>
   <div class='ocr_carea' id='block_1_115' title="bbox 1951 5433 3534 5515">
    <p class='ocr_par' dir='ltr' id='par_1_115' title="bbox 1951 5433 3534 5515">
     <span class='ocr_line' id='line_1_115' title="bbox 1951 5433 3534 5515; baseline -0.012 -10"><span class='ocrx_word' id='word_1_933' title='bbox 1951 5450 2140 5505; x_wconf 81' lang='lat' dir='ltr'><strong>Melius</strong></span> <span class='ocrx_word' id='word_1_934' title='bbox 2165 5458 2347 5504; x_wconf 90' lang='lat' dir='ltr'><strong>autem</strong></span> <span class='ocrx_word' id='word_1_935' title='bbox 2378 5450 2457 5514; x_wconf 85' lang='lat' dir='ltr'><strong>ﬁt,</strong></span> <span class='ocrx_word' id='word_1_936' title='bbox 2487 5448 2531 5503; x_wconf 89' lang='lat' dir='ltr'><strong>si</strong></span> <span class='ocrx_word' id='word_1_937' title='bbox 2560 5447 2856 5503; x_wconf 89' lang='lat' dir='ltr'><strong>secundum</strong></span> <span class='ocrx_word' id='word_1_938' title='bbox 2883 5443 3231 5515; x_wconf 81' lang='lat' dir='ltr'><strong>Evangelium</strong></span> <span class='ocrx_word' id='word_1_939' title='bbox 3252 5451 3359 5492; x_wconf 92' lang='lat' dir='ltr'><strong>non</strong></span> <span class='ocrx_word' id='word_1_940' title='bbox 3382 5433 3534 5503; x_wconf 86' lang='lat' dir='ltr'><strong>iura-</strong></span> 
     </span>
    </p>
   </div>
   <div class='ocr_carea' id='block_1_116' title="bbox 1951 5523 3536 5611">
    <p class='ocr_par' dir='ltr' id='par_1_116' title="bbox 1951 5523 3536 5611">
     <span class='ocr_line' id='line_1_116' title="bbox 1951 5523 3536 5611; baseline -0.015 -14"><span class='ocrx_word' id='word_1_941' title='bbox 1951 5542 2117 5598; x_wconf 84' lang='lat' dir='ltr'><strong>veris.</strong></span> <span class='ocrx_word' id='word_1_942' title='bbox 2148 5539 2264 5597; x_wconf 82' lang='lat' dir='ltr'><strong>Non</strong></span> <span class='ocrx_word' id='word_1_943' title='bbox 2293 5539 2420 5611; x_wconf 89' lang='lat' dir='ltr'><strong>quia</strong></span> <span class='ocrx_word' id='word_1_944' title='bbox 2447 5536 2589 5593; x_wconf 88' lang='lat' dir='ltr'><strong>mala</strong></span> <span class='ocrx_word' id='word_1_945' title='bbox 2614 5545 2700 5591; x_wconf 89' lang='lat' dir='ltr'><strong>est</strong></span> <span class='ocrx_word' id='word_1_946' title='bbox 2716 5533 2922 5604; x_wconf 88' lang='lat' dir='ltr'><strong>iuratio</strong></span> <span class='ocrx_word' id='word_1_947' title='bbox 2944 5547 3097 5597; x_wconf 90' lang='lat' dir='ltr'><strong>vera,</strong></span> <span class='ocrx_word' id='word_1_948' title='bbox 3122 5528 3216 5585; x_wconf 87' lang='lat' dir='ltr'><strong>sed</strong></span> <span class='ocrx_word' id='word_1_949' title='bbox 3242 5539 3311 5582; x_wconf 88' lang='lat' dir='ltr'><strong>ne</strong></span> <span class='ocrx_word' id='word_1_950' title='bbox 3335 5523 3390 5578; x_wconf 90' lang='lat' dir='ltr'><strong>in</strong></span> <span class='ocrx_word' id='word_1_951' title='bbox 3412 5536 3536 5593; x_wconf 82' lang='lat' dir='ltr'><strong>per-</strong></span> 
     </span>
    </p>
   </div>
   <div class='ocr_carea' id='block_1_117' title="bbox 1947 5612 3536 5708">
    <p class='ocr_par' dir='ltr' id='par_1_117' title="bbox 1947 5612 3536 5708">
     <span class='ocr_line' id='line_1_117' title="bbox 1947 5612 3536 5708; baseline -0.016 -16"><span class='ocrx_word' id='word_1_952' title='bbox 1947 5635 2153 5708; x_wconf 87' lang='lat' dir='ltr'><strong>iurium</strong></span> <span class='ocrx_word' id='word_1_953' title='bbox 2200 5620 2473 5689; x_wconf 86' lang='lat' dir='ltr'><strong>incidatur</strong></span> <span class='ocrx_word' id='word_1_954' title='bbox 2503 5626 2763 5683; x_wconf 84' lang='lat' dir='ltr'><strong>facilitate</strong></span> <span class='ocrx_word' id='word_1_955' title='bbox 2787 5623 3025 5695; x_wconf 87' lang='lat' dir='ltr'><strong>iurandi.</strong></span> <span class='ocrx_word' id='word_1_956' title='bbox 3061 5618 3163 5688; x_wconf 85' lang='lat' dir='ltr'><strong>Qui</strong></span> <span class='ocrx_word' id='word_1_957' title='bbox 3193 5616 3340 5675; x_wconf 82' lang='lat' dir='ltr'><strong>enim</strong></span> <span class='ocrx_word' id='word_1_958' title='bbox 3360 5612 3536 5686; x_wconf 79' lang='lat' dir='ltr'><strong>iurat,</strong></span> 
     </span>
    </p>
   </div>
  </div>
