3964 6192
474 210 580 295 ss“:

1116 228 1180 283 Β.
1224 225 1477 282 RAIiA'Nl
1517 224 1735 281 ltIAUlII
1777 223 2092 278 ARCIIIEP.
2136 221 2447 279 MOGUNT.
2490 219 2776 277 OPERUM
2818 219 2996 276 PARS
3034 220 3073 274 I.
3629 222 3715 279 83$

475 362 585 405 non
626 343 802 401 solum
830 356 1041 408 verum,
1075 341 1170 396 sed
1198 341 1362 395 etiam
1394 338 1587 393 falsum
1635 344 1812 408 potest
1848 335 2055 405 jurare.
2091 346 2136 405 Α
2166 337 2433 401 vastabat,
2468 334 2658 406 incipit
2693 334 2945 393 excolere
2975 332 3269 388 humilitas.
3312 332 3380 387 Et
3419 333 3489 387 ita
3523 337 3721 408 singulis

474 440 580 510 Qui
610 449 791 494 autem
828 427 1049 493 omnino
1088 451 1195 489 non
1223 434 1394 505 jurat,
1426 448 1455 486 ει
1481 428 1721 501 perjurio
1752 431 1908 500 longe
1938 444 2058 483 am-

474 531 644 587 bulat.

1066 612 1291 669 CAPUT
1329 611 1464 667 XIII.

476 713 556 767 De
587 709 854 782 ejiciendis
881 716 1072 782 septem
1116 705 1353 782 gentibus
1382 703 1803 782 Chananmorum
1834 703 1897 782 {te
1920 711 2060 755 terra

624 772 1058 849 repromissionis,
1088 772 1150 829 ac
1187 776 1447 844 paulatim
1483 772 1914 827 commimwndis.

553 894 703 967 (Car.
733 893 854 961 vti.)
896 909 911 940 ι
941 889 1074 944 Cum
1109 886 1469 942 introduxerit
1520 894 1572 940 te
1616 884 1875 938 Dominus
1919 882 2062 937 Deus

486 1002 506 1035 α
541 993 662 1037 tuus
704 983 756 1037 iu
806 989 1005 1034 terram
1036 994 1196 1048 quam
1244 991 1595 1047 possessurus
1640 975 1980 1045 ingredieris,
2008 983 2065 1028 et

485 1094 504 1127 ‹
543 1074 797 1131 delcverit
816 1081 1000 1141 gentes
1019 1070 1213 1124 multas
1231 1084 1413 1122 coram
1433 1077 1504 1133 te,
1524 1068 1784 1126 Ethzeum,
1802 1072 1855 1118 et
1870 1064 2068 1133 Gerge-

486 1185 503 1218 ι
543 1183 727 1227 δίευιιι,
747 1174 799 1219 et
815 1164 1208 1223 Amorrhmttm,
1227 1158 1606 1223 Chananaium,
1625 1168 1675 1211 et
1694 1157 2060 1217 l’ltet‘ezmum,

487 1281 504 1312 ι
552 1270 606 1314 ct
634 1259 946 1318 Evzrutn,ct
967 1254 1288 1308 .Iehusa-um.
1309 1260 1513 1319 septem
1540 1259 1729 1319 gentes
1757 1248 1924 1302 multo
1944 1263 2051 1299 nta-

492 1370 510 1400 (
545 1350 681 1417 joris
707 1347 916 1401 numeri
945 1361 1104 1414 quam
1137 1355 1189 1397 tu
1223 1359 1301 1408 es,
1334 1353 1387 1395 et
1430 1341 1765 1395 robustiores
1797 1349 1865 1403 te,
1900 1338 2065 1391 tradi-

486 1461 502 1492 ι
541 1441 787 1508 det-itque
815 1453 908 1492 eas
937 1437 1194 1491 Dominus
1224 1435 1364 1487 Deus
1396 1442 1515 1486 tuus
1544 1432 1658 1493 tibi,
1680 1431 1949 1501 percuties
1973 1444 2065 1482 eas

484 1551 502 1583 ι
540 1545 707 1599 usque
736 1529 802 1581 ad
826 1527 1269 1581 internecionem.
1297 1524 1410 1577 Non
1435 1524 1525 1577 inii
1550 1525 1592 1577 is
1615 1538 1738 1576 cum
1765 1522 1843 1575 eis
1871 1520 2061 1579 fwdus,

486 1638 504 1668 ι
545 1632 642 1673 nec
688 1616 1033 1671 misereberis
1062 1628 1270 1669 carum.
1301 1633 1319 1665 ι
1358 1614 1576 1680 Septem
1622 1612 1737 1665 ista:
1768 1618 1955 1680 gentes
1982 1624 2069 1663 se-

483 1720 627 1781 ptem
660 1718 787 1763 sunt
827 1708 1145 1778 principalia
1194 1705 1346 1767 vitia,
1378 1720 1497 1773 qum
1542 1718 1640 1772 per
1688 1703 1921 1772 gratiam
1969 1700 2062 1753 Dei
2096 1700 2139 1758 Β

480 1799 850 1869 unusquisque
872 1795 1132 1865 spiritalis
1154 1795 1307 1849 miles
1328 1807 1680 1862 exsuperans,
1695 1790 2064 1845 exterminare

479 1889 698 1959 penitus
721 1889 1060 1942 admonetur.
1100 1886 1253 1952 Quod
1292 1900 1420 1939 vero
1458 1883 1678 1952 majoris
1708 1883 1917 1938 numeri
1944 1898 2063 1937 esse

482 1979 754 2043 dicuntur,
782 1978 896 2030 lucc
930 1977 1065 2029 ratio
1095 1985 1178 2029 est
1208 1976 1334 2045 quia
1380 1974 1533 2044 plura
1562 1983 1688 2028 sunt
1723 1973 1852 2027 vitia
1901 1986 2062 2042 quam

480 2068 730 2121 virtutes.
764 2067 830 2120 Et
876 2066 996 2121 ideo
1030 2066 1248 2135 quidem
1277 2065 1330 2118 in
1378 2065 1624 2135 catalogo
1654 2065 2066 2119 dinumerantur

480 2165 686 2225 septem
715 2155 963 2209 nationes
990 2172 1002 2207 :
1032 2154 1085 2207 in
1114 2153 1511 2224 expugnatione
1538 2166 1667 2208 vero
1697 2167 1915 2216 earum,
1947 2154 2067 2207 sine

482 2247 693 2302 numeri
721 2246 1049 2315 ascriptione
1084 2254 1378 2316 ponuntur.
1411 2243 1486 2298 Ita
1514 2245 1658 2299 enim
1690 2244 1924 2298 dicitur:
1954 2261 1973 2293 ι
2001 2243 2069 2297 Et

482 2338 739 2394 deleverit
774 2346 961 2407 gentes
1002 2337 1203 2391 multas
1227 2350 1410 2390 coram
1447 2344 1518 2389 te.
1549 2354 1569 2387 ι
1604 2333 1956 2388 Numerosior
1983 2342 2068 2389 est

485 2426 630 2482 enim
654 2441 816 2496 quam
843 2425 1009 2480 Israel
1032 2426 1329 2479 carnalium
1361 2425 1672 2494 passionum
1698 2424 1948 2493 populus,
1974 2423 2065 2492 qui

483 2518 551 2572 de
576 2517 679 2571 hoc
709 2516 1018 2587 septenario
1055 2515 1243 2570 fomite
1289 2516 1542 2569 vitiorum
1571 2528 1636 2567 ac
1670 2514 1852 2568 radice
1875 2525 2068 2582 proce-

484 2607 584 2662 dit.
631 2608 707 2662 De
730 2607 1109 2676 gastrimargia
1141 2620 1373 2674 namque
1395 2613 1692 2660 nascuntur
1717 2606 2070 2659 comessatio-

481 2713 605 2763 nes,
631 2698 942 2752 ebrietates.
994 2698 1070 2751 De
1109 2695 1485 2761 fornicatione,
1522 2693 1879 2765 turpiloquia,
1903 2710 2067 2765 scur-

390 2836 393 2839 .
485 2789 686 2853 rilitas,
720 2787 928 2843 ludicra
972 2796 1134 2855 atque
1184 2786 1538 2856 stultiloquia.
1586 2785 1664 2841 De
1715 2786 2066 2856 pliilargyria,

484 2881 795 2944 mendacia,
840 2878 1137 2944 fraudatio,
1192 2878 1356 2943 facta,
1408 2876 1665 2947 perjuria,
1712 2879 1884 2949 turpis
1933 2878 2072 2932 lucri

484 2971 777 3041 appetitus.
808 2970 944 3026 falsa
988 2969 1316 3034 testimonia,
1341 2968 1630 3034 violentiae,
1674 2969 1983 3023 immanitas
2007 2982 2072 3022 ac

2164 428 2311 483 vitiis
2361 426 2619 497 expulsis,
2667 440 2857 480 eormn
2897 425 3037 488 loca,
3079 425 3135 479 id
3182 431 3265 479 est
3308 424 3522 489 animae,
3560 427 3723 483 vident

2164 518 2349 571 Deum.
2408 518 2543 572 Illud
2597 532 2726 571 vero
2756 517 2898 585 quod
2947 533 3071 571 cum
3123 516 3402 571 Abraham
3453 517 3516 571 de
3549 518 3722 577 visuris

2161 609 2331 663 Deum
2382 610 2717 678 loqueretur,
2746 623 2852 661 non
2885 617 3090 678 septem
3134 615 3323 678 gentes
3364 607 3554 677 legitur
3586 610 3721 664 dinu-

2162 716 2422 762 merasse,
2445 701 2538 754 sed
2568 702 2754 755 decem
2780 688 3012 769 quarum
3043 707 3186 754 terra
3214 699 3409 753 semini
3432 696 3543 765 ejus
3569 699 3718 756 danda

2160 791 2516 859 promittitur.
2569 790 2670 857 Qui
2719 804 2978 843 numerus
3024 786 3237 857 adjecta
3276 788 3576 843 idololatria
3614 807 3720 859 geu-

2164 884 2316 946 tium,
2362 882 2696 952 blasphemia
2727 879 3071 944 Judzeorttm,
3113 886 3302 933 errore
3350 878 3717 947 bmreticorum,

2162 973 2567 1029 cvfdcntissime
2596 971 2940 1041 adimpletur.
2975 969 3183 1037 Quibus
3206 976 3334 1024 ante
3361 970 3599 1024 notitiam
3621 970 3719 1035 Dei,

2163 1073 2216 1119 et
2244 1064 2471 1134 gratiam
2518 1061 2795 1131 baptismi,
2823 1060 2908 1115 vel
2953 1060 3116 1129 impia
3163 1059 3482 1130 gentilium,
3518 1060 3597 1113 vel
3629 1061 3723 1115 bla-

2164 1157 2387 1226 sphema
2434 1153 2743 1209 Judteorttm
2790 1153 3076 1207 multitudo
3123 1150 3364 1219 subjecta
3424 1160 3533 1208 est.
3578 1152 3722 1208 donec

2165 1248 2515 1302 intellectuali
2544 1246 2781 1317 AZgypto
2806 1253 3286 1301 commemoratur.
3317 1243 3376 1297 Si
3400 1253 3573 1298 autem
3590 1243 3719 1300 abre-

2166 1338 2419 1391 nuntians
2446 1336 2585 1406 quis,
2618 1350 2869 1407 egressus
2903 1350 2971 1389 ex
3002 1334 3145 1395 inde,
3172 1348 3269 1403 per
3301 1332 3397 1387 Dei
3437 1334 3648 1403 gratiam
3670 1333 3747 1387 atl-

2165 1441 2406 1499 cremum
2428 1425 2736 1494 pervenerit
2757 1424 3074 1494 spiritalem,
3090 1423 3155 1477 de
3172 1423 3574 1493 impugnatione
3587 1424 3723 1476 trium

2166 1518 2407 1589 gentium
2440 1518 2719 1581 liberatus,
2754 1524 2941 1571 contra
2990 1524 3194 1585 Septem
3247 1523 3481 1579 tantum,
3507 1528 3617 1584 qua:
3645 1529 3724 1584 per

2168 1607 2385 1679 Moysen
2424 1608 2858 1671 dinumerantur,
2885 1605 3025 1659 bella
3057 1605 3336 1675 suscipiet.

2244 1720 2261 1753 ι
2299 1701 2413 1754 Noli
2442 1702 2653 1765 timere,
2679 1699 2773 1755 sed
2802 1700 3088 1753 recordare
3134 1711 3255 1767 qua:
3280 1696 3472 1752 fecerit
3498 1696 3723 1751 Dominus

2174 1815 2191 1847 ι
2231 1796 2373 1850 Deus
2405 1794 2699 1858 Pharaoni,
2731 1802 2787 1847 et
2816 1792 3025 1847 cunctis
3062 1790 3345 1861 {Egyptiis
3368 1789 3551 1860 plagas
3584 1788 3726 1842 maxi-

2173 1906 2191 1938 ι
2232 1902 2369 1951 mas,
2399 1898 2534 1956 quas
2578 1885 2832 1939 viderunt
2871 1883 3012 1938 oculi
3044 1883 3142 1946 tui,
3179 1888 3233 1936 et
3259 1880 3414 1951 signa
3446 1887 3602 1949 atque
3625 1892 3724 1948 por-

2173 1995 2190 2026 ι
2232 1985 2399 2042 tenta,
2431 1988 2758 2043 manumque
2808 1975 3088 2028 robustam
3134 1980 3189 2027 et
3235 1970 3519 2027 brachium
3559 1978 3720 2024 exten-

2174 2086 2191 2118 (
2231 2076 2365 2130 tum,
2390 2074 2450 2119 ut
2480 2065 2737 2120 educeret
2765 2071 2815 2117 te
2845 2063 3108 2118 Dominus
3136 2061 3282 2117 Deus
3310 2071 3455 2115 tuus.
3483 2059 3569 2115 Sic
3591 2058 3725 2114 faciet

2175 2176 2195 2208 ι
2232 2158 2443 2212 cunctis
2474 2155 2686 2227 populis
2722 2169 2859 2225 quos
2894 2154 3112 2209 metuis.
3142 2151 3371 2223 Insuper
3393 2160 3448 2207 et
3469 2152 3726 2206 crabrones

2174 2267 2193 2299 ι
2230 2250 2410 2303 mittet
2449 2247 2711 2301 Dominus
2760 2244 2905 2300 Deus
2955 2256 3077 2299 tuus
3119 2243 3172 2298 in
3219 2258 3338 2309 eos,
3370 2244 3537 2299 donec
3579 2242 3727 2297 deleat

2175 2358 2193 2389 ι
2231 2354 2420 2393 omnes
2468 2346 2630 2407 atque
2676 2337 3011 2406 disperdat.»
3049 2334 3164 2390 Νοη
3209 2335 3415 2406 legitur
3458 2334 3639 2390 alicubi
3681 2335 3724 2401 in

2169 2430 2397 2485 historia
2452 2428 2663 2484 Veteris
2710 2426 3077 2491 Testamenti,
3127 2426 3273 2495 quod
3330 2425 3615 2481 crabrones
3654 2421 3724 2477 vel

2168 2533 2365 2587 vespas
2408 2518 2617 2571 miserit
2658 2517 2918 2571 Dominus
2951 2523 3077 2570 ante
3113 2516 3255 2570 ﬁlios
3291 2514 3459 2569 Israel
3493 2514 3545 2568 in
3573 2513 3727 2567 hostes

2170 2623 2383 2673 eorum,
2414 2608 2507 2663 sed
2544 2620 2642 2676 per
2678 2607 2800 2661 haec
2821 2605 3096 2670 animalia,
3121 2619 3241 2675 qua:
3273 2604 3723 2673 aculeis‘puguanl.

2170 2697 2421 2769 designat
2468 2697 2678 2753 timoris
2723 2697 3168 2767 compunctiones
3215 2711 3409 2752 eorum
3450 2696 3503 2749 in
3549 2696 3723 2755 hostes,

2172 2803 2279 2859 quo
2310 2790 2656 2844 terrebantur
2678 2798 2842 2857 atque
2891 2787 3241 2859 fugabantur.

2251 2901 2269 2933 ‹
2307 2881 2449 2936 Deus
2498 2894 2725 2951 magnus
2778 2890 2940 2950 atque
2988 2880 3268 2945 terribilis,
3318 2880 3434 2949 ipse
3482 2880 3725 2933 consumet

2183 2990 2201 3023 ε
2239 2971 2487 3026 nationes
2516 2971 2615 3025 has
2654 2972 2706 3025 in
2737 2979 3028 3040 conspectu
3062 2979 3155 3025 tuo
3195 2970 3459 3040 paulatim
3488 2977 3630 3037 atque
3648 2979 3728 3035 per

485 3061 775 3132 rapacitas.
819 3060 897 3115 De
931 3060 1034 3125 ira,
1081 3058 1397 3123 homicidia,
1424 3057 1632 3112 clamor
1662 3066 1715 3112 et
1747 3058 2064 3128 indignatio.
2095 3046 2139 3108 C
2178 3080 2195 3112 ι
2230 3071 2434 3131 partes.
2481 3060 2597 3116 Non
2649 3061 2851 3132 poteris
2893 3076 2987 3116 eas
3025 3062 3208 3117 delere
3241 3061 3484 3130 pariter,
3512 3073 3574 3113 ne
3612 3055 3726 3110 forte

484 3152 562 3207 De
610 3150 845 3213 tristitia,
883 3164 1102 3214 rancor,
1129 3148 1546 3220 pusillanimitas
1570 3188 1586 3215 ,
1616 3148 1940 3214 amaritudo,
1969 3149 2067 3203 de-

486 3241 742 3310 speratio.
775 3239 853 3296 De
881 3238 1089 3303 acedia,
1134 3238 1404 3301 otiositas,
1461 3237 1841 3303 somnolentis,
1874 3236 2072 3308 impor-

488 3331 705 3393 tunitas,
731 3329 1067 3399 inquietudo,
1091 3326 1488 3397 praevaricatio,
1516 3326 1847 3382 instabilitas
1869 3328 2070 3383 mentis

486 3427 543 3473 et
564 3417 835 3488 corporis,
876 3415 1180 3472 verbositas
1203 3426 1258 3471 ct
1293 3416 1603 3473 curiositas.
1637 3416 1715 3472 De
1747 3417 2067 3482 cenodoxia,

486 3510 884 3577 contentiones,
921 3509 1178 3572 haereses,
1196 3507 1459 3577 jactantia
1500 3523 1565 3565 ac
1592 3508 1942 3579 praasumptio
1969 3524 2071 3565 nc-

485 3602 735 3658 vitatum.
779 3602 856 3658 De
891 3601 1165 3671 superbia,
1209 3607 1585 3671 contemptus,
1618 3601 1842 3666 invidia,
1886 3601 2073 3658 inube-

485 3690 714 3758 dientia,
749 3690 1104 3761 blasphemia,
1140 3690 1519 3757 murmuratio,
1547 3692 1833 3757 detractio,
1858 3690 2073 3761 aliaque

488 3785 652 3854 quain
677 3781 908 3853 plurima
934 3780 1154 3837 similia.
1193 3779 1324 3849 Qua.-
1343 3797 1468 3837 cum
1507 3782 1616 3837 sint
1641 3782 1812 3837 multo
1850 3783 2083 3853 majoris—

492 3871 706 3928 numeri
736 3886 900 3941 quam
938 3871 1192 3937 virtutes,
1229 3871 1457 3927 devictis
1488 3881 1670 3927 tamen
1719 3872 1825 3928 illis
1865 3881 2073 3942 septem

491 3961 883 4033 principalibus
924 3961 1093 4028 vitiis,
1119 3978 1187 4017 ex
1233 3978 1465 4033 quorum
1511 3973 1706 4020 natura
1737 3965 1842 4019 ista
1883 3979 2074 4035 proca.

491 4052 646 4119 dunt,
673 4064 866 4107 omnes
889 4049 1138 4123 protinus
1164 4051 1577 4122 conquiescunt,
1608 4068 1674 4109 ac
1708 4053 1916 4123 pariter
1948 4069 2075 4125 per-

490 4150 663 4216 petua-
682 4156 807 4199 cum
846 4141 937 4198 his
966 4141 1265 4198 intentione
1292 4142 1561 4198 delentur.
1605 4143 1761 4211 Quod
1785 4151 1964 4199 autem
1986 4144 2074 4200 hic

492 4247 673 4309 pestes
724 4237 890 4294 etiam
937 4238 1271 4294 robustiores
1319 4248 1448 4294 sunt
1467 4280 1483 4305 ,
1532 4237 1819 4296 manifeste
1865 4249 2074 4297 natura:

492 4329 664 4401 ipsius
701 4329 1107 4401 impugnatione
1142 4331 1424 4385 sentimus.
1464 4331 1680 4388 Fortius
1703 4333 1847 4389 enim
1876 4334 2075 4389 militat

496 4421 549 4475 in
582 4420 843 4477 membris
882 4420 1086 4478 nostris
1113 4421 1406 4479 oblectatio
1434 4423 1733 4480 carnalium
1760 4426 2071 4496 passionum

496 4526 658 4580 quam
685 4511 860 4567 studia
886 4512 1148 4567 virtutum
1176 4530 1189 4567 :
1215 4529 1337 4583 qum
1366 4514 1471 4570 nisi
1516 4531 1725 4571 summa
1753 4518 2077 4573 contritione

496 4602 676 4657 cordis
710 4612 766 4658 et
787 4603 1030 4673 corporis
1065 4619 1172 4659 non
1201 4605 1576 4674 acquiruntur.
1606 4606 1759 4672 Quod
1784 4622 1918 4661 vero
1945 4607 2079 4661 ista-

496 4705 620 4746 rum
644 4693 1071 4763 perniciosarum
1100 4695 1339 4766 gentium
1362 4696 1614 4764 regiones
1637 4696 1931 4753 salubriter
1952 4712 2079 4768 pos-

499 4781 679 4838 sidere
720 4786 1102 4856 praecipimur,
1155 4786 1230 4842 ita
1286 4786 1621 4858 intelligitur.
1696 4787 1869 4844 Habet
1929 4789 2076 4845 enim

498 4873 1024 4944 unumquodcunqtte
1070 4877 1260 4932 vitium
1291 4877 1346 4933 in
1374 4879 1537 4934 corde
1564 4886 1751 4935 nostro
1785 4882 2075 4937 stationem

497 4967 794 5039 propriam.
831 4967 936 5024 Sed
952 4970 1007 5026 si
1036 4986 1159 5025 cum
1187 4972 1401 5027 Israelis
1427 4972 1646 5043 populo,
1676 4973 1727 5027 id
1756 4982 1842 5029 est
1863 4975 2079 5031 virtuti-

497 5057 600 5113 bus
639 5065 827 5113 eontra
869 5074 929 5115 se
969 5061 1351 5119 dimicantibus
1388 5062 1590 5119 fuerint
1628 5064 1758 5118 vitia
1797 5075 2075 5136 superata,

497 5147 679 5203 locum
708 5162 867 5218 quem
898 5150 1000 5204 sibi
1030 5151 1085 5205 in
1113 5153 1277 5208 corde
1302 5162 1488 5209 nostro
1515 5155 1968 5225 concupiscentiae
1991 5157 2077 5212 vel

498 5236 874 5295 fornicationis
921 5239 1144 5309 spiritus
1188 5245 1802 5315 retentabat,deinceps
1849 5248 2076 5304 castitas

498 5329 781 5386 obtinebit.
804 5330 978 5398 Quem
1007 5328 1158 5386 furor
1195 5343 1433 5403 ceperat,
1455 5335 1715 5405 patientia
1760 5336 2073 5393 vindicabit.

499 5419 669 5487 Quem
705 5422 922 5478 tristitia
951 5430 1180 5477 mortem
1218 5439 1451 5493 operans
1473 5437 1854 5496 occupaverat,
1876 5427 2076 5481 saluta-

500 5510 577 5566 ris
603 5526 670 5568 ex
698 5512 857 5582 pleno
881 5513 1076 5585 gaudio
1118 5513 1301 5569 laetitia
1338 5515 1653 5583 possidebit.
1692 5517 1861 5583 Quem
1888 5518 2075 5572 acedia

500 5601 764 5673 “stabat,
791 5605 979 5677 incipit
1006 5605 1253 5664 excolere
1296 5605 1573 5663 fortitudo.
1624 5608 1794 5675 Quem
1823 5609 2075 5677 superbia

2177 3170 2195 3204 ι
2234 3152 2665 3223 multiplicemur
2706 3160 2893 3208 contra
2944 3161 2997 3208 te
3046 3154 3233 3207 bestia:
3284 3163 3475 3216 terrae;
3504 3149 3724 3217 dabitque

2177 3262 2196 3296 ι
2234 3253 2329 3299 eas
2358 3243 2617 3300 Dominus
2650 3244 2790 3299 Deus
2838 3252 2962 3301 tuus
3002 3244 3056 3298 in
3102 3252 3399 3313 conspectu
3450 3252 3552 3305 tuo,
3587 3249 3631 3295 et
3659 3238 3724 3293 in-

2177 3358 2195 3386 ι
2237 3333 2472 3390 terficiet
2527 3333 2649 3389 illos
2706 3334 2879 3390 donec
2932 3336 3146 3406 penitus
3197 3335 3498 3391 deleantur.
3530 3351 3548 3386 ι
3579 3332 3724 3394 Deus,

2172 3425 2367 3496 inquit,
2393 3439 2621 3497 magnus
2652 3434 2708 3480 et
2739 3426 3015 3482 terribilis.
3061 3427 3315 3498 Magnum
3358 3427 3520 3482 Deum
3559 3432 3605 3481 et
3638 3432 3726 3478 ter-

2172 3519 2385 3576 ribilem
2431 3520 2580 3575 dicit.
2626 3520 2851 3589 Magnus
2896 3530 3011 3586 est,
3042 3521 3167 3592 quia
3210 3521 3548 3592 omnipotens
3577 3525 3649 3573 est
3681 3516 3724 3569 in

2173 3627 2300 3667 suos
2349 3610 2658 3677 Iiberando,
2711 3620 2767 3666 et
2818 3611 3075 3668 terribilis
3125 3613 3178 3667 in
3226 3611 3564 3672 adversarios
3608 3608 3725 3679 justo

2165 3700 2475 3772 iudicando.
2512 3701 2632 3772 Ipse
2662 3710 2948 3757 consumet
2979 3701 3228 3757 nationes
3258 3701 3380 3767 has,
3407 3700 3525 3771 quia
3551 3695 3722 3753 veraci-

2174 3803 2261 3850 ter
2287 3793 2513 3856 victoria
2539 3794 2763 3849 ascribit
2789 3793 2864 3849 illi
2891 3794 3011 3857 soIi,
3041 3794 3257 3863 quando
3287 3793 3475 3848 hostes
3499 3792 3727 3860 superan-’

2174 3893 2264 3940 tur
2292 3883 2553 3940 universi.
2582 3882 2805 3951 Quodve
2832 3884 2964 3938 dicit
3007 3883 3074 3937 de
3106 3884 3361 3955 gentibus
3388 3897 3491 3937 non
3520 3874 3722 3935 delendis

2172 3975 2397 4046 pariter,
2423 3990 2491 4031 ne
2515 3973 2653 4029 forte
2680 3974 2867 4030 bestia:
2891 3973 3387 4044 multiplicarentur
3405 3979 3582 4029 contra
3607 3965 3718 4025 illos.

2174 4067 2473 4122 cavendum
2521 4079 2641 4121 esse
2686 4065 2843 4121 nobis
2895 4065 3161 4131 ostendit,
3215 4079 3285 4120 ne
3337 4064 3475 4119 forte
3520 4055 3724 4129 expulsis

2173 4156 2411 4228 peccatis
2436 4171 2467 4209 a
2490 4169 2657 4211 carne
2698 4162 2883 4211 nostra
2902 4196 2916 4219 ,
2946 4162 3001 4209 et
3033 4163 3255 4223 repente
3304 4167 3559 4225 superans
3596 4160 3722 4203 acce—

2174 4248 2308 4301 dant
2355 4255 2544 4301 contra
2582 4261 2680 4301 nos
2712 4245 2899 4301 bestiae
2931 4245 3220 4317 spiritales,
3253 4246 3358 4302 hoc
3387 4254 3469 4301 est
3494 4237 3717 4315 jactantia

2176 4345 2270 4391 aut
2299 4337 2570 4406 superbia,
2601 4335 2685 4392 vel
2720 4345 2869 4391 certe
2907 4350 3046 4390 vana
3078 4336 3267 4408 gloria,
3299 4352 3421 4407 qua:
3466 4335 3720 4399 subrepsco

2177 4429 2305 4491 rint,
2331 4424 2524 4495 majori
2546 4426 2729 4483 labore
2747 4427 3182 4497 extirpabuntur,
3199 4428 3327 4499 quia
3349 4424 3575 4483 carnalia
3597 4420 3716 4474 vitia.

2176 4520 2315 4575 Loth
2351 4519 2494 4574 enim
2524 4519 2577 4573 in
2605 4527 2786 4573 monte
2812 4519 3046 4587 positus,
3071 4520 3362 4574 concubitu
3405 4516 3599 4573 nefario
3626 4510 3718 4582 pol-

2178 4609 2322 4663 Intus
2358 4616 2494 4671 erat,
2520 4609 2613 4678 qui
2660 4608 2711 4661 in
2742 4607 2993 4663 Sodomis
3023 4608 3298 4673 habitans,
3327 4604 3582 4663 continuit
3603 4607 3717 4657 sent

2178 4716 2285 4755 non
2314 4708 2586 4770 peccaret.
2625 4704 2694 4755 At
2722 4715 2820 4771 per
2859 4701 2963 4755 hoc
2993 4701 3355 4770 quodcunque
3380 4699 3559 4753 vitium
3584 4706 3717 4762 expu-

2179 4791 2422 4858 lerimus,
2451 4792 2632 4847 statim
2685 4792 2739 4847 in
2785 4790 2905 4847 Ioco
2955 4790 3100 4848 illius
3151 4791 3427 4863 plantetur
3470 4788 3639 4849 virtus,
3662 4793 3715 4835 ne

2177 4882 2318 4939 forte
2345 4883 2599 4953 expulsus
2645 4883 2899 4954 spiritus,
2936 4883 3132 4939 iterum
3182 4890 3478 4947 revertens,
3517 4873 3715 4934 inveniat

2177 4977 2396 5032 domum
2439 4983 2680 5031 nostram
2730 4985 3031 5031 vacantem.
3068 4974 3359 5031 Sciendum
3400 4982 3568 5028 tamen
3597 4962 3714 5039 (ιηοᾶ

2177 5063 2493 5134 plerumque
2521 5064 2906 5134 omnipotentis
2930 5064 3023 5119 Dei
3049 5064 3451 5135 dispensatione
3471 5052 3708 5124 contingit.

2176 5163 2239 5209 ut
2272 5154 2468 5224 quibus
2519 5153 2727 5223 majora
2774 5155 2917 5211 dona
2964 5164 3212 5226 prmstat,
3246 5156 3483 5225 quredam
3535 5148 3708 5204 minora

2178 5261 2285 5301 non
2311 5246 2532 5309 tribuat.
2563 5254 2625 5301 ut
2652 5262 2870 5318 semper
2912 5262 3100 5302 eorutn
3133 5249 3346 5304 animus
3385 5246 3566 5302 habeat
3597 5235 3710 5292 unde

2177 5338 2416 5407 seipsum
2453 5340 2833 5408 reprehendat,
2865 5349 3131 5411 quatenus
3160 5340 3285 5395 dum
3334 5342 3574 5410 appetant
3610 5341 3708 5399 per-

2179 5427 2303 5483 fecti
2329 5444 2451 5485 esse
2478 5437 2533 5485 et
2578 5445 2685 5485 non
2727 5443 2977 5501 possunt,
3001 5439 3059 5486 et
3103 5432 3351 5487 laborant
3383 5431 3435 5487 in
3476 5430 3568 5483 hoc
3591 5415 3703 5492 quod

2178 5535 2284 5574 non
2324 5530 2674 5591 acceperant,
2708 5536 2808 5577 nec
2842 5531 3023 5577 tamen
3070 5523 3394 5579 elaborando
3435 5514 3702 5591 prsevalent.

2179 5622 2237 5665 ut
2271 5612 2324 5665 in
2356 5613 2439 5668 his
2469 5628 2586 5682 qua:
2622 5623 2840 5686 accepta
2876 5615 3077 5671 habent
3113 5630 3172 5671 se
3214 5617 3429 5671 minime
3461 5608 3699 5667 extollant.
