3964 6192
216 260 337 319 8&9

1051 256 1451 314 ENARRATIO
1490 256 1717 312 SUPER
1760 258 2380 316 DEUTEBONOMIUM.
2412 292 2480 302 -——
2520 263 2644 319 LIB.
2686 266 2725 319 1.

3401 265 3507 320 870

226 376 327 429 sed
357 374 541 427 dicant
588 372 711 442 quia
741 356 1108 440 alsemctipsis
1156 366 1362 442 majora
1399 372 1539 427 bona
1581 359 1788 425 non'ha
1847 372 1890 431 Λ
1920 370 2033 439 ipsa
2090 368 2321 437 Veritas,
2368 387 2587 427 carnem
2642 368 2838 439 meam,
2887 382 2941 430 et
2997 375 3132 430 bibit
3185 378 3499 450 sanguinem

225 467 377 525 bent.
406 464 587 533 quiin
629 462 938 530 semetipsis
983 462 1112 515 vitia
1152 477 1318 530 parva
1363 470 1527 531 atque
1572 469 1815 514 extrema

224 555 451 608 vincere
496 567 604 605 non
640 559 882 621 possunt.
934 549 1070 605 Ilinc
1099 551 1242 604 enim
1276 558 1357 604 est
1383 552 1526 619 quod
1556 549 1818 619 perducto

228 643 495 699 Dominus
533 643 601 696 ad
644 651 845 696 terram
890 641 1329 709 repromissionis
1362 641 1544 704 Israel,
1592 650 1818 695 cunctos

227 738 400 791 fortes
449 742 613 803 atque
656 742 1035 803 praeponentes
1079 732 1423 786 adversarios
1458 732 1579 802 ejus
1609 731 1817 786 exstin-

226 842 425 892 guens,
468 826 771 880 Philistatos
817 834 998 878 autem
1033 835 1194 893 atque
1235 824 1570 878 Chananmos
1612 823 1818 878 diutius

230 918 550 979 reservavit,
582 927 661 979 ut,
704 917 843 971 sicut
874 916 1135 984 scriptmn
1165 923 1269 979 est,
1300 916 1353 968 in
1384 931 1449 968 co
1476 914 1818 984 experiretur

226 1010 414 1065 lsracl.
466 1009 601 1076 Quia
650 1023 1061 1076 nonnunquam,
1092 1015 1149 1059 ut
1178 1008 1381 1063 dictum
1408 1017 1514 1069 est,
1547 1007 1627 1060 eis
1652 1007 1818 1059 etiam

226 1104 427 1173 quibus
452 1117 641 1172 magna
673 1101 880 1163 tribuit,
908 1116 1074 1169 parva
1098 1099 1342 1168 quaidam
1373 1098 1816 1168 repnsbensibilia

230 1192 509 1261 relinquit,
532 1202 591 1245 ut
620 1205 834 1260 semper
864 1191 1091 1244 habeant
1119 1199 1307 1244 contra
1332 1206 1467 1259 quos
1494 1190 1692 1244 bellum
1721 1205 1816 1257 ge-

233 1292 377 1344 rant,
394 1293 449 1337 et
470 1281 699 1336 devictis
716 1280 1183 1351 magnishnstihus
1208 1289 1440 1335 mentem
1458 1296 1562 1334 non
1581 1281 1816 1350 erigant,

230 1374 449 1442 quando
474 1388 569 1426 eos
598 1373 774 1425 adhuc
802 1372 1095 1425 adversarii
1144 1373 1350 1426 minimi
1393 1372 1638 1443 fatigant.
1678 1373 1817 1439 Quid

231 1464 419 1533 itaque
430 1472 534 1524 est,
553 1463 654 1516 nisi
673 1470 732 1515 ut
746 1463 881 1515 miro
896 1463 1052 1515 modo
1072 1478 1171 1515 una
1188 1463 1375 1516 eadem
1394 1474 1607 1517 meuset
1621 1463 1819 1517 virtute

229 1555 455 1625 polleat,
480 1562 537 1609 et
557 1570 621 1606 ex
647 1553 958 1606 inﬁrmitate
984 1552 1263 1606 Ιειδδιιειιειι.
1289 1554 1566 1619 Quatenus
1582 1569 1644 1606 ex
1667 1562 1819 1621 parte

235 1653 578 1707 constructa,
618 1655 665 1698 et
700 1660 763 1697 ex
798 1653 950 1713 parte
990 1644 1287 1713 conspiciat
1315 1660 1372 1697 se
1412 1659 1517 1696 nun
1547 1659 1667 1696 esse
1694 1659 1821 1695 eon-

1918 477 2118 525 meum,
2150 464 2309 517 habet
2337 463 2500 516 vitam
2532 473 2790 517 :etcrnam
2822 464 3003 535 (.foan.
3028 466 3123 536 νι)ν.
3151 486 3169 517 ι
3198 463 3348 521 lianc
3370 484 3502 539 ergo

1918 564 2025 604 non
2086 551 2278 618 habet,
2323 552 2413 622 qui
2465 553 2628 607 istum
2673 567 2865 622 panem
2914 569 3018 606 non
3066 554 3373 621 manducat,
3403 572 3505 613 nec

1918 642 2080 697 istum
2110 644 2427 713 sanguinem
2459 644 2615 699 bibit.
2648 643 2784 698 Nam
2817 643 3166 713 temporalem
3195 647 3358 699 vitam
3386 649 3503 705 sine

1919 733 2024 786 ulla
2060 743 2332 803 utcunque
2362 736 2610 789 homines
2639 735 2693 789 in
2719 736 2822 789 hoc
2850 736 3065 800 seculo,
3099 736 3190 808 qui
3222 753 3328 791 non
3359 752 3501 805 sunt,

1919 838 2014 891 per
2044 823 2202 877 tidem
2231 824 2284 876 in
2315 839 2540 892 corpore
2579 824 2697 893 ejus
2727 824 2928 877 habere
2967 835 3213 893 possunt,
3239 835 3500 883 :etcrnam

1919 925 2098 969 autem
2148 897 2438 987 nunquam,
2470 932 2591 986 qua:
2637 918 2840 971 sanctis
2886 919 3238 987 promittitur.
3292 919 3500 975 Aliter:

1917 1007 2048 1060 Illud
2074 1009 2218 1077 quod
2249 1009 2382 1063 dicit
2411 1028 2421 1062 :
2454 1028 2472 1059 ι
2511 1008 2628 1062 Non
2658 1009 2713 1063 in
2734 1009 2848 1063 solo
2878 1025 3017 1079 pane
3046 1011 3180 1064 vivit
3201 1013 3504 1077 homo,_sed

1922 1096 1975 1150 in
1997 1098 2144 1151 omni
2170 1098 2336 1152 verbo
2366 1098 2507 1168 quod
2534 1100 2853 1169 probeditde
2869 1113 2964 1153 ore
2990 1100 3084 1155 Dei
3113 1098 3328 1171 (Matth.
3355 1101 3452 1174 iv),
3478 1122 3497 1155 ι

1918 1189 2187 1257 significat
2244 1191 2515 1261 geminam
2580 1201 2787 1247 natura:
2862 1202 3060 1248 nostra:
3122 1194 3502 1250 substantiam.

1920 1279 2091 1332 Itomo
2117 1280 2260 1332 enim
2305 1294 2368 1333 ex
2400 1294 2629 1349 corpore
2657 1290 2713 1336 et
2742 1282 2921 1335 anima
2965 1292 3211 1353 constat;
3238 1285 3379 1338 unde
3404 1286 3510 1341 hoc

1919 1369 2061 1438 quod
2104 1385 2169 1424 ex
2208 1378 2349 1425 terra
2381 1380 2483 1431 est,
2524 1382 2743 1427 terreno
2790 1373 2954 1425 alitur
3000 1373 3121 1426 cibo
3149 1392 3160 1426 :
3187 1375 3364 1427 anima
3397 1390 3503 1428 non

1921 1460 2053 1515 vivit
2089 1461 2189 1515 nisi
2214 1462 2379 1515 verbo
2405 1462 2519 1516 Dei.
2549 1461 2812 1531 Spiritum
2837 1464 2980 1517 enim
3007 1465 3243 1519 hominis
3271 1465 3509 1520 vivificat

1922 1551 2158 1620 Spiritus
2206 1553 2298 1605 Dei
2339 1552 2428 1620 qui
2464 1553 2514 1605 in
2543 1568 2609 1606 eo
2658 1552 2893 1615 habitat;
2943 1554 2987 1608 si
3027 1563 3202 1608 tamen
3259 1554 3372 1625 ipse
3422 1564 3508 1611 est

1924 1644 2084 1697 homo
2134 1644 2185 1697 in
2218 1658 2443 1714 corpore
2472 1644 2704 1709 Christi,
2733 1654 2789 1699 et
2819 1646 2870 1699 in
2902 1645 3004 1700 fide
3051 1647 3180 1700 vivit
3227 1647 3344 1701 Filii
3387 1648 3507 1702 Dei.

231 1745 708 1804 struetam,utper
724 1734 1356 1803 bonumquodquzeritet
1382 1733 1577 1786 habere
1606 1749 1819 1786 nnuva-
1852 1715 1895 1771 Β
1925 1734 1990 1787 Et
2036 1733 2154 1786 ideo
2197 1733 2327 1787 dicit
2357 1734 2739 1788 vestimentum
2779 1743 3049 1789 vetustate
3098 1752 3202 1789 non
3250 1734 3508 1801 deficere,

232 1830 327 1891 let,
350 1828 483 1881 illud
501 1824 969 1881 scrvethumiliter
985 1824 1129 1893 quod
1150 1823 1244 1876 hal
1260 1834 1333 1877 et.
1354 1822 1460 1877 Sed
1477 1823 1603 1890 quid
1622 1822 1818 1875 mirum

229 1918 383 1986 quod
399 1918 466 1972 de.
480 1916 698 1970 homine
724 1914 976 1978 dicimus,
1001 1916 1216 1983 quando
1238 1913 1325 1966 illa
1344 1929 1573 1983 superna
1595 1914 1740 1982 regio
1769 1913 1819 1965 in

226 2010 447 2065 civibus
469 2009 582 2062 suis
610 2023 674 2061 ex
700 2014 853 2077 parte
869 2007 1062 2060 damna
1092 2007 1332 2076 pertulit,
1355 2016 1411 2059 et
1437 2022 1499 2059 ex
1520 2016 1673 2076 parte
1693 2022 1822 2059 con-

224 2103 381 2156 sistit
413 2101 645 2163 fortiter,
677 2108 737 2153 ut
757 2099 911 2154 electi
941 2091 1253 2169 angeloriun
1279 2099 1663 2168 spiritus,dum
1691 2099 1823 2153 alios

226 2208 329 2263 per
353 2191 667 2261 superbiam
697 2189 961 2245 cecidisse
997 2189 1393 2258 conspicerent,
1423 2189 1522 2259 ipsi
1553 2196 1821 2242 emtor-o-

227 2283 449 2338 hnstius
484 2293 688 2350 quanto
719 2279 977 2335 humilius
1022 2280 1266 2334 starent?
1311 2278 1388 2333 Illi
1432 2294 1559 2349 ergo
1590 2280 1823 2349 regionis

227 2374 587 2445 profecerunt
629 2374 790 2427 etiam
838 2372 1199 2435 detrimento,
1231 2386 1351 2439 qua:
1398 2371 1469 2424 ad
1505 2371 1824 2425 aeternitatis

231 2476 441 2521 statum
462 2482 528 2518 ex
551 2473 705 2535 parte
726 2464 1112 2519 destructionis
1134 2470 1217 2517 est
1240 2461 1464 2516 solidius
1489 2471 1820 2516 constructa.

233 2558 328 2613 Sic
357 2573 491 2628 ergo
520 2558 574 2612 in
616 2572 945 2626 unaquaque
989 2555 1170 2609 anima
1217 2556 1394 2624 agitur
1421 2555 1473 2607 in
1507 2554 1826 2608 humilitatis

233 2652 509 2716 custodia,
537 2650 848 2720 aliquando,
873 2659 932 2703 ut
967 2650 1039 2703 ad
1066 2649 1214 2703 lucra
1244 2648 1477 2701 maxima
1503 2663 1568 2700 ex
1601 2647 1826 2700 minimo

234 2745 441 2800 damno
470 2750 735 2801 servetur.

309 2835 465 2906 (Car.
500 2833 655 2905 vui.)
680 2851 698 2883 ι
733 2831 906 2887 Omne
943 2831 1254 2886 mandatum
1287 2829 1428 2899 quod
1451 2844 1550 2898 ego
1573 2827 1828 2897 prrccipio

244 2944 264 2977 ‹
308 2926 411 2981 tibi
441 2925 624 2987 hodie,
654 2937 786 2979 cave
810 2924 1094 2994 diligenter
1119 2931 1177 2975 ut
1208 2922 1398 2985 facias,
1425 2929 1482 2975 ut
1512 2919 1728 2991 possitis
1752 2918 1829 2972 vi—

244 3033 264 3065 ι
310 3028 442 3068 vere
485 3021 539 3067 et
592 3011 1021 3081 multipliccmini
1051 3052 1066 3077 ,
1116 3010 1454 3081 ingressique
1505 3008 1830 3080 possidentis

244 3124 263 3155 ι
312 3111 519 3157 terram
549 3116 653 3171 pro
682 3117 785 3171 qua
811 3101 1016 3172 juravit
1042 3102 1315 3156 Dominus.
1332 3099 1576 3169 patribus
1599 3098 1824 3164 vestris;

244 3212 264 3243 ι
310 3202 369 3247 et
399 3191 770 3247 recordaberis
810 3191 991 3247 cuncti
1026 3191 1239 3245 itineris
1284 3205 1381 3261 per
1415 3190 1556 3260 quod
1607 3190 1830 3244 adduxit

242 3301 263 3333 ι
313 3292 368 3339 te
394 3283 654 3337 Dominus
682 3282 826 3337 Deus
870 3290 995 3338 tuus
1021 3283 1379 3353 quadraginta
1414 3282 1570 3337 annis
1605 3297 1701 3352 per
1738 3282 1832 3337 de-

242 3394 263 3427 ι
313 3381 553 3436 sertum,
603 3382 665 3427 ut
711 3372 972 3442 afﬂigeret
1020 3383 1072 3428 te
1112 3380 1275 3442 atque
1322 3380 1575 3439 tentaret,
1606 3381 1661 3426 et
1703 3381 1830 3427 nota

243 3484 268 3518 ι
313 3465 513 3520 ﬁerent
561 3480 682 3535 quae
726 3464 781 3519 in
831 3465 1014 3519 animo
1059 3474 1150 3519 tuo
1200 3466 1596 3530 versabantur,
1648 3474 1830 3521 utrum

244 3577 265 3609 ι
314 3557 618 3613 custodires
648 3556 902 3611 mandata
948 3556 1115 3624 illius,
1143 3574 1209 3612 an
1252 3574 1380 3613 non.
1414 3577 1432 3610 ι
1468 3558 1568 3614 llic
1596 3560 1834 3629 apertius

238 3652 449 3709 dictum
493 3661 599 3719 est,
626 3651 775 3722 quod
802 3651 931 3706 alibi
977 3666 1178 3722 genere
1224 3650 1512 3707 locutionis
1540 3653 1833 3706 obscurum

237 3753 350 3811 est,
380 3742 475 3798 ubi
506 3742 703 3814 legitur
729 3760 742 3796 :
775 3760 794 3794 ι
829 3741 1026 3797 Tentat
1052 3757 1152 3797 vos
1174 3742 1434 3796 Dominus
1461 3741 1604 3797 Deus
1629 3750 1832 3807 vester,

240 3845 305 3891 ιιι
339 3837 481 3892 sciat
508 3835 553 3891 si
579 3834 815 3906 diligatis
840 3848 983 3888 eum.
1017 3853 1035 3886 ι
1072 3831 1394 3903 Intelligitur
1421 3833 1566 3887 enim
1595 3832 1833 3902 positum

170 3940 179 3945 ’
240 3943 391 3993 esse,
415 3935 477 3981 ut
506 3927 637 3981 sciat
667 3940 766 3995 pro
808 3940 876 3980 eo
918 3924 1205 3996 quodest,
1234 3932 1293 3977 ut
1317 3924 1442 3978 sciri
1486 3924 1673 3993 faciat,
1701 3937 1836 3992 quo-

244 4016 412 4071 modo
456 4014 691 4071 dilucide
717 4015 919 4069 dictum
954 4021 1056 4081 est,
1088 4022 1149 4068 ut
1186 4020 1425 4068 tentaret
1458 4021 1510 4067 te
1536 4021 1590 4067 et
1620 4013 1834 4083 cognita

246 4109 460 4164 faceret
485 4122 605 4177 quae
647 4108 703 4161 in
734 4107 898 4162 corde
926 4114 1018 4160 tun
1053 4113 1198 4162 sunt.
1228 4105 1343 4160 Non
1375 4107 1519 4160 enim
1558 4106 1655 4169 ait,
1684 4104 1755 4161 Ut
1779 4114 1837 4160 et

245 4210 624 4272 cognosceret.
653 4202 807 4270 Quod
832 4202 1049 4273 quidem
1081 4203 1127 4257 si
1154 4201 1402 4268 dixisset,
1432 4202 1835 4268 intelligendum

244 4299 391 4357 erat,
421 4293 637 4362 cognita
666 4290 888 4347 faceret.

836 4400 1065 4459 CAPUT
1104 4400 1243 4457 XIV.

245 4497 329 4553 De
362 4496 480 4550 cibo
529 4512 724 4552 manna
763 4496 889 4549 dato
918 4493 1204 4619 Ιῗταεέξιίδ,
1236 4503 1289 4549 et.
1323 4493 1516 4547 ducatu
1553 4510 1732 4548 eorum
1778 4495 1835 4549 in

898 4582 954 4619 so
979 4575 1054 4618 itu
1093 4582 1198 4619 me.

898 4575 1198 4620 solitudine.

334 4659 535 4732 (1310.)
593 4676 612 4709 ι
679 4655 884 4712 Afﬂixit
953 4666 1006 4712 te
1068 4657 1335 4728 penuria,
1402 4664 1456 4711 et
1525 4656 1673 4710 dedit
1740 4653 1837 4709 tibi

253 4770 271 4800 ι
316 4764 519 4804 manna
566 4749 770 4811 cibum,
802 4762 962 4816 quem
1005 4746 1293 4819 ignorabas
1338 4756 1393 4800 ιιι
1430 4757 1487 4801 et
1514 4754 1696 4817 patres
1722 4746 1836 4800 tui:

254 4862 274 4894 ι
315 4848 378 4895 ιιι
422 4840 736 4895 ostenderet
784 4839 878 4893 tibi
909 4840 1050 4909 quod
1097 4854 1203 4894 non
1254 4838 1309 4893 in
1356 4839 1471 4894 solo
1515 4853 1655 4908 pane
1708 4838 1843 4893 vivit

256 4950 277 4983 ι
317 4932 504 4995 homo,
542 4930 636 4987 sed
676 4929 734 4985 in
776 4930 924 4986 omni
964 4929 1130 4985 verbo
1173 4931 1318 5000 quod
1362 4930 1607 5000 procedit
1639 4928 1706 4984 de
1747 4944 1843 4985 ore

258 5041 278 5074 ι
317 5022 553 5076 Domini.
584 5021 979 5078 Vestimentum
1010 5029 1161 5075 tuum
1204 5035 1310 5089 quo
1355 5020 1712 5090 opericbaris,
1744 5034 1841 5074 nc-

258 5139 277 5169 ι
317 5131 594 5188 quaquam
629 5124 896 5171 vetustate
942 5114 1253 5171 defecitzet
1283 5129 1380 5183 pes
1434 5121 1559 5167 tuus
1605 5127 1709 5165 non
1758 5117 1846 5165 est

260 5228 279 5259 ι
320 5207 612 5274 subtritus,
638 5215 741 5262 etc.
774 5227 793 5260 ι
829 5205 928 5261 llic
946 5204 1056 5274 jam
1085 5204 1240 5260 nobis
1279 5202 1536 5274 spiritalis
1570 5216 1847 5257 commen-

253 5301 425 5356 datur
453 5299 624 5365 cibus,
647 5300 790 5354 unde
810 5298 1002 5354 animae
1025 5299 1077 5352 in
1107 5305 1369 5352 azternum
1394 5295 1618 5349 victura:
1644 5293 1848 5347 satian—

255 5401 373 5445 tur.
422 5388 614 5444 Manna
646 5389 790 5444 enim
824 5391 891 5445 de
914 5389 1053 5445 coelo
1091 5389 1277 5444 datum
1317 5385 1588 5458 signiﬁcat
1623 5398 1844 5439 carnem

256 5479 488 5542 Christi.
536 5500 553 5529 ι
584 5467 702 5551 Ego
738 5496 880 5545 sum,
912 5480 1103 5549 inquit,
1131 5478 1286 5549 panis
1315 5476 1454 5537 vit-.e,
1488 5474 1580 5544 qui
1608 5473 1676 5527 de
1708 5472 1846 5527 cmlo

253 5570 548 5626 desciuidit
573 5570 755 5641 (Jorm.
779 5570 875 5642 vr).
908 5572 973 5625 Et
1001 5571 1230 5627 Verbum
1263 5583 1391 5623 caro
1420 5566 1620 5619 factum
1657 5572 1761 5629 est,
1793 5574 1848 5618 et

259 5661 537 5716 habitavit
583 5661 635 5714 in
683 5661 837 5716 nobis
866 5660 1048 5729 (Joan.
1083 5660 1143 5729 ι).
1189 5657 1290 5724 Qui
1333 5653 1642 5715 manducat,
1674 5652 1851 5724 inquit

1923 1826 2044 1895 quia
2074 1827 2196 1879 novi
2223 1826 2455 1880 hominis
2483 1827 2826 1881 conversatio
2855 1828 2905 1881 in
2936 1829 3176 1883 novitate
3205 1830 3330 1883 vitae.
3349 1830 3513 1885 debet

1923 1931 2200 1979 emanare,
2232 1914 2385 1983 cujus
2413 1932 2506 1987 pes
2538 1934 2641 1970 non
2672 1919 2777 1971 erit
2804 1918 3082 1981 subtritus,
3117 1922 3333 1989 quando
3364 1938 3513 1991 gres-

1924 2022 2015 2061 sus
2036 2007 2298 2060 lronorum
2324 2015 2547 2076 operum
2570 2018 2820 2061 servatur
2845 2009 3062 2075 illzesus,
3081 2012 3203 2080 quia
3227 2011 3508 2083 Scriptura

1923 2109 2099 2154 teste:
2134 2119 2152 2148 ι
2191 2100 2349 2155 Novit
2398 2101 2657 2156 Dominus
2686 2102 2826 2156 viam
2850 2102 3150 2171 justorum,
3177 2115 3231 2160 et
3271 2107 3376 2161 iter
3412 2108 3514 2163 im-

1923 2190 2134 2261 piorum
2166 2192 2363 2259 peribit
2394 2189 2566 2264 (Psal.
2594 2191 2655 2263 ι).
2682 2212 2700 2244 ι

1999 2299 2019 2332 ι
2056 2281 2293 2336 Observa
2338 2290 2391 2337 ct
2436 2299 2587 2346 cave,
2618 2299 2685 2337 ne
2712 2284 3003 2354 aliquando
3039 2286 3378 2344 obliviscaris
3407 2289 3511 2343 Do-

1930 2391 1947 2422 ι
1986 2373 2115 2427 mini
2152 2373 2244 2428 Dei
2275 2374 2375 2439 tui,
2415 2383 2471 2429 et
2506 2375 2743 2447 negligas
2773 2379 3026 2433 mandata
3071 2395 3188 2445 egus
3229 2392 3391 2451 atque.
3418 2384 3517 2451 ju-

1906 2481 1947 2512 -ι
1989 2463 2153 2527 dicia,
2179 2471 2234 2517 et
2256 2466 2607 2520 caeremonias
2629 2482 2764 2535 quas
2794 2483 2894 2539 ego
2921 2470 3176 2539 prmeipio
3204 2471 3299 2526 tibi
3331 2473 3511 2539 hodie,

1932 2569 1949 2600 ι
1987 2561 2091 2607 etc.
2126 2572 2143 2603 ι
2173 2552 2319 2607 Inter
2348 2556 2600 2609 mandata
2628 2564 2683 2610 et
2705 2556 2906 2624 ju:lieia
2946 2569 3107 2629 atque
3137 2564 3513 2629 eieretuonias,

1926 2641 2144 2710 quidam
2178 2643 2320 2698 hanc
2343 2645 2654 2700 distantiam
2685 2642 2806 2701 esse
2836 2649 3140 2715 voluerunt,
3170 2660 3229 2706 ut
3258 2656 3512 2709 mandata
3542 2648 3543 2651 “

1927 2732 2276 2786 nominentur
2297 2734 2482 2789 decem
2512 2738 2675 2791 verba
2708 2740 2842 2810 legis
2862 2758 2982 2810 qua:
3006 2743 3057 2795 in
3080 2744 3288 2798 duabus
3317 2746 3515 2801 tabulis

1927 2822 2152 2893 lapideis
2182 2827 2381 2897 scripta
2422 2826 2669 2896 fuerant;
2705 2832 2909 2901 judicia
2938 2848 3086 2898 vero,
3119 2853 3238 2905 qua:
3272 2849 3392 2906 post
3419 2839 3515 2893 da-

1930 2918 2251 3001 tamolcgem
2301 2931 2520 2990 propter
2548 2922 2951 2980 observantiam
2989 2926 3214 2997 justitia:
3254 2930 3519 2987 Dominus

1931 3023 2030 3076 per
2060 3007 2277 3080 Moysen
2305 3011 2533 3067 diversis
2562 3016 2890 3087 temporibus
2921 3018 3123 3088 pepqu
3160 3019 3406 3088 Iudaico,
3436 3022 3515 3078 lo-

1934 3100 2146 3169 quendo
2200 3115 2263 3155 ac
2311 3103 2675 3172 praecipiendo
2727 3107 3051 3173 constituit,
3105 3126 3225 3179 qua:
3272 3112 3327 3165 in
3378 3113 3517 3170 libro

1933 3192 2103 3246 Exodi
2128 3191 2544 3262 justificationcs
2570 3197 2929 3266 appellantur.
2962 3199 3313 3257 Cmremoniae
3335 3211 3516 3259 autem

1934 3284 2299 3350 circumcisio,
2332 3280 2407 3340 ac‘
2430 3287 2580 3340 varia
2610 3285 2746 3342 festa
2774 3288 2929 3359 legis,
2962 3290 3236 3360 divinique
3266 3294 3403 3349 ritus
3432 3310 3520 3349 sa-

1935 3374 2287 3429 crificiorum.
2320 3376 2473 3432 Unde
2498 3376 2687 3434 beatus
2718 3377 2879 3433 Pater
2905 3367 3246 3447 Ambrosius,
3277 3383 3331 3437 in
3356 3400 3523 3454 expo-

1935 3464 2130 3522 sitione
2154 3468 2407 3539 Epistolas
2428 3469 2576 3525 Pauli
2605 3472 2831 3541 apostoli
2847 3473 2915 3527 ad
2932 3473 3226 3542 Romanos,
3250 3475 3327 3530 ita
3354 3477 3517 3533 dicit:

1940 3575 1958 3607 ι
1996 3556 2215 3626 Triplex
2257 3558 2473 3625 quidem
2519 3559 2605 3613 lex
2634 3570 2737 3625 est,
2767 3562 2839 3615 ita
2872 3572 2932 3617 ut
2972 3564 3149 3634 prima
3177 3580 3304 3635 pars
3338 3566 3403 3620 de
3432 3583 3519 3622 sa-

1935 3655 2214 3701 cramento
2236 3646 2533 3702 divinitatis
2556 3648 2627 3702 sit
2650 3648 2769 3715 Dei,
2786 3653 3022 3707 secunda
3046 3660 3226 3708 autem
3254 3669 3373 3724 qua!
3398 3670 3525 3710 con-

1934 3737 2078 3806 gruit
2103 3736 2208 3808 legi
2237 3736 2489 3799 naturali,
2526 3753 2646 3808 quae
2686 3739 2957 3796 interdicit
2994 3750 3297 3812 peccatum.
3333 3743 3519 3800 Tertia

1934 3843 2067 3883 vero
2087 3828 2222 3900 legis
2253 3826 2537 3894 factorum,
2560 3829 2612 3885 id
2642 3840 2725 3885 est
2755 3833 2999 3899 sabbata,
3026 3836 3344 3901 neomeniaz,
3369 3845 3472 3892 etc.
3496 3856 3516 3890 ι

2011 3938 2030 3970 ι
2070 3918 2171 3988 Qui
2198 3919 2384 3974 eduxit
2421 3926 2472 3974 te
2498 3919 2563 3976 de
2595 3930 2738 3976 terra
2774 3921 3015 3995 Egypti,
3048 3925 3115 3980 de
3142 3925 3303 3981 domo
3346 3926 3521 3983 servi-

1942 4028 1960 4063 ι
1999 4011 2131 4066 tutis
2177 4017 2234 4065 et
2257 4008 2450 4065 ductor
2477 4021 2601 4067 tuus
2628 4010 2729 4067 fuit
2749 4012 2800 4066 in
2828 4013 3119 4069 solitudine
3139 4030 3333 4084 magna
3359 4025 3522 4087 atque

1943 4118 1961 4152 ι
1998 4099 2247 4166 terribili,
2292 4098 2506 4171 inqua
2554 4109 2673 4157 erat
2722 4118 2948 4173 serpens
2988 4103 3117 4160 ﬂatu
3165 4106 3426 4172 adurens,
3469 4117 3555 4167 et.

1943 4209 1962 4244 ι
1999 4193 2212 4261 scorpio
2246 4207 2310 4247 ac
2355 4192 2558 4262 dipsas,
2585 4201 2640 4248 et
2686 4193 2846 4250 null-.e
2892 4194 3115 4250 omnino
3156 4211 3330 4266 aquae,
3362 4205 3467 4252 etc.
3497 4218 3516 4247 ι

1938 4282 2130 4352 Dipsas
2157 4297 2326 4353 genus
2354 4283 2557 4352 aspidis
2586 4290 2671 4338 est
2690 4324 2704 4349 ,
2734 4299 2854 4354 qua:
2883 4283 3075 4339 Latine
3113 4285 3275 4341 situla
3303 4287 3521 4353 dicitur,

1862 4374 2065 4472 unia
2109 4390 2271 4443 quem
2311 4375 2681 4439 momorderit,
2707 4376 2796 4430 siti
2836 4378 2997 4447 perit.
3035 4377 3206 4447 Hujus
3252 4381 3525 4450 serpentis

1942 4473 2090 4520 tanta
2121 4464 2387 4535 exiguitas
2427 4480 2549 4521 esse
2585 4466 2783 4533 fertur,
2823 4477 2884 4522 ut
2929 4484 3052 4524 cum
3100 4470 3362 4536 calcatur,
3411 4488 3524 4529 non

1941 4556 2209 4622 videatur,
2238 4556 2392 4626 cujus
2415 4572 2681 4612 venenum
2713 4566 2838 4613 ante
2876 4561 3172 4631 exstinguit
3199 4576 3361 4631 quam
3405 4577 3529 4617 sen—

1941 4647 2127 4712 tiatur,
2153 4655 2212 4702 ut
2263 4647 2423 4703 citius
2456 4658 2729 4718 prreventa
2766 4658 2939 4706 morte
2986 4667 3089 4707 nec
3137 4653 3412 4708 tristitiam
3446 4654 3527 4708 ia-

1881 4816 1887 4827 ,
1919 4731 2107 4795 lducat
2133 4741 2416 4797 morituro.
2445 4741 2767 4813 Significant
2794 4753 2975 4801 autem
3002 4746 3057 4801 hi
3079 4748 3213 4802 varii
3241 4760 3531 4819 serpentes

1946 4832 2188 4887 diversas
2214 4832 2683 4889 schismaticorum
2713 4834 2965 4903 hiereses,
2991 4851 3113 4906 qua:
3152 4837 3380 4893 diversa:
3406 4840 3527 4910 qni-

1947 4926 2067 4980 dem
2099 4926 2241 4980 inter
2266 4940 2324 4980 se
2354 4933 2498 4991 sunt,
2530 4926 2623 4980 sed
2668 4941 2856 4981 omnes
2900 4926 3217 4997 mortiferae,
3245 4938 3303 4986 et
3346 4947 3531 5002 quem-

1948 5030 2157 5085 cunque
2180 5015 2462 5081 invadunt,
2486 5016 2856 5087 cxstinguunt.
3401 5072 3408 5079 .

2019 5103 2170 5183 (Cap.
2196 5104 2307 5175 ne).
2334 5123 2352 5154 ι
2390 5105 2539 5160 Scito
2569 5106 2748 5176 igitur,
2788 5108 2932 5176 quod
2961 5125 3070 5165 non
3099 5120 3324 5181 propter
3362 5111 3526 5180 justi-

1952 5215 1971 5248 ι
2009 5197 2113 5250 tias
2146 5204 2265 5251 tuas
2301 5196 2560 5252 Dominus
2588 5197 2731 5254 Deus
2764 5208 2888 5256 tuus
2922 5202 3134 5258 dederit
3185 5203 3281 5258 tibi
3326 5211 3527 5256 terram

1954 5306 1973 5338 ι
2008 5287 2145 5342 hanc
2184 5288 2443 5358 optimam
2469 5289 2887 5358 possessionem,
2921 5308 3044 5347 cum
3072 5292 3379 5347 durissima:
3407 5303 3528 5344 cer-

1955 5398 1973 5431 ι
2011 5379 2145 5434 vicis
2190 5379 2266 5435 sls
2322 5380 2571 5451 populus.
2615 5382 2882 5440 Memento
2934 5393 2990 5441 et
3034 5399 3103 5439 ne
3149 5382 3526 5444 obliviscaris,

1956 5490 1974 5522 ι
2012 5471 2280 5540 quomolo
2343 5474 2409 5527 ad
2464 5473 2797 5528 iracundiam
2853 5475 3166 5547 provocaris
3235 5473 3522 5528 Dominum

1957 5583 1974 5614 ι
2013 5566 2177 5623 Deum
2213 5571 2362 5617 tuum
2390 5565 2442 5618 in
2470 5565 2789 5633 solitudine;
2821 5583 2886 5621 ex
2927 5583 2991 5621 eo
3016 5566 3102 5621 die
3143 5580 3251 5636 quo
3279 5579 3533 5633 egressus

1958 5676 1975 5705 ι
2009 5670 2065 5710 es
2097 5670 2161 5710 ex
2192 5653 2445 5725 Aﬁgypto,
2476 5671 2644 5725 usque
2672 5658 2737 5711 ad
2768 5657 2942 5711 locum
2974 5657 3153 5720 istum,
3179 5669 3394 5724 semper
3435 5654 3529 5708 ad-
