3964 6192
518 221 616 278 871

1156 216 1219 271 Β.
1256 215 1519 274 ΒᾹΒΑΝΙλ
1548 216 1769 275 MAURI
1806 217 2078 275 ARCIIIEI

2179 216 2476 275 MOGUNT.
2518 217 2801 275 OPERUM
2839 218 3018 274 PARS
3054 218 3097 272 ι.

3624 227 3711 283 ετ)

521 348 544 383 ι
578 344 771 385 versus
786 326 1072 383 Dominum
1094 327 1442 392 contendisti,
1462 335 1520 383 et
1537 326 1797 397 reliqum:
1815 331 1976 383 Certe
2003 327 2092 381 isti
2120 331 2168 391 Λ
2196 328 2391 382 merito
2414 336 2678 397 quaeritur
2705 328 2976 397 quomodo
3009 327 3061 381 in
3100 327 3498 386 Deuteronomio
3526 331 3626 391 lucc
3646 336 3713 393 di.

515 428 644 478 sunt
665 418 758 490 qui
792 425 1075 488 propterea
1103 433 1210 472 non
1239 425 1554 472 meruerunt
1577 417 1831 487 perirem
1856 418 2090 482 deserto,

514 511 643 582 quia
669 507 977 562 nescierunt
1018 504 1297 561 dexteram
1344 514 1440 561 aut
1477 506 1774 561 sinistram.
1823 505 1959 561 Ecce
1980 504 2091 574 jam

514 602 647 655 dura
672 598 883 655 cervice
906 596 1263 668 appellantur.
1288 597 1442 653 Unde
1465 596 1592 651 illud
1615 596 1904 652 videndum
1931 596 2092 652 estin

514 697 857 747 sacramento
888 703 1007 743 esse
1049 689 1274 755 dictum,
1299 690 1446 759 quod
1472 705 1580 745 non
1631 690 1858 745 istorum
1899 689 2092 745 merita

513 780 887 835 commendata
931 787 1077 834 sunt.
1135 777 1270 833 Nam
1319 793 1388 834 ne
1441 780 1564 849 quis
1608 778 1884 835 existimet
1915 780 2092 835 subito

515 875 648 928 istos
694 871 1079 941 vituperabiles
1114 870 1286 927 factos
1321 871 1413 940 qui
1462 873 1655 926 merito
1698 870 1927 927 fuissent
1967 879 2092 926 ante

513 963 738 1026 laudati,
764 961 926 1031 paulo
956 969 1079 1031 post
1104 961 1303 1015 dicitur
1329 976 1343 1015 :
1372 980 1391 1012 ι
1422 960 1625 1016 Memor
1652 971 1772 1017 esto
1790 971 1846 1017 et
1867 977 1937 1017 ne
1959 962 2093 1017 obli-

511 1052 762 1117 viscaris,
792 1050 935 1121 quod
964 1051 1302 1106 exacerbasti
1337 1051 1623 1106 Dominum
1660 1051 1828 1106 Deum
1859 1060 2005 1107 tuum
2037 1052 2091 1106 in

512 1145 728 1200 deserto
756 1162 771 1210 ;
809 1161 876 1200 ex
926 1160 1030 1214 qua
1076 1145 1163 1200 die
1189 1145 1350 1200 existi
1379 1144 1446 1198 de
1475 1154 1617 1199 terra
1647 1144 1889 1215 .Egypti,
1921 1145 2091 1201 donec

511 1238 708 1292 venisti
749 1238 801 1291 in
844 1238 988 1292 hunc
1027 1237 1225 1301 locum,
1257 1236 1563 1291 incredulus
1604 1236 1990 1306 perseverabas
2036 1236 2090 1290 in

511 1327 598 1383 liis
626 1343 746 1398 quae
789 1330 856 1383 ad
895 1328 1184 1383 Dominum
1230 1328 1519 1397 pertinent.
1549 1347 1565 1379 ι
1620 1327 1771 1393 Quod
1799 1328 1844 1382 si
1874 1328 2089 1397 quidam

511 1435 698 1475 eorum
727 1420 864 1475 tales
893 1429 1071 1485 erant,
1097 1421 1314 1490 quidam
1349 1435 1477 1476 vero
1525 1420 1711 1475 ﬁdeles
1748 1431 1803 1475 et
1834 1421 1976 1484 boni,
2012 1422 2091 1476 sic

510 1525 617 1564 non
641 1510 826 1580 utique
844 1510 948 1564 illis
970 1511 1128 1564 datur
1156 1521 1297 1564 terra
1312 1510 1709 1579 promissionis,
1728 1511 1817 1580 qui
1843 1511 2092 1565 nesciunt

511 1602 788 1657 dexteram
840 1611 935 1656 aut
978 1603 1290 1667 sinistram,
1321 1610 1380 1656 ut
1435 1603 1537 1656 hoc
1581 1603 1658 1656 sic
1703 1602 2086 1672 intelligamus,

2193 427 2390 473 cantur
2445 416 2625 488 Moyse
2684 416 2954 473 recolente
3011 432 3075 472 ac
3123 427 3396 487 repetente
3440 436 3548 491 quae
3591 438 3713 494 gesta

2192 515 2339 569 sunt,
2364 522 2489 563 cum
2519 508 2572 561 in
2601 504 2786 561 Exodo
2807 506 2899 561 ubi
2936 506 3168 577 primum
3206 508 3319 563 haec
3355 508 3489 564 dicta
3522 526 3714 571 narran-

2195 608 2302 664 tur,
2330 600 2405 654 ita
2425 600 2687 669 scriptum
2715 597 2824 654 sit:
2853 616 2871 649 ι
2903 598 2971 653 Ει
2995 598 3129 653 dixit
3149 599 3407 656 Dominus
3425 602 3486 656 ad
3501 601 3680 675 Moysen
3702 626 3714 663 ;

2196 706 2216 739 ι
2263 688 2453 743 Scribe
2495 687 2590 742 tibi
2619 687 2782 742 verba
2808 687 2944 742 bace.
2982 687 3194 742 Etenim
3229 688 3284 742 in
3317 690 3489 745 verbis
3514 691 3588 748 bis
3640 710 3718 766 po-

2197 795 2217 829 ι
2264 778 2349 833 sui
2373 778 2468 833 tibi
2500 787 2882 833 testamentum
2916 787 2972 833 et
2998 777 3181 832 Israel.
3213 778 3283 835 Et
3307 788 3422 834 erat
3449 781 3517 836 ibi
3545 782 3717 855 Moyses

2198 886 2218 921 ‹
2264 869 2319 924 in
2350 857 2644 939 conspectu
2676 868 2887 924 Domini
2933 867 3291 939 quadraginta
3318 869 3513 935 diebus,
3544 882 3594 927 et
3615 889 3717 944 qna-

2197 977 2217 1011 (
2261 958 2511 1030 draginta
2528 959 2793 1015 noctibus.
2810 958 3012 1014 Panem
3026 974 3132 1014 non
3145 961 3483 1017 manducavit
3498 972 3547 1017 et
3562 980 3717 1035 aquam

2196 1070 2217 1105 ι
2264 1067 2369 1108 non
2419 1051 2577 1117 bibit,
2610 1059 2664 1106 et
2696 1052 2915 1121 scripsit
2958 1052 3013 1106 in
3045 1052 3243 1108 tabulis
3270 1054 3432 1108 verba
3460 1060 3718 1114 testamenti

2197 1161 2216 1192 ι
2262 1142 2450 1198 decem
2500 1141 2696 1212 (Exod.
2728 1141 2933 1213 xxxiv).
2957 1160 2975 1194 ι
3007 1142 3141 1198 Cum
3186 1157 3315 1213 ergo
3345 1142 3398 1197 in
3437 1143 3604 1200 Exodo
3629 1147 3719 1216 ipse

2191 1233 2404 1304 Moyses
2451 1233 2636 1288 decem
2679 1232 2813 1303 legis
2857 1232 3022 1287 verba
3052 1232 3106 1287 in
3142 1232 3365 1298 tabulis,
3389 1234 3562 1289 eadem
3587 1237 3716 1292 verba

2191 1325 2476 1395 scripsisse
2527 1322 2814 1387 recolitnr;
2866 1323 3099 1392 denique
3146 1323 3274 1378 illud
3321 1326 3459 1394 quod
3489 1325 3537 1379 in
3572 1326 3719 1383 Exodo

2190 1429 2314 1469 cum
2353 1421 2700 1469 transeunter
2745 1422 3128 1478 traetaremus,
3155 1422 3213 1468 et
3255 1414 3385 1484 quid
3428 1416 3568 1469 nobis
3599 1417 3642 1471 in
3671 1432 3720 1472 ea

2190 1504 2495 1560 differentia
2543 1504 2715 1559 visum
2777 1502 2944 1559 fuerit
2997 1503 3194 1558 litteris
3250 1504 3720 1570 mandaremus,cur

2192 1595 2404 1664 priores
2437 1594 2632 1649 tabulae
2660 1609 2779 1664 qum
2801 1594 3050 1648 contrita:
3086 1601 3214 1647 sunt
3242 1593 3407 1665 digito
3435 1595 3523 1649 Dei
3548 1596 3719 1665 scripta:

509 1694 725 1761 quando
742 1691 1060 1747 oﬂ'enderint
1092 1692 1398 1747 Dominum.
1434 1690 1568 1746 Nam
1600 1702 1655 1747 et
1681 1692 1873 1746 Patres
1901 1707 2089 1747 eorum
2121 1688 2166 1747 Β
2195 1684 2521 1750 νϐἶθτδηῑυτν
2547 1683 2839 1738 secundam
2872 1692 3053 1737 ῑειηιθη
3084 1683 3135 1737 in
3164 1698 3293 1738 ³1⁸0³
3318 1684 3719 1756 tabernaculaque

508 1782 602 1851 qui
632 1783 831 1836 mortui
855 1791 1003 1847 sunt,
1030 1798 1130 1837 nec
1157 1782 1211 1836 in
1239 1782 1484 1836 eamdem
1512 1791 1712 1835 teriam
1743 1780 1947 1834 intrare
1971 1796 2091 1850 per-

507 1872 660 1927 missi
716 1881 870 1937 sunt,
906 1873 1042 1927 tales
1111 1872 1461 1928 inveniuntur
1513 1871 1711 1937 fuisse,
1746 1880 1805 1925 ut
1855 1873 2095 1926 inessent

512 1961 734 2030 quidam
776 1962 938 2016 etiam
986 1963 1111 2017 boni
1139 1980 1150 2015 :
1175 1971 1397 2032 propter
1439 1963 1583 2032 quod
1631 1961 1943 2031 Apostolus,
1985 1974 2091 2013 non

506 2066 717 2116 omnes,
746 2053 841 2107 sed
875 2054 1137 2121 quosdam
1168 2068 1355 2108 eorum
1385 2053 1513 2107 dicit
1548 2052 1854 2115 oll'endisse,
1890 2052 1941 2106 in
1972 2034 2092 2120 qui-

506 2139 609 2194 bus
636 2155 824 2195 eorum
873 2149 1092 2212 peccata
1137 2150 1565 2196 commemorat:
1596 2160 1615 2192 ι
1647 2141 1862 2195 Similes
1894 2141 2090 2209 quippe

505 2230 638 2284 estis
669 2231 982 2301 parentibus
1023 2231 1241 2289 vestris.
1278 2250 1296 2283 ι
1342 2230 1417 2285 Ita
1468 2231 1772 2286 evidentius
1815 2230 1992 2294 docet,
2031 2237 2091 2282 ut

506 2318 607 2371 ista
636 2319 905 2388 scriptura
948 2319 1348 2375 Deuteronomii
1379 2320 1521 2388 quod
1560 2327 1953 2388 consequenter
1991 2317 2089 2372 ad-

505 2407 677 2481 iungit
704 2421 760 2466 et
799 2411 968 2467 dicit:
1000 2431 1020 2463 ι
1059 2412 1127 2466 Et
1166 2413 1221 2467 in
1249 2411 1462 2467 Choreb
1492 2412 1861 2468 exacerbastis
1904 2411 2089 2466 Domi-

505 2514 657 2554 num.
690 2520 708 2551 ι
741 2500 842 2555 Ubi
866 2509 1012 2556 certe
1043 2502 1116 2555 illi
1166 2503 1649 2567 exacerbaverant,
1676 2502 1767 2572 qui
1805 2511 2091 2572 propterea

506 2589 573 2644 de
604 2588 747 2643 malo
792 2590 987 2645 merito
1011 2606 1108 2646 suo
1142 2606 1249 2645 non
1285 2599 1411 2647 sunt
1446 2591 1500 2646 in
1538 2600 1741 2646 terram
1776 2591 2094 2662 promissio-

505 2675 590 2732 nis
618 2676 929 2733 introducti.

1112 2788 1339 2847 CAPUT
1380 2789 1494 2845 XV.

502 2921 941 2998 commemoratio
985 2924 1500 2998 quomgdogdloyses,
1524 2929 1874 2998 quadraginta
1911 2931 2091 2986 diebus

549 2994 802 3065 jejunum
835 2998 890 3050 in
921 3005 1095 3049 monte
1118 2993 1289 3061 Sinni,
1316 2993 1633 3067 adeptus'eal
1660 2993 1866 3053 tatiulas
1896 2999 2043 3070 legis.

573 3122 749 3197 (Ιιιιυ.)
785 3141 805 3175 ι
833 3123 1097 3196 Deditqne
1124 3125 1258 3180 mihi
1294 3125 1555 3183 Dominus
1597 3127 1731 3184 duas
1768 3129 1977 3186 tabulas
2005 3131 2082 3186 la-

506 3231 527 3265 ι
572 3214 760 3284 pideas
797 3215 1028 3285 scriptas
1058 3215 1228 3286 digito
1266 3215 1397 3282 Dei,
1436 3224 1493 3270 et
1528 3217 1865 3273 continentes
1891 3220 2071 3274 omnia

508 3320 528 3354 ι
574 3304 741 3358 verba
777 3319 898 3373 quae
925 3304 1078 3358 vobis
1117 3305 1171 3358 in
1218 3313 1403 3359 monte
1432 3305 1644 3360 locutus
1673 3314 1758 3361 est
1805 3306 1872 3362 de
1899 3309 2078 3365 medio

508 3410 527 3443 ι
577 3392 735 3463 ignis,
766 3392 982 3462 quando
1010 3394 1197 3448 concio
1226 3393 1407 3463 populi
1439 3404 1762 3466 congregata
1788 3405 1891 3452 est.
1918 3396 2080 3453 Cum-

507 3499 526 3533 ι
572 3496 675 3552 que
724 3482 1041 3538 transissent
1086 3483 1442 3554 quadraginta
1472 3486 1588 3540 dies
1620 3494 1675 3541 et
1715 3488 1937 3543 totidem
1981 3505 2077 3545 no-

506 3592 525 3627 t
571 3585 706 3638 etes,
738 3575 883 3629 dedit
910 3575 1040 3630 mihi
1071 3575 1329 3631 Dominus
1352 3577 1485 3631 duas
1514 3578 1723 3632 tabulas
1750 3578 1881 3650 legis
1908 3580 2077 3636 hede-

504 3684 525 3718 ι
571 3666 667 3732 ris,
704 3666 942 3737 dixitque
970 3667 1140 3722 mihi:
1173 3667 1346 3740 Surge
1385 3680 1440 3724 et
1468 3669 1735 3725 descende
1774 3671 1902 3727 hinc
1942 3675 2071 3739 cito,

506 3774 525 3808 ι
572 3756 698 3827 quia
745 3756 971 3826 populus
992 3773 1151 3827 quem
1186 3758 1419 3814 eduxisti
1447 3760 1512 3814 de
1540 3758 1797 3831 zEgypto,
1826 3762 2075 3819 deserue—

506 3864 527 3899 ι
573 3856 699 3901 runt
732 3847 870 3901 viam
902 3847 1161 3903 velociter
1191 3864 1353 3918 quam
1382 3849 1762 3905 demonstrasti
1804 3852 1904 3918 eis,
1934 3853 2072 3908 fece-

504 3957 524 3989 ι
570 3946 802 4006 runtque
824 3938 928 3991 sibi
945 3938 1169 3992 vitulum
1194 3938 1540 4005 conliatilem,
1560 3956 1579 3991 ι
1596 3948 1651 3995 ει
1665 3940 1889 4012 reliqua.
1908 3944 2072 3999 Com-

499 4036 765 4082 memorat
810 4042 940 4097 ergo
985 4028 1073 4081 hic
1118 4028 1327 4099 Moyses
1374 4031 1644 4099 quomodo
1689 4031 1897 4087 tabulas
1939 4034 2073 4105 legis

495 4117 729 4188 scriptas
778 4116 967 4173 decem
1014 4118 1285 4173 mandatis
1331 4134 1361 4173 a
1404 4119 1631 4175 Domino
1673 4122 1969 4191 acceperit,
2018 4132 2074 4178 et

496 4210 621 4265 inde
668 4218 854 4264 narrat
888 4210 1157 4280 quomodo
1185 4211 1255 4265 ob
1284 4222 1566 4282 peceatum
1596 4213 1775 4283 populi
1805 4230 1897 4270 eas
1938 4234 2069 4279 eon-

496 4302 743 4368 triverit,
787 4310 841 4357 et
887 4301 1118 4371 qualiter
1166 4302 1358 4357 iterum
1400 4300 1655 4372 jejuuans
1700 4314 1863 4374 atque
1906 4321 2069 4363 orans

493 4389 866 4461 impetraverit
902 4390 1038 4445 alias
1085 4392 1293 4445 tabulas
1322 4371 1675 4461 conscriptas.
1706 4371 1810 4449 Sed
1847 4396 1935 4450 hic
1975 4412 2070 4449 na-
2094 4371 2148 4431 D

494 4481 665 4535 scitur
692 4494 798 4535 non
824 4481 1217 4535 contemnenda
1246 4483 1490 4550 qumstio.
1522 4482 1793 4553 Scriptum
1819 4494 1901 4540 est
1926 4486 2069 4541 enim

493 4571 610 4625 sic:
645 4571 794 4640 (Car.
819 4570 899 4643 x.)
944 4589 963 4621 ι
1004 4569 1062 4625 In
1115 4580 1353 4640 tempore
1400 4572 1489 4627 illo
1530 4574 1665 4628 dixit
1705 4573 1961 4629 Dominus
2002 4575 2067 4630 ad

500 4679 517 4711 ι
566 4678 688 4716 me:
722 4662 849 4717 DoIa
889 4662 985 4718 tibi
1016 4661 1149 4717 duas
1180 4663 1389 4717 tabulas
1420 4663 1659 4731 lapideas
1689 4665 1829 4718 sicut
1856 4665 2067 4732 priores

499 4769 519 4803 ι
566 4753 798 4817 ruerunt,
832 4761 888 4807 et
930 4753 1159 4807 ascende
1200 4752 1252 4806 in
1289 4762 1523 4807 montem
1550 4754 1615 4807 ad
1651 4768 1764 4818 me;
1793 4752 2065 4824 faciesque

498 4862 517 4895 ι
566 4858 753 4896 arcam
784 4843 1039 4914 ligneam,
1065 4853 1123 4899 et
1149 4845 1385 4899 scribam
1412 4846 1465 4898 in
1513 4845 1705 4900 tabulis
1740 4846 1904 4900 verba
1944 4861 2064 4915 qua:

498 4954 518 4986 ι
560 4931 780 4986 fuerunt
803 4933 857 4987 in
882 4934 967 4988 his
996 4949 1132 5003 quas
1159 4942 1282 4989 ante
1304 4933 1638 5004 confregisti,
1667 4948 1943 5006 poncsque
1971 4951 2063 4993 eas

497 5043 517 5076 ι
566 5023 617 5078 in
644 5036 790 5076 arca.
816 5021 942 5078 Feci
977 5023 1143 5094 igitur
1170 5038 1351 5079 aream
1379 5023 1444 5078 de
1471 5024 1628 5096 lignis
1649 5023 1875 5079 Scthim.
1902 5026 2063 5081 Cum-

496 5135 515 5167 ι
562 5128 667 5187 que
696 5112 961 5168 dolassem
1001 5114 1132 5167 duas
1177 5113 1384 5169 tabulas
1430 5114 1665 5183 lapideas
1711 5114 1881 5170 instar
1920 5118 2064 5186 prio-

497 5226 515 5257 ι
562 5221 712 5270 rum,
744 5202 963 5259 ascendi
996 5203 1049 5257 in
1080 5212 1316 5258 montem
1356 5204 1561 5259 habens
1587 5219 1679 5258 eas
1706 5204 1759 5259 in
1793 5208 2056 5272 manibus,

497 5317 516 5350 ι
563 5297 885 5367 scripsitque
914 5296 970 5351 in
1000 5296 1195 5351 tabulis
1216 5296 1370 5367 juxta
1398 5296 1450 5351 id
1480 5298 1622 5366 quod
1650 5299 1800 5368 prius
1830 5300 2060 5371 scripse-

498 5410 516 5442 ι
567 5400 671 5455 rat,
703 5389 864 5444 verba
914 5387 1126 5454 decem,
1172 5403 1292 5458 quae
1330 5387 1547 5445 locutus
1593 5400 1676 5444 est
1706 5391 1963 5446 Dominus
1990 5391 2058 5445 ad

497 5497 517 5532 ς
564 5496 660 5536 vos
710 5482 763 5536 in
800 5489 983 5537 monte
1029 5480 1095 5537 de
1142 5480 1319 5536 medio
1366 5481 1533 5552 ignis,
1574 5483 1789 5552 quando
1833 5483 2059 5553 populus

501 5589 521 5625 ι
566 5585 920 5648 congregatus
945 5583 1056 5645 est;
1086 5583 1141 5630 et
1174 5575 1318 5631 dedit
1347 5576 1475 5631 mihi
1508 5592 1619 5644 eas,
1646 5588 1749 5633 etc.
1776 5597 1795 5632 ›
1828 5577 1934 5633 Nec
1962 5579 2060 5633 im-

2190 1792 2535 1842 mansuram,
2568 1776 2682 1845 ipse
2718 1774 2927 1845 Moyses
2971 1772 3259 1842 scripsisse
3301 1774 3530 1829 dicatur.
3571 1775 3720 1845 itaque

2188 1884 2287 1938 per
2333 1867 2477 1922 hanc
2523 1864 2883 1919 dili‘erentiam
2934 1863 3041 1918 duo
3085 1862 3431 1919 Testamenta
3464 1865 3715 1936 signiﬁcata

2187 1973 2309 2014 esse
2329 1967 2391 2012 ut
2416 1957 2655 2012 diximus
2682 1974 2694 2009 :
2737 1964 2797 2010 ut
2824 1955 2878 2008 in
2901 1952 3085 2008 Veteri
3121 1953 3462 2010 Testamento
3488 1956 3567 2010 lex
3599 1972 3717 2011 coin-

2188 2051 2535 2106 mendaretur
2565 2058 2820 2117 tanquam
2862 2063 2999 2118 opus
3036 2048 3155 2113 Dei,
3201 2036 3293 2103 ubi
3333 2049 3489 2105 homo
3519 2050 3636 2105 nihil
3660 2051 3719 2106 le—

2186 2145 2343 2210 cerit,
2372 2158 2438 2199 eo
2466 2142 2609 2214 quod
2642 2142 2729 2196 lex
2759 2142 2953 2196 timore
2989 2156 3096 2196 non
3128 2150 3314 2213 posset
3357 2142 3587 2213 impleri:
3614 2159 3719 2213 quo-

2187 2235 2333 2290 niam
2360 2250 2482 2290 cum
2505 2248 2632 2289 vere
2657 2232 2719 2289 ﬁt
2745 2248 2880 2303 opus
2903 2232 3055 2305 legis,
3081 2247 3181 2303 per
3204 2234 3518 2289 charitatem
3536 2226 3718 2303 iustitia:

2189 2324 2270 2390 ﬁt,
2296 2340 2402 2380 non
2438 2325 2667 2379 timore:
2697 2338 2818 2392 qua:
2852 2322 3091 2377 eharitas
3118 2323 3297 2393 gratia
3324 2330 3408 2379 est
3436 2322 3719 2378 Testamenti

2136 2457 2145 2465 .
2188 2414 2342 2471 Novi.
2360 2415 2485 2470 Ideo
2510 2413 2565 2469 in
2588 2414 2839 2470 secundis
2862 2413 3057 2469 tabulis
3082 2414 3247 2468 homo
3271 2413 3463 2485 legitur
3485 2413 3721 2482 scripsisse

2187 2506 2352 2561 verba
2382 2505 2499 2571 Dei,
2530 2506 2656 2574 quia
2689 2505 2851 2559 homo
2897 2512 3077 2575 potest
3118 2502 3299 2560 facere
3328 2519 3461 2575 opus
3482 2504 3620 2581 ‘Iegis
3643 2520 3721 2573 per

2189 2595 2508 2651 ebaritatem
2538 2591 2789 2661 iustitiae,
2833 2594 2974 2663 quod
3005 2608 3111 2649 non
3156 2603 3340 2664 potest
3385 2608 3479 2663 per
3514 2593 3719 2649 timorem

2190 2700 2381 2757 poenze.
2411 2684 2564 2739 Nunc
2592 2698 2720 2753 ergo
2762 2698 2886 2739 cum
2931 2683 3133 2753 legitur
3166 2684 3219 2739 in
3250 2683 3642 2740 Deuteronomio
3668 2684 3720 2740 de

2192 2775 2445 2832 secundis
2471 2773 2691 2838 tabulis,
2720 2774 2793 2828 ita
2818 2774 3020 2829 dictum
3050 2783 3169 2830 est:
3201 2793 3219 2826 ι
3240 2774 3314 2829 Et
3338 2774 3508 2830 excidi
3526 2775 3641 2830 duas
3658 2785 3720 2828 ta.

2181 2892 2217 2951 ,ι
2253 2860 2406 2927 bulas
2434 2868 2672 2939 lapideas
2692 2868 2831 2922 sicut
2851 2868 3083 2938 priores,
3106 2876 3161 2923 et
3181 2868 3402 2923 ascendi
3424 2867 3481 2923 in
3501 2876 3715 2933 montem,

2199 2981 2218 3014 ι
2255 2972 2311 3017 ει
2335 2963 2455 3017 duae
2480 2958 2672 3015 tabula:
2715 2958 2770 3012 in
2794 2958 3042 3013 manibus
3065 2959 3217 3023 meis,
3242 2966 3318 3039 ﬁet
3344 2959 3549 3029 scripsit
3588 2958 3633 3013 in
3655 2967 3720 3013 ta-

2115 3030 2160 3094 C
2198 3072 2216 3105 ‹
2251 3054 2392 3110 bulis
2413 3050 2706 3107 secundum
2728 3049 2962 3120 priorem
2975 3034 3308 3119 scripturam
3349 3050 3524 3105 decem
3537 3048 3713 3104 verba.»

2184 3145 2300 3201 Non
2328 3144 2474 3199 enim
2501 3142 2601 3209 ait,
2625 3151 2673 3196 et
2704 3141 2911 3212 scripsi,
2936 3139 3031 3196 sed
3056 3142 3267 3212 scripsit
3294 3158 3314 3196 :
3340 3142 3442 3197 hoc
3463 3150 3558 3205 est,
3586 3140 3716 3202 Deus,

2181 3238 2320 3293 sicut
2341 3236 2500 3307 paqu
2519 3242 2645 3290 ante
2665 3233 2897 3300 dixerat,
2922 3233 3085 3288 verba
3110 3234 3204 3289 Dei
3231 3234 3340 3289 sibi
3362 3234 3530 3289 dicta:
3554 3231 3718 3287 Excide

2182 3327 2279 3382 tibi
2312 3327 2445 3382 duas
2480 3324 2688 3382 tabulas
2708 3324 3163 3396 quemadmodum
3187 3325 3428 3395 priores,
3451 3335 3502 3380 et
3523 3322 3715 3378 ascende

2180 3417 2248 3472 ad
2284 3431 2371 3472 me
2406 3417 2459 3471 in
2500 3423 2762 3481 montem,
2783 3423 2839 3469 et
2874 3413 3039 3470 facies
3065 3415 3160 3470 tibi
3198 3430 3388 3471 arcam
3421 3415 3646 3486 ligneam,
3672 3419 3716 3466 et

2178 3507 2410 3563 scribam
2438 3505 2492 3560 in
2540 3503 2735 3559 tabulis
2781 3504 2942 3559 verba
2967 3519 3086 3574 qua:
3115 3514 3272 3559 erant
3316 3506 3368 3560 in
3399 3503 3579 3558 tabulis
3602 3500 3716 3571 prio-

2178 3596 2351 3652 ribus.
2386 3594 2731 3650 Discutienda
2767 3593 3011 3649 nascitur
3038 3594 3294 3664 quaestio,
3327 3594 3465 3664 quod
3500 3600 3714 3658 utrasque

2180 3687 2412 3752 tabulas,
2440 3686 2492 3740 id
2518 3695 2619 3750 est,
2648 3685 2857 3755 priores
2881 3693 2938 3740 et
2966 3670 3254 3749 secundas,
3286 3688 3427 3741 Deus
3456 3686 3537 3739 hic
3557 3683 3715 3752 legitur

2176 3775 2479 3846 scripsisse,
2509 3790 2616 3829 non
2645 3774 2825 3829 homo.
2866 3773 2974 3829 Sed
3008 3774 3053 3829 si
3084 3775 3201 3844 ipso
3232 3791 3450 3847 quoque
3475 3775 3525 3828 in
3565 3771 3713 3827 Exodo

2173 3867 2338 3922 verba
2366 3866 2460 3920 Dei
2490 3865 2755 3936 legantur,
2788 3864 2877 3919 ubi
2898 3863 3053 3932 jubet
3077 3866 3300 3920 easdem
3334 3863 3534 3920 tabulas
3558 3876 3711 3917 secun-

2175 3959 2273 4014 das
2302 3956 2477 4011 excidi
2510 3971 2540 4010 a
2577 3954 2779 4025 Moyse,
2810 3953 2942 4008 nihil
2979 3954 3124 4009 aliud
3155 3955 3452 4019 invenitur,
3477 3968 3621 4023 quam
3652 3954 3711 4018 ip-

2174 4062 2293 4101 sum
2322 4047 2491 4101 Deum
2537 4060 2596 4101 se
2622 4046 2837 4100 easdem
2870 4043 3186 4114 promisisse
3233 4045 3573 4113 scripturum.
3603 4039 3709 4094 Nam

2175 4136 2246 4190 ita
2273 4136 2532 4205 scriptum
2566 4143 2651 4189 est
2688 4132 2857 4189 Exodi
2894 4149 3088 4187 xxxrv:
3114 4150 3133 4183 ι
3157 4132 3223 4186 Et
3244 4133 3381 4188 dixit
3402 4132 3636 4187 Dominus
3657 4129 3709 4182 ad

2174 4227 2390 4297 Moysen
2420 4243 2431 4278 :
2466 4224 2665 4279 Exeide
2703 4225 2839 4279 duas
2884 4222 3093 4277 tabulas
3127 4222 3220 4276 tibi
3262 4223 3404 4277 sicut
3429 4229 3482 4275 et
3515 4221 3706 4291 priores.

2171 4323 2227 4369 et
2266 4314 2497 4369 ascende
2525 4313 2577 4367 in
2614 4322 2881 4377 montem;
2906 4319 2960 4366 et
2988 4310 3224 4366 scribam
3251 4310 3307 4364 in
3340 4310 3527 4365 tabulis
3556 4307 3704 4368 verba,

2171 4420 2293 4474 qua:
2315 4412 2471 4459 erant
2498 4404 2553 4458 in
2577 4402 2771 4458 tabulis
2795 4402 3065 4472 prioribus
3092 4416 3227 4471 quas
3248 4400 3563 4457 contrivisti.
3585 4419 3601 4450 ι
3624 4396 3707 4451 Ex-

2169 4504 2325 4563 cepto
2357 4494 2537 4563 itaque
2566 4493 2704 4547 libro
2729 4491 3160 4558 Deuteronomii,
3187 4492 3534 4561 quaestionem
3556 4488 3706 4555 utique

2167 4586 2330 4641 etiam
2376 4586 2535 4641 istam
2582 4585 2729 4641 solus
2775 4583 2914 4639 liber
2961 4583 3132 4638 Exodi
3181 4584 3453 4649 continet,
3490 4579 3703 4651 quoniam

2166 4673 2363 4728 dixerit
2392 4673 2649 4728 Dominus
2673 4690 2686 4727 :
2720 4691 2739 4724 ι
2766 4672 2834 4726 Ει
2862 4672 3097 4727 scribam
3123 4672 3178 4726 in
3211 4672 3406 4727 tabulis
3436 4670 3585 4725 verba
3608 4679 3703 4735 qua!

2167 4772 2323 4816 erant
2346 4763 2399 4816 in
2430 4762 2625 4817 tabulis
2652 4761 2940 4833 prioribus,
2966 4782 2984 4813 ι
3020 4778 3145 4817 cum
3175 4760 3336 4832 paulo
3361 4770 3479 4830 post
3506 4757 3698 4826 tegitur:

2173 4866 2191 4900 ι
2219 4849 2408 4905 Scribe
2430 4850 2524 4905 tibi
2556 4850 2721 4905 verba
2749 4849 2883 4905 haec.
2913 4849 3124 4904 Etenim
3155 4850 3211 4904 in
3239 4850 3418 4904 verbis
3446 4847 3542 4909 bis,
3575 4838 3700 4915 posui

2169 4942 2264 4997 tibi
2302 4950 2681 4998 testamentum
2725 4951 2782 4998 et
2825 4942 3009 4997 lsrael.
3042 4942 3111 4997 Et
3153 4951 3273 4998 erat
3318 4943 3391 4998 ibi
3427 4940 3617 5005 Moyses
3656 4934 3699 4987 in

2167 5041 2458 5102 conspectu
2490 5032 2731 5099 Domini,
2776 5033 3129 5104 quadraginta
3162 5033 3373 5096 diebus,
3420 5041 3473 5086 et
3503 5028 3699 5098 quadra-

2165 5124 2312 5195 ginta
2358 5124 2628 5178 noctibus.
2671 5123 2868 5179 Panem
2914 5141 3023 5179 non
3058 5122 3420 5189 manducavit,
3456 5128 3509 5176 et
3534 5127 3696 5186 aquam

2166 5229 2272 5269 non
2313 5214 2466 5270 bibit.
2510 5215 2578 5270 Et
2618 5215 2837 5286 scripsit
2884 5215 2938 5269 in
2985 5215 3182 5269 tabulis
3224 5213 3385 5268 verba
3430 5200 3698 5266 testamenti

2165 5305 2404 5361 decem.»
2437 5306 2495 5361 Si
2522 5307 2664 5361 enim
2690 5306 2955 5377 superius,
2989 5307 3133 5375 quod
3157 5305 3355 5360 dictum
3378 5310 3478 5368 est,
3503 5319 3520 5352 ι
3540 5296 3697 5354 Scribe

2165 5398 2260 5452 tibi
2287 5399 2451 5453 verba
2478 5398 2593 5453 hanc
2613 5417 2629 5467 ;
2651 5398 2846 5456 etenim
2874 5398 2927 5452 in
2951 5398 3131 5452 verbis
3159 5398 3245 5452 bis
3269 5395 3419 5467 posui
3441 5392 3532 5449 tibi
3562 5395 3696 5445 testa-

2165 5497 2406 5544 mentum
2456 5496 2511 5543 et
2546 5488 2740 5553 Israel,
2779 5506 2797 5540 ι
2846 5487 2912 5541 ad
2960 5488 3240 5558 superiora
3286 5485 3539 5556 pertinet,
3577 5471 3692 5547 (μιοᾶ

2166 5579 2423 5635 Dominus
2460 5580 2561 5633 ista
2590 5578 2952 5649 praecipiebat,
2987 5587 3045 5632 ut
3079 5593 3186 5633 non
3217 5578 3271 5631 in
3302 5575 3501 5631 duabus
3531 5565 3693 5625 tabulis
