  <div class='ocr_page' id='page_1' title='image "/cluster/home/n/w/nwhite01/storage/ocr_20150623/108/hvd.32044054759733/442.png"; bbox 0 0 3964 6192; ppageno 0'>
   <div class='ocr_carea' id='block_1_1' title="bbox 240 382 346 438">
    <p class='ocr_par' dir='ltr' id='par_1_1' title="bbox 240 382 346 438">
     <span class='ocr_line' id='line_1_1' title="bbox 240 382 346 438; baseline -0.019 0"><span class='ocrx_word' id='word_1_1' title='bbox 240 382 346 438; x_wconf 71' lang='lat'><strong>873</strong></span> 
     </span>
    </p>
   </div>
   <div class='ocr_carea' id='block_1_2' title="bbox 1023 370 2705 432">
    <p class='ocr_par' dir='ltr' id='par_1_2' title="bbox 1023 370 2705 432">
     <span class='ocr_line' id='line_1_2' title="bbox 1023 370 2705 432; baseline -0.004 0"><span class='ocrx_word' id='word_1_2' title='bbox 1023 374 1422 432; x_wconf 74' lang='lat' dir='ltr'><strong>ENARRATIO</strong></span> <span class='ocrx_word' id='word_1_3' title='bbox 1460 373 1687 431; x_wconf 80' lang='lat' dir='ltr'><strong>SUPER</strong></span> <span class='ocrx_word' id='word_1_4' title='bbox 1726 370 2348 429; x_wconf 74' lang='lat' dir='ltr'><strong>DEUTERONOMIUM.</strong></span> <span class='ocrx_word' id='word_1_5' title='bbox 2389 401 2459 411; x_wconf 91' lang='grc'><strong><em>--</em></strong></span> <span class='ocrx_word' id='word_1_6' title='bbox 2494 370 2622 426; x_wconf 82' lang='lat' dir='ltr'><strong>LIB.</strong></span> <span class='ocrx_word' id='word_1_7' title='bbox 2664 371 2705 425; x_wconf 88' lang='grc'><strong>1.</strong></span> 
     </span>
    </p>
   </div>
   <div class='ocr_carea' id='block_1_3' title="bbox 3402 367 3512 430">
    <p class='ocr_par' dir='ltr' id='par_1_3' title="bbox 3402 367 3512 430">
     <span class='ocr_line' id='line_1_3' title="bbox 3402 367 3512 430; baseline 0.009 -1"><span class='ocrx_word' id='word_1_8' title='bbox 3402 367 3512 430; x_wconf 60' lang='grc'><strong>878</strong></span> 
     </span>
    </p>
   </div>
   <div class='ocr_carea' id='block_1_4' title="bbox 242 484 3513 565">
    <p class='ocr_par' dir='ltr' id='par_1_4' title="bbox 242 484 3513 565">
     <span class='ocr_line' id='line_1_4' title="bbox 242 484 3513 565; baseline -0.002 -18"><span class='ocrx_word' id='word_1_9' title='bbox 242 492 473 565; x_wconf 78' lang='lat' dir='ltr'><strong>lapideis</strong></span> <span class='ocrx_word' id='word_1_10' title='bbox 520 490 915 554; x_wconf 56' lang='lat' dir='ltr'><strong>scriberentur,</strong></span> <span class='ocrx_word' id='word_1_11' title='bbox 961 490 1054 544; x_wconf 88' lang='lat' dir='ltr'><strong>sed</strong></span> <span class='ocrx_word' id='word_1_12' title='bbox 1099 492 1154 543; x_wconf 88' lang='lat' dir='ltr'><strong>in</strong></span> <span class='ocrx_word' id='word_1_13' title='bbox 1204 489 1296 543; x_wconf 88' lang='lat' dir='ltr'><strong>illo</strong></span> <span class='ocrx_word' id='word_1_14' title='bbox 1344 488 1484 543; x_wconf 89' lang='lat' dir='ltr'><strong>libro</strong></span> <span class='ocrx_word' id='word_1_15' title='bbox 1527 488 1690 558; x_wconf 84' lang='lat' dir='ltr'><strong>legis,</strong></span> <span class='ocrx_word' id='word_1_16' title='bbox 1733 488 1825 543; x_wconf 84' lang='lat' dir='ltr'><strong>ubi</strong></span> <span class='ocrx_word' id='word_1_17' title='bbox 1855 492 1905 550; x_wconf 76' lang='grc' dir='ltr'>Α</span> <span class='ocrx_word' id='word_1_18' title='bbox 1930 495 1988 540; x_wconf 91' lang='lat' dir='ltr'><strong>ut</strong></span> <span class='ocrx_word' id='word_1_19' title='bbox 2020 486 2119 565; x_wconf 83' lang='lat' dir='ltr'><strong>ipsi</strong></span> <span class='ocrx_word' id='word_1_20' title='bbox 2152 486 2260 539; x_wconf 88' lang='lat' dir='ltr'><strong>sint</strong></span> <span class='ocrx_word' id='word_1_21' title='bbox 2285 486 2338 540; x_wconf 90' lang='lat' dir='ltr'><strong>iu</strong></span> <span class='ocrx_word' id='word_1_22' title='bbox 2361 484 2578 541; x_wconf 89' lang='lat' dir='ltr'><strong>Christo</strong></span> <span class='ocrx_word' id='word_1_23' title='bbox 2600 485 2811 556; x_wconf 89' lang='lat' dir='ltr'><strong>justitia</strong></span> <span class='ocrx_word' id='word_1_24' title='bbox 2844 485 2959 539; x_wconf 88' lang='lat' dir='ltr'><strong>Dei.</strong></span> <span class='ocrx_word' id='word_1_25' title='bbox 2986 485 3120 539; x_wconf 72' lang='lat' dir='ltr'><strong>Nam</strong></span> <span class='ocrx_word' id='word_1_26' title='bbox 3151 494 3205 540; x_wconf 88' lang='lat' dir='ltr'><strong>et</strong></span> <span class='ocrx_word' id='word_1_27' title='bbox 3232 486 3341 541; x_wconf 85' lang='lat' dir='ltr'><strong>iliie</strong></span> <span class='ocrx_word' id='word_1_28' title='bbox 3366 488 3513 555; x_wconf 76' lang='lat' dir='ltr'><strong>Apo-</strong></span> 
     </span>
    </p>
   </div>
   <div class='ocr_carea' id='block_1_5' title="bbox 239 578 1828 650">
    <p class='ocr_par' dir='ltr' id='par_1_5' title="bbox 239 578 1828 650">
     <span class='ocr_line' id='line_1_5' title="bbox 239 578 1828 650; baseline -0.006 -9"><span class='ocrx_word' id='word_1_29' title='bbox 239 587 412 642; x_wconf 80' lang='lat' dir='ltr'><strong>multa</strong></span> <span class='ocrx_word' id='word_1_30' title='bbox 461 580 765 650; x_wconf 87' lang='lat' dir='ltr'><strong>conscripta</strong></span> <span class='ocrx_word' id='word_1_31' title='bbox 809 588 955 634; x_wconf 88' lang='lat' dir='ltr'><strong>sunt.</strong></span> <span class='ocrx_word' id='word_1_32' title='bbox 1002 579 1164 634; x_wconf 90' lang='lat' dir='ltr'><strong>Certe</strong></span> <span class='ocrx_word' id='word_1_33' title='bbox 1205 578 1334 633; x_wconf 89' lang='lat' dir='ltr'><strong>illud</strong></span> <span class='ocrx_word' id='word_1_34' title='bbox 1372 578 1518 648; x_wconf 90' lang='lat' dir='ltr'><strong>quod</strong></span> <span class='ocrx_word' id='word_1_35' title='bbox 1560 578 1828 647; x_wconf 78' lang='lat' dir='ltr'><strong>sequitur,</strong></span> 
     </span>
    </p>
   </div>
   <div class='ocr_carea' id='block_1_6' title="bbox 245 667 1830 741">
    <p class='ocr_par' dir='ltr' id='par_1_6' title="bbox 245 667 1830 741">
     <span class='ocr_line' id='line_1_6' title="bbox 245 667 1830 741; baseline -0.005 -12"><span class='ocrx_word' id='word_1_36' title='bbox 245 695 269 729; x_wconf 73' lang='grc' dir='ltr'><strong>ι</strong></span> <span class='ocrx_word' id='word_1_37' title='bbox 299 676 369 731; x_wconf 84' lang='lat' dir='ltr'><strong>Et</strong></span> <span class='ocrx_word' id='word_1_38' title='bbox 393 683 511 728; x_wconf 87' lang='lat' dir='ltr'><strong>erat</strong></span> <span class='ocrx_word' id='word_1_39' title='bbox 549 672 617 726; x_wconf 89' lang='lat' dir='ltr'><strong>ibi</strong></span> <span class='ocrx_word' id='word_1_40' title='bbox 666 671 875 741; x_wconf 84' lang='lat' dir='ltr'><strong>Moyses</strong></span> <span class='ocrx_word' id='word_1_41' title='bbox 904 672 958 726; x_wconf 89' lang='lat' dir='ltr'><strong>in</strong></span> <span class='ocrx_word' id='word_1_42' title='bbox 995 680 1286 741; x_wconf 86' lang='lat' dir='ltr'><strong>conspectu</strong></span> <span class='ocrx_word' id='word_1_43' title='bbox 1336 668 1549 724; x_wconf 82' lang='lat' dir='ltr'><strong>Domini</strong></span> <span class='ocrx_word' id='word_1_44' title='bbox 1593 667 1830 738; x_wconf 79' lang='lat' dir='ltr'><strong>quadra-</strong></span> 
     </span>
    </p>
   </div>
   <div class='ocr_carea' id='block_1_7' title="bbox 237 760 1827 838">
    <p class='ocr_par' dir='ltr' id='par_1_7' title="bbox 237 760 1827 838">
     <span class='ocr_line' id='line_1_7' title="bbox 237 760 1827 838; baseline -0.004 -17"><span class='ocrx_word' id='word_1_45' title='bbox 237 768 393 838; x_wconf 68' lang='lat' dir='ltr'><strong>ginta</strong></span> <span class='ocrx_word' id='word_1_46' title='bbox 423 764 632 825; x_wconf 90' lang='lat' dir='ltr'><strong>diebus,</strong></span> <span class='ocrx_word' id='word_1_47' title='bbox 660 769 714 816; x_wconf 91' lang='lat' dir='ltr'><strong>et</strong></span> <span class='ocrx_word' id='word_1_48' title='bbox 759 763 1115 833; x_wconf 80' lang='lat' dir='ltr'><strong>quadraginta</strong></span> <span class='ocrx_word' id='word_1_49' title='bbox 1161 763 1429 817; x_wconf 82' lang='lat' dir='ltr'><strong>noctibus.</strong></span> <span class='ocrx_word' id='word_1_50' title='bbox 1480 760 1683 814; x_wconf 84' lang='lat' dir='ltr'><strong>Panem</strong></span> <span class='ocrx_word' id='word_1_51' title='bbox 1718 774 1827 814; x_wconf 90' lang='lat' dir='ltr'><strong>non</strong></span> 
     </span>
    </p>
   </div>
   <div class='ocr_carea' id='block_1_8' title="bbox 241 851 1826 924">
    <p class='ocr_par' dir='ltr' id='par_1_8' title="bbox 241 851 1826 924">
     <span class='ocr_line' id='line_1_8' title="bbox 241 851 1826 924; baseline -0.006 -11"><span class='ocrx_word' id='word_1_52' title='bbox 241 856 616 920; x_wconf 79' lang='lat' dir='ltr'><strong>manducavit,</strong></span> <span class='ocrx_word' id='word_1_53' title='bbox 653 864 708 909; x_wconf 87' lang='lat' dir='ltr'><strong>et</strong></span> <span class='ocrx_word' id='word_1_54' title='bbox 736 869 930 924; x_wconf 80' lang='lat' dir='ltr'><strong>aquam</strong></span> <span class='ocrx_word' id='word_1_55' title='bbox 961 870 1066 907; x_wconf 92' lang='lat' dir='ltr'><strong>non</strong></span> <span class='ocrx_word' id='word_1_56' title='bbox 1094 854 1250 908; x_wconf 81' lang='lat' dir='ltr'><strong>bibit.</strong></span> <span class='ocrx_word' id='word_1_57' title='bbox 1281 854 1350 907; x_wconf 85' lang='lat' dir='ltr'><strong>Et</strong></span> <span class='ocrx_word' id='word_1_58' title='bbox 1395 853 1613 922; x_wconf 84' lang='lat' dir='ltr'><strong>scripsit</strong></span> <span class='ocrx_word' id='word_1_59' title='bbox 1657 851 1710 905; x_wconf 91' lang='lat' dir='ltr'><strong>in</strong></span> <span class='ocrx_word' id='word_1_60' title='bbox 1744 860 1826 905; x_wconf 88' lang='lat' dir='ltr'><strong>ta-</strong></span> 
     </span>
    </p>
   </div>
   <div class='ocr_carea' id='block_1_9' title="bbox 240 942 1831 1008">
    <p class='ocr_par' dir='ltr' id='par_1_9' title="bbox 240 942 1831 1008">
     <span class='ocr_line' id='line_1_9' title="bbox 240 942 1831 1008; baseline -0.004 -5"><span class='ocrx_word' id='word_1_61' title='bbox 240 949 391 1003; x_wconf 80' lang='lat' dir='ltr'><strong>bulis</strong></span> <span class='ocrx_word' id='word_1_62' title='bbox 418 945 578 1000; x_wconf 88' lang='lat' dir='ltr'><strong>verba</strong></span> <span class='ocrx_word' id='word_1_63' title='bbox 610 944 916 999; x_wconf 89' lang='lat' dir='ltr'><strong>testamenti</strong></span> <span class='ocrx_word' id='word_1_64' title='bbox 945 944 1152 1008; x_wconf 85' lang='lat' dir='ltr'><strong>decem,</strong></span> <span class='ocrx_word' id='word_1_65' title='bbox 1175 965 1195 995; x_wconf 77' lang='grc'><strong>»</strong></span> <span class='ocrx_word' id='word_1_66' title='bbox 1226 947 1360 999; x_wconf 85' lang='lat' dir='ltr'><strong>satis</strong></span> <span class='ocrx_word' id='word_1_67' title='bbox 1387 942 1674 997; x_wconf 77' lang='lat' dir='ltr'><strong>manifeste</strong></span> <span class='ocrx_word' id='word_1_68' title='bbox 1699 942 1831 997; x_wconf 82' lang='lat' dir='ltr'><strong>dicit</strong></span> 
     </span>
    </p>
   </div>
   <div class='ocr_carea' id='block_1_10' title="bbox 240 1032 1830 1105">
    <p class='ocr_par' dir='ltr' id='par_1_10' title="bbox 240 1032 1830 1105">
     <span class='ocr_line' id='line_1_10' title="bbox 240 1032 1830 1105; baseline -0.005 -11"><span class='ocrx_word' id='word_1_69' title='bbox 240 1039 497 1094; x_wconf 76' lang='lat' dir='ltr'><strong>eumdem</strong></span> <span class='ocrx_word' id='word_1_70' title='bbox 525 1036 744 1105; x_wconf 87' lang='lat' dir='ltr'><strong>Moysen</strong></span> <span class='ocrx_word' id='word_1_71' title='bbox 789 1034 843 1088; x_wconf 92' lang='lat' dir='ltr'><strong>in</strong></span> <span class='ocrx_word' id='word_1_72' title='bbox 877 1034 1074 1089; x_wconf 88' lang='lat' dir='ltr'><strong>tabulis</strong></span> <span class='ocrx_word' id='word_1_73' title='bbox 1115 1034 1230 1089; x_wconf 66' lang='lat' dir='ltr'><strong>hinc</strong></span> <span class='ocrx_word' id='word_1_74' title='bbox 1257 1033 1444 1090; x_wconf 83' lang='lat' dir='ltr'><strong>decem</strong></span> <span class='ocrx_word' id='word_1_75' title='bbox 1491 1034 1653 1088; x_wconf 88' lang='lat' dir='ltr'><strong>verba</strong></span> <span class='ocrx_word' id='word_1_76' title='bbox 1697 1032 1830 1088; x_wconf 88' lang='lat' dir='ltr'><strong>scri-</strong></span> 
     </span>
    </p>
   </div>
   <div class='ocr_carea' id='block_1_11' title="bbox 241 1123 1831 1200">
    <p class='ocr_par' dir='ltr' id='par_1_11' title="bbox 241 1123 1831 1200">
     <span class='ocr_line' id='line_1_11' title="bbox 241 1123 1831 1200; baseline -0.003 -17"><span class='ocrx_word' id='word_1_77' title='bbox 241 1128 442 1200; x_wconf 81' lang='lat' dir='ltr'><strong>psisse,</strong></span> <span class='ocrx_word' id='word_1_78' title='bbox 475 1141 582 1181; x_wconf 87' lang='lat' dir='ltr'><strong>non</strong></span> <span class='ocrx_word' id='word_1_79' title='bbox 611 1124 782 1179; x_wconf 90' lang='lat' dir='ltr'><strong>Deum</strong></span> <span class='ocrx_word' id='word_1_80' title='bbox 808 1142 820 1177; x_wconf 93' lang='lat'><strong>:</strong></span> <span class='ocrx_word' id='word_1_81' title='bbox 849 1124 951 1179; x_wconf 87' lang='lat' dir='ltr'><strong>nisi</strong></span> <span class='ocrx_word' id='word_1_82' title='bbox 978 1123 1119 1179; x_wconf 89' lang='lat' dir='ltr'><strong>forte</strong></span> <span class='ocrx_word' id='word_1_83' title='bbox 1148 1124 1412 1179; x_wconf 88' lang='lat' dir='ltr'><strong>violenter</strong></span> <span class='ocrx_word' id='word_1_84' title='bbox 1447 1124 1664 1193; x_wconf 87' lang='lat' dir='ltr'><strong>quidem</strong></span> <span class='ocrx_word' id='word_1_85' title='bbox 1684 1161 1700 1189; x_wconf 92' lang='lat'><strong>,</strong></span> <span class='ocrx_word' id='word_1_86' title='bbox 1736 1124 1831 1178; x_wconf 90' lang='lat' dir='ltr'><strong>sed</strong></span> 
     </span>
    </p>
   </div>
   <div class='ocr_carea' id='block_1_12' title="bbox 243 1214 1833 1285">
    <p class='ocr_par' dir='ltr' id='par_1_12' title="bbox 243 1214 1833 1285">
     <span class='ocr_line' id='line_1_12' title="bbox 243 1214 1833 1285; baseline -0.003 -13"><span class='ocrx_word' id='word_1_87' title='bbox 243 1227 397 1272; x_wconf 89' lang='lat' dir='ltr'><strong>certa</strong></span> <span class='ocrx_word' id='word_1_88' title='bbox 428 1216 753 1271; x_wconf 87' lang='lat' dir='ltr'><strong>necessitate</strong></span> <span class='ocrx_word' id='word_1_89' title='bbox 783 1214 1175 1285; x_wconf 88' lang='lat' dir='ltr'><strong>compellimur,</strong></span> <span class='ocrx_word' id='word_1_90' title='bbox 1206 1214 1299 1270; x_wconf 90' lang='lat' dir='ltr'><strong>ubi</strong></span> <span class='ocrx_word' id='word_1_91' title='bbox 1337 1215 1540 1269; x_wconf 89' lang='lat' dir='ltr'><strong>dictum</strong></span> <span class='ocrx_word' id='word_1_92' title='bbox 1567 1223 1676 1269; x_wconf 88' lang='lat' dir='ltr'><strong>est:</strong></span> <span class='ocrx_word' id='word_1_93' title='bbox 1716 1233 1735 1265; x_wconf 82' lang='grc' dir='ltr'><strong>ι</strong></span> <span class='ocrx_word' id='word_1_94' title='bbox 1770 1214 1833 1267; x_wconf 84' lang='lat' dir='ltr'><strong>Et</strong></span> 
     </span>
    </p>
   </div>
   <div class='ocr_carea' id='block_1_13' title="bbox 244 1306 1830 1378">
    <p class='ocr_par' dir='ltr' id='par_1_13' title="bbox 244 1306 1830 1378">
     <span class='ocr_line' id='line_1_13' title="bbox 244 1306 1830 1378; baseline -0.004 -14"><span class='ocrx_word' id='word_1_95' title='bbox 244 1309 471 1378; x_wconf 84' lang='lat' dir='ltr'><strong>scripsit</strong></span> <span class='ocrx_word' id='word_1_96' title='bbox 515 1308 573 1362; x_wconf 90' lang='lat' dir='ltr'><strong>in</strong></span> <span class='ocrx_word' id='word_1_97' title='bbox 621 1306 819 1362; x_wconf 86' lang='lat' dir='ltr'><strong>tabulis</strong></span> <span class='ocrx_word' id='word_1_98' title='bbox 858 1307 1019 1360; x_wconf 88' lang='lat' dir='ltr'><strong>verba</strong></span> <span class='ocrx_word' id='word_1_99' title='bbox 1073 1307 1383 1361; x_wconf 83' lang='lat' dir='ltr'><strong>testamenti</strong></span> <span class='ocrx_word' id='word_1_100' title='bbox 1419 1307 1625 1370; x_wconf 83' lang='lat' dir='ltr'><strong>decem,</strong></span> <span class='ocrx_word' id='word_1_101' title='bbox 1652 1330 1673 1364; x_wconf 72' lang='grc' dir='ltr'><strong>ι</strong></span> <span class='ocrx_word' id='word_1_102' title='bbox 1724 1322 1830 1359; x_wconf 92' lang='lat' dir='ltr'><strong>non</strong></span> 
     </span>
    </p>
   </div>
   <div class='ocr_carea' id='block_1_14' title="bbox 247 1398 1832 1470">
    <p class='ocr_par' dir='ltr' id='par_1_14' title="bbox 247 1398 1832 1470">
     <span class='ocr_line' id='line_1_14' title="bbox 247 1398 1832 1470; baseline -0.001 -16"><span class='ocrx_word' id='word_1_103' title='bbox 247 1401 468 1470; x_wconf 79' lang='lat' dir='ltr'><strong>Moysen</strong></span> <span class='ocrx_word' id='word_1_104' title='bbox 510 1399 823 1463; x_wconf 83' lang='lat' dir='ltr'><strong>subaudire,</strong></span> <span class='ocrx_word' id='word_1_105' title='bbox 868 1399 963 1453; x_wconf 87' lang='lat' dir='ltr'><strong>sed</strong></span> <span class='ocrx_word' id='word_1_106' title='bbox 993 1399 1181 1453; x_wconf 90' lang='lat' dir='ltr'><strong>Deum.</strong></span> <span class='ocrx_word' id='word_1_107' title='bbox 1217 1398 1392 1468; x_wconf 88' lang='lat' dir='ltr'><strong>Supra</strong></span> <span class='ocrx_word' id='word_1_108' title='bbox 1427 1399 1571 1453; x_wconf 88' lang='lat' dir='ltr'><strong>enim</strong></span> <span class='ocrx_word' id='word_1_109' title='bbox 1596 1399 1832 1469; x_wconf 89' lang='lat' dir='ltr'><strong>positum</strong></span> 
     </span>
    </p>
   </div>
   <div class='ocr_carea' id='block_1_15' title="bbox 242 1488 1833 1560">
    <p class='ocr_par' dir='ltr' id='par_1_15' title="bbox 242 1488 1833 1560">
     <span class='ocr_line' id='line_1_15' title="bbox 242 1488 1833 1560; baseline -0.001 -15"><span class='ocrx_word' id='word_1_110' title='bbox 242 1499 328 1545; x_wconf 84' lang='lat' dir='ltr'><strong>est</strong></span> <span class='ocrx_word' id='word_1_111' title='bbox 357 1509 372 1542; x_wconf 87' lang='lat'><strong>:</strong></span> <span class='ocrx_word' id='word_1_112' title='bbox 412 1508 430 1541; x_wconf 79' lang='grc' dir='ltr'><strong>ι</strong></span> <span class='ocrx_word' id='word_1_113' title='bbox 462 1490 530 1545; x_wconf 88' lang='lat' dir='ltr'><strong>Et</strong></span> <span class='ocrx_word' id='word_1_114' title='bbox 559 1497 677 1545; x_wconf 83' lang='lat' dir='ltr'><strong>erat</strong></span> <span class='ocrx_word' id='word_1_115' title='bbox 698 1489 771 1543; x_wconf 90' lang='lat' dir='ltr'><strong>ibi</strong></span> <span class='ocrx_word' id='word_1_116' title='bbox 795 1488 1007 1560; x_wconf 81' lang='lat' dir='ltr'><strong>Moyses</strong></span> <span class='ocrx_word' id='word_1_117' title='bbox 1032 1489 1086 1543; x_wconf 86' lang='lat' dir='ltr'><strong>in</strong></span> <span class='ocrx_word' id='word_1_118' title='bbox 1110 1500 1401 1558; x_wconf 79' lang='lat' dir='ltr'><strong>conspectu</strong></span> <span class='ocrx_word' id='word_1_119' title='bbox 1426 1489 1660 1554; x_wconf 90' lang='lat' dir='ltr'><strong>Domini,</strong></span> <span class='ocrx_word' id='word_1_120' title='bbox 1684 1508 1701 1541; x_wconf 79' lang='grc' dir='ltr'><strong>ι</strong></span> <span class='ocrx_word' id='word_1_121' title='bbox 1722 1499 1833 1544; x_wconf 89' lang='lat' dir='ltr'><strong>uta</strong></span> 
     </span>
    </p>
   </div>
   <div class='ocr_carea' id='block_1_16' title="bbox 245 1580 1836 1653">
    <p class='ocr_par' dir='ltr' id='par_1_16' title="bbox 245 1580 1836 1653">
     <span class='ocr_line' id='line_1_16' title="bbox 245 1580 1836 1653; baseline -0.001 -16"><span class='ocrx_word' id='word_1_122' title='bbox 245 1585 481 1638; x_wconf 85' lang='lat' dir='ltr'><strong>Domino</strong></span> <span class='ocrx_word' id='word_1_123' title='bbox 497 1583 554 1637; x_wconf 88' lang='lat' dir='ltr'><strong>in</strong></span> <span class='ocrx_word' id='word_1_124' title='bbox 572 1580 1030 1651; x_wconf 77' lang='lat' dir='ltr'><strong>eujusconspectu</strong></span> <span class='ocrx_word' id='word_1_125' title='bbox 1046 1588 1167 1636; x_wconf 89' lang='lat' dir='ltr'><strong>erat</strong></span> <span class='ocrx_word' id='word_1_126' title='bbox 1190 1580 1417 1651; x_wconf 88' lang='lat' dir='ltr'><strong>Moyses,</strong></span> <span class='ocrx_word' id='word_1_127' title='bbox 1439 1599 1457 1631; x_wconf 73' lang='grc' dir='ltr'><strong>ι</strong></span> <span class='ocrx_word' id='word_1_128' title='bbox 1475 1581 1836 1653; x_wconf 76' lang='lat' dir='ltr'><strong>quadraginta</strong></span> 
     </span>
    </p>
   </div>
   <div class='ocr_carea' id='block_1_17' title="bbox 246 1674 1838 1745">
    <p class='ocr_par' dir='ltr' id='par_1_17' title="bbox 246 1674 1838 1745">
     <span class='ocr_line' id='line_1_17' title="bbox 246 1674 1838 1745; baseline -0.003 -15"><span class='ocrx_word' id='word_1_129' title='bbox 246 1677 465 1739; x_wconf 84' lang='lat' dir='ltr'><strong>diebus,</strong></span> <span class='ocrx_word' id='word_1_130' title='bbox 491 1684 547 1731; x_wconf 83' lang='lat' dir='ltr'><strong>et</strong></span> <span class='ocrx_word' id='word_1_131' title='bbox 580 1674 939 1745; x_wconf 83' lang='lat' dir='ltr'><strong>quadraginta</strong></span> <span class='ocrx_word' id='word_1_132' title='bbox 965 1674 1216 1728; x_wconf 89' lang='lat' dir='ltr'><strong>noctibus</strong></span> <span class='ocrx_word' id='word_1_133' title='bbox 1247 1687 1441 1743; x_wconf 89' lang='lat' dir='ltr'><strong>panem</strong></span> <span class='ocrx_word' id='word_1_134' title='bbox 1476 1689 1584 1728; x_wconf 88' lang='lat' dir='ltr'><strong>non</strong></span> <span class='ocrx_word' id='word_1_135' title='bbox 1612 1674 1838 1728; x_wconf 88' lang='lat' dir='ltr'><strong>mandu-</strong></span> 
     </span>
    </p>
   </div>
   <div class='ocr_carea' id='block_1_18' title="bbox 242 1763 1838 1837">
    <p class='ocr_par' dir='ltr' id='par_1_18' title="bbox 242 1763 1838 1837">
     <span class='ocr_line' id='line_1_18' title="bbox 242 1763 1838 1837; baseline -0.003 -14"><span class='ocrx_word' id='word_1_136' title='bbox 242 1784 385 1823; x_wconf 89' lang='lat' dir='ltr'><strong>cans</strong></span> <span class='ocrx_word' id='word_1_137' title='bbox 413 1776 709 1837; x_wconf 83' lang='lat' dir='ltr'><strong>et—aquam</strong></span> <span class='ocrx_word' id='word_1_138' title='bbox 756 1781 862 1821; x_wconf 91' lang='lat' dir='ltr'><strong>non</strong></span> <span class='ocrx_word' id='word_1_139' title='bbox 908 1766 1162 1831; x_wconf 47' lang='lat' dir='ltr'><strong>bibens”</strong></span> <span class='ocrx_word' id='word_1_140' title='bbox 1211 1765 1415 1835; x_wconf 88' lang='lat' dir='ltr'><strong>scripta</strong></span> <span class='ocrx_word' id='word_1_141' title='bbox 1468 1763 1838 1833; x_wconf 84' lang='lat' dir='ltr'><strong>intelligantur</strong></span> 
     </span>
    </p>
   </div>
   <div class='ocr_carea' id='block_1_19' title="bbox 244 1837 1912 1924">
    <p class='ocr_par' dir='ltr' id='par_1_19' title="bbox 244 1837 1912 1924">
     <span class='ocr_line' id='line_1_19' title="bbox 244 1837 1912 1924; baseline -0.004 -11"><span class='ocrx_word' id='word_1_142' title='bbox 244 1860 368 1914; x_wconf 77' lang='lat' dir='ltr'><strong>bzec</strong></span> <span class='ocrx_word' id='word_1_143' title='bbox 395 1859 581 1913; x_wconf 86' lang='lat' dir='ltr'><strong>decem</strong></span> <span class='ocrx_word' id='word_1_144' title='bbox 608 1857 776 1912; x_wconf 88' lang='lat' dir='ltr'><strong>verba</strong></span> <span class='ocrx_word' id='word_1_145' title='bbox 811 1856 864 1910; x_wconf 91' lang='lat' dir='ltr'><strong>in</strong></span> <span class='ocrx_word' id='word_1_146' title='bbox 911 1855 1128 1919; x_wconf 89' lang='lat' dir='ltr'><strong>tabulis,</strong></span> <span class='ocrx_word' id='word_1_147' title='bbox 1167 1855 1308 1911; x_wconf 89' lang='lat' dir='ltr'><strong>sicut</strong></span> <span class='ocrx_word' id='word_1_148' title='bbox 1336 1865 1464 1910; x_wconf 86' lang='lat' dir='ltr'><strong>ante</strong></span> <span class='ocrx_word' id='word_1_149' title='bbox 1489 1854 1832 1924; x_wconf 83' lang='lat' dir='ltr'><strong>promiserat.</strong></span> <span class='ocrx_word' id='word_1_150' title='bbox 1867 1837 1912 1895; x_wconf 73' lang='grc' dir='ltr'><strong>Β</strong></span> 
     </span>
    </p>
   </div>
   <div class='ocr_carea' id='block_1_20' title="bbox 240 1945 1833 2019">
    <p class='ocr_par' dir='ltr' id='par_1_20' title="bbox 240 1945 1833 2019">
     <span class='ocr_line' id='line_1_20' title="bbox 240 1945 1833 2019; baseline -0.004 -14"><span class='ocrx_word' id='word_1_151' title='bbox 240 1951 406 2017; x_wconf 84' lang='lat' dir='ltr'><strong>Quod</strong></span> <span class='ocrx_word' id='word_1_152' title='bbox 435 1950 480 2005; x_wconf 89' lang='lat' dir='ltr'><strong>si</strong></span> <span class='ocrx_word' id='word_1_153' title='bbox 527 1950 597 2004; x_wconf 90' lang='lat' dir='ltr'><strong>ita</strong></span> <span class='ocrx_word' id='word_1_154' title='bbox 624 1948 841 2019; x_wconf 85' lang='lat' dir='ltr'><strong>quidem</strong></span> <span class='ocrx_word' id='word_1_155' title='bbox 868 1955 971 2011; x_wconf 89' lang='lat' dir='ltr'><strong>est,</strong></span> <span class='ocrx_word' id='word_1_156' title='bbox 1014 1946 1106 2001; x_wconf 88' lang='lat' dir='ltr'><strong>illa</strong></span> <span class='ocrx_word' id='word_1_157' title='bbox 1137 1945 1438 2002; x_wconf 80' lang='lat' dir='ltr'><strong>differentia</strong></span> <span class='ocrx_word' id='word_1_158' title='bbox 1470 1946 1700 2000; x_wconf 91' lang='lat' dir='ltr'><strong>duorum</strong></span> <span class='ocrx_word' id='word_1_159' title='bbox 1750 1953 1833 1999; x_wconf 86' lang='lat' dir='ltr'><strong>te-</strong></span> 
     </span>
    </p>
   </div>
   <div class='ocr_carea' id='block_1_21' title="bbox 239 2036 1839 2110">
    <p class='ocr_par' dir='ltr' id='par_1_21' title="bbox 239 2036 1839 2110">
     <span class='ocr_line' id='line_1_21' title="bbox 239 2036 1839 2110; baseline -0.006 -13"><span class='ocrx_word' id='word_1_160' title='bbox 239 2049 668 2105; x_wconf 82' lang='lat' dir='ltr'><strong>stamentorum,</strong></span> <span class='ocrx_word' id='word_1_161' title='bbox 695 2053 816 2110; x_wconf 63' lang='lat' dir='ltr'><strong>quae</strong></span> <span class='ocrx_word' id='word_1_162' title='bbox 842 2038 1000 2093; x_wconf 88' lang='lat' dir='ltr'><strong>nobis</strong></span> <span class='ocrx_word' id='word_1_163' title='bbox 1019 2038 1132 2094; x_wconf 85' lang='lat' dir='ltr'><strong>visa</strong></span> <span class='ocrx_word' id='word_1_164' title='bbox 1154 2046 1238 2093; x_wconf 91' lang='lat' dir='ltr'><strong>est</strong></span> <span class='ocrx_word' id='word_1_165' title='bbox 1269 2037 1323 2092; x_wconf 91' lang='lat' dir='ltr'><strong>in</strong></span> <span class='ocrx_word' id='word_1_166' title='bbox 1352 2037 1438 2092; x_wconf 90' lang='lat' dir='ltr'><strong>bis</strong></span> <span class='ocrx_word' id='word_1_167' title='bbox 1462 2036 1660 2100; x_wconf 78' lang='lat' dir='ltr'><strong>verbis,</strong></span> <span class='ocrx_word' id='word_1_168' title='bbox 1687 2051 1839 2091; x_wconf 91' lang='lat' dir='ltr'><strong>com-</strong></span> 
     </span>
    </p>
   </div>
   <div class='ocr_carea' id='block_1_22' title="bbox 244 2125 1839 2200">
    <p class='ocr_par' dir='ltr' id='par_1_22' title="bbox 244 2125 1839 2200">
     <span class='ocr_line' id='line_1_22' title="bbox 244 2125 1839 2200; baseline -0.003 -15"><span class='ocrx_word' id='word_1_169' title='bbox 244 2130 498 2185; x_wconf 84' lang='lat' dir='ltr'><strong>mendari</strong></span> <span class='ocrx_word' id='word_1_170' title='bbox 535 2137 733 2200; x_wconf 88' lang='lat' dir='ltr'><strong>potest,</strong></span> <span class='ocrx_word' id='word_1_171' title='bbox 763 2128 979 2198; x_wconf 86' lang='lat' dir='ltr'><strong>quando</strong></span> <span class='ocrx_word' id='word_1_172' title='bbox 1007 2128 1217 2197; x_wconf 90' lang='lat' dir='ltr'><strong>priores</strong></span> <span class='ocrx_word' id='word_1_173' title='bbox 1243 2136 1299 2183; x_wconf 87' lang='lat' dir='ltr'><strong>et</strong></span> <span class='ocrx_word' id='word_1_174' title='bbox 1332 2126 1598 2183; x_wconf 89' lang='lat' dir='ltr'><strong>secundas</strong></span> <span class='ocrx_word' id='word_1_175' title='bbox 1630 2125 1839 2181; x_wconf 81' lang='lat' dir='ltr'><strong>tabulas</strong></span> 
     </span>
    </p>
   </div>
   <div class='ocr_carea' id='block_1_23' title="bbox 242 2217 1839 2292">
    <p class='ocr_par' dir='ltr' id='par_1_23' title="bbox 242 2217 1839 2292">
     <span class='ocr_line' id='line_1_23' title="bbox 242 2217 1839 2292; baseline -0.006 -14"><span class='ocrx_word' id='word_1_176' title='bbox 242 2222 468 2292; x_wconf 77' lang='lat' dir='ltr'><strong>scripsit</strong></span> <span class='ocrx_word' id='word_1_177' title='bbox 498 2237 602 2276; x_wconf 90' lang='lat' dir='ltr'><strong>non</strong></span> <span class='ocrx_word' id='word_1_178' title='bbox 632 2220 816 2284; x_wconf 88' lang='lat' dir='ltr'><strong>homo,</strong></span> <span class='ocrx_word' id='word_1_179' title='bbox 840 2221 934 2275; x_wconf 75' lang='lat' dir='ltr'><strong>sed</strong></span> <span class='ocrx_word' id='word_1_180' title='bbox 968 2220 1132 2274; x_wconf 88' lang='lat' dir='ltr'><strong>Deus.</strong></span> <span class='ocrx_word' id='word_1_181' title='bbox 1157 2218 1542 2273; x_wconf 78' lang='lat' dir='ltr'><strong>Verumtamen</strong></span> <span class='ocrx_word' id='word_1_182' title='bbox 1575 2217 1662 2270; x_wconf 89' lang='lat' dir='ltr'><strong>illa</strong></span> <span class='ocrx_word' id='word_1_183' title='bbox 1690 2226 1839 2271; x_wconf 83' lang='lat' dir='ltr'><strong>certe</strong></span> 
     </span>
    </p>
   </div>
   <div class='ocr_carea' id='block_1_24' title="bbox 242 2309 1836 2380">
    <p class='ocr_par' dir='ltr' id='par_1_24' title="bbox 242 2309 1836 2380">
     <span class='ocr_line' id='line_1_24' title="bbox 242 2309 1836 2380; baseline -0.006 -10"><span class='ocrx_word' id='word_1_184' title='bbox 242 2313 510 2370; x_wconf 85' lang='lat' dir='ltr'><strong>distantia</strong></span> <span class='ocrx_word' id='word_1_185' title='bbox 543 2328 650 2368; x_wconf 92' lang='lat' dir='ltr'><strong>non</strong></span> <span class='ocrx_word' id='word_1_186' title='bbox 678 2313 846 2368; x_wconf 85' lang='lat' dir='ltr'><strong>habet</strong></span> <span class='ocrx_word' id='word_1_187' title='bbox 887 2310 1301 2376; x_wconf 85' lang='lat' dir='ltr'><strong>dubitationem,</strong></span> <span class='ocrx_word' id='word_1_188' title='bbox 1330 2310 1473 2379; x_wconf 89' lang='lat' dir='ltr'><strong>quod</strong></span> <span class='ocrx_word' id='word_1_189' title='bbox 1512 2309 1725 2380; x_wconf 86' lang='lat' dir='ltr'><strong>priores</strong></span> <span class='ocrx_word' id='word_1_190' title='bbox 1758 2317 1836 2362; x_wconf 90' lang='lat' dir='ltr'><strong>ta-</strong></span> 
     </span>
    </p>
   </div>
   <div class='ocr_carea' id='block_1_25' title="bbox 246 2397 1836 2469">
    <p class='ocr_par' dir='ltr' id='par_1_25' title="bbox 246 2397 1836 2469">
     <span class='ocr_line' id='line_1_25' title="bbox 246 2397 1836 2469; baseline -0.004 -10"><span class='ocrx_word' id='word_1_191' title='bbox 246 2404 407 2459; x_wconf 76' lang='lat' dir='ltr'><strong>bulas</strong></span> <span class='ocrx_word' id='word_1_192' title='bbox 452 2412 507 2459; x_wconf 87' lang='lat' dir='ltr'><strong>et</strong></span> <span class='ocrx_word' id='word_1_193' title='bbox 541 2402 802 2457; x_wconf 84' lang='lat' dir='ltr'><strong>Dominus</strong></span> <span class='ocrx_word' id='word_1_194' title='bbox 838 2401 992 2466; x_wconf 87' lang='lat' dir='ltr'><strong>fecit,</strong></span> <span class='ocrx_word' id='word_1_195' title='bbox 1036 2410 1093 2456; x_wconf 91' lang='lat' dir='ltr'><strong>et</strong></span> <span class='ocrx_word' id='word_1_196' title='bbox 1139 2400 1399 2456; x_wconf 87' lang='lat' dir='ltr'><strong>Dominus</strong></span> <span class='ocrx_word' id='word_1_197' title='bbox 1447 2400 1684 2469; x_wconf 86' lang='lat' dir='ltr'><strong>scripsit.</strong></span> <span class='ocrx_word' id='word_1_198' title='bbox 1718 2397 1836 2453; x_wconf 87' lang='lat' dir='ltr'><strong>Non</strong></span> 
     </span>
    </p>
   </div>
   <div class='ocr_carea' id='block_1_26' title="bbox 244 2490 1839 2562">
    <p class='ocr_par' dir='ltr' id='par_1_26' title="bbox 244 2490 1839 2562">
     <span class='ocr_line' id='line_1_26' title="bbox 244 2490 1839 2562; baseline -0.003 -14"><span class='ocrx_word' id='word_1_199' title='bbox 244 2494 396 2548; x_wconf 87' lang='lat' dir='ltr'><strong>enim</strong></span> <span class='ocrx_word' id='word_1_200' title='bbox 424 2502 549 2549; x_wconf 84' lang='lat' dir='ltr'><strong>tunc</strong></span> <span class='ocrx_word' id='word_1_201' title='bbox 578 2492 778 2547; x_wconf 82' lang='lat' dir='ltr'><strong>dictum</strong></span> <span class='ocrx_word' id='word_1_202' title='bbox 802 2500 890 2549; x_wconf 87' lang='lat' dir='ltr'><strong>est</strong></span> <span class='ocrx_word' id='word_1_203' title='bbox 917 2491 985 2546; x_wconf 90' lang='lat' dir='ltr'><strong>ad</strong></span> <span class='ocrx_word' id='word_1_204' title='bbox 1018 2491 1272 2562; x_wconf 83' lang='lat' dir='ltr'><strong>Moysen:</strong></span> <span class='ocrx_word' id='word_1_205' title='bbox 1302 2513 1320 2542; x_wconf 79' lang='grc' dir='ltr'><strong>ι</strong></span> <span class='ocrx_word' id='word_1_206' title='bbox 1352 2491 1553 2546; x_wconf 73' lang='lat' dir='ltr'><strong>Excide</strong></span> <span class='ocrx_word' id='word_1_207' title='bbox 1582 2490 1677 2545; x_wconf 86' lang='lat' dir='ltr'><strong>tibi</strong></span> <span class='ocrx_word' id='word_1_208' title='bbox 1703 2490 1839 2545; x_wconf 86' lang='lat' dir='ltr'><strong>duas</strong></span> 
     </span>
    </p>
   </div>
   <div class='ocr_carea' id='block_1_27' title="bbox 250 2583 1838 2655">
    <p class='ocr_par' dir='ltr' id='par_1_27' title="bbox 250 2583 1838 2655">
     <span class='ocr_line' id='line_1_27' title="bbox 250 2583 1838 2655; baseline -0.003 -15"><span class='ocrx_word' id='word_1_209' title='bbox 250 2585 482 2647; x_wconf 87' lang='lat' dir='ltr'><strong>tabulas,</strong></span> <span class='ocrx_word' id='word_1_210' title='bbox 517 2605 536 2637; x_wconf 71' lang='grc' dir='ltr'><strong><em>ο</em></strong></span> <span class='ocrx_word' id='word_1_211' title='bbox 579 2584 674 2639; x_wconf 89' lang='lat' dir='ltr'><strong>sed</strong></span> <span class='ocrx_word' id='word_1_212' title='bbox 725 2584 801 2639; x_wconf 86' lang='lat' dir='ltr'><strong>ita</strong></span> <span class='ocrx_word' id='word_1_213' title='bbox 838 2584 1021 2655; x_wconf 88' lang='lat' dir='ltr'><strong>potius</strong></span> <span class='ocrx_word' id='word_1_214' title='bbox 1069 2583 1270 2638; x_wconf 85' lang='lat' dir='ltr'><strong>dicitur</strong></span> <span class='ocrx_word' id='word_1_215' title='bbox 1304 2602 1319 2639; x_wconf 92' lang='lat'><strong>:</strong></span> <span class='ocrx_word' id='word_1_216' title='bbox 1366 2601 1385 2635; x_wconf 85' lang='grc'><strong>‹</strong></span> <span class='ocrx_word' id='word_1_217' title='bbox 1427 2583 1495 2638; x_wconf 89' lang='lat' dir='ltr'><strong>Et</strong></span> <span class='ocrx_word' id='word_1_218' title='bbox 1539 2594 1838 2637; x_wconf 72' lang='lat' dir='ltr'><strong>Conversus</strong></span> 
     </span>
    </p>
   </div>
   <div class='ocr_carea' id='block_1_28' title="bbox 248 2670 1833 2747">
    <p class='ocr_par' dir='ltr' id='par_1_28' title="bbox 248 2670 1833 2747">
     <span class='ocr_line' id='line_1_28' title="bbox 248 2670 1833 2747; baseline -0.004 -17"><span class='ocrx_word' id='word_1_219' title='bbox 248 2674 483 2747; x_wconf 79' lang='lat' dir='ltr'><strong>Moyses,</strong></span> <span class='ocrx_word' id='word_1_220' title='bbox 513 2674 792 2730; x_wconf 86' lang='lat' dir='ltr'><strong>descendit</strong></span> <span class='ocrx_word' id='word_1_221' title='bbox 822 2674 888 2729; x_wconf 87' lang='lat' dir='ltr'><strong>de</strong></span> <span class='ocrx_word' id='word_1_222' title='bbox 936 2681 1144 2739; x_wconf 89' lang='lat' dir='ltr'><strong>monte,</strong></span> <span class='ocrx_word' id='word_1_223' title='bbox 1188 2681 1246 2728; x_wconf 85' lang='lat' dir='ltr'><strong>et</strong></span> <span class='ocrx_word' id='word_1_224' title='bbox 1276 2672 1394 2729; x_wconf 67' lang='lat' dir='ltr'><strong>dure</strong></span> <span class='ocrx_word' id='word_1_225' title='bbox 1437 2672 1632 2727; x_wconf 80' lang='lat' dir='ltr'><strong>tabulae</strong></span> <span class='ocrx_word' id='word_1_226' title='bbox 1676 2670 1833 2726; x_wconf 83' lang='lat' dir='ltr'><strong>testi-</strong></span> 
     </span>
    </p>
   </div>
   <div class='ocr_carea' id='block_1_29' title="bbox 249 2762 1840 2833">
    <p class='ocr_par' dir='ltr' id='par_1_29' title="bbox 249 2762 1840 2833">
     <span class='ocr_line' id='line_1_29' title="bbox 249 2762 1840 2833; baseline -0.002 -15"><span class='ocrx_word' id='word_1_227' title='bbox 249 2764 420 2819; x_wconf 76' lang='lat' dir='ltr'><strong>monii</strong></span> <span class='ocrx_word' id='word_1_228' title='bbox 453 2763 505 2817; x_wconf 92' lang='lat' dir='ltr'><strong>in</strong></span> <span class='ocrx_word' id='word_1_229' title='bbox 537 2763 788 2818; x_wconf 89' lang='lat' dir='ltr'><strong>manibus</strong></span> <span class='ocrx_word' id='word_1_230' title='bbox 830 2762 969 2832; x_wconf 76' lang='lat' dir='ltr'><strong>ejus.</strong></span> <span class='ocrx_word' id='word_1_231' title='bbox 996 2783 1014 2816; x_wconf 74' lang='grc' dir='ltr'><strong>ι</strong></span> <span class='ocrx_word' id='word_1_232' title='bbox 1046 2762 1265 2818; x_wconf 72' lang='lat' dir='ltr'><strong>Tabula:</strong></span> <span class='ocrx_word' id='word_1_233' title='bbox 1300 2777 1436 2833; x_wconf 90' lang='lat' dir='ltr'><strong>opus</strong></span> <span class='ocrx_word' id='word_1_234' title='bbox 1470 2762 1564 2816; x_wconf 80' lang='lat' dir='ltr'><strong>Dei</strong></span> <span class='ocrx_word' id='word_1_235' title='bbox 1597 2768 1753 2817; x_wconf 89' lang='lat' dir='ltr'><strong>erant</strong></span> <span class='ocrx_word' id='word_1_236' title='bbox 1781 2768 1840 2815; x_wconf 90' lang='lat' dir='ltr'><strong>et</strong></span> 
     </span>
    </p>
   </div>
   <div class='ocr_carea' id='block_1_30' title="bbox 247 2851 1842 2924">
    <p class='ocr_par' dir='ltr' id='par_1_30' title="bbox 247 2851 1842 2924">
     <span class='ocr_line' id='line_1_30' title="bbox 247 2851 1842 2924; baseline -0.003 -15"><span class='ocrx_word' id='word_1_237' title='bbox 247 2852 522 2922; x_wconf 74' lang='lat' dir='ltr'><strong>scriptura</strong></span> <span class='ocrx_word' id='word_1_238' title='bbox 563 2853 657 2908; x_wconf 92' lang='lat' dir='ltr'><strong>Dei</strong></span> <span class='ocrx_word' id='word_1_239' title='bbox 688 2861 777 2909; x_wconf 90' lang='lat' dir='ltr'><strong>est</strong></span> <span class='ocrx_word' id='word_1_240' title='bbox 821 2853 978 2924; x_wconf 91' lang='lat' dir='ltr'><strong>culpa</strong></span> <span class='ocrx_word' id='word_1_241' title='bbox 1008 2854 1063 2907; x_wconf 91' lang='lat' dir='ltr'><strong>in</strong></span> <span class='ocrx_word' id='word_1_242' title='bbox 1096 2853 1313 2909; x_wconf 87' lang='lat' dir='ltr'><strong>tabulis.</strong></span> <span class='ocrx_word' id='word_1_243' title='bbox 1346 2851 1465 2907; x_wconf 82' lang='lat' dir='ltr'><strong>Jam</strong></span> <span class='ocrx_word' id='word_1_244' title='bbox 1496 2852 1640 2907; x_wconf 88' lang='lat' dir='ltr'><strong>enim</strong></span> <span class='ocrx_word' id='word_1_245' title='bbox 1682 2865 1842 2921; x_wconf 76' lang='lat' dir='ltr'><strong>supe—</strong></span> 
     </span>
    </p>
   </div>
   <div class='ocr_carea' id='block_1_31' title="bbox 248 2942 1842 3014">
    <p class='ocr_par' dir='ltr' id='par_1_31' title="bbox 248 2942 1842 3014">
     <span class='ocr_line' id='line_1_31' title="bbox 248 2942 1842 3014; baseline -0.003 -14"><span class='ocrx_word' id='word_1_246' title='bbox 248 2946 366 3001; x_wconf 84' lang='lat' dir='ltr'><strong>rius</strong></span> <span class='ocrx_word' id='word_1_247' title='bbox 395 2946 607 3001; x_wconf 72' lang='lat' dir='ltr'><strong>dixerat</strong></span> <span class='ocrx_word' id='word_1_248' title='bbox 649 2943 869 3000; x_wconf 84' lang='lat' dir='ltr'><strong>easdem</strong></span> <span class='ocrx_word' id='word_1_249' title='bbox 913 2942 1125 2999; x_wconf 85' lang='lat' dir='ltr'><strong>tabulas</strong></span> <span class='ocrx_word' id='word_1_250' title='bbox 1154 2944 1389 3014; x_wconf 82' lang='lat' dir='ltr'><strong>scriptas</strong></span> <span class='ocrx_word' id='word_1_251' title='bbox 1420 2943 1590 3014; x_wconf 90' lang='lat' dir='ltr'><strong>digito</strong></span> <span class='ocrx_word' id='word_1_252' title='bbox 1624 2942 1719 2997; x_wconf 84' lang='lat' dir='ltr'><strong>Dei</strong></span> <span class='ocrx_word' id='word_1_253' title='bbox 1762 2942 1842 2996; x_wconf 91' lang='lat' dir='ltr'><strong>sic</strong></span> 
     </span>
    </p>
   </div>
   <div class='ocr_carea' id='block_1_32' title="bbox 252 3032 1839 3106">
    <p class='ocr_par' dir='ltr' id='par_1_32' title="bbox 252 3032 1839 3106">
     <span class='ocr_line' id='line_1_32' title="bbox 252 3032 1839 3106; baseline -0.003 -15"><span class='ocrx_word' id='word_1_254' title='bbox 252 3036 520 3106; x_wconf 86' lang='lat' dir='ltr'><strong>loquens:</strong></span> <span class='ocrx_word' id='word_1_255' title='bbox 561 3053 579 3086; x_wconf 76' lang='grc' dir='ltr'><strong>ι</strong></span> <span class='ocrx_word' id='word_1_256' title='bbox 608 3035 678 3091; x_wconf 87' lang='lat' dir='ltr'><strong>Et</strong></span> <span class='ocrx_word' id='word_1_257' title='bbox 707 3034 854 3090; x_wconf 85' lang='lat' dir='ltr'><strong>dedit</strong></span> <span class='ocrx_word' id='word_1_258' title='bbox 893 3034 1083 3105; x_wconf 84' lang='lat' dir='ltr'><strong>Moysi,</strong></span> <span class='ocrx_word' id='word_1_259' title='bbox 1107 3035 1292 3089; x_wconf 89' lang='lat' dir='ltr'><strong>statim</strong></span> <span class='ocrx_word' id='word_1_260' title='bbox 1327 3043 1388 3090; x_wconf 90' lang='lat' dir='ltr'><strong>nt</strong></span> <span class='ocrx_word' id='word_1_261' title='bbox 1425 3032 1659 3088; x_wconf 82' lang='lat' dir='ltr'><strong>cessavit</strong></span> <span class='ocrx_word' id='word_1_262' title='bbox 1694 3032 1839 3104; x_wconf 84' lang='lat' dir='ltr'><strong>loqui</strong></span> 
     </span>
    </p>
   </div>
   <div class='ocr_carea' id='block_1_33' title="bbox 248 3122 1842 3194">
    <p class='ocr_par' dir='ltr' id='par_1_33' title="bbox 248 3122 1842 3194">
     <span class='ocr_line' id='line_1_33' title="bbox 248 3122 1842 3194; baseline -0.002 -13"><span class='ocrx_word' id='word_1_263' title='bbox 248 3128 320 3181; x_wconf 89' lang='lat' dir='ltr'><strong>ad</strong></span> <span class='ocrx_word' id='word_1_264' title='bbox 358 3141 485 3181; x_wconf 89' lang='lat' dir='ltr'><strong>eum</strong></span> <span class='ocrx_word' id='word_1_265' title='bbox 516 3125 572 3180; x_wconf 91' lang='lat' dir='ltr'><strong>in</strong></span> <span class='ocrx_word' id='word_1_266' title='bbox 608 3135 790 3180; x_wconf 88' lang='lat' dir='ltr'><strong>monte</strong></span> <span class='ocrx_word' id='word_1_267' title='bbox 819 3124 970 3189; x_wconf 84' lang='lat' dir='ltr'><strong>Sina,</strong></span> <span class='ocrx_word' id='word_1_268' title='bbox 1011 3124 1147 3180; x_wconf 90' lang='lat' dir='ltr'><strong>duas</strong></span> <span class='ocrx_word' id='word_1_269' title='bbox 1176 3124 1416 3194; x_wconf 87' lang='lat' dir='ltr'><strong>lapideas</strong></span> <span class='ocrx_word' id='word_1_270' title='bbox 1445 3123 1657 3181; x_wconf 87' lang='lat' dir='ltr'><strong>tabulas</strong></span> <span class='ocrx_word' id='word_1_271' title='bbox 1691 3122 1842 3179; x_wconf 86' lang='lat' dir='ltr'><strong>testi-</strong></span> 
     </span>
    </p>
   </div>
   <div class='ocr_carea' id='block_1_34' title="bbox 1931 564 3514 648">
    <p class='ocr_par' dir='ltr' id='par_1_34' title="bbox 1931 564 3514 648">
     <span class='ocr_line' id='line_1_34' title="bbox 1931 564 3514 648; baseline 0 -15"><span class='ocrx_word' id='word_1_272' title='bbox 1931 564 2101 634; x_wconf 61' lang='lat' dir='ltr'><strong>stoﬁzs</strong></span> <span class='ocrx_word' id='word_1_273' title='bbox 2127 587 2418 647; x_wconf 84' lang='lat' dir='ltr'><strong>utrumque</strong></span> <span class='ocrx_word' id='word_1_274' title='bbox 2464 578 2626 641; x_wconf 86' lang='lat' dir='ltr'><strong>dicit,</strong></span> <span class='ocrx_word' id='word_1_275' title='bbox 2673 584 2728 632; x_wconf 90' lang='lat' dir='ltr'><strong>et</strong></span> <span class='ocrx_word' id='word_1_276' title='bbox 2763 577 2929 630; x_wconf 90' lang='lat' dir='ltr'><strong>Deum</strong></span> <span class='ocrx_word' id='word_1_277' title='bbox 2978 576 3211 647; x_wconf 89' lang='lat' dir='ltr'><strong>operari,</strong></span> <span class='ocrx_word' id='word_1_278' title='bbox 3245 586 3300 631; x_wconf 88' lang='lat' dir='ltr'><strong>et</strong></span> <span class='ocrx_word' id='word_1_279' title='bbox 3340 579 3514 648; x_wconf 72' lang='lat' dir='ltr'><strong>ipsos.</strong></span> 
     </span>
    </p>
   </div>
   <div class='ocr_carea' id='block_1_35' title="bbox 1932 666 3512 739">
    <p class='ocr_par' dir='ltr' id='par_1_35' title="bbox 1932 666 3512 739">
     <span class='ocr_line' id='line_1_35' title="bbox 1932 666 3512 739; baseline 0.001 -15"><span class='ocrx_word' id='word_1_280' title='bbox 1932 666 2067 724; x_wconf 85' lang='lat' dir='ltr'><strong>Nam</strong></span> <span class='ocrx_word' id='word_1_281' title='bbox 2097 670 2141 726; x_wconf 91' lang='lat' dir='ltr'><strong>si</strong></span> <span class='ocrx_word' id='word_1_282' title='bbox 2175 670 2273 739; x_wconf 83' lang='lat' dir='ltr'><strong>ipsi</strong></span> <span class='ocrx_word' id='word_1_283' title='bbox 2308 684 2412 723; x_wconf 89' lang='lat' dir='ltr'><strong>non</strong></span> <span class='ocrx_word' id='word_1_284' title='bbox 2442 670 2827 739; x_wconf 88' lang='lat' dir='ltr'><strong>operabautur,</strong></span> <span class='ocrx_word' id='word_1_285' title='bbox 2854 668 3124 738; x_wconf 80' lang='lat' dir='ltr'><strong>quomodo</strong></span> <span class='ocrx_word' id='word_1_286' title='bbox 3149 669 3227 722; x_wconf 83' lang='lat' dir='ltr'><strong>eis</strong></span> <span class='ocrx_word' id='word_1_287' title='bbox 3257 670 3512 726; x_wconf 84' lang='lat' dir='ltr'><strong>diccbat:</strong></span> 
     </span>
    </p>
   </div>
   <div class='ocr_carea' id='block_1_36' title="bbox 1938 759 3512 828">
    <p class='ocr_par' dir='ltr' id='par_1_36' title="bbox 1938 759 3512 828">
     <span class='ocr_line' id='line_1_36' title="bbox 1938 759 3512 828; baseline 0.003 -17"><span class='ocrx_word' id='word_1_288' title='bbox 1938 779 1956 811; x_wconf 81' lang='grc' dir='ltr'><strong>ι</strong></span> <span class='ocrx_word' id='word_1_289' title='bbox 1985 760 2117 817; x_wconf 86' lang='lat' dir='ltr'><strong>Cum</strong></span> <span class='ocrx_word' id='word_1_290' title='bbox 2158 761 2353 815; x_wconf 90' lang='lat' dir='ltr'><strong>timore</strong></span> <span class='ocrx_word' id='word_1_291' title='bbox 2378 768 2433 814; x_wconf 90' lang='lat' dir='ltr'><strong>et</strong></span> <span class='ocrx_word' id='word_1_292' title='bbox 2464 768 2696 814; x_wconf 86' lang='lat' dir='ltr'><strong>tremore</strong></span> <span class='ocrx_word' id='word_1_293' title='bbox 2724 768 2962 813; x_wconf 76' lang='lat' dir='ltr'><strong>vestram</strong></span> <span class='ocrx_word' id='word_1_294' title='bbox 3002 759 3241 828; x_wconf 88' lang='lat' dir='ltr'><strong>ipsorum</strong></span> <span class='ocrx_word' id='word_1_295' title='bbox 3279 759 3512 817; x_wconf 88' lang='lat' dir='ltr'><strong>salutem</strong></span> 
     </span>
    </p>
   </div>
   <div class='ocr_carea' id='block_1_37' title="bbox 1931 849 3508 922">
    <p class='ocr_par' dir='ltr' id='par_1_37' title="bbox 1931 849 3508 922">
     <span class='ocr_line' id='line_1_37' title="bbox 1931 849 3508 922; baseline -0.001 -16"><span class='ocrx_word' id='word_1_296' title='bbox 1931 852 2266 922; x_wconf 86' lang='lat' dir='ltr'><strong>operamini?</strong></span> <span class='ocrx_word' id='word_1_297' title='bbox 2298 872 2315 903; x_wconf 76' lang='grc' dir='ltr'><strong>ι</strong></span> <span class='ocrx_word' id='word_1_298' title='bbox 2356 850 2625 920; x_wconf 86' lang='lat' dir='ltr'><strong>Operatur</strong></span> <span class='ocrx_word' id='word_1_299' title='bbox 2661 866 2790 920; x_wconf 88' lang='lat' dir='ltr'><strong>ergo</strong></span> <span class='ocrx_word' id='word_1_300' title='bbox 2827 849 2947 915; x_wconf 89' lang='lat' dir='ltr'><strong>ille,</strong></span> <span class='ocrx_word' id='word_1_301' title='bbox 2987 864 3343 920; x_wconf 82' lang='lat' dir='ltr'><strong>cooperantur</strong></span> <span class='ocrx_word' id='word_1_302' title='bbox 3389 868 3508 907; x_wconf 89' lang='lat' dir='ltr'><strong>nos.</strong></span> 
     </span>
    </p>
   </div>
   <div class='ocr_carea' id='block_1_38' title="bbox 1932 941 3490 1011">
    <p class='ocr_par' dir='ltr' id='par_1_38' title="bbox 1932 941 3490 1011">
     <span class='ocr_line' id='line_1_38' title="bbox 1932 941 3490 1011; baseline 0.002 -15"><span class='ocrx_word' id='word_1_303' title='bbox 1932 942 2049 997; x_wconf 89' lang='lat' dir='ltr'><strong>Non</strong></span> <span class='ocrx_word' id='word_1_304' title='bbox 2097 943 2241 998; x_wconf 86' lang='lat' dir='ltr'><strong>enim</strong></span> <span class='ocrx_word' id='word_1_305' title='bbox 2287 941 2480 1007; x_wconf 76' lang='lat' dir='ltr'><strong>offert,</strong></span> <span class='ocrx_word' id='word_1_306' title='bbox 2516 942 2608 997; x_wconf 90' lang='lat' dir='ltr'><strong>sed</strong></span> <span class='ocrx_word' id='word_1_307' title='bbox 2641 942 2863 1011; x_wconf 76' lang='lat' dir='ltr'><strong>adjuvat</strong></span> <span class='ocrx_word' id='word_1_308' title='bbox 2894 942 3047 997; x_wconf 72' lang='lat' dir='ltr'><strong>bona:</strong></span> <span class='ocrx_word' id='word_1_309' title='bbox 3096 942 3385 999; x_wconf 79' lang='lat' dir='ltr'><strong>voluntatis</strong></span> <span class='ocrx_word' id='word_1_310' title='bbox 3426 959 3490 998; x_wconf 85' lang='lat' dir='ltr'><strong>ar</strong></span> 
     </span>
    </p>
   </div>
   <div class='ocr_carea' id='block_1_39' title="bbox 1933 1033 2178 1089">
    <p class='ocr_par' dir='ltr' id='par_1_39' title="bbox 1933 1033 2178 1089">
     <span class='ocr_line' id='line_1_39' title="bbox 1933 1033 2178 1089; baseline 0 -1"><span class='ocrx_word' id='word_1_311' title='bbox 1933 1033 2178 1089; x_wconf 82' lang='lat' dir='ltr'><strong>bitrium.</strong></span> 
     </span>
    </p>
   </div>
   <div class='ocr_carea' id='block_1_40' title="bbox 2495 1126 2900 1183">
    <p class='ocr_par' dir='ltr' id='par_1_40' title="bbox 2495 1126 2900 1183">
     <span class='ocr_line' id='line_1_40' title="bbox 2495 1126 2900 1183; baseline -0.005 -1"><span class='ocrx_word' id='word_1_312' title='bbox 2495 1126 2721 1183; x_wconf 68' lang='lat' dir='ltr'><strong>CAPUT</strong></span> <span class='ocrx_word' id='word_1_313' title='bbox 2764 1126 2900 1183; x_wconf 70' lang='lat' dir='ltr'><strong>XVI.</strong></span> 
     </span>
    </p>
   </div>
   <div class='ocr_carea' id='block_1_41' title="bbox 1938 1214 3516 1285">
    <p class='ocr_par' dir='ltr' id='par_1_41' title="bbox 1938 1214 3516 1285">
     <span class='ocr_line' id='line_1_41' title="bbox 1938 1214 3516 1285; baseline 0.003 -16"><span class='ocrx_word' id='word_1_314' title='bbox 1938 1214 2209 1270; x_wconf 79' lang='lat' dir='ltr'><strong>Transims</strong></span> <span class='ocrx_word' id='word_1_315' title='bbox 2258 1216 2489 1285; x_wconf 75' lang='lat' dir='ltr'><strong>ﬁliorum</strong></span> <span class='ocrx_word' id='word_1_316' title='bbox 2522 1216 2689 1270; x_wconf 78' lang='lat' dir='ltr'><strong>Israel</strong></span> <span class='ocrx_word' id='word_1_317' title='bbox 2719 1233 2783 1270; x_wconf 74' lang='lat' dir='ltr'><strong>ea:</strong></span> <span class='ocrx_word' id='word_1_318' title='bbox 2827 1217 3017 1271; x_wconf 83' lang='lat' dir='ltr'><strong>Beroth</strong></span> <span class='ocrx_word' id='word_1_319' title='bbox 3064 1218 3119 1271; x_wconf 85' lang='lat' dir='ltr'><strong>in</strong></span> <span class='ocrx_word' id='word_1_320' title='bbox 3164 1216 3378 1283; x_wconf 75' lang='lat' dir='ltr'><strong>Musra,</strong></span> <span class='ocrx_word' id='word_1_321' title='bbox 3427 1220 3516 1274; x_wconf 81' lang='lat' dir='ltr'><strong>ubi</strong></span> 
     </span>
    </p>
   </div>
   <div class='ocr_carea' id='block_1_42' title="bbox 2272 1286 3172 1363">
    <p class='ocr_par' dir='ltr' id='par_1_42' title="bbox 2272 1286 3172 1363">
     <span class='ocr_line' id='line_1_42' title="bbox 2272 1286 3172 1363; baseline 0.002 -24"><span class='ocrx_word' id='word_1_322' title='bbox 2272 1286 2450 1341; x_wconf 81' lang='lat' dir='ltr'><strong>Aaron</strong></span> <span class='ocrx_word' id='word_1_323' title='bbox 2477 1296 2711 1363; x_wconf 59' lang='lat' dir='ltr'><strong>mortuus</strong></span> <span class='ocrx_word' id='word_1_324' title='bbox 2740 1298 2812 1341; x_wconf 80' lang='lat' dir='ltr'><strong>est</strong></span> <span class='ocrx_word' id='word_1_325' title='bbox 2838 1298 2888 1341; x_wconf 82' lang='lat' dir='ltr'><strong>et</strong></span> <span class='ocrx_word' id='word_1_326' title='bbox 2916 1286 3172 1358; x_wconf 76' lang='lat' dir='ltr'><strong>sepultus.</strong></span> 
     </span>
    </p>
   </div>
   <div class='ocr_carea' id='block_1_43' title="bbox 2005 1397 3517 1470">
    <p class='ocr_par' dir='ltr' id='par_1_43' title="bbox 2005 1397 3517 1470">
     <span class='ocr_line' id='line_1_43' title="bbox 2005 1397 3517 1470; baseline 0.001 -16"><span class='ocrx_word' id='word_1_327' title='bbox 2005 1397 2155 1470; x_wconf 65' lang='grc' dir='ltr'>(Ωιι).</span> <span class='ocrx_word' id='word_1_328' title='bbox 2178 1399 2258 1468; x_wconf 77' lang='grc' dir='ltr'>ιι.)</span> <span class='ocrx_word' id='word_1_329' title='bbox 2294 1417 2312 1450; x_wconf 81' lang='grc' dir='ltr'><strong>ι</strong></span> <span class='ocrx_word' id='word_1_330' title='bbox 2340 1398 2461 1453; x_wconf 83' lang='lat' dir='ltr'><strong>Filii</strong></span> <span class='ocrx_word' id='word_1_331' title='bbox 2505 1408 2682 1453; x_wconf 84' lang='lat' dir='ltr'><strong>autem</strong></span> <span class='ocrx_word' id='word_1_332' title='bbox 2722 1399 2885 1455; x_wconf 87' lang='lat' dir='ltr'><strong>lsrael</strong></span> <span class='ocrx_word' id='word_1_333' title='bbox 2914 1409 3093 1455; x_wconf 87' lang='lat' dir='ltr'><strong>castra</strong></span> <span class='ocrx_word' id='word_1_334' title='bbox 3124 1413 3411 1457; x_wconf 83' lang='lat' dir='ltr'><strong>moverunt</strong></span> <span class='ocrx_word' id='word_1_335' title='bbox 3450 1416 3517 1456; x_wconf 77' lang='lat' dir='ltr'><strong>cx</strong></span> 
     </span>
    </p>
   </div>
   <div class='ocr_carea' id='block_1_44' title="bbox 1944 1489 3521 1556">
    <p class='ocr_par' dir='ltr' id='par_1_44' title="bbox 1944 1489 3521 1556">
     <span class='ocr_line' id='line_1_44' title="bbox 1944 1489 3521 1556; baseline 0.004 -15"><span class='ocrx_word' id='word_1_336' title='bbox 1944 1508 1962 1541; x_wconf 76' lang='grc' dir='ltr'><strong>ι</strong></span> <span class='ocrx_word' id='word_1_337' title='bbox 2007 1490 2207 1546; x_wconf 88' lang='lat' dir='ltr'><strong>Berotb</strong></span> <span class='ocrx_word' id='word_1_338' title='bbox 2241 1491 2473 1545; x_wconf 84' lang='lat' dir='ltr'><strong>filiorum</strong></span> <span class='ocrx_word' id='word_1_339' title='bbox 2500 1489 2664 1546; x_wconf 87' lang='lat' dir='ltr'><strong>Jacan</strong></span> <span class='ocrx_word' id='word_1_340' title='bbox 2696 1491 2747 1545; x_wconf 91' lang='lat' dir='ltr'><strong>in</strong></span> <span class='ocrx_word' id='word_1_341' title='bbox 2791 1491 2989 1556; x_wconf 88' lang='lat' dir='ltr'><strong>Musra,</strong></span> <span class='ocrx_word' id='word_1_342' title='bbox 3022 1492 3112 1547; x_wconf 88' lang='lat' dir='ltr'><strong>ubi</strong></span> <span class='ocrx_word' id='word_1_343' title='bbox 3152 1501 3395 1547; x_wconf 90' lang='lat' dir='ltr'><strong>mortuus</strong></span> <span class='ocrx_word' id='word_1_344' title='bbox 3436 1502 3521 1547; x_wconf 83' lang='lat' dir='ltr'><strong>est</strong></span> 
     </span>
    </p>
   </div>
   <div class='ocr_carea' id='block_1_45' title="bbox 1945 1582 3517 1655">
    <p class='ocr_par' dir='ltr' id='par_1_45' title="bbox 1945 1582 3517 1655">
     <span class='ocr_line' id='line_1_45' title="bbox 1945 1582 3517 1655; baseline 0.003 -21"><span class='ocrx_word' id='word_1_345' title='bbox 1945 1599 1965 1634; x_wconf 77' lang='grc' dir='ltr'><strong>ι</strong></span> <span class='ocrx_word' id='word_1_346' title='bbox 2009 1582 2191 1637; x_wconf 83' lang='lat' dir='ltr'><strong>Aaron</strong></span> <span class='ocrx_word' id='word_1_347' title='bbox 2222 1598 2283 1637; x_wconf 87' lang='lat' dir='ltr'><strong>ac</strong></span> <span class='ocrx_word' id='word_1_348' title='bbox 2305 1584 2563 1653; x_wconf 87' lang='lat' dir='ltr'><strong>sepultus.</strong></span> <span class='ocrx_word' id='word_1_349' title='bbox 2597 1582 2700 1638; x_wconf 85' lang='lat' dir='ltr'><strong>Pro</strong></span> <span class='ocrx_word' id='word_1_350' title='bbox 2725 1599 2832 1655; x_wconf 88' lang='lat' dir='ltr'><strong>quo</strong></span> <span class='ocrx_word' id='word_1_351' title='bbox 2855 1585 3158 1639; x_wconf 87' lang='lat' dir='ltr'><strong>sacerdotio</strong></span> <span class='ocrx_word' id='word_1_352' title='bbox 3179 1583 3397 1640; x_wconf 81' lang='lat' dir='ltr'><strong>functus</strong></span> <span class='ocrx_word' id='word_1_353' title='bbox 3432 1594 3517 1639; x_wconf 90' lang='lat' dir='ltr'><strong>est</strong></span> 
     </span>
    </p>
   </div>
   <div class='ocr_carea' id='block_1_46' title="bbox 1946 1672 3520 1747">
    <p class='ocr_par' dir='ltr' id='par_1_46' title="bbox 1946 1672 3520 1747">
     <span class='ocr_line' id='line_1_46' title="bbox 1946 1672 3520 1747; baseline 0.004 -22"><span class='ocrx_word' id='word_1_354' title='bbox 1946 1694 1966 1725; x_wconf 84' lang='grc'><em>‹</em></span> <span class='ocrx_word' id='word_1_355' title='bbox 2012 1673 2154 1728; x_wconf 83' lang='lat' dir='ltr'><strong>ﬁlius</strong></span> <span class='ocrx_word' id='word_1_356' title='bbox 2176 1672 2292 1742; x_wconf 82' lang='lat' dir='ltr'><strong>ejus</strong></span> <span class='ocrx_word' id='word_1_357' title='bbox 2318 1674 2562 1729; x_wconf 80' lang='lat' dir='ltr'><strong>Eleazar.</strong></span> <span class='ocrx_word' id='word_1_358' title='bbox 2607 1674 2735 1730; x_wconf 87' lang='lat' dir='ltr'><strong>Inde</strong></span> <span class='ocrx_word' id='word_1_359' title='bbox 2777 1685 3041 1730; x_wconf 86' lang='lat' dir='ltr'><strong>venerunt</strong></span> <span class='ocrx_word' id='word_1_360' title='bbox 3066 1676 3122 1729; x_wconf 89' lang='lat' dir='ltr'><strong>in</strong></span> <span class='ocrx_word' id='word_1_361' title='bbox 3158 1675 3402 1747; x_wconf 85' lang='lat' dir='ltr'><strong>Gadgad.</strong></span> <span class='ocrx_word' id='word_1_362' title='bbox 3443 1677 3520 1732; x_wconf 86' lang='lat' dir='ltr'><strong>De</strong></span> 
     </span>
    </p>
   </div>
   <div class='ocr_carea' id='block_1_47' title="bbox 1953 1765 3523 1837">
    <p class='ocr_par' dir='ltr' id='par_1_47' title="bbox 1953 1765 3523 1837">
     <span class='ocr_line' id='line_1_47' title="bbox 1953 1765 3523 1837; baseline 0.003 -18"><span class='ocrx_word' id='word_1_363' title='bbox 1953 1783 1971 1819; x_wconf 80' lang='grc' dir='ltr'><strong>ι</strong></span> <span class='ocrx_word' id='word_1_364' title='bbox 2019 1781 2127 1837; x_wconf 88' lang='lat' dir='ltr'><strong>quo</strong></span> <span class='ocrx_word' id='word_1_365' title='bbox 2166 1765 2285 1821; x_wconf 87' lang='lat' dir='ltr'><strong>loco</strong></span> <span class='ocrx_word' id='word_1_366' title='bbox 2311 1766 2561 1837; x_wconf 85' lang='lat' dir='ltr'><strong>profecti,</strong></span> <span class='ocrx_word' id='word_1_367' title='bbox 2591 1775 2767 1821; x_wconf 90' lang='lat' dir='ltr'><strong>castra</strong></span> <span class='ocrx_word' id='word_1_368' title='bbox 2796 1767 2980 1822; x_wconf 89' lang='lat' dir='ltr'><strong>metati</strong></span> <span class='ocrx_word' id='word_1_369' title='bbox 3027 1776 3154 1822; x_wconf 85' lang='lat' dir='ltr'><strong>sunt</strong></span> <span class='ocrx_word' id='word_1_370' title='bbox 3180 1768 3232 1822; x_wconf 93' lang='lat' dir='ltr'><strong>in</strong></span> <span class='ocrx_word' id='word_1_371' title='bbox 3258 1766 3523 1823; x_wconf 42' lang='lat' dir='ltr'><strong>Juthaba‘</strong></span> 
     </span>
    </p>
   </div>
   <div class='ocr_carea' id='block_1_48' title="bbox 1946 1859 3513 1931">
    <p class='ocr_par' dir='ltr' id='par_1_48' title="bbox 1946 1859 3513 1931">
     <span class='ocr_line' id='line_1_48' title="bbox 1946 1859 3513 1931; baseline 0.003 -21"><span class='ocrx_word' id='word_1_372' title='bbox 1946 1877 1965 1910; x_wconf 82' lang='grc' dir='ltr'><strong>ι</strong></span> <span class='ocrx_word' id='word_1_373' title='bbox 2015 1859 2105 1913; x_wconf 91' lang='lat' dir='ltr'><strong>tha</strong></span> <span class='ocrx_word' id='word_1_374' title='bbox 2135 1866 2278 1914; x_wconf 87' lang='lat' dir='ltr'><strong>terra</strong></span> <span class='ocrx_word' id='word_1_375' title='bbox 2305 1870 2566 1929; x_wconf 81' lang='lat' dir='ltr'><strong>aquamm</strong></span> <span class='ocrx_word' id='word_1_376' title='bbox 2593 1867 2755 1928; x_wconf 81' lang='lat' dir='ltr'><strong>atque</strong></span> <span class='ocrx_word' id='word_1_377' title='bbox 2781 1860 3125 1925; x_wconf 71' lang='lat' dir='ltr'><strong>tori-entiam,</strong></span> <span class='ocrx_word' id='word_1_378' title='bbox 3160 1868 3214 1915; x_wconf 89' lang='lat' dir='ltr'><strong>et</strong></span> <span class='ocrx_word' id='word_1_379' title='bbox 3240 1860 3470 1931; x_wconf 83' lang='lat' dir='ltr'><strong>reliqua.</strong></span> <span class='ocrx_word' id='word_1_380' title='bbox 3494 1882 3513 1914; x_wconf 73' lang='grc' dir='ltr'>ι»</span> 
     </span>
    </p>
   </div>
   <div class='ocr_carea' id='block_1_49' title="bbox 1938 1947 3519 2019">
    <p class='ocr_par' dir='ltr' id='par_1_49' title="bbox 1938 1947 3519 2019">
     <span class='ocr_line' id='line_1_49' title="bbox 1938 1947 3519 2019; baseline 0.003 -17"><span class='ocrx_word' id='word_1_381' title='bbox 1938 1947 2117 2016; x_wconf 69' lang='lat' dir='ltr'><strong>Qumri</strong></span> <span class='ocrx_word' id='word_1_382' title='bbox 2155 1957 2338 2018; x_wconf 86' lang='lat' dir='ltr'><strong>potest</strong></span> <span class='ocrx_word' id='word_1_383' title='bbox 2398 1949 2669 2019; x_wconf 88' lang='lat' dir='ltr'><strong>quomodo</strong></span> <span class='ocrx_word' id='word_1_384' title='bbox 2722 1950 2934 2005; x_wconf 83' lang='lat' dir='ltr'><strong>dicatur</strong></span> <span class='ocrx_word' id='word_1_385' title='bbox 2982 1950 3036 2005; x_wconf 88' lang='lat' dir='ltr'><strong>in</strong></span> <span class='ocrx_word' id='word_1_386' title='bbox 3100 1951 3519 2007; x_wconf 83' lang='lat' dir='ltr'><strong>Deuteronoinio</strong></span> 
     </span>
    </p>
   </div>
   <div class='ocr_carea' id='block_1_50' title="bbox 1936 2039 3520 2111">
    <p class='ocr_par' dir='ltr' id='par_1_50' title="bbox 1936 2039 3520 2111">
     <span class='ocr_line' id='line_1_50' title="bbox 1936 2039 3520 2111; baseline 0 -16"><span class='ocrx_word' id='word_1_387' title='bbox 1936 2040 2116 2095; x_wconf 79' lang='lat' dir='ltr'><strong>Aaron</strong></span> <span class='ocrx_word' id='word_1_388' title='bbox 2144 2040 2198 2094; x_wconf 91' lang='lat' dir='ltr'><strong>in</strong></span> <span class='ocrx_word' id='word_1_389' title='bbox 2236 2039 2414 2094; x_wconf 83' lang='lat' dir='ltr'><strong>Musra</strong></span> <span class='ocrx_word' id='word_1_390' title='bbox 2452 2048 2698 2095; x_wconf 91' lang='lat' dir='ltr'><strong>mortuus</strong></span> <span class='ocrx_word' id='word_1_391' title='bbox 2726 2049 2889 2111; x_wconf 80' lang='lat' dir='ltr'><strong>atque</strong></span> <span class='ocrx_word' id='word_1_392' title='bbox 2919 2041 3179 2110; x_wconf 82' lang='lat' dir='ltr'><strong>sepultus,</strong></span> <span class='ocrx_word' id='word_1_393' title='bbox 3210 2059 3332 2097; x_wconf 88' lang='lat' dir='ltr'><strong>cum</strong></span> <span class='ocrx_word' id='word_1_394' title='bbox 3360 2043 3411 2097; x_wconf 86' lang='lat' dir='ltr'><strong>in</strong></span> <span class='ocrx_word' id='word_1_395' title='bbox 3440 2043 3520 2099; x_wconf 88' lang='lat' dir='ltr'><strong>Or</strong></span> 
     </span>
    </p>
   </div>
   <div class='ocr_carea' id='block_1_51' title="bbox 1939 2129 3520 2196">
    <p class='ocr_par' dir='ltr' id='par_1_51' title="bbox 1939 2129 3520 2196">
     <span class='ocr_line' id='line_1_51' title="bbox 1939 2129 3520 2196; baseline 0.003 -11"><span class='ocrx_word' id='word_1_396' title='bbox 1939 2137 2121 2186; x_wconf 90' lang='lat' dir='ltr'><strong>monte</strong></span> <span class='ocrx_word' id='word_1_397' title='bbox 2149 2130 2202 2184; x_wconf 91' lang='lat' dir='ltr'><strong>in</strong></span> <span class='ocrx_word' id='word_1_398' title='bbox 2234 2129 2594 2185; x_wconf 78' lang='lat' dir='ltr'><strong>Numerorum</strong></span> <span class='ocrx_word' id='word_1_399' title='bbox 2620 2130 2784 2196; x_wconf 89' lang='lat' dir='ltr'><strong>libro,</strong></span> <span class='ocrx_word' id='word_1_400' title='bbox 2814 2132 3155 2187; x_wconf 85' lang='lat' dir='ltr'><strong>describatur</strong></span> <span class='ocrx_word' id='word_1_401' title='bbox 3183 2149 3302 2189; x_wconf 88' lang='lat' dir='ltr'><strong>esse</strong></span> <span class='ocrx_word' id='word_1_402' title='bbox 3330 2134 3520 2190; x_wconf 80' lang='lat' dir='ltr'><strong>defun-</strong></span> 
     </span>
    </p>
   </div>
   <div class='ocr_carea' id='block_1_52' title="bbox 1938 2217 3521 2293">
    <p class='ocr_par' dir='ltr' id='par_1_52' title="bbox 1938 2217 3521 2293">
     <span class='ocr_line' id='line_1_52' title="bbox 1938 2217 3521 2293; baseline 0.004 -20"><span class='ocrx_word' id='word_1_403' title='bbox 1938 2226 2058 2274; x_wconf 90' lang='lat' dir='ltr'><strong>ctus</strong></span> <span class='ocrx_word' id='word_1_404' title='bbox 2110 2217 2299 2291; x_wconf 85' lang='lat' dir='ltr'><strong>(.Vum.</strong></span> <span class='ocrx_word' id='word_1_405' title='bbox 2336 2218 2551 2293; x_wconf 69' lang='grc' dir='ltr'>χχχιιι).</span> <span class='ocrx_word' id='word_1_406' title='bbox 2602 2219 2710 2277; x_wconf 87' lang='lat' dir='ltr'><strong>Sed</strong></span> <span class='ocrx_word' id='word_1_407' title='bbox 2763 2220 2993 2277; x_wconf 81' lang='lat' dir='ltr'><strong>forsitan</strong></span> <span class='ocrx_word' id='word_1_408' title='bbox 3043 2222 3186 2279; x_wconf 89' lang='lat' dir='ltr'><strong>idem</strong></span> <span class='ocrx_word' id='word_1_409' title='bbox 3218 2223 3369 2279; x_wconf 89' lang='lat' dir='ltr'><strong>locus</strong></span> <span class='ocrx_word' id='word_1_410' title='bbox 3409 2225 3521 2280; x_wconf 84' lang='lat' dir='ltr'><strong>duo</strong></span> 
     </span>
    </p>
   </div>
   <div class='ocr_carea' id='block_1_53' title="bbox 1938 2312 3526 2373">
    <p class='ocr_par' dir='ltr' id='par_1_53' title="bbox 1938 2312 3526 2373">
     <span class='ocr_line' id='line_1_53' title="bbox 1938 2312 3526 2373; baseline 0.005 -8"><span class='ocrx_word' id='word_1_411' title='bbox 1938 2314 2158 2366; x_wconf 88' lang='lat' dir='ltr'><strong>nomina</strong></span> <span class='ocrx_word' id='word_1_412' title='bbox 2186 2312 2396 2367; x_wconf 86' lang='lat' dir='ltr'><strong>habuit.</strong></span> <span class='ocrx_word' id='word_1_413' title='bbox 2429 2313 2626 2367; x_wconf 84' lang='lat' dir='ltr'><strong>Bcroth</strong></span> <span class='ocrx_word' id='word_1_414' title='bbox 2654 2314 2796 2369; x_wconf 91' lang='lat' dir='ltr'><strong>enim</strong></span> <span class='ocrx_word' id='word_1_415' title='bbox 2831 2314 3063 2370; x_wconf 89' lang='lat' dir='ltr'><strong>filiorum</strong></span> <span class='ocrx_word' id='word_1_416' title='bbox 3096 2313 3307 2371; x_wconf 81' lang='lat' dir='ltr'><strong>Jachim</strong></span> <span class='ocrx_word' id='word_1_417' title='bbox 3343 2317 3395 2372; x_wconf 92' lang='lat' dir='ltr'><strong>in</strong></span> <span class='ocrx_word' id='word_1_418' title='bbox 3427 2317 3526 2373; x_wconf 79' lang='lat' dir='ltr'><strong>de-</strong></span> 
     </span>
    </p>
   </div>
   <div class='ocr_carea' id='block_1_54' title="bbox 1938 2403 3525 2478">
    <p class='ocr_par' dir='ltr' id='par_1_54' title="bbox 1938 2403 3525 2478">
     <span class='ocr_line' id='line_1_54' title="bbox 1938 2403 3525 2478; baseline 0.004 -19"><span class='ocrx_word' id='word_1_419' title='bbox 1938 2411 2087 2459; x_wconf 88' lang='lat' dir='ltr'><strong>serto</strong></span> <span class='ocrx_word' id='word_1_420' title='bbox 2110 2412 2194 2458; x_wconf 87' lang='lat' dir='ltr'><strong>est</strong></span> <span class='ocrx_word' id='word_1_421' title='bbox 2232 2403 2401 2468; x_wconf 89' lang='lat' dir='ltr'><strong>locus,</strong></span> <span class='ocrx_word' id='word_1_422' title='bbox 2429 2404 2569 2459; x_wconf 86' lang='lat' dir='ltr'><strong>sicut</strong></span> <span class='ocrx_word' id='word_1_423' title='bbox 2598 2404 2775 2461; x_wconf 89' lang='lat' dir='ltr'><strong>Musra</strong></span> <span class='ocrx_word' id='word_1_424' title='bbox 2817 2422 2924 2478; x_wconf 89' lang='lat' dir='ltr'><strong>quo</strong></span> <span class='ocrx_word' id='word_1_425' title='bbox 2955 2408 3089 2463; x_wconf 80' lang='lat' dir='ltr'><strong>obiit</strong></span> <span class='ocrx_word' id='word_1_426' title='bbox 3122 2408 3327 2475; x_wconf 82' lang='lat' dir='ltr'><strong>Aaron,</strong></span> <span class='ocrx_word' id='word_1_427' title='bbox 3370 2420 3430 2465; x_wconf 91' lang='lat' dir='ltr'><strong>ut</strong></span> <span class='ocrx_word' id='word_1_428' title='bbox 3468 2410 3525 2465; x_wconf 92' lang='lat' dir='ltr'><strong>in</strong></span> 
     </span>
    </p>
   </div>
   <div class='ocr_carea' id='block_1_55' title="bbox 1939 2494 3523 2567">
    <p class='ocr_par' dir='ltr' id='par_1_55' title="bbox 1939 2494 3523 2567">
     <span class='ocr_line' id='line_1_55' title="bbox 1939 2494 3523 2567; baseline 0.004 -20"><span class='ocrx_word' id='word_1_429' title='bbox 1939 2494 2093 2549; x_wconf 90' lang='lat' dir='ltr'><strong>libris</strong></span> <span class='ocrx_word' id='word_1_430' title='bbox 2120 2494 2362 2549; x_wconf 87' lang='lat' dir='ltr'><strong>locorum</strong></span> <span class='ocrx_word' id='word_1_431' title='bbox 2396 2494 2641 2566; x_wconf 68' lang='lat' dir='ltr'><strong>legimus,</strong></span> <span class='ocrx_word' id='word_1_432' title='bbox 2687 2512 2860 2567; x_wconf 89' lang='lat' dir='ltr'><strong>usque</strong></span> <span class='ocrx_word' id='word_1_433' title='bbox 2888 2498 3049 2553; x_wconf 86' lang='lat' dir='ltr'><strong>hodie</strong></span> <span class='ocrx_word' id='word_1_434' title='bbox 3081 2498 3135 2552; x_wconf 94' lang='lat' dir='ltr'><strong>in</strong></span> <span class='ocrx_word' id='word_1_435' title='bbox 3180 2499 3390 2554; x_wconf 91' lang='lat' dir='ltr'><strong>decimo</strong></span> <span class='ocrx_word' id='word_1_436' title='bbox 3441 2499 3523 2553; x_wconf 40' lang='lat' dir='ltr'><strong>las</strong></span> 
     </span>
    </p>
   </div>
   <div class='ocr_carea' id='block_1_56' title="bbox 1942 2582 3526 2656">
    <p class='ocr_par' dir='ltr' id='par_1_56' title="bbox 1942 2582 3526 2656">
     <span class='ocr_line' id='line_1_56' title="bbox 1942 2582 3526 2656; baseline 0.004 -17"><span class='ocrx_word' id='word_1_437' title='bbox 1942 2585 2065 2656; x_wconf 90' lang='lat' dir='ltr'><strong>pide</strong></span> <span class='ocrx_word' id='word_1_438' title='bbox 2107 2587 2256 2642; x_wconf 85' lang='lat' dir='ltr'><strong>urbis</strong></span> <span class='ocrx_word' id='word_1_439' title='bbox 2287 2582 2462 2641; x_wconf 66' lang='lat' dir='ltr'><strong>Petrae</strong></span> <span class='ocrx_word' id='word_1_440' title='bbox 2509 2587 2561 2641; x_wconf 92' lang='lat' dir='ltr'><strong>in</strong></span> <span class='ocrx_word' id='word_1_441' title='bbox 2596 2589 2795 2643; x_wconf 90' lang='lat' dir='ltr'><strong>montis</strong></span> <span class='ocrx_word' id='word_1_442' title='bbox 2823 2589 3045 2646; x_wconf 85' lang='lat' dir='ltr'><strong>vertice.</strong></span> <span class='ocrx_word' id='word_1_443' title='bbox 3068 2589 3173 2645; x_wconf 85' lang='lat' dir='ltr'><strong>Cui</strong></span> <span class='ocrx_word' id='word_1_444' title='bbox 3223 2605 3330 2646; x_wconf 89' lang='lat' dir='ltr'><strong>non</strong></span> <span class='ocrx_word' id='word_1_445' title='bbox 3360 2591 3526 2647; x_wconf 77' lang='lat' dir='ltr'><strong>d&#39;ssi-</strong></span> 
     </span>
    </p>
   </div>
   <div class='ocr_carea' id='block_1_57' title="bbox 1944 2676 3528 2751">
    <p class='ocr_par' dir='ltr' id='par_1_57' title="bbox 1944 2676 3528 2751">
     <span class='ocr_line' id='line_1_57' title="bbox 1944 2676 3528 2751; baseline 0.004 -20"><span class='ocrx_word' id='word_1_446' title='bbox 1944 2677 2089 2732; x_wconf 89' lang='lat' dir='ltr'><strong>milia</strong></span> <span class='ocrx_word' id='word_1_447' title='bbox 2118 2678 2283 2733; x_wconf 85' lang='lat' dir='ltr'><strong>sentit</strong></span> <span class='ocrx_word' id='word_1_448' title='bbox 2309 2676 2594 2747; x_wconf 66' lang='lat' dir='ltr'><strong>Iosephus,</strong></span> <span class='ocrx_word' id='word_1_449' title='bbox 2626 2678 2676 2733; x_wconf 94' lang='lat' dir='ltr'><strong>in</strong></span> <span class='ocrx_word' id='word_1_450' title='bbox 2723 2679 3125 2750; x_wconf 84' lang='lat' dir='ltr'><strong>Antiquitatum</strong></span> <span class='ocrx_word' id='word_1_451' title='bbox 3165 2681 3307 2737; x_wconf 81' lang='lat' dir='ltr'><strong>libro</strong></span> <span class='ocrx_word' id='word_1_452' title='bbox 3330 2692 3528 2751; x_wconf 78' lang='lat' dir='ltr'><strong>quarto</strong></span> 
     </span>
    </p>
   </div>
   <div class='ocr_carea' id='block_1_58' title="bbox 1941 2769 3524 2844">
    <p class='ocr_par' dir='ltr' id='par_1_58' title="bbox 1941 2769 3524 2844">
     <span class='ocr_line' id='line_1_58' title="bbox 1941 2769 3524 2844; baseline 0.002 -20"><span class='ocrx_word' id='word_1_453' title='bbox 1941 2769 2013 2824; x_wconf 88' lang='lat' dir='ltr'><strong>ita</strong></span> <span class='ocrx_word' id='word_1_454' title='bbox 2041 2769 2284 2825; x_wconf 89' lang='lat' dir='ltr'><strong>scribens</strong></span> <span class='ocrx_word' id='word_1_455' title='bbox 2308 2772 2446 2842; x_wconf 79' lang='lat' dir='ltr'><strong>(cap.</strong></span> <span class='ocrx_word' id='word_1_456' title='bbox 2476 2769 2531 2840; x_wconf 80' lang='grc'><strong>5)</strong></span> <span class='ocrx_word' id='word_1_457' title='bbox 2559 2790 2571 2824; x_wconf 92' lang='lat'><strong>:</strong></span> <span class='ocrx_word' id='word_1_458' title='bbox 2597 2771 2782 2835; x_wconf 76' lang='lat' dir='ltr'><strong>Duxit,</strong></span> <span class='ocrx_word' id='word_1_459' title='bbox 2807 2772 3002 2843; x_wconf 86' lang='lat' dir='ltr'><strong>inquit,</strong></span> <span class='ocrx_word' id='word_1_460' title='bbox 3034 2772 3241 2844; x_wconf 82' lang='lat' dir='ltr'><strong>Moyses</strong></span> <span class='ocrx_word' id='word_1_461' title='bbox 3269 2773 3524 2843; x_wconf 86' lang='lat' dir='ltr'><strong>populum</strong></span> 
     </span>
    </p>
   </div>
   <div class='ocr_carea' id='block_1_59' title="bbox 1940 2861 3524 2934">
    <p class='ocr_par' dir='ltr' id='par_1_59' title="bbox 1940 2861 3524 2934">
     <span class='ocr_line' id='line_1_59' title="bbox 1940 2861 3524 2934; baseline 0.003 -20"><span class='ocrx_word' id='word_1_462' title='bbox 1940 2874 2039 2930; x_wconf 91' lang='lat' dir='ltr'><strong>per</strong></span> <span class='ocrx_word' id='word_1_463' title='bbox 2072 2861 2346 2916; x_wconf 88' lang='lat' dir='ltr'><strong>desertum</strong></span> <span class='ocrx_word' id='word_1_464' title='bbox 2375 2868 2429 2915; x_wconf 91' lang='lat' dir='ltr'><strong>et</strong></span> <span class='ocrx_word' id='word_1_465' title='bbox 2471 2877 2568 2931; x_wconf 89' lang='lat' dir='ltr'><strong>per</strong></span> <span class='ocrx_word' id='word_1_466' title='bbox 2614 2862 2893 2928; x_wconf 80' lang='lat' dir='ltr'><strong>Arabiam,</strong></span> <span class='ocrx_word' id='word_1_467' title='bbox 2940 2864 3196 2934; x_wconf 88' lang='lat' dir='ltr'><strong>venitque</strong></span> <span class='ocrx_word' id='word_1_468' title='bbox 3236 2864 3305 2919; x_wconf 85' lang='lat' dir='ltr'><strong>ad</strong></span> <span class='ocrx_word' id='word_1_469' title='bbox 3346 2864 3524 2919; x_wconf 81' lang='lat' dir='ltr'><strong>locum</strong></span> 
     </span>
    </p>
   </div>
   <div class='ocr_carea' id='block_1_60' title="bbox 1940 2949 3528 3027">
    <p class='ocr_par' dir='ltr' id='par_1_60' title="bbox 1940 2949 3528 3027">
     <span class='ocr_line' id='line_1_60' title="bbox 1940 2949 3528 3027; baseline 0.004 -22"><span class='ocrx_word' id='word_1_470' title='bbox 1940 2965 2102 3021; x_wconf 89' lang='lat' dir='ltr'><strong>quem</strong></span> <span class='ocrx_word' id='word_1_471' title='bbox 2132 2949 2339 3007; x_wconf 82' lang='lat' dir='ltr'><strong>Arabes</strong></span> <span class='ocrx_word' id='word_1_472' title='bbox 2382 2953 2721 3023; x_wconf 84' lang='lat' dir='ltr'><strong>metropolim</strong></span> <span class='ocrx_word' id='word_1_473' title='bbox 2750 2969 2903 3010; x_wconf 87' lang='lat' dir='ltr'><strong>suam</strong></span> <span class='ocrx_word' id='word_1_474' title='bbox 2946 2962 3161 3025; x_wconf 88' lang='lat' dir='ltr'><strong>putant,</strong></span> <span class='ocrx_word' id='word_1_475' title='bbox 3206 2957 3382 3027; x_wconf 93' lang='lat' dir='ltr'><strong>primo</strong></span> <span class='ocrx_word' id='word_1_476' title='bbox 3409 2959 3528 3026; x_wconf 84' lang='lat' dir='ltr'><strong>qni-</strong></span> 
     </span>
    </p>
   </div>
   <div class='ocr_carea' id='block_1_61' title="bbox 1942 3042 3524 3117">
    <p class='ocr_par' dir='ltr' id='par_1_61' title="bbox 1942 3042 3524 3117">
     <span class='ocr_line' id='line_1_61' title="bbox 1942 3042 3524 3117; baseline 0.006 -20"><span class='ocrx_word' id='word_1_477' title='bbox 1942 3042 2066 3098; x_wconf 88' lang='lat' dir='ltr'><strong>dem</strong></span> <span class='ocrx_word' id='word_1_478' title='bbox 2092 3043 2312 3099; x_wconf 82' lang='lat' dir='ltr'><strong>Archim</strong></span> <span class='ocrx_word' id='word_1_479' title='bbox 2338 3045 2699 3111; x_wconf 88' lang='lat' dir='ltr'><strong>nominatum,</strong></span> <span class='ocrx_word' id='word_1_480' title='bbox 2729 3062 2850 3117; x_wconf 75' lang='lat' dir='ltr'><strong>qua:</strong></span> <span class='ocrx_word' id='word_1_481' title='bbox 2873 3059 3021 3103; x_wconf 85' lang='lat' dir='ltr'><strong>nunc</strong></span> <span class='ocrx_word' id='word_1_482' title='bbox 3048 3047 3207 3104; x_wconf 85' lang='lat' dir='ltr'><strong>Petra</strong></span> <span class='ocrx_word' id='word_1_483' title='bbox 3231 3050 3524 3108; x_wconf 89' lang='lat' dir='ltr'><strong>vocitatur.</strong></span> 
     </span>
    </p>
   </div>
   <div class='ocr_carea' id='block_1_62' title="bbox 1948 3133 3528 3205">
    <p class='ocr_par' dir='ltr' id='par_1_62' title="bbox 1948 3133 3528 3205">
     <span class='ocr_line' id='line_1_62' title="bbox 1948 3133 3528 3205; baseline 0.004 -17"><span class='ocrx_word' id='word_1_484' title='bbox 1948 3133 2049 3189; x_wconf 84' lang='lat' dir='ltr'><strong>llic</strong></span> <span class='ocrx_word' id='word_1_485' title='bbox 2094 3135 2276 3204; x_wconf 88' lang='lat' dir='ltr'><strong>itaque</strong></span> <span class='ocrx_word' id='word_1_486' title='bbox 2311 3150 2433 3189; x_wconf 91' lang='lat' dir='ltr'><strong>eum</strong></span> <span class='ocrx_word' id='word_1_487' title='bbox 2460 3145 2603 3191; x_wconf 91' lang='lat' dir='ltr'><strong>esset</strong></span> <span class='ocrx_word' id='word_1_488' title='bbox 2631 3137 2878 3192; x_wconf 82' lang='lat' dir='ltr'><strong>excelsus</strong></span> <span class='ocrx_word' id='word_1_489' title='bbox 2915 3153 3091 3205; x_wconf 91' lang='lat' dir='ltr'><strong>mons,</strong></span> <span class='ocrx_word' id='word_1_490' title='bbox 3130 3139 3430 3196; x_wconf 86' lang='lat' dir='ltr'><strong>ascendens</strong></span> <span class='ocrx_word' id='word_1_491' title='bbox 3472 3140 3528 3195; x_wconf 88' lang='lat' dir='ltr'><strong>in</strong></span> 
     </span>
    </p>
   </div>
   <div class='ocr_carea' id='block_1_63' title="bbox 249 3199 3531 3299">
    <p class='ocr_par' dir='ltr' id='par_1_63' title="bbox 249 3199 3531 3299">
     <span class='ocr_line' id='line_1_63' title="bbox 249 3199 3531 3299; baseline 0.002 -23"><span class='ocrx_word' id='word_1_492' title='bbox 249 3218 423 3275; x_wconf 81' lang='lat' dir='ltr'><strong>monii</strong></span> <span class='ocrx_word' id='word_1_493' title='bbox 452 3218 686 3289; x_wconf 70' lang='lat' dir='ltr'><strong>scriptas</strong></span> <span class='ocrx_word' id='word_1_494' title='bbox 711 3218 879 3290; x_wconf 73' lang='lat' dir='ltr'><strong>digito</strong></span> <span class='ocrx_word' id='word_1_495' title='bbox 912 3219 1029 3275; x_wconf 75' lang='lat' dir='ltr'><strong>Dei.</strong></span> <span class='ocrx_word' id='word_1_496' title='bbox 1050 3239 1069 3272; x_wconf 73' lang='grc' dir='ltr'><strong>ι</strong></span> <span class='ocrx_word' id='word_1_497' title='bbox 1103 3219 1205 3275; x_wconf 80' lang='lat' dir='ltr'><strong>Ubi</strong></span> <span class='ocrx_word' id='word_1_498' title='bbox 1242 3234 1371 3290; x_wconf 74' lang='lat' dir='ltr'><strong>ergo</strong></span> <span class='ocrx_word' id='word_1_499' title='bbox 1396 3227 1451 3274; x_wconf 75' lang='lat' dir='ltr'><strong>el</strong></span> <span class='ocrx_word' id='word_1_500' title='bbox 1486 3217 1682 3274; x_wconf 62' lang='lat' dir='ltr'><strong>tabula:</strong></span> <span class='ocrx_word' id='word_1_501' title='bbox 1708 3232 1844 3290; x_wconf 73' lang='grc' dir='ltr'>οριιε</span> <span class='ocrx_word' id='word_1_502' title='bbox 1871 3199 1915 3260; x_wconf 78' lang='lat' dir='ltr'>C</span> <span class='ocrx_word' id='word_1_503' title='bbox 1948 3242 2070 3283; x_wconf 89' lang='lat' dir='ltr'><strong>eum</strong></span> <span class='ocrx_word' id='word_1_504' title='bbox 2102 3199 2304 3293; x_wconf 80' lang='lat' dir='ltr'><strong>Aaron,</strong></span> <span class='ocrx_word' id='word_1_505' title='bbox 2330 3227 2510 3299; x_wconf 87' lang='lat' dir='ltr'><strong>Moyse</strong></span> <span class='ocrx_word' id='word_1_506' title='bbox 2538 3228 2917 3284; x_wconf 79' lang='lat' dir='ltr'><strong>manifestante</strong></span> <span class='ocrx_word' id='word_1_507' title='bbox 2939 3199 3385 3299; x_wconf 35' lang='lat' dir='ltr'><strong>qula&#39;moriturus</strong></span> <span class='ocrx_word' id='word_1_508' title='bbox 3410 3240 3531 3285; x_wconf 86' lang='lat' dir='ltr'><strong>erat</strong></span> 
     </span>
    </p>
   </div>
   <div class='ocr_carea' id='block_1_64' title="bbox 252 3309 1843 3381">
    <p class='ocr_par' dir='ltr' id='par_1_64' title="bbox 252 3309 1843 3381">
     <span class='ocr_line' id='line_1_64' title="bbox 252 3309 1843 3381; baseline -0.001 -15"><span class='ocrx_word' id='word_1_509' title='bbox 252 3311 350 3366; x_wconf 87' lang='lat' dir='ltr'><strong>Dei</strong></span> <span class='ocrx_word' id='word_1_510' title='bbox 381 3317 564 3375; x_wconf 89' lang='lat' dir='ltr'><strong>erant,</strong></span> <span class='ocrx_word' id='word_1_511' title='bbox 600 3318 657 3363; x_wconf 90' lang='lat' dir='ltr'><strong>et</strong></span> <span class='ocrx_word' id='word_1_512' title='bbox 683 3310 954 3379; x_wconf 87' lang='lat' dir='ltr'><strong>scriptura</strong></span> <span class='ocrx_word' id='word_1_513' title='bbox 983 3324 1170 3365; x_wconf 90' lang='lat' dir='ltr'><strong>earum</strong></span> <span class='ocrx_word' id='word_1_514' title='bbox 1210 3310 1379 3381; x_wconf 78' lang='lat' dir='ltr'><strong>digito</strong></span> <span class='ocrx_word' id='word_1_515' title='bbox 1420 3310 1515 3365; x_wconf 89' lang='lat' dir='ltr'><strong>Dei</strong></span> <span class='ocrx_word' id='word_1_516' title='bbox 1544 3309 1708 3366; x_wconf 85' lang='lat' dir='ltr'><strong>facta.</strong></span> <span class='ocrx_word' id='word_1_517' title='bbox 1744 3310 1843 3365; x_wconf 84' lang='lat' dir='ltr'><strong>Sc-</strong></span> 
     </span>
    </p>
   </div>
   <div class='ocr_carea' id='block_1_65' title="bbox 249 3400 1846 3471">
    <p class='ocr_par' dir='ltr' id='par_1_65' title="bbox 249 3400 1846 3471">
     <span class='ocr_line' id='line_1_65' title="bbox 249 3400 1846 3471; baseline -0.001 -13"><span class='ocrx_word' id='word_1_518' title='bbox 249 3402 465 3459; x_wconf 87' lang='lat' dir='ltr'><strong>cundas</strong></span> <span class='ocrx_word' id='word_1_519' title='bbox 493 3400 700 3456; x_wconf 89' lang='lat' dir='ltr'><strong>tabulas</strong></span> <span class='ocrx_word' id='word_1_520' title='bbox 726 3400 840 3471; x_wconf 91' lang='lat' dir='ltr'><strong>ipse</strong></span> <span class='ocrx_word' id='word_1_521' title='bbox 871 3400 1081 3471; x_wconf 82' lang='lat' dir='ltr'><strong>Moyses</strong></span> <span class='ocrx_word' id='word_1_522' title='bbox 1105 3401 1325 3470; x_wconf 71' lang='lat' dir='ltr'><strong>iubetur</strong></span> <span class='ocrx_word' id='word_1_523' title='bbox 1347 3400 1617 3466; x_wconf 80' lang='lat' dir='ltr'><strong>excidere,</strong></span> <span class='ocrx_word' id='word_1_524' title='bbox 1634 3412 1691 3455; x_wconf 93' lang='lat' dir='ltr'><strong>ut</strong></span> <span class='ocrx_word' id='word_1_525' title='bbox 1716 3401 1846 3471; x_wconf 69' lang='lat' dir='ltr'><strong>ipsa:</strong></span> 
     </span>
    </p>
   </div>
   <div class='ocr_carea' id='block_1_66' title="bbox 252 3488 1846 3560">
    <p class='ocr_par' dir='ltr' id='par_1_66' title="bbox 252 3488 1846 3560">
     <span class='ocr_line' id='line_1_66' title="bbox 252 3488 1846 3560; baseline 0 -14"><span class='ocrx_word' id='word_1_526' title='bbox 252 3498 406 3546; x_wconf 89' lang='lat' dir='ltr'><strong>certe</strong></span> <span class='ocrx_word' id='word_1_527' title='bbox 442 3504 607 3560; x_wconf 89' lang='lat' dir='ltr'><strong>opere</strong></span> <span class='ocrx_word' id='word_1_528' title='bbox 653 3489 891 3543; x_wconf 84' lang='lat' dir='ltr'><strong>humano</strong></span> <span class='ocrx_word' id='word_1_529' title='bbox 930 3488 1298 3560; x_wconf 79' lang='lat' dir='ltr'><strong>intelligantur</strong></span> <span class='ocrx_word' id='word_1_530' title='bbox 1337 3490 1554 3555; x_wconf 66' lang='lat' dir='ltr'><strong>excisae,</strong></span> <span class='ocrx_word' id='word_1_531' title='bbox 1596 3491 1846 3560; x_wconf 71' lang='lat' dir='ltr'><strong>quamvis</strong></span> 
     </span>
    </p>
   </div>
   <div class='ocr_carea' id='block_1_67' title="bbox 251 3578 1848 3649">
    <p class='ocr_par' dir='ltr' id='par_1_67' title="bbox 251 3578 1848 3649">
     <span class='ocr_line' id='line_1_67' title="bbox 251 3578 1848 3649; baseline 0 -16"><span class='ocrx_word' id='word_1_532' title='bbox 251 3594 352 3633; x_wconf 88' lang='lat' dir='ltr'><strong>eas</strong></span> <span class='ocrx_word' id='word_1_533' title='bbox 384 3579 525 3634; x_wconf 86' lang='lat' dir='ltr'><strong>Deus</strong></span> <span class='ocrx_word' id='word_1_534' title='bbox 557 3579 670 3648; x_wconf 88' lang='lat' dir='ltr'><strong>ipse</strong></span> <span class='ocrx_word' id='word_1_535' title='bbox 699 3578 993 3647; x_wconf 88' lang='lat' dir='ltr'><strong>scripserat</strong></span> <span class='ocrx_word' id='word_1_536' title='bbox 1018 3578 1162 3633; x_wconf 89' lang='lat' dir='ltr'><strong>sicut</strong></span> <span class='ocrx_word' id='word_1_537' title='bbox 1189 3578 1440 3648; x_wconf 84' lang='lat' dir='ltr'><strong>promisit</strong></span> <span class='ocrx_word' id='word_1_538' title='bbox 1469 3594 1592 3634; x_wconf 88' lang='lat' dir='ltr'><strong>cum</strong></span> <span class='ocrx_word' id='word_1_539' title='bbox 1625 3580 1848 3649; x_wconf 72' lang='lat' dir='ltr'><strong>jubet-ut</strong></span> 
     </span>
    </p>
   </div>
   <div class='ocr_carea' id='block_1_68' title="bbox 251 3667 1847 3740">
    <p class='ocr_par' dir='ltr' id='par_1_68' title="bbox 251 3667 1847 3740">
     <span class='ocr_line' id='line_1_68' title="bbox 251 3667 1847 3740; baseline -0.001 -15"><span class='ocrx_word' id='word_1_540' title='bbox 251 3669 454 3725; x_wconf 74' lang='lat' dir='ltr'><strong>excidi.</strong></span> <span class='ocrx_word' id='word_1_541' title='bbox 481 3667 652 3723; x_wconf 86' lang='lat' dir='ltr'><strong>Porro</strong></span> <span class='ocrx_word' id='word_1_542' title='bbox 681 3677 883 3735; x_wconf 88' lang='lat' dir='ltr'><strong>autem,</strong></span> <span class='ocrx_word' id='word_1_543' title='bbox 913 3669 960 3723; x_wconf 89' lang='lat' dir='ltr'><strong>si</strong></span> <span class='ocrx_word' id='word_1_544' title='bbox 990 3668 1302 3740; x_wconf 88' lang='lat' dir='ltr'><strong>diligentius</strong></span> <span class='ocrx_word' id='word_1_545' title='bbox 1329 3672 1693 3734; x_wconf 87' lang='lat' dir='ltr'><strong>attendamus,</strong></span> <span class='ocrx_word' id='word_1_546' title='bbox 1726 3670 1847 3723; x_wconf 68' lang='lat' dir='ltr'><strong>ideo</strong></span> 
     </span>
    </p>
   </div>
   <div class='ocr_carea' id='block_1_69' title="bbox 253 3760 1849 3831">
    <p class='ocr_par' dir='ltr' id='par_1_69' title="bbox 253 3760 1849 3831">
     <span class='ocr_line' id='line_1_69' title="bbox 253 3760 1849 3831; baseline -0.001 -15"><span class='ocrx_word' id='word_1_547' title='bbox 253 3771 551 3831; x_wconf 89' lang='lat' dir='ltr'><strong>utrumque</strong></span> <span class='ocrx_word' id='word_1_548' title='bbox 595 3761 798 3817; x_wconf 90' lang='lat' dir='ltr'><strong>dictum</strong></span> <span class='ocrx_word' id='word_1_549' title='bbox 841 3776 963 3816; x_wconf 88' lang='lat' dir='ltr'><strong>esse</strong></span> <span class='ocrx_word' id='word_1_550' title='bbox 993 3761 1047 3816; x_wconf 92' lang='lat' dir='ltr'><strong>in</strong></span> <span class='ocrx_word' id='word_1_551' title='bbox 1078 3761 1331 3818; x_wconf 89' lang='lat' dir='ltr'><strong>secundis</strong></span> <span class='ocrx_word' id='word_1_552' title='bbox 1373 3760 1592 3826; x_wconf 81' lang='lat' dir='ltr'><strong>tabulis,</strong></span> <span class='ocrx_word' id='word_1_553' title='bbox 1619 3761 1747 3831; x_wconf 89' lang='lat' dir='ltr'><strong>quia</strong></span> <span class='ocrx_word' id='word_1_554' title='bbox 1794 3769 1849 3815; x_wconf 83' lang='lat' dir='ltr'><strong>ct</strong></span> 
     </span>
    </p>
   </div>
   <div class='ocr_carea' id='block_1_70' title="bbox 257 3851 1845 3924">
    <p class='ocr_par' dir='ltr' id='par_1_70' title="bbox 257 3851 1845 3924">
     <span class='ocr_line' id='line_1_70' title="bbox 257 3851 1845 3924; baseline 0.001 -18"><span class='ocrx_word' id='word_1_555' title='bbox 257 3853 404 3907; x_wconf 86' lang='lat' dir='ltr'><strong>Deus</strong></span> <span class='ocrx_word' id='word_1_556' title='bbox 429 3852 560 3907; x_wconf 82' lang='lat' dir='ltr'><strong>facit</strong></span> <span class='ocrx_word' id='word_1_557' title='bbox 587 3867 686 3923; x_wconf 89' lang='lat' dir='ltr'><strong>per</strong></span> <span class='ocrx_word' id='word_1_558' title='bbox 726 3853 957 3924; x_wconf 76' lang='lat' dir='ltr'><strong>gratiam</strong></span> <span class='ocrx_word' id='word_1_559' title='bbox 986 3867 1141 3908; x_wconf 89' lang='lat' dir='ltr'><strong>suam</strong></span> <span class='ocrx_word' id='word_1_560' title='bbox 1175 3866 1313 3921; x_wconf 91' lang='lat' dir='ltr'><strong>opus</strong></span> <span class='ocrx_word' id='word_1_561' title='bbox 1344 3851 1481 3923; x_wconf 89' lang='lat' dir='ltr'><strong>legis</strong></span> <span class='ocrx_word' id='word_1_562' title='bbox 1506 3852 1561 3906; x_wconf 93' lang='lat' dir='ltr'><strong>in</strong></span> <span class='ocrx_word' id='word_1_563' title='bbox 1590 3852 1845 3918; x_wconf 83' lang='lat' dir='ltr'><strong>homine;</strong></span> 
     </span>
    </p>
   </div>
   <div class='ocr_carea' id='block_1_71' title="bbox 254 3942 1849 4016">
    <p class='ocr_par' dir='ltr' id='par_1_71' title="bbox 254 3942 1849 4016">
     <span class='ocr_line' id='line_1_71' title="bbox 254 3942 1849 4016; baseline 0.001 -17"><span class='ocrx_word' id='word_1_564' title='bbox 254 3953 312 3999; x_wconf 88' lang='lat' dir='ltr'><strong>et</strong></span> <span class='ocrx_word' id='word_1_565' title='bbox 336 3944 502 4000; x_wconf 89' lang='lat' dir='ltr'><strong>homo</strong></span> <span class='ocrx_word' id='word_1_566' title='bbox 529 3959 629 4014; x_wconf 89' lang='lat' dir='ltr'><strong>per</strong></span> <span class='ocrx_word' id='word_1_567' title='bbox 654 3942 815 3999; x_wconf 89' lang='lat' dir='ltr'><strong>fidem</strong></span> <span class='ocrx_word' id='word_1_568' title='bbox 839 3944 1143 4014; x_wconf 89' lang='lat' dir='ltr'><strong>suscipiens</strong></span> <span class='ocrx_word' id='word_1_569' title='bbox 1166 3944 1397 4016; x_wconf 89' lang='lat' dir='ltr'><strong>gratiam</strong></span> <span class='ocrx_word' id='word_1_570' title='bbox 1427 3944 1546 4009; x_wconf 86' lang='lat' dir='ltr'><strong>Dei,</strong></span> <span class='ocrx_word' id='word_1_571' title='bbox 1574 3945 1849 4016; x_wconf 82' lang='lat' dir='ltr'><strong>pertinens</strong></span> 
     </span>
    </p>
   </div>
   <div class='ocr_carea' id='block_1_72' title="bbox 255 4033 1847 4106">
    <p class='ocr_par' dir='ltr' id='par_1_72' title="bbox 255 4033 1847 4106">
     <span class='ocr_line' id='line_1_72' title="bbox 255 4033 1847 4106; baseline 0.001 -18"><span class='ocrx_word' id='word_1_572' title='bbox 255 4036 325 4089; x_wconf 82' lang='lat' dir='ltr'><strong>ad</strong></span> <span class='ocrx_word' id='word_1_573' title='bbox 369 4041 761 4090; x_wconf 88' lang='lat' dir='ltr'><strong>testamentum</strong></span> <span class='ocrx_word' id='word_1_574' title='bbox 792 4049 1015 4100; x_wconf 87' lang='lat' dir='ltr'><strong>novum,</strong></span> <span class='ocrx_word' id='word_1_575' title='bbox 1046 4043 1368 4106; x_wconf 87' lang='lat' dir='ltr'><strong>cooperator</strong></span> <span class='ocrx_word' id='word_1_576' title='bbox 1408 4042 1492 4091; x_wconf 88' lang='lat' dir='ltr'><strong>est</strong></span> <span class='ocrx_word' id='word_1_577' title='bbox 1539 4033 1847 4104; x_wconf 88' lang='lat' dir='ltr'><strong>adjuvantis</strong></span> 
     </span>
    </p>
   </div>
   <div class='ocr_carea' id='block_1_73' title="bbox 258 4125 1851 4196">
    <p class='ocr_par' dir='ltr' id='par_1_73' title="bbox 258 4125 1851 4196">
     <span class='ocr_line' id='line_1_73' title="bbox 258 4125 1851 4196; baseline -0.001 -14"><span class='ocrx_word' id='word_1_578' title='bbox 258 4128 378 4182; x_wconf 85' lang='lat' dir='ltr'><strong>Dei.</strong></span> <span class='ocrx_word' id='word_1_579' title='bbox 411 4126 536 4182; x_wconf 85' lang='lat' dir='ltr'><strong>Ideo</strong></span> <span class='ocrx_word' id='word_1_580' title='bbox 572 4134 753 4181; x_wconf 89' lang='lat' dir='ltr'><strong>autem</strong></span> <span class='ocrx_word' id='word_1_581' title='bbox 784 4125 839 4181; x_wconf 92' lang='lat' dir='ltr'><strong>in</strong></span> <span class='ocrx_word' id='word_1_582' title='bbox 867 4126 1060 4196; x_wconf 89' lang='lat' dir='ltr'><strong>primis</strong></span> <span class='ocrx_word' id='word_1_583' title='bbox 1098 4125 1271 4181; x_wconf 90' lang='lat' dir='ltr'><strong>solum</strong></span> <span class='ocrx_word' id='word_1_584' title='bbox 1310 4141 1446 4195; x_wconf 89' lang='lat' dir='ltr'><strong>opus</strong></span> <span class='ocrx_word' id='word_1_585' title='bbox 1475 4125 1568 4181; x_wconf 90' lang='lat' dir='ltr'><strong>Dei</strong></span> <span class='ocrx_word' id='word_1_586' title='bbox 1611 4140 1851 4181; x_wconf 73' lang='lat' dir='ltr'><strong>comme—</strong></span> 
     </span>
    </p>
   </div>
   <div class='ocr_carea' id='block_1_74' title="bbox 258 4216 1848 4290">
    <p class='ocr_par' dir='ltr' id='par_1_74' title="bbox 258 4216 1848 4290">
     <span class='ocr_line' id='line_1_74' title="bbox 258 4216 1848 4290; baseline -0.003 -14"><span class='ocrx_word' id='word_1_587' title='bbox 258 4227 528 4285; x_wconf 86' lang='lat' dir='ltr'><strong>moratur,</strong></span> <span class='ocrx_word' id='word_1_588' title='bbox 576 4219 704 4290; x_wconf 87' lang='lat' dir='ltr'><strong>quia</strong></span> <span class='ocrx_word' id='word_1_589' title='bbox 736 4218 980 4274; x_wconf 88' lang='lat' dir='ltr'><strong>infideles</strong></span> <span class='ocrx_word' id='word_1_590' title='bbox 1021 4234 1126 4272; x_wconf 78' lang='lat' dir='ltr'><strong>non</strong></span> <span class='ocrx_word' id='word_1_591' title='bbox 1174 4225 1535 4287; x_wconf 88' lang='lat' dir='ltr'><strong>cooperantur</strong></span> <span class='ocrx_word' id='word_1_592' title='bbox 1580 4216 1848 4286; x_wconf 75' lang='lat' dir='ltr'><strong>adiutorio</strong></span> 
     </span>
    </p>
   </div>
   <div class='ocr_carea' id='block_1_75' title="bbox 258 4309 1846 4381">
    <p class='ocr_par' dir='ltr' id='par_1_75' title="bbox 258 4309 1846 4381">
     <span class='ocr_line' id='line_1_75' title="bbox 258 4309 1846 4381; baseline -0.001 -16"><span class='ocrx_word' id='word_1_593' title='bbox 258 4312 482 4381; x_wconf 68' lang='lat' dir='ltr'><strong>gratiae;</strong></span> <span class='ocrx_word' id='word_1_594' title='bbox 515 4311 612 4366; x_wconf 90' lang='lat' dir='ltr'><strong>sed</strong></span> <span class='ocrx_word' id='word_1_595' title='bbox 656 4310 972 4381; x_wconf 77' lang='lat' dir='ltr'><strong>ignorantes</strong></span> <span class='ocrx_word' id='word_1_596' title='bbox 1003 4309 1098 4364; x_wconf 87' lang='lat' dir='ltr'><strong>Dei</strong></span> <span class='ocrx_word' id='word_1_597' title='bbox 1138 4309 1403 4379; x_wconf 80' lang='lat' dir='ltr'><strong>justitiam</strong></span> <span class='ocrx_word' id='word_1_598' title='bbox 1423 4349 1437 4372; x_wconf 90' lang='lat'><strong>,</strong></span> <span class='ocrx_word' id='word_1_599' title='bbox 1467 4316 1521 4363; x_wconf 91' lang='lat' dir='ltr'><strong>et</strong></span> <span class='ocrx_word' id='word_1_600' title='bbox 1551 4324 1703 4364; x_wconf 88' lang='lat' dir='ltr'><strong>suam</strong></span> <span class='ocrx_word' id='word_1_601' title='bbox 1748 4324 1846 4364; x_wconf 90' lang='lat' dir='ltr'><strong>vo-</strong></span> 
     </span>
    </p>
   </div>
   <div class='ocr_carea' id='block_1_76' title="bbox 259 4397 1842 4469">
    <p class='ocr_par' dir='ltr' id='par_1_76' title="bbox 259 4397 1842 4469">
     <span class='ocr_line' id='line_1_76' title="bbox 259 4397 1842 4469; baseline -0.003 -13"><span class='ocrx_word' id='word_1_602' title='bbox 259 4404 435 4458; x_wconf 87' lang='lat' dir='ltr'><strong>lentes</strong></span> <span class='ocrx_word' id='word_1_603' title='bbox 481 4402 841 4465; x_wconf 87' lang='lat' dir='ltr'><strong>constituere,</strong></span> <span class='ocrx_word' id='word_1_604' title='bbox 871 4399 1097 4469; x_wconf 75' lang='lat' dir='ltr'><strong>iustitia:</strong></span> <span class='ocrx_word' id='word_1_605' title='bbox 1134 4399 1228 4454; x_wconf 87' lang='lat' dir='ltr'><strong>Dei</strong></span> <span class='ocrx_word' id='word_1_606' title='bbox 1272 4414 1379 4454; x_wconf 90' lang='lat' dir='ltr'><strong>non</strong></span> <span class='ocrx_word' id='word_1_607' title='bbox 1422 4407 1546 4453; x_wconf 90' lang='lat' dir='ltr'><strong>sunt</strong></span> <span class='ocrx_word' id='word_1_608' title='bbox 1594 4397 1842 4467; x_wconf 67' lang='lat' dir='ltr'><strong>subjecti.</strong></span> 
     </span>
    </p>
   </div>
   <div class='ocr_carea' id='block_1_77' title="bbox 261 4490 1847 4559">
    <p class='ocr_par' dir='ltr' id='par_1_77' title="bbox 261 4490 1847 4559">
     <span class='ocr_line' id='line_1_77' title="bbox 261 4490 1847 4559; baseline -0.004 -10"><span class='ocrx_word' id='word_1_609' title='bbox 261 4494 421 4549; x_wconf 73' lang='lat' dir='ltr'><strong>[nde</strong></span> <span class='ocrx_word' id='word_1_610' title='bbox 455 4494 561 4548; x_wconf 90' lang='lat' dir='ltr'><strong>illis</strong></span> <span class='ocrx_word' id='word_1_611' title='bbox 608 4494 694 4549; x_wconf 76' lang='lat' dir='ltr'><strong>lex</strong></span> <span class='ocrx_word' id='word_1_612' title='bbox 735 4493 803 4547; x_wconf 90' lang='lat' dir='ltr'><strong>ad</strong></span> <span class='ocrx_word' id='word_1_613' title='bbox 833 4492 1340 4547; x_wconf 86' lang='lat' dir='ltr'><strong>condemnationem</strong></span> <span class='ocrx_word' id='word_1_614' title='bbox 1370 4491 1514 4545; x_wconf 84' lang='lat' dir='ltr'><strong>valet</strong></span> <span class='ocrx_word' id='word_1_615' title='bbox 1552 4508 1564 4542; x_wconf 89' lang='lat'><strong>:</strong></span> <span class='ocrx_word' id='word_1_616' title='bbox 1598 4490 1740 4559; x_wconf 85' lang='lat' dir='ltr'><strong>quod</strong></span> <span class='ocrx_word' id='word_1_617' title='bbox 1775 4490 1847 4542; x_wconf 88' lang='lat' dir='ltr'><strong>si-</strong></span> 
     </span>
    </p>
   </div>
   <div class='ocr_carea' id='block_1_78' title="bbox 256 4580 1849 4657">
    <p class='ocr_par' dir='ltr' id='par_1_78' title="bbox 256 4580 1849 4657">
     <span class='ocr_line' id='line_1_78' title="bbox 256 4580 1849 4657; baseline -0.003 -19"><span class='ocrx_word' id='word_1_618' title='bbox 256 4584 486 4657; x_wconf 72' lang='lat' dir='ltr'><strong>gnificat</strong></span> <span class='ocrx_word' id='word_1_619' title='bbox 531 4583 787 4639; x_wconf 89' lang='lat' dir='ltr'><strong>contritio</strong></span> <span class='ocrx_word' id='word_1_620' title='bbox 823 4581 1142 4636; x_wconf 86' lang='lat' dir='ltr'><strong>tabularum.</strong></span> <span class='ocrx_word' id='word_1_621' title='bbox 1175 4580 1424 4636; x_wconf 81' lang='lat' dir='ltr'><strong>Profecto</strong></span> <span class='ocrx_word' id='word_1_622' title='bbox 1454 4596 1560 4635; x_wconf 90' lang='lat' dir='ltr'><strong>non</strong></span> <span class='ocrx_word' id='word_1_623' title='bbox 1603 4581 1849 4650; x_wconf 87' lang='lat' dir='ltr'><strong>cogimur</strong></span> 
     </span>
    </p>
   </div>
   <div class='ocr_carea' id='block_1_79' title="bbox 264 4671 1845 4743">
    <p class='ocr_par' dir='ltr' id='par_1_79' title="bbox 264 4671 1845 4743">
     <span class='ocr_line' id='line_1_79' title="bbox 264 4671 1845 4743; baseline -0.001 -17"><span class='ocrx_word' id='word_1_624' title='bbox 264 4677 505 4731; x_wconf 67' lang='lat' dir='ltr'><strong>violento</strong></span> <span class='ocrx_word' id='word_1_625' title='bbox 541 4674 816 4729; x_wconf 88' lang='lat' dir='ltr'><strong>intellectu</strong></span> <span class='ocrx_word' id='word_1_626' title='bbox 862 4673 1173 4736; x_wconf 84' lang='lat' dir='ltr'><strong>subaudire,</strong></span> <span class='ocrx_word' id='word_1_627' title='bbox 1205 4673 1346 4743; x_wconf 90' lang='lat' dir='ltr'><strong>quod</strong></span> <span class='ocrx_word' id='word_1_628' title='bbox 1375 4672 1517 4726; x_wconf 90' lang='lat' dir='ltr'><strong>Deus</strong></span> <span class='ocrx_word' id='word_1_629' title='bbox 1544 4671 1845 4741; x_wconf 89' lang='lat' dir='ltr'><strong>scripserit,</strong></span> 
     </span>
    </p>
   </div>
   <div class='ocr_carea' id='block_1_80' title="bbox 260 4761 1847 4835">
    <p class='ocr_par' dir='ltr' id='par_1_80' title="bbox 260 4761 1847 4835">
     <span class='ocr_line' id='line_1_80' title="bbox 260 4761 1847 4835; baseline -0.002 -17"><span class='ocrx_word' id='word_1_630' title='bbox 260 4766 353 4818; x_wconf 79' lang='lat' dir='ltr'><strong>ubi</strong></span> <span class='ocrx_word' id='word_1_631' title='bbox 402 4764 688 4835; x_wconf 89' lang='lat' dir='ltr'><strong>Scriptura</strong></span> <span class='ocrx_word' id='word_1_632' title='bbox 717 4763 884 4819; x_wconf 88' lang='lat' dir='ltr'><strong>dicit:</strong></span> <span class='ocrx_word' id='word_1_633' title='bbox 927 4782 944 4815; x_wconf 80' lang='grc' dir='ltr'><strong>ι</strong></span> <span class='ocrx_word' id='word_1_634' title='bbox 973 4762 1040 4817; x_wconf 84' lang='grc' dir='ltr'>Ει</span> <span class='ocrx_word' id='word_1_635' title='bbox 1082 4771 1203 4817; x_wconf 87' lang='lat' dir='ltr'><strong>erat</strong></span> <span class='ocrx_word' id='word_1_636' title='bbox 1243 4761 1318 4817; x_wconf 91' lang='lat' dir='ltr'><strong>ibi</strong></span> <span class='ocrx_word' id='word_1_637' title='bbox 1368 4761 1580 4831; x_wconf 82' lang='lat' dir='ltr'><strong>Moyses</strong></span> <span class='ocrx_word' id='word_1_638' title='bbox 1620 4761 1675 4815; x_wconf 91' lang='lat' dir='ltr'><strong>in</strong></span> <span class='ocrx_word' id='word_1_639' title='bbox 1713 4776 1847 4816; x_wconf 84' lang='lat' dir='ltr'><strong>con-</strong></span> 
     </span>
    </p>
   </div>
   <div class='ocr_carea' id='block_1_81' title="bbox 259 4850 1849 4923">
    <p class='ocr_par' dir='ltr' id='par_1_81' title="bbox 259 4850 1849 4923">
     <span class='ocr_line' id='line_1_81' title="bbox 259 4850 1849 4923; baseline 0 -17"><span class='ocrx_word' id='word_1_640' title='bbox 259 4862 454 4923; x_wconf 75' lang='lat' dir='ltr'><strong>spectu</strong></span> <span class='ocrx_word' id='word_1_641' title='bbox 508 4852 720 4908; x_wconf 89' lang='lat' dir='ltr'><strong>Domini</strong></span> <span class='ocrx_word' id='word_1_642' title='bbox 762 4852 1122 4923; x_wconf 88' lang='lat' dir='ltr'><strong>quadraginta</strong></span> <span class='ocrx_word' id='word_1_643' title='bbox 1167 4852 1359 4908; x_wconf 86' lang='lat' dir='ltr'><strong>diebus</strong></span> <span class='ocrx_word' id='word_1_644' title='bbox 1394 4861 1450 4906; x_wconf 88' lang='lat' dir='ltr'><strong>et</strong></span> <span class='ocrx_word' id='word_1_645' title='bbox 1485 4850 1849 4921; x_wconf 86' lang='lat' dir='ltr'><strong>quadraginta</strong></span> 
     </span>
    </p>
   </div>
   <div class='ocr_carea' id='block_1_82' title="bbox 260 4943 1853 5023">
    <p class='ocr_par' dir='ltr' id='par_1_82' title="bbox 260 4943 1853 5023">
     <span class='ocr_line' id='line_1_82' title="bbox 260 4943 1853 5023; baseline 0.001 -23"><span class='ocrx_word' id='word_1_646' title='bbox 260 4946 537 5000; x_wconf 89' lang='lat' dir='ltr'><strong>noctibus.</strong></span> <span class='ocrx_word' id='word_1_647' title='bbox 561 4943 763 4999; x_wconf 88' lang='lat' dir='ltr'><strong>Panem</strong></span> <span class='ocrx_word' id='word_1_648' title='bbox 793 4959 899 5001; x_wconf 91' lang='lat' dir='ltr'><strong>non</strong></span> <span class='ocrx_word' id='word_1_649' title='bbox 937 4945 1305 5023; x_wconf 74' lang='lat' dir='ltr'><strong>manducavit,</strong></span> <span class='ocrx_word' id='word_1_650' title='bbox 1333 4954 1389 5001; x_wconf 90' lang='lat' dir='ltr'><strong>et</strong></span> <span class='ocrx_word' id='word_1_651' title='bbox 1413 4960 1606 5015; x_wconf 88' lang='lat' dir='ltr'><strong>aquam</strong></span> <span class='ocrx_word' id='word_1_652' title='bbox 1636 4960 1743 5001; x_wconf 90' lang='lat' dir='ltr'><strong>non</strong></span> <span class='ocrx_word' id='word_1_653' title='bbox 1771 4946 1853 5001; x_wconf 89' lang='lat' dir='ltr'><strong>bi-</strong></span> 
     </span>
    </p>
   </div>
   <div class='ocr_carea' id='block_1_83' title="bbox 263 5037 1851 5107">
    <p class='ocr_par' dir='ltr' id='par_1_83' title="bbox 263 5037 1851 5107">
     <span class='ocr_line' id='line_1_83' title="bbox 263 5037 1851 5107; baseline 0.004 -16"><span class='ocrx_word' id='word_1_654' title='bbox 263 5038 366 5092; x_wconf 85' lang='lat' dir='ltr'><strong>bit.</strong></span> <span class='ocrx_word' id='word_1_655' title='bbox 414 5038 483 5092; x_wconf 83' lang='lat' dir='ltr'><strong>Et</strong></span> <span class='ocrx_word' id='word_1_656' title='bbox 531 5037 752 5107; x_wconf 86' lang='lat' dir='ltr'><strong>scripsit</strong></span> <span class='ocrx_word' id='word_1_657' title='bbox 801 5038 857 5093; x_wconf 89' lang='lat' dir='ltr'><strong>in</strong></span> <span class='ocrx_word' id='word_1_658' title='bbox 899 5038 1096 5095; x_wconf 84' lang='lat' dir='ltr'><strong>tabulis</strong></span> <span class='ocrx_word' id='word_1_659' title='bbox 1142 5041 1309 5096; x_wconf 88' lang='lat' dir='ltr'><strong>verba</strong></span> <span class='ocrx_word' id='word_1_660' title='bbox 1356 5040 1701 5107; x_wconf 88' lang='lat' dir='ltr'><strong>testamenti,</strong></span> <span class='ocrx_word' id='word_1_661' title='bbox 1728 5062 1745 5095; x_wconf 80' lang='grc' dir='ltr'><strong>ι</strong></span> <span class='ocrx_word' id='word_1_662' title='bbox 1779 5044 1851 5098; x_wconf 83' lang='lat' dir='ltr'><strong>ibi</strong></span> 
     </span>
    </p>
   </div>
   <div class='ocr_carea' id='block_1_84' title="bbox 265 5128 1853 5206">
    <p class='ocr_par' dir='ltr' id='par_1_84' title="bbox 265 5128 1853 5206">
     <span class='ocr_line' id='line_1_84' title="bbox 265 5128 1853 5206; baseline 0.006 -25"><span class='ocrx_word' id='word_1_663' title='bbox 265 5128 422 5183; x_wconf 84' lang='lat' dir='ltr'><strong>valde</strong></span> <span class='ocrx_word' id='word_1_664' title='bbox 472 5137 632 5183; x_wconf 86' lang='lat' dir='ltr'><strong>sonat</strong></span> <span class='ocrx_word' id='word_1_665' title='bbox 674 5130 971 5199; x_wconf 77' lang='lat' dir='ltr'><strong>scripsisse</strong></span> <span class='ocrx_word' id='word_1_666' title='bbox 1012 5129 1253 5202; x_wconf 85' lang='lat' dir='ltr'><strong>Moysen.</strong></span> <span class='ocrx_word' id='word_1_667' title='bbox 1300 5132 1409 5187; x_wconf 91' lang='lat' dir='ltr'><strong>Sed</strong></span> <span class='ocrx_word' id='word_1_668' title='bbox 1448 5133 1570 5189; x_wconf 91' lang='lat' dir='ltr'><strong>ideo</strong></span> <span class='ocrx_word' id='word_1_669' title='bbox 1606 5136 1853 5206; x_wconf 83' lang='lat' dir='ltr'><strong>superius</strong></span> 
     </span>
    </p>
   </div>
   <div class='ocr_carea' id='block_1_85' title="bbox 267 5220 1851 5292">
    <p class='ocr_par' dir='ltr' id='par_1_85' title="bbox 267 5220 1851 5292">
     <span class='ocr_line' id='line_1_85' title="bbox 267 5220 1851 5292; baseline 0.005 -18"><span class='ocrx_word' id='word_1_670' title='bbox 267 5222 413 5274; x_wconf 82' lang='lat' dir='ltr'><strong>Deus</strong></span> <span class='ocrx_word' id='word_1_671' title='bbox 458 5234 516 5274; x_wconf 86' lang='lat' dir='ltr'><strong>se</strong></span> <span class='ocrx_word' id='word_1_672' title='bbox 547 5220 799 5288; x_wconf 85' lang='lat' dir='ltr'><strong>promisit</strong></span> <span class='ocrx_word' id='word_1_673' title='bbox 842 5222 1198 5292; x_wconf 88' lang='lat' dir='ltr'><strong>scripturum,</strong></span> <span class='ocrx_word' id='word_1_674' title='bbox 1241 5232 1296 5278; x_wconf 90' lang='lat' dir='ltr'><strong>et</strong></span> <span class='ocrx_word' id='word_1_675' title='bbox 1341 5224 1393 5278; x_wconf 91' lang='lat' dir='ltr'><strong>in</strong></span> <span class='ocrx_word' id='word_1_676' title='bbox 1431 5224 1851 5282; x_wconf 84' lang='lat' dir='ltr'><strong>Deuteronomio</strong></span> 
     </span>
    </p>
   </div>
   <div class='ocr_carea' id='block_1_86' title="bbox 263 5311 1853 5388">
    <p class='ocr_par' dir='ltr' id='par_1_86' title="bbox 263 5311 1853 5388">
     <span class='ocr_line' id='line_1_86' title="bbox 263 5311 1853 5388; baseline 0.004 -22"><span class='ocrx_word' id='word_1_677' title='bbox 263 5327 374 5366; x_wconf 83' lang='lat' dir='ltr'><strong>non</strong></span> <span class='ocrx_word' id='word_1_678' title='bbox 397 5311 574 5366; x_wconf 88' lang='lat' dir='ltr'><strong>solum</strong></span> <span class='ocrx_word' id='word_1_679' title='bbox 601 5314 674 5366; x_wconf 87' lang='lat' dir='ltr'><strong>ita</strong></span> <span class='ocrx_word' id='word_1_680' title='bbox 693 5315 1029 5382; x_wconf 86' lang='lat' dir='ltr'><strong>promisisse,</strong></span> <span class='ocrx_word' id='word_1_681' title='bbox 1046 5329 1234 5369; x_wconf 88' lang='lat' dir='ltr'><strong>verum</strong></span> <span class='ocrx_word' id='word_1_682' title='bbox 1250 5316 1413 5370; x_wconf 84' lang='lat' dir='ltr'><strong>etiam</strong></span> <span class='ocrx_word' id='word_1_683' title='bbox 1441 5317 1554 5385; x_wconf 87' lang='lat' dir='ltr'><strong>ipse</strong></span> <span class='ocrx_word' id='word_1_684' title='bbox 1569 5320 1853 5388; x_wconf 78' lang='lat' dir='ltr'><strong>scripsisse</strong></span> 
     </span>
    </p>
   </div>
   <div class='ocr_carea' id='block_1_87' title="bbox 263 5405 1854 5478">
    <p class='ocr_par' dir='ltr' id='par_1_87' title="bbox 263 5405 1854 5478">
     <span class='ocr_line' id='line_1_87' title="bbox 263 5405 1854 5478; baseline 0.004 -20"><span class='ocrx_word' id='word_1_685' title='bbox 263 5413 546 5469; x_wconf 83' lang='lat' dir='ltr'><strong>narratur,</strong></span> <span class='ocrx_word' id='word_1_686' title='bbox 573 5412 632 5458; x_wconf 93' lang='lat' dir='ltr'><strong>ut</strong></span> <span class='ocrx_word' id='word_1_687' title='bbox 657 5405 1009 5473; x_wconf 83' lang='lat' dir='ltr'><strong>significetur,</strong></span> <span class='ocrx_word' id='word_1_688' title='bbox 1034 5408 1276 5476; x_wconf 87' lang='lat' dir='ltr'><strong>quodait</strong></span> <span class='ocrx_word' id='word_1_689' title='bbox 1303 5409 1592 5478; x_wconf 80' lang='lat' dir='ltr'><strong>Apostolus</strong></span> <span class='ocrx_word' id='word_1_690' title='bbox 1618 5428 1631 5461; x_wconf 91' lang='lat'><strong>:</strong></span> <span class='ocrx_word' id='word_1_691' title='bbox 1664 5429 1682 5459; x_wconf 78' lang='grc' dir='ltr'><strong>ι</strong></span> <span class='ocrx_word' id='word_1_692' title='bbox 1713 5411 1854 5465; x_wconf 87' lang='lat' dir='ltr'><strong>Deus</strong></span> 
     </span>
    </p>
   </div>
   <div class='ocr_carea' id='block_1_88' title="bbox 260 5495 1852 5572">
    <p class='ocr_par' dir='ltr' id='par_1_88' title="bbox 260 5495 1852 5572">
     <span class='ocr_line' id='line_1_88' title="bbox 260 5495 1852 5572; baseline 0.004 -23"><span class='ocrx_word' id='word_1_693' title='bbox 260 5503 351 5549; x_wconf 82' lang='lat' dir='ltr'><strong>est</strong></span> <span class='ocrx_word' id='word_1_694' title='bbox 376 5495 522 5548; x_wconf 90' lang='lat' dir='ltr'><strong>enim</strong></span> <span class='ocrx_word' id='word_1_695' title='bbox 550 5495 643 5565; x_wconf 91' lang='lat' dir='ltr'><strong>qui</strong></span> <span class='ocrx_word' id='word_1_696' title='bbox 673 5503 929 5565; x_wconf 85' lang='lat' dir='ltr'><strong>operatus</strong></span> <span class='ocrx_word' id='word_1_697' title='bbox 974 5507 1059 5553; x_wconf 87' lang='lat' dir='ltr'><strong>est</strong></span> <span class='ocrx_word' id='word_1_698' title='bbox 1105 5500 1157 5553; x_wconf 90' lang='lat' dir='ltr'><strong>in</strong></span> <span class='ocrx_word' id='word_1_699' title='bbox 1190 5500 1346 5554; x_wconf 88' lang='lat' dir='ltr'><strong>nobis</strong></span> <span class='ocrx_word' id='word_1_700' title='bbox 1374 5511 1427 5555; x_wconf 91' lang='lat' dir='ltr'><strong>et</strong></span> <span class='ocrx_word' id='word_1_701' title='bbox 1458 5501 1594 5555; x_wconf 86' lang='lat' dir='ltr'><strong>velle</strong></span> <span class='ocrx_word' id='word_1_702' title='bbox 1632 5509 1687 5555; x_wconf 91' lang='lat' dir='ltr'><strong>et</strong></span> <span class='ocrx_word' id='word_1_703' title='bbox 1727 5518 1852 5572; x_wconf 89' lang='lat' dir='ltr'><strong>ope-</strong></span> 
     </span>
    </p>
   </div>
   <div class='ocr_carea' id='block_1_89' title="bbox 267 5588 1854 5663">
    <p class='ocr_par' dir='ltr' id='par_1_89' title="bbox 267 5588 1854 5663">
     <span class='ocr_line' id='line_1_89' title="bbox 267 5588 1854 5663; baseline 0.003 -21"><span class='ocrx_word' id='word_1_704' title='bbox 267 5588 377 5642; x_wconf 77' lang='lat' dir='ltr'><strong>rari</strong></span> <span class='ocrx_word' id='word_1_705' title='bbox 414 5602 515 5656; x_wconf 89' lang='lat' dir='ltr'><strong>pro</strong></span> <span class='ocrx_word' id='word_1_706' title='bbox 545 5588 684 5641; x_wconf 87' lang='lat' dir='ltr'><strong>bona</strong></span> <span class='ocrx_word' id='word_1_707' title='bbox 712 5588 990 5644; x_wconf 88' lang='lat' dir='ltr'><strong>voluntate</strong></span> <span class='ocrx_word' id='word_1_708' title='bbox 1011 5610 1029 5641; x_wconf 74' lang='grc' dir='ltr'><strong>ι</strong></span> <span class='ocrx_word' id='word_1_709' title='bbox 1068 5588 1243 5661; x_wconf 81' lang='lat' dir='ltr'><strong>(Phil.</strong></span> <span class='ocrx_word' id='word_1_710' title='bbox 1272 5590 1365 5663; x_wconf 89' lang='grc' dir='ltr'>ιι),</span> <span class='ocrx_word' id='word_1_711' title='bbox 1397 5591 1499 5646; x_wconf 90' lang='lat' dir='ltr'><strong>hoc</strong></span> <span class='ocrx_word' id='word_1_712' title='bbox 1534 5600 1648 5657; x_wconf 91' lang='lat' dir='ltr'><strong>est,</strong></span> <span class='ocrx_word' id='word_1_713' title='bbox 1689 5591 1741 5646; x_wconf 88' lang='lat' dir='ltr'><strong>in</strong></span> <span class='ocrx_word' id='word_1_714' title='bbox 1774 5592 1854 5646; x_wconf 83' lang='lat' dir='ltr'><strong>eis</strong></span> 
     </span>
    </p>
   </div>
   <div class='ocr_carea' id='block_1_90' title="bbox 264 5675 1853 5751">
    <p class='ocr_par' dir='ltr' id='par_1_90' title="bbox 264 5675 1853 5751">
     <span class='ocr_line' id='line_1_90' title="bbox 264 5675 1853 5751; baseline 0.004 -22"><span class='ocrx_word' id='word_1_715' title='bbox 264 5678 361 5747; x_wconf 72' lang='lat' dir='ltr'><strong>qui</strong></span> <span class='ocrx_word' id='word_1_716' title='bbox 409 5692 475 5729; x_wconf 82' lang='lat' dir='ltr'><strong>ex</strong></span> <span class='ocrx_word' id='word_1_717' title='bbox 528 5675 631 5730; x_wconf 84' lang='lat' dir='ltr'><strong>fide</strong></span> <span class='ocrx_word' id='word_1_718' title='bbox 667 5678 898 5746; x_wconf 86' lang='lat' dir='ltr'><strong>gratiam</strong></span> <span class='ocrx_word' id='word_1_719' title='bbox 930 5681 1248 5750; x_wconf 88' lang='lat' dir='ltr'><strong>suscipiunt,</strong></span> <span class='ocrx_word' id='word_1_720' title='bbox 1281 5690 1336 5736; x_wconf 90' lang='lat' dir='ltr'><strong>et</strong></span> <span class='ocrx_word' id='word_1_721' title='bbox 1365 5697 1471 5735; x_wconf 89' lang='lat' dir='ltr'><strong>non</strong></span> <span class='ocrx_word' id='word_1_722' title='bbox 1507 5696 1659 5735; x_wconf 88' lang='lat' dir='ltr'><strong>suam</strong></span> <span class='ocrx_word' id='word_1_723' title='bbox 1685 5679 1853 5751; x_wconf 88' lang='lat' dir='ltr'><strong>justi-</strong></span> 
     </span>
    </p>
   </div>
   <div class='ocr_carea' id='block_1_91' title="bbox 270 5768 1853 5843">
    <p class='ocr_par' dir='ltr' id='par_1_91' title="bbox 270 5768 1853 5843">
     <span class='ocr_line' id='line_1_91' title="bbox 270 5768 1853 5843; baseline 0.001 -18"><span class='ocrx_word' id='word_1_724' title='bbox 270 5771 403 5825; x_wconf 84' lang='lat' dir='ltr'><strong>tiam</strong></span> <span class='ocrx_word' id='word_1_725' title='bbox 432 5768 620 5823; x_wconf 86' lang='lat' dir='ltr'><strong>volunt</strong></span> <span class='ocrx_word' id='word_1_726' title='bbox 640 5781 941 5835; x_wconf 77' lang='lat' dir='ltr'><strong>exstruere,</strong></span> <span class='ocrx_word' id='word_1_727' title='bbox 965 5773 1058 5827; x_wconf 84' lang='lat' dir='ltr'><strong>sed</strong></span> <span class='ocrx_word' id='word_1_728' title='bbox 1080 5770 1303 5840; x_wconf 69' lang='lat' dir='ltr'><strong>iustitia:</strong></span> <span class='ocrx_word' id='word_1_729' title='bbox 1330 5774 1423 5829; x_wconf 77' lang='lat' dir='ltr'><strong>Dei</strong></span> <span class='ocrx_word' id='word_1_730' title='bbox 1452 5773 1677 5843; x_wconf 84' lang='lat' dir='ltr'><strong>subjecti</strong></span> <span class='ocrx_word' id='word_1_731' title='bbox 1708 5790 1853 5842; x_wconf 80' lang='lat' dir='ltr'><strong>esse,</strong></span> 
     </span>
    </p>
   </div>
   <div class='ocr_carea' id='block_1_92' title="bbox 601 5858 1139 5925">
    <p class='ocr_par' dir='ltr' id='par_1_92' title="bbox 601 5858 1139 5925">
     <span class='ocr_line' id='line_1_92' title="bbox 601 5858 1139 5925; baseline 0.015 -8"><span class='ocrx_word' id='word_1_732' title='bbox 601 5858 874 5920; x_wconf 66' lang='grc' dir='ltr'><strong>Ρριτιιοι..</strong></span> <span class='ocrx_word' id='word_1_733' title='bbox 923 5858 1139 5925; x_wconf 80' lang='lat' dir='ltr'><strong>CVIII.</strong></span> 
     </span>
    </p>
   </div>
   <div class='ocr_carea' id='block_1_93' title="bbox 1877 4549 1927 4608">
    <p class='ocr_par' dir='ltr' id='par_1_93' title="bbox 1877 4549 1927 4608">
     <span class='ocr_line' id='line_1_93' title="bbox 1877 4549 1927 4608; baseline 0 0"><span class='ocrx_word' id='word_1_734' title='bbox 1877 4549 1927 4608; x_wconf 91' lang='lat' dir='ltr'><strong>D</strong></span> 
     </span>
    </p>
   </div>
   <div class='ocr_carea' id='block_1_94' title="bbox 1944 3322 3527 3395">
    <p class='ocr_par' dir='ltr' id='par_1_94' title="bbox 1944 3322 3527 3395">
     <span class='ocr_line' id='line_1_94' title="bbox 1944 3322 3527 3395; baseline 0.002 -19"><span class='ocrx_word' id='word_1_735' title='bbox 1944 3322 2164 3379; x_wconf 84' lang='lat' dir='ltr'><strong>vidente</strong></span> <span class='ocrx_word' id='word_1_736' title='bbox 2194 3330 2391 3379; x_wconf 88' lang='lat' dir='ltr'><strong>cuncto</strong></span> <span class='ocrx_word' id='word_1_737' title='bbox 2430 3322 2673 3377; x_wconf 79' lang='lat' dir='ltr'><strong>exercitu</strong></span> <span class='ocrx_word' id='word_1_738' title='bbox 2717 3322 2853 3395; x_wconf 87' lang='lat' dir='ltr'><strong>(erat</strong></span> <span class='ocrx_word' id='word_1_739' title='bbox 2878 3323 3020 3378; x_wconf 91' lang='lat' dir='ltr'><strong>enim</strong></span> <span class='ocrx_word' id='word_1_740' title='bbox 3050 3339 3081 3379; x_wconf 92' lang='lat' dir='ltr'><strong>e</strong></span> <span class='ocrx_word' id='word_1_741' title='bbox 3109 3323 3326 3380; x_wconf 85' lang='lat' dir='ltr'><strong>diverso</strong></span> <span class='ocrx_word' id='word_1_742' title='bbox 3353 3323 3527 3388; x_wconf 85' lang='lat' dir='ltr'><strong>locus,</strong></span> 
     </span>
    </p>
   </div>
   <div class='ocr_carea' id='block_1_95' title="bbox 1948 3413 3530 3487">
    <p class='ocr_par' dir='ltr' id='par_1_95' title="bbox 1948 3413 3530 3487">
     <span class='ocr_line' id='line_1_95' title="bbox 1948 3413 3530 3487; baseline 0.003 -20"><span class='ocrx_word' id='word_1_743' title='bbox 1948 3413 2039 3468; x_wconf 91' lang='lat' dir='ltr'><strong>ubi</strong></span> <span class='ocrx_word' id='word_1_744' title='bbox 2090 3421 2206 3469; x_wconf 90' lang='lat' dir='ltr'><strong>erat</strong></span> <span class='ocrx_word' id='word_1_745' title='bbox 2255 3413 2483 3485; x_wconf 90' lang='lat' dir='ltr'><strong>populus</strong></span> <span class='ocrx_word' id='word_1_746' title='bbox 2540 3413 2927 3487; x_wconf 90' lang='lat' dir='ltr'><strong>constitutus),</strong></span> <span class='ocrx_word' id='word_1_747' title='bbox 2982 3424 3179 3471; x_wconf 78' lang='lat' dir='ltr'><strong>exutus</strong></span> <span class='ocrx_word' id='word_1_748' title='bbox 3231 3414 3530 3486; x_wconf 83' lang='lat' dir='ltr'><strong>pontificali</strong></span> 
     </span>
    </p>
   </div>
   <div class='ocr_carea' id='block_1_96' title="bbox 1949 3507 3532 3581">
    <p class='ocr_par' dir='ltr' id='par_1_96' title="bbox 1949 3507 3532 3581">
     <span class='ocr_line' id='line_1_96' title="bbox 1949 3507 3532 3581; baseline 0.001 -19"><span class='ocrx_word' id='word_1_749' title='bbox 1949 3507 2109 3573; x_wconf 87' lang='lat' dir='ltr'><strong>stola,</strong></span> <span class='ocrx_word' id='word_1_750' title='bbox 2139 3507 2358 3562; x_wconf 89' lang='lat' dir='ltr'><strong>tradens</strong></span> <span class='ocrx_word' id='word_1_751' title='bbox 2392 3523 2510 3563; x_wconf 88' lang='lat' dir='ltr'><strong>eam</strong></span> <span class='ocrx_word' id='word_1_752' title='bbox 2537 3507 2801 3564; x_wconf 82' lang='lat' dir='ltr'><strong>Eleazaro</strong></span> <span class='ocrx_word' id='word_1_753' title='bbox 2831 3508 2960 3574; x_wconf 88' lang='lat' dir='ltr'><strong>filio,</strong></span> <span class='ocrx_word' id='word_1_754' title='bbox 3005 3512 3069 3564; x_wconf 84' lang='lat' dir='ltr'><strong>aJ</strong></span> <span class='ocrx_word' id='word_1_755' title='bbox 3101 3525 3263 3580; x_wconf 88' lang='lat' dir='ltr'><strong>quam</strong></span> <span class='ocrx_word' id='word_1_756' title='bbox 3310 3522 3532 3581; x_wconf 78' lang='lat' dir='ltr'><strong>propter</strong></span> 
     </span>
    </p>
   </div>
   <div class='ocr_carea' id='block_1_97' title="bbox 1948 3596 3531 3672">
    <p class='ocr_par' dir='ltr' id='par_1_97' title="bbox 1948 3596 3531 3672">
     <span class='ocr_line' id='line_1_97' title="bbox 1948 3596 3531 3672; baseline 0.003 -20"><span class='ocrx_word' id='word_1_757' title='bbox 1948 3605 2163 3652; x_wconf 71' lang='lat' dir='ltr'><strong>aetatem</strong></span> <span class='ocrx_word' id='word_1_758' title='bbox 2202 3596 2553 3666; x_wconf 84' lang='lat' dir='ltr'><strong>pontificatus</strong></span> <span class='ocrx_word' id='word_1_759' title='bbox 2603 3600 2858 3663; x_wconf 86' lang='lat' dir='ltr'><strong>advenit,</strong></span> <span class='ocrx_word' id='word_1_760' title='bbox 2898 3609 3147 3654; x_wconf 90' lang='lat' dir='ltr'><strong>mortuus</strong></span> <span class='ocrx_word' id='word_1_761' title='bbox 3196 3610 3280 3655; x_wconf 93' lang='lat' dir='ltr'><strong>est</strong></span> <span class='ocrx_word' id='word_1_762' title='bbox 3332 3602 3531 3672; x_wconf 84' lang='lat' dir='ltr'><strong>populo</strong></span> 
     </span>
    </p>
   </div>
   <div class='ocr_carea' id='block_1_98' title="bbox 1949 3687 3534 3758">
    <p class='ocr_par' dir='ltr' id='par_1_98' title="bbox 1949 3687 3534 3758">
     <span class='ocr_line' id='line_1_98' title="bbox 1949 3687 3534 3758; baseline 0.001 -15"><span class='ocrx_word' id='word_1_763' title='bbox 1949 3702 2072 3743; x_wconf 89' lang='lat' dir='ltr'><strong>eum</strong></span> <span class='ocrx_word' id='word_1_764' title='bbox 2100 3687 2337 3751; x_wconf 90' lang='lat' dir='ltr'><strong>vidente,</strong></span> <span class='ocrx_word' id='word_1_765' title='bbox 2368 3687 2482 3756; x_wconf 80' lang='lat' dir='ltr'><strong>ipso</strong></span> <span class='ocrx_word' id='word_1_766' title='bbox 2509 3688 2725 3757; x_wconf 82' lang='lat' dir='ltr'><strong>quidem</strong></span> <span class='ocrx_word' id='word_1_767' title='bbox 2758 3703 2900 3743; x_wconf 88' lang='lat' dir='ltr'><strong>anno</strong></span> <span class='ocrx_word' id='word_1_768' title='bbox 2930 3703 3036 3758; x_wconf 91' lang='lat' dir='ltr'><strong>quo</strong></span> <span class='ocrx_word' id='word_1_769' title='bbox 3068 3702 3222 3743; x_wconf 87' lang='lat' dir='ltr'><strong>soror</strong></span> <span class='ocrx_word' id='word_1_770' title='bbox 3247 3689 3534 3744; x_wconf 73' lang='lat' dir='ltr'><strong>videbatur</strong></span> 
     </span>
    </p>
   </div>
   <div class='ocr_carea' id='block_1_99' title="bbox 1950 3775 3532 3848">
    <p class='ocr_par' dir='ltr' id='par_1_99' title="bbox 1950 3775 3532 3848">
     <span class='ocr_line' id='line_1_99' title="bbox 1950 3775 3532 3848; baseline -0.001 -14"><span class='ocrx_word' id='word_1_771' title='bbox 1950 3792 2069 3834; x_wconf 87' lang='lat' dir='ltr'><strong>esse</strong></span> <span class='ocrx_word' id='word_1_772' title='bbox 2107 3775 2380 3839; x_wconf 89' lang='lat' dir='ltr'><strong>defuncta,</strong></span> <span class='ocrx_word' id='word_1_773' title='bbox 2424 3775 2547 3833; x_wconf 83' lang='lat' dir='ltr'><strong>cum</strong></span> <span class='ocrx_word' id='word_1_774' title='bbox 2582 3775 2809 3833; x_wconf 82' lang='lat' dir='ltr'><strong>vixisset</strong></span> <span class='ocrx_word' id='word_1_775' title='bbox 2850 3777 3007 3832; x_wconf 90' lang='lat' dir='ltr'><strong>annis</strong></span> <span class='ocrx_word' id='word_1_776' title='bbox 3037 3777 3212 3833; x_wconf 89' lang='lat' dir='ltr'><strong>tribus</strong></span> <span class='ocrx_word' id='word_1_777' title='bbox 3241 3785 3296 3833; x_wconf 91' lang='lat' dir='ltr'><strong>et</strong></span> <span class='ocrx_word' id='word_1_778' title='bbox 3339 3778 3532 3848; x_wconf 68' lang='lat' dir='ltr'><strong>viginti</strong></span> 
     </span>
    </p>
   </div>
   <div class='ocr_carea' id='block_1_100' title="bbox 1950 3867 3527 3935">
    <p class='ocr_par' dir='ltr' id='par_1_100' title="bbox 1950 3867 3527 3935">
     <span class='ocr_line' id='line_1_100' title="bbox 1950 3867 3527 3935; baseline 0 -12"><span class='ocrx_word' id='word_1_779' title='bbox 1950 3878 2005 3923; x_wconf 91' lang='lat' dir='ltr'><strong>et</strong></span> <span class='ocrx_word' id='word_1_780' title='bbox 2042 3876 2281 3934; x_wconf 90' lang='lat' dir='ltr'><strong>centum,</strong></span> <span class='ocrx_word' id='word_1_781' title='bbox 2306 3875 2410 3923; x_wconf 91' lang='lat' dir='ltr'><strong>etc.</strong></span> <span class='ocrx_word' id='word_1_782' title='bbox 2450 3867 2746 3924; x_wconf 82' lang='lat' dir='ltr'><strong>Defunctus</strong></span> <span class='ocrx_word' id='word_1_783' title='bbox 2776 3877 2858 3925; x_wconf 89' lang='lat' dir='ltr'><strong>est</strong></span> <span class='ocrx_word' id='word_1_784' title='bbox 2889 3878 3071 3925; x_wconf 88' lang='lat' dir='ltr'><strong>autem</strong></span> <span class='ocrx_word' id='word_1_785' title='bbox 3104 3871 3340 3925; x_wconf 90' lang='lat' dir='ltr'><strong>secunda</strong></span> <span class='ocrx_word' id='word_1_786' title='bbox 3378 3868 3527 3935; x_wconf 85' lang='lat' dir='ltr'><strong>luna,</strong></span> 
     </span>
    </p>
   </div>
   <div class='ocr_carea' id='block_1_101' title="bbox 1951 3957 3536 4031">
    <p class='ocr_par' dir='ltr' id='par_1_101' title="bbox 1951 3957 3536 4031">
     <span class='ocr_line' id='line_1_101' title="bbox 1951 3957 3536 4031; baseline 0.003 -20"><span class='ocrx_word' id='word_1_787' title='bbox 1951 3957 2108 4011; x_wconf 91' lang='lat' dir='ltr'><strong>initio</strong></span> <span class='ocrx_word' id='word_1_788' title='bbox 2164 3958 2384 4021; x_wconf 90' lang='lat' dir='ltr'><strong>mensis,</strong></span> <span class='ocrx_word' id='word_1_789' title='bbox 2432 3958 2524 4028; x_wconf 79' lang='lat' dir='ltr'><strong>qui</strong></span> <span class='ocrx_word' id='word_1_790' title='bbox 2580 3959 2718 4029; x_wconf 79' lang='lat' dir='ltr'><strong>apud</strong></span> <span class='ocrx_word' id='word_1_791' title='bbox 2746 3959 3110 4015; x_wconf 81' lang='lat' dir='ltr'><strong>Athenienses</strong></span> <span class='ocrx_word' id='word_1_792' title='bbox 3149 3959 3367 4031; x_wconf 89' lang='lat' dir='ltr'><strong>quidem</strong></span> <span class='ocrx_word' id='word_1_793' title='bbox 3399 3972 3536 4017; x_wconf 77' lang='grc' dir='ltr'><strong>Ἐκα-</strong></span> 
     </span>
    </p>
   </div>
   <div class='ocr_carea' id='block_1_102' title="bbox 1950 4048 3534 4121">
    <p class='ocr_par' dir='ltr' id='par_1_102' title="bbox 1950 4048 3534 4121">
     <span class='ocr_line' id='line_1_102' title="bbox 1950 4048 3534 4121; baseline 0.001 -16"><span class='ocrx_word' id='word_1_794' title='bbox 1950 4049 2228 4118; x_wconf 75' lang='grc' dir='ltr'><strong>τομϐαἱων,</strong></span> <span class='ocrx_word' id='word_1_795' title='bbox 2263 4049 2403 4119; x_wconf 88' lang='lat' dir='ltr'><strong>apud</strong></span> <span class='ocrx_word' id='word_1_796' title='bbox 2434 4048 2754 4107; x_wconf 83' lang='lat' dir='ltr'><strong>Macedones</strong></span> <span class='ocrx_word' id='word_1_797' title='bbox 2780 4058 2959 4105; x_wconf 82' lang='lat' dir='ltr'><strong>autem</strong></span> <span class='ocrx_word' id='word_1_798' title='bbox 2991 4050 3221 4114; x_wconf 84' lang='lat' dir='ltr'><strong>Locbos,</strong></span> <span class='ocrx_word' id='word_1_799' title='bbox 3253 4053 3393 4121; x_wconf 87' lang='lat' dir='ltr'><strong>apud</strong></span> <span class='ocrx_word' id='word_1_800' title='bbox 3430 4050 3534 4107; x_wconf 80' lang='lat' dir='ltr'><strong>lie-</strong></span> 
     </span>
    </p>
   </div>
   <div class='ocr_carea' id='block_1_103' title="bbox 1949 4131 3535 4211">
    <p class='ocr_par' dir='ltr' id='par_1_103' title="bbox 1949 4131 3535 4211">
     <span class='ocr_line' id='line_1_103' title="bbox 1949 4131 3535 4211; baseline -0.001 -17"><span class='ocrx_word' id='word_1_801' title='bbox 1949 4140 2125 4195; x_wconf 76' lang='lat' dir='ltr'><strong>brceos</strong></span> <span class='ocrx_word' id='word_1_802' title='bbox 2169 4155 2299 4195; x_wconf 88' lang='lat' dir='ltr'><strong>vero</strong></span> <span class='ocrx_word' id='word_1_803' title='bbox 2342 4131 2632 4204; x_wconf 52' lang='lat' dir='ltr'><strong>Sellelatb,</strong></span> <span class='ocrx_word' id='word_1_804' title='bbox 2681 4140 2821 4210; x_wconf 88' lang='lat' dir='ltr'><strong>apud</strong></span> <span class='ocrx_word' id='word_1_805' title='bbox 2853 4140 3141 4203; x_wconf 79' lang='lat' dir='ltr'><strong>Romanos,</strong></span> <span class='ocrx_word' id='word_1_806' title='bbox 3193 4150 3535 4211; x_wconf 84' lang='lat' dir='ltr'><strong>nuncupatur</strong></span> 
     </span>
    </p>
   </div>
   <div class='ocr_carea' id='block_1_104' title="bbox 1948 4229 3533 4302">
    <p class='ocr_par' dir='ltr' id='par_1_104' title="bbox 1948 4229 3533 4302">
     <span class='ocr_line' id='line_1_104' title="bbox 1948 4229 3533 4302; baseline 0 -17"><span class='ocrx_word' id='word_1_807' title='bbox 1948 4231 2243 4300; x_wconf 81' lang='lat' dir='ltr'><strong>Augustus.</strong></span> <span class='ocrx_word' id='word_1_808' title='bbox 2269 4229 2510 4301; x_wconf 85' lang='lat' dir='ltr'><strong>Cumque</strong></span> <span class='ocrx_word' id='word_1_809' title='bbox 2539 4232 2714 4287; x_wconf 91' lang='lat' dir='ltr'><strong>luctus</strong></span> <span class='ocrx_word' id='word_1_810' title='bbox 2755 4247 2917 4302; x_wconf 90' lang='lat' dir='ltr'><strong>super</strong></span> <span class='ocrx_word' id='word_1_811' title='bbox 2942 4248 3066 4287; x_wconf 93' lang='lat' dir='ltr'><strong>eum</strong></span> <span class='ocrx_word' id='word_1_812' title='bbox 3099 4231 3279 4302; x_wconf 89' lang='lat' dir='ltr'><strong>populi</strong></span> <span class='ocrx_word' id='word_1_813' title='bbox 3312 4232 3533 4299; x_wconf 80' lang='lat' dir='ltr'><strong>triginta</strong></span> 
     </span>
    </p>
   </div>
   <div class='ocr_carea' id='block_1_105' title="bbox 1950 4321 3536 4392">
    <p class='ocr_par' dir='ltr' id='par_1_105' title="bbox 1950 4321 3536 4392">
     <span class='ocr_line' id='line_1_105' title="bbox 1950 4321 3536 4392; baseline 0.001 -17"><span class='ocrx_word' id='word_1_814' title='bbox 1950 4322 2139 4377; x_wconf 92' lang='lat' dir='ltr'><strong>diebus</strong></span> <span class='ocrx_word' id='word_1_815' title='bbox 2174 4321 2365 4377; x_wconf 84' lang='lat' dir='ltr'><strong>fuisset</strong></span> <span class='ocrx_word' id='word_1_816' title='bbox 2391 4321 2659 4391; x_wconf 82' lang='lat' dir='ltr'><strong>expletus,</strong></span> <span class='ocrx_word' id='word_1_817' title='bbox 2700 4329 2823 4392; x_wconf 85' lang='lat' dir='ltr'><strong>post</strong></span> <span class='ocrx_word' id='word_1_818' title='bbox 2860 4322 2973 4377; x_wconf 64' lang='lat' dir='ltr'><strong>hate</strong></span> <span class='ocrx_word' id='word_1_819' title='bbox 3020 4323 3271 4377; x_wconf 88' lang='lat' dir='ltr'><strong>cessavit.</strong></span> <span class='ocrx_word' id='word_1_820' title='bbox 3303 4322 3536 4377; x_wconf 85' lang='lat' dir='ltr'><strong>Sumens</strong></span> 
     </span>
    </p>
   </div>
   <div class='ocr_carea' id='block_1_106' title="bbox 1952 4413 3533 4484">
    <p class='ocr_par' dir='ltr' id='par_1_106' title="bbox 1952 4413 3533 4484">
     <span class='ocr_line' id='line_1_106' title="bbox 1952 4413 3533 4484; baseline 0.002 -17"><span class='ocrx_word' id='word_1_821' title='bbox 1952 4413 2115 4484; x_wconf 82' lang='lat' dir='ltr'><strong>igitur</strong></span> <span class='ocrx_word' id='word_1_822' title='bbox 2161 4413 2374 4484; x_wconf 83' lang='lat' dir='ltr'><strong>Moyses</strong></span> <span class='ocrx_word' id='word_1_823' title='bbox 2418 4414 2615 4469; x_wconf 75' lang='lat' dir='ltr'><strong>exinde</strong></span> <span class='ocrx_word' id='word_1_824' title='bbox 2659 4414 2982 4481; x_wconf 80' lang='lat' dir='ltr'><strong>exercitum,</strong></span> <span class='ocrx_word' id='word_1_825' title='bbox 3017 4416 3162 4470; x_wconf 89' lang='lat' dir='ltr'><strong>venit</strong></span> <span class='ocrx_word' id='word_1_826' title='bbox 3198 4416 3265 4470; x_wconf 90' lang='lat' dir='ltr'><strong>ad</strong></span> <span class='ocrx_word' id='word_1_827' title='bbox 3313 4414 3533 4470; x_wconf 72' lang='lat' dir='ltr'><strong>fluvium</strong></span> 
     </span>
    </p>
   </div>
   <div class='ocr_carea' id='block_1_107' title="bbox 1952 4501 3538 4572">
    <p class='ocr_par' dir='ltr' id='par_1_107' title="bbox 1952 4501 3538 4572">
     <span class='ocr_line' id='line_1_107' title="bbox 1952 4501 3538 4572; baseline 0.002 -17"><span class='ocrx_word' id='word_1_828' title='bbox 1952 4501 2138 4557; x_wconf 85' lang='lat' dir='ltr'><strong>Arnon</strong></span> <span class='ocrx_word' id='word_1_829' title='bbox 2158 4542 2173 4562; x_wconf 89' lang='lat'><strong>.</strong></span> <span class='ocrx_word' id='word_1_830' title='bbox 2202 4502 2292 4572; x_wconf 91' lang='lat' dir='ltr'><strong>qui</strong></span> <span class='ocrx_word' id='word_1_831' title='bbox 2324 4503 2389 4557; x_wconf 88' lang='lat' dir='ltr'><strong>de</strong></span> <span class='ocrx_word' id='word_1_832' title='bbox 2421 4504 2694 4558; x_wconf 91' lang='lat' dir='ltr'><strong>montibus</strong></span> <span class='ocrx_word' id='word_1_833' title='bbox 2724 4501 2939 4558; x_wconf 77' lang='lat' dir='ltr'><strong>Arabia:</strong></span> <span class='ocrx_word' id='word_1_834' title='bbox 2978 4503 3331 4569; x_wconf 88' lang='lat' dir='ltr'><strong>descendens,</strong></span> <span class='ocrx_word' id='word_1_835' title='bbox 3359 4513 3413 4559; x_wconf 88' lang='lat' dir='ltr'><strong>et</strong></span> <span class='ocrx_word' id='word_1_836' title='bbox 3440 4520 3538 4566; x_wconf 81' lang='lat' dir='ltr'><strong>per</strong></span> 
     </span>
    </p>
   </div>
   <div class='ocr_carea' id='block_1_108' title="bbox 1955 4594 3534 4668">
    <p class='ocr_par' dir='ltr' id='par_1_108' title="bbox 1955 4594 3534 4668">
     <span class='ocr_line' id='line_1_108' title="bbox 1955 4594 3534 4668; baseline -0.001 -16"><span class='ocrx_word' id='word_1_837' title='bbox 1955 4605 2125 4652; x_wconf 90' lang='lat' dir='ltr'><strong>totum</strong></span> <span class='ocrx_word' id='word_1_838' title='bbox 2188 4596 2459 4651; x_wconf 83' lang='lat' dir='ltr'><strong>desertum</strong></span> <span class='ocrx_word' id='word_1_839' title='bbox 2514 4594 2716 4660; x_wconf 89' lang='lat' dir='ltr'><strong>fluens,</strong></span> <span class='ocrx_word' id='word_1_840' title='bbox 2771 4596 2824 4650; x_wconf 92' lang='lat' dir='ltr'><strong>in</strong></span> <span class='ocrx_word' id='word_1_841' title='bbox 2884 4603 3131 4666; x_wconf 86' lang='lat' dir='ltr'><strong>stagnum</strong></span> <span class='ocrx_word' id='word_1_842' title='bbox 3193 4595 3534 4668; x_wconf 83' lang='lat' dir='ltr'><strong>Aspbaltiten</strong></span> 
     </span>
    </p>
   </div>
   <div class='ocr_carea' id='block_1_109' title="bbox 1950 4688 3536 4762">
    <p class='ocr_par' dir='ltr' id='par_1_109' title="bbox 1950 4688 3536 4762">
     <span class='ocr_line' id='line_1_109' title="bbox 1950 4688 3536 4762; baseline -0.001 -15"><span class='ocrx_word' id='word_1_843' title='bbox 1950 4692 2216 4762; x_wconf 89' lang='lat' dir='ltr'><strong>erumpit,</strong></span> <span class='ocrx_word' id='word_1_844' title='bbox 2260 4690 2503 4747; x_wconf 63' lang='lat' dir='ltr'><strong>di~ideus</strong></span> <span class='ocrx_word' id='word_1_845' title='bbox 2550 4690 2840 4744; x_wconf 72' lang='lat' dir='ltr'><strong>Moabitida</strong></span> <span class='ocrx_word' id='word_1_846' title='bbox 2883 4699 2937 4744; x_wconf 89' lang='lat' dir='ltr'><strong>et</strong></span> <span class='ocrx_word' id='word_1_847' title='bbox 2984 4688 3368 4745; x_wconf 86' lang='lat' dir='ltr'><strong>Ammonitida.</strong></span> <span class='ocrx_word' id='word_1_848' title='bbox 3409 4689 3536 4746; x_wconf 58' lang='lat' dir='ltr'><strong>lla‘c</strong></span> 
     </span>
    </p>
   </div>
   <div class='ocr_carea' id='block_1_110' title="bbox 1953 4779 3534 4845">
    <p class='ocr_par' dir='ltr' id='par_1_110' title="bbox 1953 4779 3534 4845">
     <span class='ocr_line' id='line_1_110' title="bbox 1953 4779 3534 4845; baseline 0 -9"><span class='ocrx_word' id='word_1_849' title='bbox 1953 4790 2132 4836; x_wconf 89' lang='lat' dir='ltr'><strong>autem</strong></span> <span class='ocrx_word' id='word_1_850' title='bbox 2176 4791 2320 4836; x_wconf 89' lang='lat' dir='ltr'><strong>terra</strong></span> <span class='ocrx_word' id='word_1_851' title='bbox 2360 4789 2444 4837; x_wconf 90' lang='lat' dir='ltr'><strong>est</strong></span> <span class='ocrx_word' id='word_1_852' title='bbox 2487 4779 2785 4845; x_wconf 80' lang='lat' dir='ltr'><strong>fructifera,</strong></span> <span class='ocrx_word' id='word_1_853' title='bbox 2821 4788 2875 4835; x_wconf 93' lang='lat' dir='ltr'><strong>et</strong></span> <span class='ocrx_word' id='word_1_854' title='bbox 2905 4779 3182 4836; x_wconf 82' lang='lat' dir='ltr'><strong>hominum</strong></span> <span class='ocrx_word' id='word_1_855' title='bbox 3232 4781 3534 4838; x_wconf 84' lang='lat' dir='ltr'><strong>multitudi-</strong></span> 
     </span>
    </p>
   </div>
   <div class='ocr_carea' id='block_1_111' title="bbox 1954 4870 3001 4940">
    <p class='ocr_par' dir='ltr' id='par_1_111' title="bbox 1954 4870 3001 4940">
     <span class='ocr_line' id='line_1_111' title="bbox 1954 4870 3001 4940; baseline -0.001 -13"><span class='ocrx_word' id='word_1_856' title='bbox 1954 4887 2077 4927; x_wconf 90' lang='lat' dir='ltr'><strong>nem</strong></span> <span class='ocrx_word' id='word_1_857' title='bbox 2111 4870 2183 4926; x_wconf 89' lang='lat' dir='ltr'><strong>ibi</strong></span> <span class='ocrx_word' id='word_1_858' title='bbox 2217 4872 2558 4926; x_wconf 88' lang='lat' dir='ltr'><strong>nasceutium</strong></span> <span class='ocrx_word' id='word_1_859' title='bbox 2588 4870 2733 4925; x_wconf 89' lang='lat' dir='ltr'><strong>alere</strong></span> <span class='ocrx_word' id='word_1_860' title='bbox 2764 4870 3001 4940; x_wconf 90' lang='lat' dir='ltr'><strong>copiosa.</strong></span> 
     </span>
    </p>
   </div>
   <div class='ocr_carea' id='block_1_112' title="bbox 2032 4961 3537 5036">
    <p class='ocr_par' dir='ltr' id='par_1_112' title="bbox 2032 4961 3537 5036">
     <span class='ocr_line' id='line_1_112' title="bbox 2032 4961 3537 5036; baseline 0.004 -22"><span class='ocrx_word' id='word_1_861' title='bbox 2032 4982 2050 5014; x_wconf 76' lang='grc' dir='ltr'><strong>ι</strong></span> <span class='ocrx_word' id='word_1_862' title='bbox 2097 4962 2461 5029; x_wconf 85' lang='lat' dir='ltr'><strong>Quamobrem</strong></span> <span class='ocrx_word' id='word_1_863' title='bbox 2503 4977 2608 5017; x_wconf 91' lang='lat' dir='ltr'><strong>non</strong></span> <span class='ocrx_word' id='word_1_864' title='bbox 2664 4961 2854 5017; x_wconf 88' lang='lat' dir='ltr'><strong>habuit</strong></span> <span class='ocrx_word' id='word_1_865' title='bbox 2897 4973 3105 5033; x_wconf 81' lang='lat' dir='ltr'><strong>partem</strong></span> <span class='ocrx_word' id='word_1_866' title='bbox 3151 4962 3309 5029; x_wconf 82' lang='lat' dir='ltr'><strong>Levi,</strong></span> <span class='ocrx_word' id='word_1_867' title='bbox 3361 4982 3537 5036; x_wconf 82' lang='lat' dir='ltr'><strong>neque</strong></span> 
     </span>
    </p>
   </div>
   <div class='ocr_carea' id='block_1_113' title="bbox 1962 5051 3535 5137">
    <p class='ocr_par' dir='ltr' id='par_1_113' title="bbox 1962 5051 3535 5137">
     <span class='ocr_line' id='line_1_113' title="bbox 1962 5051 3535 5137; baseline 0.004 -32"><span class='ocrx_word' id='word_1_868' title='bbox 1962 5072 1980 5105; x_wconf 76' lang='grc' dir='ltr'><strong>ι</strong></span> <span class='ocrx_word' id='word_1_869' title='bbox 2027 5054 2423 5124; x_wconf 88' lang='lat' dir='ltr'><strong>possessionem</strong></span> <span class='ocrx_word' id='word_1_870' title='bbox 2452 5069 2577 5109; x_wconf 89' lang='lat' dir='ltr'><strong>cum</strong></span> <span class='ocrx_word' id='word_1_871' title='bbox 2625 5051 2883 5108; x_wconf 87' lang='lat' dir='ltr'><strong>fratribus</strong></span> <span class='ocrx_word' id='word_1_872' title='bbox 2924 5055 3076 5109; x_wconf 88' lang='lat' dir='ltr'><strong>suis:</strong></span> <span class='ocrx_word' id='word_1_873' title='bbox 3110 5055 3234 5125; x_wconf 86' lang='lat' dir='ltr'><strong>quia</strong></span> <span class='ocrx_word' id='word_1_874' title='bbox 3278 5056 3392 5137; x_wconf 84' lang='lat' dir='ltr'><strong>ipse</strong></span> <span class='ocrx_word' id='word_1_875' title='bbox 3431 5056 3535 5111; x_wconf 82' lang='lat' dir='ltr'><strong>Do-</strong></span> 
     </span>
    </p>
   </div>
   <div class='ocr_carea' id='block_1_114' title="bbox 1964 5142 3534 5215">
    <p class='ocr_par' dir='ltr' id='par_1_114' title="bbox 1964 5142 3534 5215">
     <span class='ocr_line' id='line_1_114' title="bbox 1964 5142 3534 5215; baseline 0.003 -21"><span class='ocrx_word' id='word_1_876' title='bbox 1964 5162 1982 5194; x_wconf 76' lang='grc' dir='ltr'><strong>ι</strong></span> <span class='ocrx_word' id='word_1_877' title='bbox 2028 5144 2208 5199; x_wconf 92' lang='lat' dir='ltr'><strong>minus</strong></span> <span class='ocrx_word' id='word_1_878' title='bbox 2240 5143 2509 5214; x_wconf 85' lang='lat' dir='ltr'><strong>possessio</strong></span> <span class='ocrx_word' id='word_1_879' title='bbox 2533 5142 2649 5213; x_wconf 89' lang='lat' dir='ltr'><strong>ejus</strong></span> <span class='ocrx_word' id='word_1_880' title='bbox 2691 5152 2794 5209; x_wconf 90' lang='lat' dir='ltr'><strong>est,</strong></span> <span class='ocrx_word' id='word_1_881' title='bbox 2825 5145 2965 5199; x_wconf 91' lang='lat' dir='ltr'><strong>sicut</strong></span> <span class='ocrx_word' id='word_1_882' title='bbox 2989 5144 3239 5215; x_wconf 86' lang='lat' dir='ltr'><strong>promisit</strong></span> <span class='ocrx_word' id='word_1_883' title='bbox 3281 5146 3534 5201; x_wconf 85' lang='lat' dir='ltr'><strong>Dominus</strong></span> 
     </span>
    </p>
   </div>
   <div class='ocr_carea' id='block_1_115' title="bbox 1961 5233 3535 5306">
    <p class='ocr_par' dir='ltr' id='par_1_115' title="bbox 1961 5233 3535 5306">
     <span class='ocr_line' id='line_1_115' title="bbox 1961 5233 3535 5306; baseline 0 -19"><span class='ocrx_word' id='word_1_884' title='bbox 1961 5256 1979 5287; x_wconf 76' lang='grc' dir='ltr'><strong>ι</strong></span> <span class='ocrx_word' id='word_1_885' title='bbox 2030 5236 2171 5291; x_wconf 90' lang='lat' dir='ltr'><strong>Deus</strong></span> <span class='ocrx_word' id='word_1_886' title='bbox 2213 5243 2356 5301; x_wconf 89' lang='lat' dir='ltr'><strong>tuus,</strong></span> <span class='ocrx_word' id='word_1_887' title='bbox 2386 5244 2536 5290; x_wconf 66' lang='lat' dir='ltr'><strong>etc.»</strong></span> <span class='ocrx_word' id='word_1_888' title='bbox 2585 5233 2694 5290; x_wconf 83' lang='lat' dir='ltr'><strong>Nisi</strong></span> <span class='ocrx_word' id='word_1_889' title='bbox 2729 5250 2825 5306; x_wconf 90' lang='lat' dir='ltr'><strong>per</strong></span> <span class='ocrx_word' id='word_1_890' title='bbox 2875 5236 3016 5290; x_wconf 86' lang='lat' dir='ltr'><strong>hanc</strong></span> <span class='ocrx_word' id='word_1_891' title='bbox 3065 5238 3265 5291; x_wconf 87' lang='lat' dir='ltr'><strong>tribum</strong></span> <span class='ocrx_word' id='word_1_892' title='bbox 3314 5235 3535 5289; x_wconf 84' lang='lat' dir='ltr'><strong>univer-</strong></span> 
     </span>
    </p>
   </div>
   <div class='ocr_carea' id='block_1_116' title="bbox 1956 5325 3536 5397">
    <p class='ocr_par' dir='ltr' id='par_1_116' title="bbox 1956 5325 3536 5397">
     <span class='ocr_line' id='line_1_116' title="bbox 1956 5325 3536 5397; baseline -0.001 -16"><span class='ocrx_word' id='word_1_893' title='bbox 1956 5341 2075 5381; x_wconf 89' lang='lat' dir='ltr'><strong>sum</strong></span> <span class='ocrx_word' id='word_1_894' title='bbox 2118 5325 2294 5396; x_wconf 81' lang='lat' dir='ltr'><strong>regale</strong></span> <span class='ocrx_word' id='word_1_895' title='bbox 2332 5326 2723 5392; x_wconf 84' lang='lat' dir='ltr'><strong>sacerdotium,</strong></span> <span class='ocrx_word' id='word_1_896' title='bbox 2768 5326 2910 5397; x_wconf 88' lang='lat' dir='ltr'><strong>quod</strong></span> <span class='ocrx_word' id='word_1_897' title='bbox 2952 5328 3016 5381; x_wconf 86' lang='lat' dir='ltr'><strong>al</strong></span> <span class='ocrx_word' id='word_1_898' title='bbox 3056 5342 3251 5381; x_wconf 89' lang='lat' dir='ltr'><strong>novum</strong></span> <span class='ocrx_word' id='word_1_899' title='bbox 3302 5326 3536 5396; x_wconf 87' lang='lat' dir='ltr'><strong>pertinet</strong></span> 
     </span>
    </p>
   </div>
   <div class='ocr_carea' id='block_1_117' title="bbox 1958 5417 3536 5481">
    <p class='ocr_par' dir='ltr' id='par_1_117' title="bbox 1958 5417 3536 5481">
     <span class='ocr_line' id='line_1_117' title="bbox 1958 5417 3536 5481; baseline -0.003 -8"><span class='ocrx_word' id='word_1_900' title='bbox 1958 5424 2373 5481; x_wconf 75' lang='lat' dir='ltr'><strong>testamentum,</strong></span> <span class='ocrx_word' id='word_1_901' title='bbox 2405 5417 2552 5471; x_wconf 85' lang='lat' dir='ltr'><strong>nullo</strong></span> <span class='ocrx_word' id='word_1_902' title='bbox 2581 5418 2740 5472; x_wconf 90' lang='lat' dir='ltr'><strong>modo</strong></span> <span class='ocrx_word' id='word_1_903' title='bbox 2786 5418 2931 5473; x_wconf 90' lang='lat' dir='ltr'><strong>visus</strong></span> <span class='ocrx_word' id='word_1_904' title='bbox 2974 5427 3117 5473; x_wconf 83' lang='lat' dir='ltr'><strong>esset</strong></span> <span class='ocrx_word' id='word_1_905' title='bbox 3156 5417 3335 5471; x_wconf 81' lang='lat' dir='ltr'><strong>dicere</strong></span> <span class='ocrx_word' id='word_1_906' title='bbox 3375 5418 3536 5471; x_wconf 79' lang='lat' dir='ltr'><strong>boum</strong></span> 
     </span>
    </p>
   </div>
   <div class='ocr_carea' id='block_1_118' title="bbox 1958 5504 3537 5577">
    <p class='ocr_par' dir='ltr' id='par_1_118' title="bbox 1958 5504 3537 5577">
     <span class='ocr_line' id='line_1_118' title="bbox 1958 5504 3537 5577; baseline -0.004 -15"><span class='ocrx_word' id='word_1_907' title='bbox 1958 5509 2051 5577; x_wconf 89' lang='lat' dir='ltr'><strong>qui</strong></span> <span class='ocrx_word' id='word_1_908' title='bbox 2085 5524 2149 5562; x_wconf 83' lang='lat' dir='ltr'><strong>ex</strong></span> <span class='ocrx_word' id='word_1_909' title='bbox 2186 5504 2375 5562; x_wconf 75' lang='lat' dir='ltr'><strong>eadem</strong></span> <span class='ocrx_word' id='word_1_910' title='bbox 2420 5508 2559 5561; x_wconf 85' lang='lat' dir='ltr'><strong>tribu</strong></span> <span class='ocrx_word' id='word_1_911' title='bbox 2605 5522 2711 5561; x_wconf 89' lang='lat' dir='ltr'><strong>non</strong></span> <span class='ocrx_word' id='word_1_912' title='bbox 2758 5517 2903 5571; x_wconf 88' lang='lat' dir='ltr'><strong>erat,</strong></span> <span class='ocrx_word' id='word_1_913' title='bbox 2938 5507 3071 5560; x_wconf 78' lang='lat' dir='ltr'><strong>Pars</strong></span> <span class='ocrx_word' id='word_1_914' title='bbox 3104 5523 3214 5559; x_wconf 82' lang='lat' dir='ltr'><strong>mea</strong></span> <span class='ocrx_word' id='word_1_915' title='bbox 3258 5507 3537 5559; x_wconf 59' lang='lat' dir='ltr'><strong>Dominus.</strong></span> 
     </span>
    </p>
   </div>
   <div class='ocr_carea' id='block_1_119' title="bbox 1957 5595 3530 5666">
    <p class='ocr_par' dir='ltr' id='par_1_119' title="bbox 1957 5595 3530 5666">
     <span class='ocr_line' id='line_1_119' title="bbox 1957 5595 3530 5666; baseline -0.004 -15"><span class='ocrx_word' id='word_1_916' title='bbox 1957 5595 2024 5651; x_wconf 89' lang='lat' dir='ltr'><strong>Et</strong></span> <span class='ocrx_word' id='word_1_917' title='bbox 2061 5599 2114 5652; x_wconf 88' lang='lat' dir='ltr'><strong>in</strong></span> <span class='ocrx_word' id='word_1_918' title='bbox 2155 5597 2259 5652; x_wconf 87' lang='lat' dir='ltr'><strong>alio</strong></span> <span class='ocrx_word' id='word_1_919' title='bbox 2300 5596 2510 5653; x_wconf 82' lang='lat' dir='ltr'><strong>Psalmo</strong></span> <span class='ocrx_word' id='word_1_920' title='bbox 2552 5612 2566 5650; x_wconf 88' lang='lat'><strong>:</strong></span> <span class='ocrx_word' id='word_1_921' title='bbox 2608 5596 2862 5651; x_wconf 80' lang='lat' dir='ltr'><strong>Dominus</strong></span> <span class='ocrx_word' id='word_1_922' title='bbox 2901 5614 3020 5666; x_wconf 77' lang='lat' dir='ltr'><strong>pars</strong></span> <span class='ocrx_word' id='word_1_923' title='bbox 3058 5596 3360 5651; x_wconf 67' lang='lat' dir='ltr'><strong>hereditatis</strong></span> <span class='ocrx_word' id='word_1_924' title='bbox 3401 5604 3530 5645; x_wconf 70' lang='lat' dir='ltr'><strong>mea:</strong></span> 
     </span>
    </p>
   </div>
   <div class='ocr_carea' id='block_1_120' title="bbox 1959 5688 2284 5777">
    <p class='ocr_par' dir='ltr' id='par_1_120' title="bbox 1959 5688 2284 5777">
     <span class='ocr_line' id='line_1_120' title="bbox 1959 5688 2284 5777; baseline 0.003 -34"><span class='ocrx_word' id='word_1_925' title='bbox 1959 5688 2133 5765; x_wconf 76' lang='lat' dir='ltr'><strong>(I’sal.</strong></span> <span class='ocrx_word' id='word_1_926' title='bbox 2166 5704 2231 5777; x_wconf 75' lang='lat' dir='ltr'><strong>xv</strong></span> <span class='ocrx_word' id='word_1_927' title='bbox 2246 5691 2284 5764; x_wconf 90' lang='lat'><strong>).</strong></span> 
     </span>
    </p>
   </div>
   <div class='ocr_carea' id='block_1_121' title="bbox 3033 5857 3112 5917">
    <p class='ocr_par' dir='ltr' id='par_1_121' title="bbox 3033 5857 3112 5917">
     <span class='ocr_line' id='line_1_121' title="bbox 3033 5857 3112 5917; baseline 0 0"><span class='ocrx_word' id='word_1_928' title='bbox 3033 5857 3112 5917; x_wconf 73' lang='lat'><strong>28</strong></span> 
     </span>
    </p>
   </div>
  </div>
