3964 6192
1175 356 1234 410 Β.
1275 350 1526 408 RABANI
1566 346 1783 402 MAURI
1824 341 2110 397 Alttllllli’l‘

2210 335 2487 392 IOGUNT.
2527 331 2813 404 ornatui
2851 328 3031 385 rans
3069 329 3107 383 ι.
3619 333 3714 390 sn;

880 500 1440 521 αυ-ε--ιο-ο--ρ-σ--υη

514 512 875 531 W

1646 596 1949 677 LIBER
2026 592 2585 673 SECUNDUS.

2108 824 2153 881 Α
2182 816 2388 872 sionem
2419 813 2605 869 sedulo
2632 810 2996 875 commendat,
3022 807 3180 878 cujus
3213 806 3335 862 laus
3362 823 3467 864 non
3492 822 3553 863 ex
3575 808 3721 869 homi-

2180 905 2363 969 nibus,
2393 904 2489 959 sczl
2514 919 2580 958 ex
2612 903 2723 956 Dco
2753 909 2856 955 est.

2258 1014 2277 1046 ‹
2324 995 2466 1049 Deus
2495 1008 2724 1064 magnus
2757 1000 2811 1046 et
2841 1001 3057 1061 potens,
3089 991 3369 1056 terribilis,
3396 992 3484 1060 qui
3521 1007 3616 1046 non
3646 1008 3721 1047 ar-

2186 1106 2206 1140 ι
2253 1087 2387 1156 cipit
2419 1101 2713 1156 personam
2747 1100 2851 1141 nec
2894 1099 3140 1139 munera.
3189 1084 3344 1139 Facit
3366 1083 3609 1151 judicium
3648 1104 3725 1157 pu.

2189 1201 2208 1233 ι
2252 1181 2381 1251 pillo
2407 1189 2462 1234 et
2494 1178 2691 1244 viduas,
2720 1186 2869 1231 amat
2894 1175 3262 1247 peregrinum,
3287 1183 3341 1229 et
3366 1176 3459 1229 dat
3484 1177 3531 1230 ei
3558 1178 3725 1231 victum

2189 1294 2208 1328 ι
2254 1282 2309 1329 et
2340 1273 2616 1327 vestitum.
2661 1270 2729 1324 Et
2765 1285 2866 1324 vos
2897 1284 3028 1340 ergo
3071 1275 3248 1321 amate
3276 1268 3599 1337 peregrinos,
3625 1271 3726 1339 quia

2190 1383 2209 1415 ι
2254 1372 2309 1418 et
2334 1362 2434 1432 ipsi
2465 1361 2643 1416 fuistis
2663 1362 2882 1416 advenae
2902 1360 2957 1414 in
2982 1368 3125 1414 terra
3144 1358 3385 1430 Egypti,
3408 1368 3461 1414 et
3487 1361 3686 1431 reliqua.
3708 1383 3721 1414 ι

2185 1454 2300 1508 Duo
2337 1461 2464 1508 sunt
2494 1462 2762 1522 praecepta
2805 1450 3110 1517 eharitatis,
3143 1449 3244 1503 Dei
3276 1450 3521 1505 videlicet
3542 1460 3592 1505 et
3628 1467 3726 1520 pro-

2187 1544 2338 1598 ximi.
2388 1541 2492 1595 Per
2521 1556 2764 1596 amorem
2806 1541 3039 1610 proximi
3078 1555 3245 1595 amor.
3281 1540 3375 1594 Dei
3419 1541 3653 1610 gignitur.
3677 1543 3728 1597 Et

2188 1649 2284 1703 per
2318 1646 2558 1686 amorem
2602 1631 2696 1685 Dei
2741 1629 2897 1685 amor
2940 1631 3171 1700 proximi
3201 1631 3458 1702 gignitur.
3504 1631 3623 1685 Nam
3656 1635 3729 1702 qui

2190 1736 2431 1776 amorem
2480 1720 2576 1774 Dei
2627 1720 2880 1792 negligit,
2912 1718 3158 1790 profectu
3201 1719 3421 1790 diligere
3462 1722 3729 1791 proximum

2191 1817 2433 1888 negligit.
2462 1816 2529 1870 Et
2567 1823 2697 1870 tunc
2732 1815 2945 1885 plenius
2989 1815 3045 1868 in
3075 1813 3194 1883 ejus
3238 1814 3520 1870 dilectione
3551 1815 3732 1884 prolici-

2192 1924 2343 1972 mus,
2391 1908 2434 1962 si
2473 1907 2527 1962 in
2562 1906 2805 1977 ejusdem
2848 1904 3153 1960 dilectionis
3197 1905 3422 1976 gremio,
3457 1905 3595 1974 prius
3631 1921 3732 1974 pro-

1011 832 1235 891 CAPUT
1273 827 1564 884 PRIMUM.

504 956 830 1023 Prwceptum
884 951 948 1000 de
991 936 1423 1023 circumcidenda
1475 932 1742 1023 pi'n’putiis
1792 928 1989 990 cordis,
2028 936 2075 980 et

574 1004 1014 1079 commendatione
1043 1007 1357 1082 pupillorum
1388 1022 1448 1058 ac
1476 1004 1777 1064 riduarum,
1804 1009 1956 1068 atque
1995 1013 2078 1067 pe-

577 1092 901 1164 regrinorum
918 1134 923 1139 ,

575 1198 753 1276 (ιω.)
786 1217 804 1250 ι
831 1189 1213 1252 Circumeidite
1245 1185 1406 1256 igitur
1437 1181 1754 1253 prmputium
1789 1176 1968 1233 cordis
1998 1189 2084 1229 ve-

515 1316 532 1349 ι
579 1266 805 1357 ἐινί,ὀι
835 1283 1099 1341 cervicem
1141 1287 1375 1333 vestram
1406 1289 1474 1328 ne
1502 1269 1783 1325 'induretis
1830 1266 2081 1336 amplius,

515 1406 532 1436 ι
582 1382 707 1453 quia
735 1376 996 1434 Dominus
1024 1371 1168 1425 Deus
1196 1375 1397 1430 vester,
1429 1364 1543 1432 ipse
1571 1370 1655 1416 est
1693 1359 1953 1414 Dominus
1991 1356 2085 1410 do—

516 1495 532 1526 t
580 1448 870 1531 minorum,
893 1471 949 1517 et
972 1460 1233 1515 Dominus
1247 1453 1661 1510 dominantium.
1686 1469 1706 1500 ›
1734 1448 1834 1502 Hic
1856 1455 1963 1501 tam
1990 1462 2087 1516 per

510 1560 892 1633 lcgislatorem,
932 1559 1044 1605 tam
1073 1544 1332 1618 spiritalis
1369 1540 1711 1596 circumcisio
1755 1551 1917 1607 quam
1946 1535 2088 1589 veri-

514 1626 594 1709 tas
638 1645 912 1718 Evangelii
943 1642 1100 1698 nobis
1146 1634 1546 1699 commendata,
1573 1629 1895 1702 exprimitur
1927 1645 1942 1681 :
1987 1626 2088 1680 huc

511 1756 626 1813 est,
666 1740 910 1802 custodia
953 1734 1153 1792 mentis
1197 1741 1251 1787 et
1282 1727 1612 1785 abstinentia
1649 1738 1831 1778 rerum
1875 1721 2088 1775 illicita-

513 1854 653 1896 rum.
683 1834 819 1903 Quid
848 1844 975 1900 ergo
1005 1823 1256 1898 praaputii
1300 1836 1397 1892 per
1440 1819 1581 1872 hanc
1622 1814 2088 1870 circumeisionem

514 1928 872 2001 signiﬁcatur,
905 1920 1010 1976 nisi
1037 1924 1222 1988 aperte
1248 1912 1428 1968 dicere
1459 1927 1471 1962 :
1496 1906 1791 1974 Postquam
1818 1903 2091 1958 luxuriam

512 1994 751 2075 a'carne
791 2006 1157 2081 exstinguitis,
1185 2003 1347 2058 etiam
1391 1995 1689 2068 superﬂuas
1733 1994 2094 2065 cogitationes

2210 2003 2326 2055 timi
2364 2001 2632 2055 ebaritate
2675 1999 2963 2054 laetamur.
3003 1999 3141 2066 Quia
3192 2013 3348 2054 amor
3395 1998 3486 2053 Dei
3530 2014 3733 2053 amorem

514 2106 821 2183 amputate?
847 2102 1017 2158 Nemo
1048 2111 1179 2179 εειήθ
1216 2108 1341 2148 eum
1391 2086 1854 2183 circunzcisiouem
1897 2083 2092 2182 prtedi-
2192 2093 2423 2165 proximi
2449 2101 2692 2162 generat,
2720 2091 2979 2146 Dicturus
3003 2105 3103 2159 per
3129 2090 3303 2161 legem
3330 2090 3604 2144 Dominus;
3629 2108 3645 2140 ι
3669 2090 3736 2145 Di.

514 2171 644 2259 care
671 2194 934 2271 audierit,
980 2171 1141 2245 unius
1182 2176 1628 2273 solummetnbri
1644 2173 1878 2273 audierit
1911 2171 2088 2227 couti—
2118 2214 2165 2273 Β
2194 2183 2327 2255 ηερε
2341 2183 2671 2252 proximum,
2703 2202 2722 2233 ι
2754 2180 3019 2251 ρι-ωηιίείι
3049 2179 3279 2235 dicens;
3319 2199 3337 2231 ι
3366 2180 3561 2251 Diliges
3588 2181 3736 2235 nam.

517 2270 758 2351 nentiam
793 2278 1080 2355 imperari:
1123 2272 1280 2346 (ιιιθεὶ
1304 2270 1390 2326 "el
1429 2263 1845 2323 “fornicatione
1894 2268 2086 2355 mliti“.
2118 2263 2163 2273 ”
2203 2290 2331 2329 num
2378 2274 2548 2328 Deum
2593 2282 2779 2339 tuum;
2812 2291 2834 2324 ›
2865 2279 2929 2326 ιιι
2972 2271 3224 2327 videlicet
3266 2272 3320 2326 in
3360 2280 3500 2326 terra
3543 2272 3739 2342 pectoris

519 2381 604 2436 vel
638 2378 786 2433 licito
815 2366 1161 2429 matrimonio
1191 2365 1556 2431 temperanter
1582 2364 1846 2418 utentem,
1873 2350 1958 2405 vel
1988 2350 2095 2404 vir-
2198 2364 2392 2429 nosm,
2430 2364 2581 2433 prius
2625 2362 2829 2416 amoris
2858 2361 2942 2417 sui
2990 2362 3230 2416 radicem
3277 2360 3485 2433 ﬁgeret,
3516 2372 3739 2431 quatenus

520 2471 747 2543 ginitatc
783 2464 1076 2539 gloriosum
1120 2455 1377 2518 existere,
1423 2450 1626 2543 absque
1665 2445 1895 2543 aliarum
1926 2443 2094 2497 virtu-
2197 2471 2296 2525 per
2324 2470 2504 2509 ramos
2528 2454 2876 2524 postmodum
2902 2453 3121 2509 dilectio
3154 2453 3398 2509 fratem,
3437 2454 3737 2525 geminam.

524 2535 636 2617 tum
660 2535 946 2613 allec'tione
973 2547 1219 2609 sullieiat,
1252 2552 1307 2598 et
1343 2557 1449 2597 non
1477 2539 1718 2595 omnium
1752 2535 1933 2607 potius
1958 2548 2094 2603 quos
2200 2548 2268 2602 Ει
2294 2562 2531 2610 rursum,
2561 2547 2689 2617 quia
2731 2562 2886 2602 amo;-
2916 2546 3013 2601 Dei
3054 2556 3110 2602 ει
3152 2548 3389 2617 proximi
3420 2562 3592 2602 αιτιοι-ε
3621 2546 3739 2601 cate-

521 2652 688 2710 corde
730 2647 815 2703 vel
843 2658 1069 2714 corpore
1094 2644 1370 2709 gestamus
1399 2646 1653 2699 sensuum
1682 2628 2095 2697 castigationem

525 2739 765 2815 praecipi.
793 2735 927 2789 Nam
956 2741 1012 2786 et
1032 2729 1267 2801 Moyses,
1295 2722 1646 2782 mundissima
1668 2720 1760 2775 Dei
1787 2719 1954 2773 verba
1982 2732 2100 2773 sus-

2201 2743 2309 2781 non
2349 2727 2519 2797 diligit
2548 2724 2775 2781 fratrem
2806 2742 2986 2792 suum,
3012 2741 3174 2797 quem
3203 2727 3376 2793 videt,
3408 2728 3585 2790 Deum,
3610 2740 3740 2794 quem

523 2805 765 2904 cipietis,
812 2820 1251 2881 incircumcisum
1318 2830 1377 2871 se
1426 2812 1581 2869 labiis
1631 2808 1977 2893 querebatur.
2036 2805 2104 2860 Et

2204 2832 2311 2871 non
2338 2817 2509 2883 videt,
2540 2815 2812 2888 quomodo
2845 2825 3027 2887 potest
3056 2817 3314 2888 diligere?
3347 2837 3367 2870 ι
3412 2816 3463 2888 (Ι
3488 2816 3632 2870 Joau.
3656 2814 3741 2884 ιιι.)

2201 2649 2348 2703 seat,
2394 2645 2625 2692 testatur
2667 2634 2923 2702 Joannes,
2952 2636 3044 2707 qui
3082 2637 3331 2706 increpat
3375 2637 3587 2690 dicens:
3617 2654 3632 2685 ι
3658 2634 3739 2701 Qui
3832 2701 3842 2713 .

527 2897 834 2994 Stephanus
863 2915 1061 2973 Iudaeis
1098 2926 1204 2967 non
1236 2906 1619 2964 credentibus:
1658 2921 1676 2953 ι
1708 2897 2100 2963 lncircumcisi,

532 2989 733 3085 inquit,
779 3007 1034 3065 cordibus
1080 3013 1136 3059 et
1181 3001 1429 3062 auribus,
1470 3011 1566 3052 vos
1617 3008 1831 3063 semper
1878 2989 2104 3060 Spiritui

529 3084 717 3164 saneto
739 3099 1035 3158 restitistis.
1060 3116 1077 3149 ι
1106 3095 1243 3167 (Act.
1267 3090 1391 3163 vn.)
1416 3090 1506 3145 llle
1534 3090 1714 3157 itaque
1732 3101 1859 3141 vera
1881 3084 2107 3138 circuat-

530 3198 731 3253 cisione
756 3191 1048 3249 mundatus
1075 3193 1179 3251 est,
1205 3183 1295 3253 qui
1326 3182 1542 3236 obturat
1569 3192 1728 3231 aures
1763 3190 1888 3229 suas
1915 3187 1981 3226 ne
2012 3187 2106 3225 au-

531 3289 644 3342 diat
684 3283 1036 3354 sanguinem,
1078 3284 1133 3329 et
1180 3272 1384 3328 claudit
1425 3269 1609 3324 oculos
1655 3281 1782 3320 suos
1825 3279 1892 3318 ne
1926 3262 2108 3315 videat

537 3376 772 3438 malum;
794 3352 891 3441 qui
916 3366 1145 3423 custodit
1172 3363 1286 3416 vias
1307 3375 1432 3415 suas
1459 3375 1526 3412 ne
1549 3357 1823 3425 delinquat
1850 3353 1903 3406 in
1926 3352 2105 3421 lingua

536 3484 653 3533 sua,
684 3474 739 3521 et
758 3461 992 3517 attendit
1028 3457 1130 3513 sibi
1158 3468 1227 3509 ne
1255 3461 1507 3524 gravetur
1529 3466 1624 3504 cor
1650 3446 1765 3516 ejus
1796 3445 1873 3501 in»
1886 3443 2104 3513 crapula

2205 2905 2334 2972 Qua:
2384 2914 2563 2960 tamen
2607 2906 2789 2962 divina
2819 2906 3037 2961 dilectio
3079 2920 3177 2975 per
3228 2907 3478 2961 timorem
3518 2905 3738 2967 nascitur,

2206 2995 2300 3051 sed
2330 2996 2382 3050 in
2408 2994 2602 3051 all'ectu
2631 2997 2925 3051 crescendo
2952 3004 3320 3066 permutatur.
3348 2995 3499 3066 Saepe
3521 3009 3632 3049 vero
3652 3009 3745 3047 om-

2206 3085 2456 3154 nipotens
2482 3083 2624 3140 Deus
2653 3093 2715 3139 ut
2743 3094 3005 3156 quantum
3048 3086 3283 3157 quisque
3311 3101 3341 3140 a
3376 3085 3622 3140 ebaritate
3650 3082 3742 3150 ejus

2208 3192 2271 3232 ac
2301 3176 2531 3246 proximi
2577 3177 2731 3249 longe
2761 3179 2853 3244 sit,
2893 3177 2978 3233 vel
3009 3179 3063 3233 in
3093 3192 3157 3234 ea
3202 3188 3466 3250 quantum
3498 3176 3743 3248 profecerit

2208 3267 2531 3335 innotescat,
2564 3270 2703 3324 miro
2728 3269 2920 3325 ordine
2947 3278 3142 3325 cuncta
3168 3270 3513 3341 dispensans,
3537 3269 3652 3322 alios
3673 3267 3743 3321 lla-

2209 3359 2361 3430 gellis
2415 3361 2701 3431 deprimit,
2751 3360 2885 3415 alios
2932 3360 3279 3416 successibus
3333 3359 3503 3415 fulcit.
3549 3357 3609 3412 Et
3649 3369 3745 3411 cum

2213 3452 2474 3520 quosdam
2522 3452 2893 3521 temporaliter
2920 3452 3143 3518 deserit,
3174 3452 3229 3506 in
3280 3452 3617 3523 quorumdam
3655 3461 3748 3500 cor-

536 3568 591 3614 et
630 3558 911 3632 ebrietate.
951 3548 1053 3617 Qui
1092 3547 1267 3602 donec
1309 3549 1556 3614 superest
1598 3538 1794 3593 halitus
1839 3536 1894 3590 in
1927 3549 2011 3600 eo,
2055 3541 2111 3589 et
2139 3558 2182 3620 ρ
2216 3545 2373 3599 dibus
2400 3545 2544 3613 quod
2571 3545 2771 3598 malum
2802 3544 2982 3609 lateat,
3014 3544 3276 3598 ostendit.
3303 3544 3437 3598 Nam
3479 3542 3747 3612 purumque

537 3627 761 3721 spiritus
790 3644 885 3699 Dei
917 3643 970 3696 in
1004 3639 1224 3694 naribus
1252 3633 1386 3704 ejus,
1416 3650 1519 3688 non
1551 3632 1801 3701 loquetur
1826 3628 1982 3682 lab'.is
2010 3627 2113 3681 ini-

2218 3635 2318 3705 ipsi
2349 3651 2445 3689 vos
2482 3635 2710 3690 miseros
2739 3636 3121 3704 insequuntur,
3146 3635 3241 3703 qui
3278 3634 3464 3689 felices
3484 3633 3606 3687 ‘sine
3631 3642 3748 3684 com-

537 3740 832 3811 quitatem;
860 3732 952 3803 qui
984 3731 1126 3784 lavat
1157 3729 1297 3782 inter
1317 3727 1633 3808 innocentes
1663 3736 1854 3775 manus
1882 3734 2027 3784 suas,
2058 3725 2114 3772 et

541 3808 609 3883 ab
639 3826 789 3882 omni
830 3823 913 3876 via
951 3819 1094 3875 mala
1121 3815 1390 3888 prohibuit
1436 3812 1603 3884 pedes
1630 3825 1785 3870 suos;
1825 3808 1917 3878 qui
1954 3822 2116 3877 super

541 3916 722 3971 munia
750 3912 979 3982 castigat
1017 3923 1212 3978 corpus
1248 3920 1440 3968 suum,
1483 3910 1538 3957 et
1585 3900 1833 3956 servituti
1880 3897 2117 3968 subjicit,

542 4006 798 4075 omnique
827 3999 1067 4056 custodia
1096 4005 1277 4052 servat
1304 4010 1397 4049 cor
1425 4008 1603 4056 suum,
1627 3992 1879 4060 quoniam
1909 4007 1975 4044 ex
2003 3989 2119 4060 ipso

545 4099 652 4152 vita
675 4094 935 4168 procedit.
962 4087 1068 4144 Sed
1092 4098 1145 4142 et
1175 4089 1289 4157 ipsa
1314 4086 1452 4140 bona
1476 4083 1616 4138 actio
1649 4096 1743 4136 sua
1770 4096 1889 4150 qua:
1918 4081 1970 4133 in
1997 4081 2120 4134 abs-

545 4187 760 4243 condito
807 4191 923 4247 est,
967 4176 1377 4235 circumcisione
1432 4188 1538 4226 non
1574 4171 1753 4224 minus
1802 4168 2027 4238 indiget,
2065 4176 2121 4221 ut

545 4295 669 4336 cum
706 4276 912 4347 jejuno,
961 4286 1077 4337 oro,
1111 4264 1521 4337 eleemosynam‘
1557 4261 1717 4326 facio,
1766 4260 1990 4331 gloriam
2035 4258 2116 4311 in-

548 4370 814 4443 trinsecus
843 4358 1263 4435 quzeram..Natn
1295 4357 1338 4412 si
1370 4357 1425 4411 in
1452 4354 1661 4425 angulis
1686 4350 1987 4424 platearum
2014 4358 2121 4416 sto,

546 4442 742 4515 faciem
776 4455 1056 4518 demolior,
1088 4451 1216 4506 tuba
1263 4456 1388 4503 ante
1435 4462 1522 4501 me
1554 4459 1711 4510 cano,
1753 4452 1812 4498 ut
1842 4442 2029 4497 videar
2069 4448 2125 4494 et

547 4553 736 4608 lauder
759 4549 827 4605 ab
856 4547 1186 4610 hominibus,
1216 4543 1349 4597 foris
1386 4541 1603 4612 quidem
1648 4537 2000 4593 circumcisus
2027 4550 2123 4604 ap-

2215 3729 2498 3799 paratione
2522 3728 2825 3784 coluerunt.
2850 3727 2985 3783 Cum
3013 3729 3157 3783 enim
3190 3729 3317 3797 quis
3352 3727 3551 3799 positus
3575 3724 3621 3777 in
3651 3735 3745 3790 pro-

2217 3820 2476 3889 speritate
2501 3819 2764 3891 diligitur,
2791 3819 3057 3874 incertum
3082 3819 3238 3874 valde
3264 3828 3351 3875 est
3375 3829 3546 3873 utrum
3575 3824 3749 3884 prospe-

2220 3911 2353 3965 ritas
2380 3925 2448 3964 an
2488 3925 2719 3981 persona
2748 3909 3023 3979 diligatur.
3054 3910 3293 3965 Amissio
3321 3918 3496 3965 autem
3528 3901 3749 3960 felicitatis

2220 4001 2519 4071 interrogat
2564 4002 2673 4056 vim
2716 4001 3039 4057 dilectionis.
3076 4000 3231 4056 Unde
3277 4001 3414 4057 bene
3459 3998 3655 4070 quidam
3684 4006 3749 4046 sa-

2220 4094 2374 4162 piens
2421 4093 2601 4147 dixit:
2646 4092 2764 4148 Non
2812 4091 3128 4163 agnoscitur
3171 4092 3227 4167 in
3271 4091 3427 4147 bonis
3480 4088 3677 4147 amicus,
3708 4087 3750 4133 et

2221 4200 2327 4238 non
2361 4184 2673 4254 agnoscitur
2716 4184 2769 4237 in
2817 4182 2975 4237 malis
3005 4183 3278 4237 inimicus.
3310 4180 3425 4236 Non
3468 4174 3749 4251 proSperitas

2222 4277 2417 4346 quippe
2465 4276 2699 4330 amicum
2744 4275 2977 4343 indicat,
3026 4290 3128 4330 nec
3175 4274 3477 4329 adversitas
3521 4269 3748 4326 inimicum

2223 4367 2380 4422 celat.
2425 4366 2561 4432 Quia
2591 4374 2648 4421 et
2678 4365 2767 4421 ille
2795 4380 2938 4436 saepe
2981 4365 3362 4436 prosperitatis
3407 4372 3592 4417 nostra:
3632 4369 3752 4412 rete

2223 4457 2396 4513 rentia
2423 4456 2650 4526 tegitur;
2681 4463 2735 4512 et
2765 4457 2865 4511 iste
2893 4471 2960 4511 ex
2987 4455 3317 4511 confidentia
3355 4454 3620 4511 charitatis
3656 4462 3751 4517 ape-

2226 4547 2382 4602 ritur.

550 4656 745 4713 pareo;
790 4640 884 4695 sed
925 4635 1237 4692 immundus
1264 4633 1318 4686 in
1347 4631 1508 4686 corde
1548 4641 1893 4698 permanens,
1940 4639 2128 4694 poenas

552 4735 769 4802 insuper
815 4728 1079 4785 simulata:
1126 4723 1402 4795 aequitatis
1440 4721 1676 4775 incurro.
1723 4717 1780 4771 lu
1824 4713 2127 4784 exemplum

551 4820 801 4874 videlicet
830 4816 1268 4877 Sichemitarum,
1300 4810 1390 4882 qui
1418 4823 1539 4863 eum
1566 4805 1996 4878 patriarcharum
2022 4803 2128 4856 cir-

2843 4635 3071 4692 CAPUT
3109 4634 3170 4690 ll.

2228 4749 2382 4815 Quod
2404 4759 2543 4803 terra
2580 4748 2940 4818 promissionis
2963 4764 3066 4800 non
3094 4758 3166 4801 est
3207 4749 3342 4802 sicut
3386 4758 3519 4801 terra
3557 4738 3748 4818 ,δεξιωθιρ

2296 4818 2455 4888 plana
2481 4807 2637 4889 atque
2658 4819 2879 4889 irrigua,
2905 4818 2995 4871 sed
3018 4828 3254 4872 montosa
3284 4835 3348 4872 ac
3368 4831 3565 4887 aspera,
3585 4807 3640 4865 ἀὲ
3654 4807 3750 4862 celo

552 4907 937 4964 cumcisioncm
989 4904 1301 4959 viderentur
1348 4896 1568 4962 imitari,
1601 4893 1726 4965 quia
1773 4908 1879 4948 non
1915 4893 1982 4948 ob
2024 4892 2126 4946 Do-
2151 4922 2204 4980 Ι)
2297 4887 2596 4957 exspectans
2619 4887 2871 4957 pluviam.

557 4998 686 5055 mini
730 5002 1131 5056 testamentum,
1164 4992 1258 5047 sed
1305 4991 1374 5046 ob
1401 5004 1617 5043 causam
1665 4985 1842 5040 fecere
1877 4984 2121 5049 luxuriae,

555 5111 663 5150 non
698 5091 856 5147 modo
904 5088 1205 5157 acquisiere
1250 5083 1549 5149 mercedes,
1596 5096 1781 5134 verum
1838 5078 1994 5133 tertia
2039 5077 2124 5133 die
2182 5145 2185 5148 .

556 5182 769 5247 quando
796 5179 975 5251 gravis
1004 5178 1284 5233 vulnerum
1314 5175 1466 5231 dolor
1498 5182 1601 5238 est,
1630 5168 1768 5226 inter
1795 5186 1906 5226 suae
1938 5170 2125 5225 civita-

558 5288 627 5334 tus
673 5274 880 5346 periere
910 5269 1113 5324 ruinas.
1155 5266 1312 5322 Tales
1348 5281 1577 5334 namque
1604 5263 1756 5319 obliti
1801 5262 2128 5332 prophetica:

557 5362 961 5426 admonitionis.
1011 5356 1470 5415 Circumcidimini
1517 5356 1776 5419 Domino,
1820 5362 1874 5407 et
1920 5350 2130 5406 auferte

558 5464 820 5530 praeputia
866 5453 1108 5511 cordiqu
1151 5460 1478 5513 vestrorum,
1506 5448 1595 5503 ubi
1634 5457 1842 5517 tempus
1889 5461 2131 5500 resurre-

557 5551 751 5607 ctionis
780 5546 1067 5621 ingruerit,
1094 5544 1369 5600 evacuatis
1413 5541 1606 5610 quibus
1633 5538 1979 5594 conlidebunt
2019 5536 2128 5589 vir-

562 5642 783 5707 tutibus,
830 5639 925 5695 sed
972 5639 1024 5692 in
1065 5644 1291 5692 mortem
1331 5633 1613 5688 mittentur
1657 5639 1934 5686 aeternam.
1984 5627 2117 5696 Qua-

561 5737 780 5795 propter
807 5738 860 5782 et
904 5728 1193 5796 Apostolus
1231 5723 1599 5781 absconditam
1647 5720 1808 5777 corde
1849 5717 2131 5774 circumci-

2301 4978 2448 5051 (CAP.
2482 4979 2580 5050 xx.)
2602 4997 2620 5029 ι
2670 4977 2837 5032 Terra
2876 4977 2943 5032 ad
2973 4992 3143 5046 quam
3168 4976 3485 5045 ingredieris
3520 4966 3751 5043 possides.

2237 5089 2254 5120 ‹
2284 5071 2430 5135 dam,
2460 5083 2564 5123 non
2593 5077 2675 5124 est
2701 5068 2841 5124 sicut
2862 5076 3005 5123 terra
3034 5068 3254 5139 Egypti
3278 5069 3343 5123 de
3362 5083 3466 5137 qua
3493 5060 3663 5118 existi:
3686 5052 3751 5108 ubi

2238 5181 2255 5212 ι
2287 5162 2433 5231 jacto
2455 5162 2683 5226 semine,
2716 5169 2771 5215 ct
2795 5161 2848 5214 in
2878 5161 3160 5239 hertorum
3197 5175 3346 5216 more
3374 5170 3558 5228 aquam
3591 5152 3751 5206 ducunt

2241 5276 2257 5306 ι
2292 5256 2587 5325 irriguam;
2620 5253 2716 5309 sed
2747 5236 2991 5310 montosa
3021 5262 3104 5308 est
3133 5261 3189 5306 et
3216 5251 3540 5321 campestris,
3568 5246 3624 5300 de
3647 5236 3750 5294 σωκ)

2243 5369 2260 5401 ι
2289 5358 2607 5418 exspectans
2632 5348 2893 5419 pluviam,
2915 5364 3074 5418 quam
3098 5347 3353 5403 Dominus
3371 5346 3507 5399 Deus
3523 5351 3629 5396 tuus
3644 5344 3748 5387 sem-

2244 5460 2261 5491 t
2293 5458 2388 5511 per
2419 5440 2621 5504 invisit,
2652 5446 2708 5493 et
2736 5439 2877 5495 oeuli
2899 5437 3017 5507 ejus
3046 5439 3098 5493 in
3129 5453 3193 5493 ea
3222 5447 3344 5492 sunt
3364 5452 3392 5489 a
3420 5427 3656 5505 principio
3677 5435 3746 5511 an:

2242 5550 2259 5582 ι
2289 5504 2343 5585 ni
2369 5545 2537 5600 usque
2565 5530 2634 5585 ad
2665 5528 2825 5583 linem
2847 5504 2982 5597 ejus.
3008 5550 3023 5581 ι
3073 5529 3211 5596 Quid
3244 5542 3371 5597 ergo
3404 5504 3537 5579 terra
3574 5504 3748 5602 183w.“

2237 5616 2526 5687 significat,
2553 5615 2658 5670 nisi
2687 5616 2969 5685 praesentis
3002 5615 3123 5670 vita:
3152 5612 3570 5685 prosperitan
3594 5608 3747 5687 (ΜΨ-Ψ

2239 5713 2347 5767 imo
2370 5709 2536 5780 Ῑλθοῑν
2583 5683 2706 5763 cuni
2753 5720 2985 5776 superna
3028 5683 3175 5762 nullo
3216 5683 3372 5761 modo
3418 5683 3746 5770 appetitllll'tc
