3964 6192
279 398 383 456 877

1098 392 1497 491 ΕΝΛΒΗΑΤιΟ
1537 393 1761 450 SUPER
1807 388 2425 448 DEUTERONOMIUM.
2466 420 2537 437 τ-
2571 390 2699 444 ιλιι.
2740 391 2798 445 ll.

3446 394 3550 447 878

274 524 410 580 ergo
430 508 487 564 in
519 509 800 564 hortorum
831 521 985 562 more
1024 520 1221 577 aquam
1254 506 1404 562 ducit
1431 505 1712 578 irriguam,
1744 505 1869 576 quia
1902 509 1944 567 Λ
1977 504 2180 559 ultimis
2207 502 2596 559 incarnationis
2626 518 2736 557 sure
2762 504 3076 573 mysterium
3105 503 3247 559 facit.
3282 525 3298 556 ‹
3329 507 3553 573 Quando

276 599 530 655 carnales
570 600 798 669 Quique,
829 599 922 669 qui
949 607 1273 669 praesentem
1304 595 1618 652 felicitatem
1668 597 1868 651 habere
1943 597 2177 653 «sederis
2202 597 2259 652 in
2283 598 2443 661 domo
2476 604 2589 661 tua,
2615 602 2671 650 ct
2701 595 3064 651 ambulaveris
3088 596 3141 650 in
3169 598 3275 663 via,
3310 608 3365 653 et
3393 617 3552 654 aecus

274 699 409 746 ante
436 691 619 747 omnia
650 699 928 762 appetunt,
954 690 1009 745 in
1041 690 1144 745 hoc
1191 690 1456 754 laborant,
1489 689 1543 744 in
1585 690 1689 744 hoc
1718 696 1868 743 tanto

272 784 404 839 nisu
434 792 704 840 certantes
730 784 970 849 student,
995 792 1057 837 ut
1078 783 1290 852 copiam
1314 796 1495 836 rerum
1520 782 1571 835 in
1600 781 1702 835 hoc
1719 796 1869 834 mun-

266 872 352 931 do
379 889 504 929 cum
535 874 740 929 deliciis
766 874 1094 944 possideant.
1138 872 1244 928 Sed
1295 872 1555 942 spiritalis
1603 870 1861 935 lsraelita,

271 966 374 1037 qui
402 982 500 1037 per
520 966 771 1021 ducatum
802 965 968 1037 Moysi
997 980 1252 1037 egressus
1279 972 1362 1019 est
1385 965 1449 1019 de
1480 962 1736 1034 .‘Egyplo,
1760 964 1865 1023 hoc

267 1064 382 1121 est,
416 1072 514 1127 per
544 1056 917 1127 magisterium
947 1055 1103 1126 legis,
1144 1055 1333 1110 didicit
1379 1054 1627 1109 deserere
1658 1053 1867 1122 cupidi-

270 1154 445 1201 tatem
494 1154 834 1200 terrenarum
882 1144 1241 1214 voluptatum,
1291 1159 1355 1198 ac
1380 1157 1481 1212 per
1508 1143 1867 1213 dispensatio¢

276 1253 404 1293 nem
426 1236 552 1291 Jcsu
579 1235 805 1302 Christi,
839 1244 1039 1291 terram
1063 1233 1524 1305 repromissionis,
1549 1243 1766 1289 aeternae
1786 1234 1868 1289 vi-

273 1328 476 1384 delicet
489 1328 612 1382 vitae
640 1328 1050 1392 beatitudinem,
1077 1326 1389 1382 habiturum
1411 1342 1470 1382 se
1491 1325 1684 1392 credit,
1713 1342 1868 1381 mon-

274 1428 452 1475 tosam
478 1428 532 1475 et
561 1426 923 1488 campestrem
954 1418 1223 1488 regionem
1269 1417 1587 1487 ingreditur,
1620 1424 1863 1470 sanctam

272 1509 530 1566 videlicet
556 1510 878 1575 Ecclesium,
916 1509 1008 1563 ubi
1044 1508 1277 1563 altitudo
1316 1508 1603 1573 virtutum,
1628 1514 1684 1562 et
1708 1522 1865 1561 mun-

266 1603 409 1658 ditia
437 1604 701 1659 bouorum
746 1601 952 1657 existit.
995 1600 1126 1667 Quae
1179 1609 1323 1655 terra
1374 1601 1439 1655 de
1469 1599 1608 1654 coelo
1650 1613 1866 1668 semper

264 1695 515 1764 pluviam
544 1700 845 1764 exspectat,
875 1690 1001 1762 quia
1031 1693 1313 1747 desursum
1338 1691 1566 1763 gratiam
1595 1691 1864 1746 desiderat

270 1785 483 1840 habere
509 1784 781 1849 divinam;
828 1799 992 1855 quam
1020 1784 1282 1838 Dominus
1310 1783 1452 1838 Deus
1490 1798 1704 1854 semper
1728 1784 1865 1838 invi-

1973 709 1991 742 ι
2021 691 2202 747 hueris
2229 700 2390 760 atque
2418 689 2745 752 surrexeris,
2779 689 2987 745 scribes
3010 704 3073 744 ea
3105 694 3271 760 super
3296 702 3477 762 postes
3499 706 3555 749 et

1973 800 1991 831 ε
2017 781 2213 850 januas
2234 783 2287 837 in
2313 785 2473 838 domo
2495 791 2609 846 tua,
2640 791 2699 836 ut
2724 781 3153 852 multiplicemur
3178 783 3293 838 dies
3322 785 3398 839 tui
3420 795 3472 840 et
3496 786 3558 839 ﬁ-

1971 891 1990 923 ‹
2022 873 2215 943 liorum
2264 881 2510 939 tuorum,
2566 874 2620 927 in
2676 882 2821 928 terra
2856 890 3015 942 quam
3050 874 3252 944 juravit
3295 875 3555 933 Dominus

1971 979 1990 1008 ι
2022 961 2268 1031 patribus
2295 961 2420 1025 tuis,
2453 970 2559 1015 etc.
2603 981 2621 1012 ι
2651 960 2788 1027 Quid
2829 970 2918 1016 est
2948 965 3090 1031 quod
3121 966 3375 1033 praecepit
3418 966 3559 1037 Moy-

1967 1068 2054 1108 ses
2096 1053 2482 1107 commendans
2524 1054 2690 1107 verba
2724 1053 2959 1120 Domini,
2989 1062 3043 1108 et
3074 1055 3184 1108 ait:
3215 1074 3234 1105 ‹
3292 1055 3556 1111 Scrihetis

1966 1157 2128 1212 super
2154 1141 2337 1196 limina
2375 1142 2661 1197 domorum
2690 1152 2994 1198 vestrarum
3028 1164 3045 1196 ι
3078 1161 3201 1200 cum
3226 1147 3328 1202 hoc
3358 1162 3553 1203 secun-

1967 1231 2092 1285 dum
2138 1231 2735 1301 proprietatemnemo
2781 1233 2974 1288 fecisse
3011 1233 3375 1291 lsraelitarum
3408 1254 3557 1294 com-

1968 1330 2302 1376 memoratur
2330 1321 2416 1376 vel
2443 1322 2693 1394 legatur?
2718 1323 2853 1391 Quia
2884 1340 2983 1381 nec
3030 1327 3317 1397 quisquam
3354 1338 3550 1399 potest.

1966 1413 2068 1468 nisi
2099 1412 2238 1468 forte
2267 1412 2472 1468 dividat
2502 1429 2566 1468 ea
2611 1429 2711 1484 per
2734 1414 2935 1470 multas
2960 1426 3145 1486 partes
3174 1419 3366 1474 domus
3401 1421 3555 1475 sure?

1964 1503 2048 1557 An
2100 1504 2445 1575 bypcrbolica
2474 1507 2872 1562 commendatio
2923 1515 3026 1574 est,
3078 1509 3218 1564 sicut
3258 1511 3425 1566 inulta
3467 1513 3551 1566 di-

1964 1594 2194 1648 cuntur?

2588 1685 2817 1744 CAPUT
2848 1687 2934 1743 Ill.

1968 1798 2045 1854 De
2068 1816 2128 1872 ego
2152 1801 2291 1872 quod
2319 1802 2551 1872 prohibet
2577 1800 2893 1872 holocausta,
2910 1805 2964 1857 in
3004 1805 3146 1857 omni
3180 1803 3294 1857 loco
3328 1804 3552 1859 Domine

263 1875 365 1942 sit,
399 1876 525 1946 quia
556 1875 771 1931 caelesti
800 1874 945 1930 illam
984 1890 1209 1930 munere
1240 1875 1430 1945 replet.
1473 1875 1541 1929 Et
1560 1876 1699 1930 oculi
1723 1875 1865 1930 illius
1894 1873 1940 1931 Β
2037 1870 2237 1946 offerri,
2274 1870 2559 1946 primitias,
2590 1871 2919 1946 (lacrimasque
2960 1875 3178 1946 comedi,
3207 1875 3297 1928 sed
3326 1884 3556 1928 tonum:-

268 1974 403 2020 sunt
430 1966 484 2020 in
512 1981 577 2021 ea
600 1980 632 2019 a
659 1965 925 2035 principio
946 1966 1072 2020 anni
1099 1980 1270 2034 usque
1291 1966 1359 2020 ad
1380 1964 1543 2020 ﬁnem
1573 1964 1709 2034 ejus,
1735 1965 1858 2036 quia

264 2054 593 2125 propitiatio
631 2052 749 2124 ejus
776 2055 845 2108 ab
877 2053 1029 2109 initio
1062 2055 1219 2109 bona:
1256 2054 1555 2109 voluntatis
1585 2070 1757 2126 usque
1791 2056 1861 2111 ad

269 2144 672 2215 perfectionem
701 2144 829 2199 boni
857 2145 1040 2215 Operis
1067 2160 1224 2199 usum
1252 2145 1377 2199 vitae
1411 2159 1629 2214 semper
1660 2145 1861 2217 dirigit.

271 2235 433 2291 Unde
458 2235 746 2290 Psalmista
770 2236 874 2290 ait:
907 2253 925 2286 ι
976 2234 1130 2291 Oculi
1159 2235 1372 2290 Domini
1404 2249 1568 2305 super
1587 2236 1784 2307 justos,
1810 2245 1865 2291 et

266 2341 436 2382 aures
456 2325 573 2395 ejus
591 2326 647 2381 in
662 2340 855 2396 preces
877 2341 1065 2382 eorum
1084 2325 1256 2400 (Psal.
1289 2326 1500 2398 xxxm).
1526 2346 1545 2379 ι
1570 2326 1701 2383 Tale
1718 2328 1863 2383 enim

268 2416 477 2471 donum
514 2417 796 2488 percipere
838 2432 960 2472 cum
999 2417 1201 2488 ingenti
1246 2418 1534 2483 desiderio,
1567 2416 1709 2472 idem
1739 2432 1866 2488 pro-

264 2508 432 2577 pheta
452 2506 691 2576 postulat
727 2507 952 2563 dicens:
980 2525 999 2558 ‹
1029 2507 1398 2563 Misericordia
1429 2508 1546 2579 ejus
1560 2509 1864 2577 prteveniet

271 2615 362 2654 me
398 2596 576 2674 (Psal.
618 2600 795 2672 LVIII).
818 2621 838 2653 9
884 2600 952 2655 Et
979 2601 1108 2655 item
1137 2620 1150 2655 :
1180 2619 1199 2651 σ
1246 2600 1638 2665 Misericordia,
1664 2600 1858 2670 inquit,

267 2691 389 2759 ejus
425 2692 791 2764 subsequatur
835 2710 944 2759 me,
974 2694 1230 2750 omnibus
1259 2694 1449 2749 diebus
1470 2693 1596 2747 vita:
1618 2707 1771 2757 mere,
1803 2700 1864 2746 ut

270 2783 571 2840 inhabilem
617 2784 672 2841 in
702 2785 864 2841 domo
906 2786 1143 2852 Domini,
1171 2786 1230 2840 in
1268 2785 1603 2857 longitudine
1652 2786 1863 2840 dierum

266 2873 447 2946 (Paul.
477 2875 635 2950 nn).
660 2896 678 2928 ι
706 2877 773 2931 Et
801 2876 928 2932 item
956 2895 969 2931 :
1002 2895 1020 2928 ‹
1055 2876 1225 2933 Unam
1252 2877 1405 2947 petii,
1430 2877 1532 2943 ait,
1556 2893 1588 2930 a
1612 2876 1861 2942 Domino,

269 2965 417 3022 hanc
450 2968 756 3039 requiram:
811 2976 871 3023 ut
908 2967 1207 3024 inhabilem
1236 2968 1290 3022 in
1339 2968 1498 3024 domo
1542 2967 1780 3034 Domini,
1808 2968 1862 3023 in

266 3055 606 3130 longitudine
629 3057 840 3114 dierum
868 3058 1042 3132 (Psal.
1070 3061 1240 3133 xxvi).
1276 3081 1294 3113 ι
1329 3059 1467 3115 llinc
1495 3068 1553 3128 et
1570 3059 1863 3133 Apostolus

266 3151 390 3205 ait:
421 3170 440 3202 ι
486 3152 630 3207 Deus
652 3153 797 3206 enim
821 3153 921 3223 qui
947 3162 1205 3223 operatur
1241 3153 1295 3207 in
1337 3153 1514 3219 nobis,
1546 3162 1600 3209 et
1641 3153 1782 3209 velle
1809 3162 1863 3209 et

265 3241 538 3313 perﬁcere
573 3258 670 3313 pro
694 3243 836 3298 bona
864 3243 1139 3299 voluntate
1165 3243 1333 3316 (Phil.
1358 3248 1443 3313 tt},
1468 3265 1488 3297 ι

346 3355 367 3388 ι
398 3336 455 3392 Si
483 3352 611 3408 ergo
630 3336 941 3393 obedieritis
961 3335 1231 3393 mandatis
1256 3337 1413 3404 meis,
1440 3353 1561 3408 qua:
1582 3353 1682 3410 ego
1703 3339 1865 3394 hodie

272 3447 295 3481 ι
311 3428 575 3500 prtecipio
591 3426 764 3496 vobis,
783 3436 842 3483 ut
862 3428 1099 3499 diligatis
1113 3427 1399 3483 Dominum
1419 3428 1587 3484 Deum
1601 3437 1862 3497 vestrum,

274 3536 295 3570 ι
324 3528 383 3575 et
409 3519 661 3575 serviatis
687 3520 737 3574 ei
763 3519 817 3574 in
836 3527 963 3574 toto
989 3520 1152 3574 corde
1178 3527 1383 3586 vestro,
1427 3528 1483 3575 et
1509 3521 1562 3574 in
1589 3527 1698 3574 tota
1743 3520 1863 3574 ani-

266 3631 294 3665 ‹
326 3628 415 3667 ma
446 3620 647 3679 vestra,
678 3609 828 3668 dabit
873 3612 1111 3683 pluviam
1161 3620 1318 3667 terra:
1357 3621 1557 3667 vestra:
1603 3622 1868 3682 tempora-

272 3723 295 3756 ‹
328 3719 487 3758 neam
520 3712 579 3759 et
622 3704 943 3769 serotinam,
986 3711 1052 3758 ut
1106 3702 1372 3772 colligatis
1429 3701 1779 3765 frumentum,
1809 3710 1865 3756 ct

268 3798 484 3863 vinum,
510 3803 564 3851 et
588 3796 789 3851 oleum.
818 3815 837 3848 ι
874 3793 1014 3862 Quid
1040 3794 1144 3849 hoc
1185 3793 1306 3848 loco
1336 3808 1434 3863 per
1463 3792 1723 3862 pluviam,
1760 3792 1862 3847 nisi

272 3890 441 3944 verba
464 3904 633 3944 sacrm
660 3888 1060 3959 praedicationis
1105 3885 1440 3957 accipimus?
1481 3884 1621 3939 'sicut
1648 3884 1715 3939 de
1741 3902 1860 3940 san-

268 3982 380 4036 ctis
409 3980 725 4035 doctoribus
753 3978 822 4033 ab
859 3977 1062 4034 oll‘ensa
1107 3977 1291 4032 Judzca
1317 3975 1701 4047 prmdicatione
1740 3991 1861 4030 sus-

267 4071 476 4142 pensis,
506 4071 767 4141 scriptum
819 4081 948 4125 est:
988 4068 1252 4123 laudabo
1301 4067 1533 4122 nubibus
1563 4079 1630 4120 ne
1676 4066 1865 4136 pluant

270 4179 439 4235 super
473 4179 592 4219 eam
624 4164 850 4219 imbrem
897 4171 1319 4234 tcmporaueam,
1357 4161 1483 4231 quia
1508 4168 1634 4232 potu
1662 4169 1863 4216 sanctze

270 4254 677 4325 praedicationis
706 4255 1018 4323 irrigamur,
1041 4268 1167 4308 cum
1205 4268 1331 4308 vera
1370 4252 1673 4308 humilitate
1697 4253 1861 4308 aridi-

273 4354 444 4399 tatem
495 4344 669 4400 nostri
720 4345 900 4400 cordis
954 4344 1315 4415 agnoscimus.
1368 4344 1519 4400 Unde
1574 4354 1720 4400 recte
1764 4359 1862 4414 per

270 4438 617 4494 Psalmistam
647 4438 761 4493 Deo
801 4438 1031 4492 dicitur:
1063 4456 1081 4488 ι
1126 4438 1318 4492 Anima
1349 4452 1491 4502 mea,
1540 4438 1680 4493 sicut
1716 4445 1860 4492 terra

270 4533 394 4588 sine
427 4548 590 4602 aqua,
632 4532 726 4587 tibi
754 4531 891 4604 (Isa.
920 4531 1026 4604 ιγ).
1051 4554 1068 4584 ι
1104 4532 1199 4587 llis
1238 4531 1501 4586 doctrinm
1538 4530 1753 4587 fluentis
1779 4531 1859 4585 in-

268 4622 424 4677 fundi
452 4623 730 4693 Propheta
772 4624 1030 4678 admonet
1055 4624 1274 4678 dicens:
1305 4640 1322 4672 ι
1355 4620 1632 4685 Siticntes,
1676 4621 1859 4676 venite

268 4714 340 4768 ad
360 4728 556 4783 aquas.
582 4734 600 4765 ι
644 4714 744 4779 Qui
771 4714 898 4768 dum
926 4726 1172 4768 extrema
1210 4713 1264 4767 in
1284 4721 1440 4782 parte
1469 4712 1654 4767 szcculi
1692 4713 1857 4769 verba

270 4812 482 4858 saneta:
525 4804 925 4874 prtedicationis
954 4804 1271 4874 accipimus,
1302 4804 1456 4873 quasi
1502 4804 1680 4874 pluvia
1711 4820 1859 4861 sero-

267 4895 392 4949 tiua
423 4894 730 4965 irrigamur.
749 4895 878 4963 Quae
898 4895 1153 4950 nimirum
1176 4896 1412 4951 serotiua
1453 4895 1765 4967 prmdicatio
1790 4896 1858 4951 ad

273 4998 378 5038 nos
405 4983 653 5053 pervenit
679 5000 747 5037 ex
775 4983 893 5053 ejus
920 4985 1208 5051 sacriﬁcio,
1254 4987 1347 5057 qui
1388 5002 1486 5057 per
1517 4985 1857 5040 Psalmistam

272 5074 391 5127 ait:
427 5092 445 5125 ι
475 5073 715 5129 Elevatio
736 5091 993 5131 manuum
1015 5092 1278 5142 mearum,
1304 5068 1861 5148 sacriﬁciutn'vesper-

274 5164 472 5217 tinum.
498 5185 517 5217 ι
552 5164 689 5232 Quia
718 5167 861 5221 enim
899 5167 1229 5237 Redemptor
1270 5176 1454 5223 uoster
1492 5167 1649 5237 juxta
1677 5168 1859 5223 mundi

272 5255 442 5308 ﬁnem
473 5256 579 5309 vim
603 5259 1047 5327 persequentium
1090 5258 1330 5329 pertulit,
1379 5259 1725 5329 semetipsum
1758 5274 1859 5328 pro

273 5344 437 5400 nobis
462 5345 791 5401 sacriﬁcium
815 5350 984 5404 dedit.
1020 5348 1224 5419 Populo
1262 5364 1390 5420 ergo
1425 5349 1860 5419 repromissionis

272 5444 482 5489 terram
506 5437 799 5503 intrature,
823 5440 1000 5508 pluvia
1025 5451 1372 5511 teniporauea
1397 5449 1453 5495 et
1478 5442 1715 5496 serotina
1741 5458 1863 5511 pro-

273 5527 536 5594 mittitur,
563 5530 707 5599 quod
736 5546 834 5586 nos
879 5530 1079 5586 factum
1112 5532 1428 5601 spiritaliter
1455 5533 1566 5602 jam
1596 5533 1858 5588 videmus.

275 5615 713 5686 Temporaneam
761 5621 961 5691 quippe
1004 5622 1242 5692 pluviam
1288 5623 1455 5689 dedit,
1503 5625 1630 5694 quia
1675 5623 1864 5681 electis

271 5710 393 5767 suis
416 5709 600 5780 priore
630 5719 872 5781 tempore
897 5712 1031 5784 legis
1068 5712 1411 5774 intellectum
1429 5714 1675 5770 contulit.
1708 5714 1866 5771 Sero-

268 5804 451 5857 tinam
472 5818 688 5874 quoque
714 5805 950 5874 pluviam
974 5805 1179 5873 tribuit,
1207 5807 1331 5876 quia
1362 5808 1648 5879 prtcdicari
1679 5808 1865 5864 diebus

2035 1944 2192 1993 modo
2214 1940 2283 1994 in
2298 1940 2411 1996 loco
2430 1957 2582 2012 quem
2616 1940 2842 2012 elegerit
2858 1943 3134 1998 Dominus.

2039 2050 2189 2123 (αλιι.
2222 2053 2344 2127 xu.)
2378 2071 2396 2103 ι
2431 2051 2574 2108 Cave
2608 2068 2678 2108 ne
2720 2053 2920 2110 oﬁ‘eras
2971 2057 3285 2112 holocausta
3320 2058 3372 2111 in
3405 2059 3553 2112 (nisui

1972 2159 1991 2191 ‹
2024 2141 2145 2197 loco
2166 2157 2328 2212 quem
2352 2142 2575 2211 videris,
2618 2146 2717 2201 sed
2742 2147 2796 2201 in
2821 2162 2887 2201 co
2931 2162 3090 2216 quem
3122 2148 3347 2219 elegerit
3375 2149 3554 2204 Domi-

1970 2253 1988 2286 ι
2020 2251 2142 2290 nus.
2171 2234 2229 2289 lu
2255 2252 2359 2290 una
2386 2237 2628 2291 tribuum
2673 2247 2888 2293 tuarum
2914 2237 3114 2295 oll‘crcs
3145 2240 3368 2307 hostias,
3398 2252 3449 2295 ct
3486 2244 3556 2296 fa-

1970 2344 1990 2376 ι
2024 2326 2137 2381 cies
2168 2342 2509 2399 quaecunque
2534 2330 2792 2400 prtecipio
2836 2330 2954 2397 tibi,
2994 2340 3049 2387 ct
3098 2332 3324 2404 reliqua.
3362 2355 3379 2387 ι
3413 2335 3555 2402 Quid

1965 2429 2145 2475 autem
2174 2431 2259 2476 est
2279 2423 2421 2493 quod
2450 2423 2535 2478 lex
2571 2424 2845 2482 lsraelitas
2876 2434 3023 2482 vetat
3049 2427 3101 2482 in
3137 2428 3285 2483 omni
3315 2426 3435 2482 loco
3460 2427 3559 2480 ho-

1959 2507 2206 2564 locausta
2232 2509 2448 2578 offerre,
2483 2512 2577 2568 sed
2601 2513 2654 2568 in
2686 2530 2752 2570 eo
2780 2530 2942 2585 quem
2989 2516 3213 2589 elegerit
3248 2517 3553 2572 Dominum?

1964 2599 2067 2654 nisi
2101 2609 2159 2654 ut
2202 2616 2300 2671 per
2326 2602 2432 2657 hoc
2485 2612 2728 2675 amputet
2757 2607 3103 2661 occasionem
3137 2605 3295 2683 idolis
3348 2608 3556 2661 sacriﬁ-

1964 2693 2144 2748 candi.
2176 2694 2301 2750 ldco
2327 2696 2472 2750 enim
2504 2697 2585 2752 eis
2612 2700 2868 2769 praecepit
2899 2700 2951 2754 in
2996 2700 3197 2772 templo
3220 2710 3274 2756 ct
3303 2701 3354 2755 in
3386 2702 3555 2756 altare
3628 2706 3640 2718 ‘

1965 2784 2180 2840 Domini
2211 2774 2421 2844 hostias
2451 2778 2668 2858 oﬁ‘erre,
2692 2801 2751 2846 ut
2782 2793 2871 2847 ubi
2901 2792 3089 2864 religio
3119 2794 3329 2865 integra
3355 2796 3557 2851 existe-

1964 2874 2079 2940 bat,
2111 2875 2186 2931 ibi
2216 2885 2271 2931 et
2291 2878 2471 2933 cultus
2498 2895 2772 2953 congruos
2808 2883 3177 2938 exhiberetur.
3212 2883 3433 2956 Mysticc
3461 2901 3557 2938 au~

1968 2975 2073 3019 tem
2101 2964 2480 3024 innuit-nobis
2508 2969 2713 3025 nullum
2749 2971 3095 3039 sacriﬁcium,
3120 2973 3328 3028 nullum
3360 2990 3556 3031 munus

1964 3054 2075 3111 Deo
2105 3059 2440 3129 acccptabile
2489 3060 2607 3117 fore
2656 3072 2810 3118 extra
2857 3064 3156 3120 Ecclesiam
3205 3066 3551 3133 catholicam,

1965 3150 2092 3220 quia
2120 3151 2241 3226 ipse
2274 3162 2355 3208 est
2405 3153 2558 3211 locus
2583 3170 2745 3227 quem
2795 3157 2959 3230 elegit
2988 3156 3269 3225 Dominus,
3305 3167 3364 3213 ut
3390 3170 3557 3230 pmltll

1889 3238 1934 3299 C
1966 3260 2165 3301 nomen
2197 3262 2354 3302 suum
2382 3247 2479 3314 ibi,
2510 3256 2565 3303 et
2590 3248 2799 3305 habitet
2825 3251 2878 3304 in
2899 3264 2983 3306 co.
3016 3249 3169 3307 Unde
3195 3259 3250 3305 ct
3277 3252 3553 3321 sequitur:

1974 3356 1993 3389 ι
2020 3337 2139 3393 Non
2168 3339 2377 3410 poteris
2401 3341 2690 3397 comedere
2711 3341 2763 3395 in
2787 3342 3003 3413 Oppidis
3024 3343 3291 3399 decimam
3319 3342 3557 3399 frumcn-

1975 3448 1993 3479 ι
2027 3429 2065 3483 ti
2101 3436 2155 3483 et
2185 3430 2298 3485 viui
2333 3439 2387 3486 ct
2416 3430 2521 3487 olei
2571 3432 2669 3499 tui,
2709 3435 3067 3505 primogenita
3104 3444 3473 3490 artncntorum
3504 3446 3557 3489 et

1973 3535 1994 3568 σ
2022 3532 2298 3588 pecorum,
2334 3529 2387 3574 ct
2417 3522 2600 3575 omnia
2629 3537 2750 3590 qua:
2775 3524 3009 3590 voveris,
3055 3532 3110 3579 et
3143 3526 3413 3594 primitias
3446 3544 3559 3580 ma-

1974 3625 1992 3657 ‹
2023 3622 2186 3660 nuum
2217 3617 2462 3674 tuarum;
2504 3609 2598 3664 sed
2626 3626 2809 3664 coram
2862 3611 3089 3666 Domino
3117 3611 3228 3668 Deo
3258 3622 3350 3669 tuo
3378 3630 3557 3669 come-

1971 3716 1991 3748 ς
2020 3696 2116 3751 des
2142 3712 2227 3762 ea,
2254 3697 2307 3751 in
2340 3696 2459 3753 loco
2486 3713 2645 3768 quem
2693 3700 2921 3773 elegerit
2950 3700 3212 3758 Dominus
3242 3705 3383 3759 Deus
3412 3715 3550 3769 tuus,

1973 3807 1991 3837 ι
2020 3794 2076 3842 et
2103 3794 2158 3840 tu
2185 3794 2240 3842 et
2270 3786 2414 3842 ﬁlius
2448 3797 2594 3855 tuus,
2622 3797 2679 3844 et
2705 3788 2813 3844 filia
2853 3798 2964 3857 tua,
3022 3804 3212 3847 servus
3245 3802 3301 3847 et
3331 3793 3551 3859 famula,

1972 3901 1989 3931 ι
2020 3889 2184 3952 atque
2211 3879 2428 3938 Levites
2461 3883 2553 3954 qui
2581 3892 2765 3939 manet
2793 3884 2846 3940 iu
2890 3884 3119 3940 urbibus
3150 3885 3296 3963 tuis;
3326 3894 3380 3940 et
3408 3886 3555 3939 la‘ta-

1970 3995 1989 4027 ι
2018 3977 2183 4043 beris,
2216 3984 2269 4032 et
2300 3976 2565 4033 reﬁcietis
2592 3993 2779 4033 coram
2824 3977 3055 4034 Domino
3088 3978 3198 4035 Deo
3227 3988 3318 4034 tuo
3347 3980 3399 4033 in
3423 3996 3556 4033 cun-

1968 4090 1987 4120 ς
2019 4069 2121 4123 clis
2142 4068 2209 4123 ad
2238 4083 2358 4138 qua:
2384 4068 2694 4125 extenderis
2733 4084 2953 4124 manum
2980 4077 3147 4125 tuam.
3178 4089 3197 4122 ι
3246 4068 3553 4125 Secundum

1965 4159 2319 4230 tropologiam
2369 4160 2695 4216 contradicit
2731 4160 2887 4215 nobis
2922 4176 3082 4216 sacra
3131 4159 3434 4229 Scriptura,
3483 4176 3552 4216 ne

1962 4249 2309 4304 comedamus
2332 4249 2385 4303 in
2413 4249 2625 4320 oppidis
2657 4249 2861 4304 nostris
2890 4249 3159 4305 decimam
3205 4248 3462 4303 frumenti
3493 4258 3550 4304 et

1961 4338 2071 4392 vini
2094 4345 2155 4393 et
2180 4338 2306 4406 olei,
2341 4340 2466 4409 quia
2505 4338 2663 4393 valde
2713 4338 2997 4410 indignum
3026 4350 3110 4396 est
3158 4346 3217 4395 ut
3257 4339 3396 4394 dona
3431 4355 3551 4409 qua:

1960 4445 2029 4483 ex
2061 4428 2241 4482 divina
2268 4429 2517 4501 largitate
2547 4439 2828 4501 percepta,
2878 4430 3107 4486 Domino
3135 4430 3248 4486 Deo
3269 4430 3552 4486 universo-

1964 4537 2081 4575 rum
2135 4520 2433 4591 oll‘erimus,
2465 4537 2529 4577 ea
2565 4523 2769 4579 nostris
2798 4523 3004 4577 viribus
3030 4521 3117 4578 vel
3160 4521 3552 4591 benevolentia:

1890 4590 1937 4648 D
1963 4590 2317 4667 ascribamus.
2349 4610 2523 4667 Oll‘ert
2544 4627 2676 4684 ergo
2718 4612 2984 4669 decimam
3013 4611 3272 4667 frumenti
3305 4612 3392 4668 vel
3416 4590 3547 4679 vini,

1964 4709 2048 4763 vel
2079 4708 2180 4763 olei
2208 4708 2260 4762 in
2290 4709 2503 4779 oppidis
2550 4709 2689 4776 suis,
2729 4710 2822 4781 qui
2851 4708 2936 4763 vel
2963 4707 3160 4780 bonam
3185 4707 3547 4775 voluntatem,

1963 4803 2047 4856 vel
2070 4782 2305 4872 gratiam
2342 4802 2664 4873 spiritalem,
2691 4784 2777 4857 vel
2805 4800 3065 4855 virtutum
3095 4815 3251 4871 opem
3291 4801 3405 4856 suis
3437 4817 3552 4857 mc-

1965 4895 2104 4959 ritis,
2145 4894 2225 4948 vel
2275 4890 2507 4964 propria:
2542 4895 2729 4949 virtuti
2774 4894 3016 4963 deputat,
3061 4900 3127 4949 et
3159 4893 3284 4948 inde
3310 4895 3552 4966 graviter

1967 4983 2135 5038 Deum
2184 4983 2429 5050 offendit,
2472 4999 2596 5040 cum
2633 5000 2786 5039 suam
2816 5000 2920 5040 non
2962 4984 3058 5040 Dei
3088 4984 3303 5040 laudem
3331 4986 3546 5056 qumrit.

1964 5075 2058 5131 ille
2090 5093 2218 5149 ergo
2248 5078 2302 5132 in
2325 5077 2445 5134 loco
2470 5077 2580 5133 Deo
2608 5078 2780 5133 electo
2805 5086 2929 5134 vota
2954 5093 3052 5134 sua
3081 5077 3183 5133 rite
3218 5086 3274 5131 et
3300 5078 3550 5139 ordinato

1966 5168 2219 5234 exsolvit,
2256 5169 2350 5239 qui
2379 5170 2521 5239 quod
2554 5170 2608 5224 in
2649 5185 2710 5225 se
2741 5171 2867 5225 boni
2908 5170 3173 5241 agnoscit,
3224 5168 3326 5223 hoc
3353 5168 3548 5222 divina:

1966 5260 2153 5330 pietati
2184 5276 2288 5314 non
2335 5276 2447 5315 suae
2493 5262 2679 5316 virtuti
2722 5261 2930 5317 tribuit.
2972 5260 3211 5317 Allectus
3236 5259 3381 5312 enim
3404 5272 3549 5312 verae

1918 5380 1933 5388 -
1964 5352 2288 5408 humilitatis
2336 5361 2500 5422 atque
2546 5352 2888 5418 innocentiae,
2938 5353 3144 5419 absque
3185 5347 3348 5404 dubio
3392 5346 3545 5402 locus

1963 5451 2047 5497 est
2074 5457 2234 5512 quem
2283 5441 2445 5511 elegit
2490 5441 2769 5498 Dominus.
2825 5443 2893 5496 Et
2923 5443 3013 5512 qui
3042 5443 3096 5495 in
3122 5455 3190 5495 eo
3216 5437 3370 5492 bonis
3413 5452 3544 5507 ope-

1969 5535 2117 5589 ribus
2146 5533 2347 5599 studet,
2375 5534 2629 5588 nimirum
2677 5535 2788 5590 Deo
2812 5549 2908 5604 per
2933 5539 3139 5601 gratum
3167 5542 3365 5583 munus
3393 5527 3550 5583 exhi-

1969 5626 2079 5681 bet.
2108 5625 2237 5679 Inde
2271 5625 2359 5681 lex
2400 5625 2553 5695 jubet
2590 5624 2760 5678 ﬁlium
2805 5639 2869 5678 ac
2912 5623 3094 5684 tiliam,
3127 5633 3345 5673 servum
3375 5635 3440 5674 ac
3464 5617 3547 5673 fa-

1970 5717 2197 5783 mulam,
2222 5726 2387 5787 atque
2429 5716 2692 5776 Levitam,
2723 5729 2907 5769 coram
2937 5710 3162 5766 Domino
3192 5710 3366 5768 laetari
3388 5720 3553 5785 atque

1974 5808 2219 5874 reﬁcere,
2270 5808 2397 5877 quia
2448 5803 2773 5876 generaliter
2807 5803 2910 5857 hoc
2937 5808 3268 5871 prtcceptum
3296 5802 3551 5858 omnibus
