3964 6192
474 317 608 384 .8'9

1171 320 1236 375 Β.
1275 319 1524 375 RABANI
1567 321 1787 376 MAURI
1822 320 2138 377 ARCHIEP.
2182 320 2488 376 MOGUNT.
2529 319 2816 378 OPFJiUM
2853 320 3031 378 PARS
3060 321 3102 380 Ι.

3580 322 3666 389 880

498 433 849 488 constitutum
869 440 973 500 est,
1006 441 1066 487 ut
1087 431 1409 488 humilitatis
1432 440 1488 488 et
1511 432 1941 488 mansuetudinis
1966 432 2074 487 vir—
2100 434 2147 494 Α
2177 430 2468 487 iznmolatis
2516 432 2954 501 simulacrorum,
2986 444 3043 492 et
3069 437 3337 506 sanguine,
3384 446 3433 493 et
3456 439 3669 504 suﬂocato

499 535 669 582 tutem
695 537 880 581 coram
906 523 1038 591 Deo,
1075 525 1180 579 hoc
1203 533 1289 578 est
1330 523 1384 577 in
1425 523 1735 578 sinceritate
1759 531 1814 576 et
1838 521 2073 593 puritate

499 618 719 683 mentis,
751 632 814 673 ac
843 618 959 672 sine
988 617 1328 672 simulatione
1355 624 1695 679 conservent,
1724 622 1886 683 atque
1912 614 1963 668 io
1984 626 2071 677 eo,

499 725 620 779 qum
648 711 786 763 bona
822 708 1050 778 possint,
1078 715 1255 778 agant.
1289 707 1459 761 Homo
1488 707 1632 761 enim
1660 705 1805 759 videt
1833 704 1885 757 in
1915 703 2071 767 facie,

497 799 643 854 Deus
672 806 852 854 autem
898 799 1140 853 intuetur
1183 813 1297 852 cor.
1328 798 1526 865 llleque
1551 811 1677 851 vere
1724 794 1954 858 laetatur,
1982 793 2075 862 qui

499 888 729 958 spiritali
772 896 933 956 atque
982 901 1215 955 superno
1269 887 1466 956 gaudio
1518 885 1778 940 reficitur.
1833 883 1987 939 Unde
2019 891 2074 935 et

501 978 691 1034 doctor
721 979 956 1048 gentium
997 992 1096 1031 nos
1126 977 1391 1042 hortatur,
1440 976 1660 1031 dicens:
1693 993 1711 1024 ι
1752 973 1990 1028 Gaudete
2018 972 2073 1026 in

501 1065 730 1122 Domino
754 1082 989 1137 semper,
1025 1067 1219 1121 iterum
1249 1067 1390 1132 dico,
1411 1067 1657 1137 gaudete.
1699 1064 1954 1119 Modestia
1985 1078 2075 1118 ve-

501 1165 615 1210 atra
663 1164 790 1228 nota
833 1156 904 1209 sit
929 1156 1180 1211 omnibus
1236 1155 1543 1211 hominibus
1573 1154 1790 1226 (Philip.
1816 1153 1906 1224 tv).
1933 1173 1953 1204 ι
2008 1153 2078 1208 Ει

502 1246 696 1301 iterum
722 1264 734 1301 :
770 1263 787 1297 ι
818 1245 919 1313 Qui
947 1245 1224 1316 gloriatur,
1262 1246 1455 1316 inquit,
1486 1246 1540 1299 in
1566 1245 1791 1299 Domino
1822 1243 2077 1313 glorietur

500 1340 555 1411 (Ι
593 1338 716 1394 Cor.
748 1337 812 1412 ι).
839 1358 857 1390 ι
886 1338 1174 1393 Humilitas
1204 1346 1381 1393 autem
1401 1354 1560 1407 quam
1591 1337 1893 1392 necessaria
1919 1335 2076 1390 nobis

501 1433 591 1493 sit,
630 1430 907 1500 Scriptura
936 1431 1290 1493 demonstrat,
1320 1429 1503 1483 dicens
1529 1446 1541 1481 :
1566 1447 1583 1477 ι
1616 1427 1826 1493 Quanto
1850 1440 2075 1496 magnus

501 1538 580 1585 es,
634 1520 853 1575 humilia
901 1528 950 1573 te
1001 1520 1053 1573 in
1098 1520 1346 1575 omnibus
1394 1518 1616 1590 (Eccles.
1644 1517 1748 1588 tu).
1777 1537 1795 1568 ι
1839 1516 1903 1569 Ει
1934 1516 2075 1584 Apoc

500 1611 709 1666 stolus:
742 1630 759 1661 ι
796 1611 1006 1676 Gratia,
1058 1612 1248 1682 inquit,
1296 1611 1388 1665 Dei
1419 1626 1539 1665 sum
1583 1609 1636 1663 id
1667 1607 1808 1678 quod
1849 1622 1991 1670 sum,
2020 1614 2073 1659 et

502 1700 676 1769 gratia
724 1700 841 1770 ejus
882 1701 935 1754 in
987 1716 1072 1755 me
1122 1715 1292 1754 vacua
1338 1715 1443 1753 non
1499 1696 1618 1762 fuit,
1644 1695 1737 1752 sed
1764 1695 1939 1764 gratia
1960 1692 2075 1761 ejus

2171 532 2225 577 et
2251 522 2609 581 fornicatione
2639 523 2776 596 (Act.
2807 525 2918 598 xv).
2944 545 2963 579 ι
2990 525 3251 582 Praeterea
3288 530 3562 603 sanguinem
3576 535 3670 604 qui-

2172 613 2313 679 dem,
2341 614 2557 684 proprie
2588 613 2958 680 homicidium,
2989 630 3201 670 omnem
3224 618 3528 687 sanguinem,
3545 637 3670 680 omne

2173 701 2469 757 fraternum
2486 703 2669 758 odium
2692 703 3054 774 intelligamus
3078 720 3091 758 :
3120 706 3243 776 quia
3266 706 3350 776 qui
3376 709 3477 764 odit
3495 709 3669 768 fratrem

2173 808 2355 858 suum,
2380 793 2648 847 homicida
2675 802 2778 859 est,
2804 794 2945 850 sicut
2972 792 3202 850 Joannes
3238 797 3453 867 scripsit.
3482 799 3670 856 Dicimus

2173 898 2303 954 ergo
2354 900 2569 939 omnem
2622 885 2940 955 sanguinem
2973 926 2990 951 ,
3046 885 3356 954 injustitiam
3403 888 3671 946 dolosorum.

2180 992 2198 1024 ι
2229 975 2416 1029 Virum
2446 976 2590 1031 enim
2634 976 2957 1045 sanguinum
2987 985 3042 1031 et
3077 977 3317 1032 dolosum
3346 978 3676 1035 abominabitur

2176 1068 2457 1134 Dominus,
2490 1088 2509 1121 ›
2546 1076 2600 1123 et
2639 1084 2975 1138 quaecunque
3019 1070 3379 1140 proximorum
3420 1079 3556 1126 nocet
3581 1072 3677 1128 vita:

2173 1177 2271 1231 per
2297 1161 2520 1216 insidias
2540 1161 2830 1231 quaslibet,
2860 1160 2934 1216 ita
2962 1171 3021 1215 ut
3048 1161 3331 1216 homicidio
3352 1162 3545 1233 sanguis
3565 1178 3678 1218 com-

2174 1260 2414 1319 paretur,
2449 1259 2506 1305 et
2561 1259 2845 1320 propterea
2889 1250 2958 1304 ab
2989 1250 3134 1304 omni
3191 1252 3435 1320 sanguine
3458 1252 3676 1307 abstinere

2173 1347 2406 1409 oportet,
2440 1340 2675 1395 scientes
2703 1340 2830 1408 quia
2859 1355 3021 1409 super
3048 1341 3276 1404 animas,
3300 1355 3408 1409 qua:
3428 1341 3565 1397 talem
3584 1358 3678 1396 san-

2175 1431 2395 1501 guinem
2426 1431 2736 1494 comedunt,
2783 1430 2850 1484 de
2893 1430 3088 1499 quibus
3127 1430 3329 1484 dicebat
3372 1430 3680 1497 David,c0ui

2174 1524 2434 1577 devorant
2479 1522 2689 1591 plebem
2744 1536 2919 1575 meam
2971 1521 3113 1575 sicut
3163 1535 3335 1575 escam
3365 1522 3504 1589 panis
3546 1520 3678 1592 (Psal.

2173 1612 2319 1684 xm),
2349 1632 2367 1665 ι
2404 1612 2596 1666 faciem
2641 1628 2795 1667 suam
2842 1611 3096 1666 obfirmat
3121 1610 3279 1675 Deus,
3318 1610 3541 1664 videlicet
3559 1610 3680 1664 Chri-

2176 1712 2311 1758 stus.
2343 1721 2360 1753 ι
2398 1701 2519 1772 Ipse
2559 1710 2643 1757 est
2688 1702 2833 1757 enim
2883 1702 3060 1770 imago
3101 1701 3198 1756 Dei
3240 1700 3460 1766 Patris,»
3491 1700 3595 1769 quia
3613 1701 3684 1769 qui

503 1806 714 1862 semper
741 1794 793 1845 in
823 1807 907 1846 me
939 1799 1121 1846 manet
1147 1790 1196 1862 (1
1223 1790 1402 1844 Caria.
1429 1789 1491 1861 ι).
1519 1808 1537 1841 ι
1565 1787 1701 1842 IIine
1731 1786 1921 1841 Petrus
1958 1786 2033 1839 ait
2058 1798 2072 1837 :
2102 1785 2150 1843 Β
2181 1794 2311 1848 vidit
2334 1793 2528 1848 Filium
2549 1792 2686 1847 vidit
2709 1801 2764 1847 et
2805 1792 3044 1846 Patrem.
3094 1793 3210 1862 Ipse
3256 1792 3407 1846 etiam
3443 1791 3583 1861 judex
3606 1798 3682 1844 est.

509 1902 525 1931 ι
566 1882 953 1947 Humiliamini,
984 1883 1177 1952 inquit,
1206 1882 1303 1936 sub
1332 1881 1536 1951 potenti
1568 1895 1729 1934 manu
1756 1877 1874 1943 Dei,
1898 1885 1958 1931 ut
1978 1892 2074 1930 vos

504 1973 710 2028 cxaltet
737 1974 790 2027 in
838 1982 1080 2043 tempore
1106 1971 1453 2035 visitationis,
1496 1984 1711 2024 omnem
1754 1967 2072 2022 sollicitudi-

504 2078 626 2117 nem
653 2069 889 2116 vestram
919 2058 1264 2130 projicientes
1308 2058 1361 2112 in
1394 2073 1539 2123 eum,
1572 2056 1823 2127 quoniam
1855 2054 1957 2125 ipsi
1984 2069 2077 2107 eu-

503 2168 562 2206 ra
592 2161 677 2207 est
724 2151 791 2205 de
839 2151 1016 2206 vobis.
1046 2168 1065 2202 ι
1110 2150 1248 2204 Ilinc
1291 2157 1346 2203 et
1391 2149 1503 2218 ipsa
1534 2148 1745 2204 Veritas
1787 2145 2076 2216 discipulos

504 2244 756 2296 admonet
787 2240 1009 2294 dicens:
1035 2257 1054 2291 ι
1099 2237 1301 2293 Discite
1335 2252 1365 2291 a
1396 2253 1503 2303 me,
1535 2238 1658 2307 quia
1703 2235 1852 2291 mitis
1880 2250 1997 2289 sum
2024 2241 2078 2288 et

503 2330 721 2385 humilis
749 2328 930 2394 corde,
960 2336 1016 2383 et
1059 2328 1346 2382 invenietis
1392 2327 1633 2396 requiem
1681 2326 1961 2380 animabus
1988 2339 2078 2378 ve-

503 2423 631 2477 stris
664 2421 877 2491 (Matth.
900 2419 1000 2490 x1).
1034 2439 1053 2472 ι
1078 2419 1145 2473 Et
1173 2420 1332 2473 item:
1371 2437 1389 2467 ι
1431 2417 1618 2473 Omnis
1658 2417 1751 2486 qui
1779 2430 1836 2471 se
1878 2414 2079 2470 exalta-

506 2514 664 2577 verit,
694 2510 1111 2576 humiliabitur;
1156 2520 1211 2565 et
1257 2510 1347 2578 qui
1384 2525 1443 2564 se
1469 2507 1850 2571 lmmiliaverit,
1875 2504 2079 2559 exalta~

503 2604 668 2658 hitur.
698 2602 838 2658 Cave
869 2616 936 2656 ne
978 2600 1322 2671 derelinquas
1361 2600 1628 2665 Levitam,
1665 2597 1811 2652 omni
1841 2604 2080 2666 tempore

504 2712 611 2764 quo
634 2693 871 2749 versaris
890 2692 945 2747 in
968 2700 1136 2757 terra,
1155 2700 1210 2746 et
1234 2690 1437 2760 reliqua
1457 2689 1608 2761 (Luc.
1628 2686 1760 2760 xxv).
1787 2707 1805 2739 ι
1824 2684 1936 2740 Hac
1964 2684 2083 2754 qui—

503 2789 624 2842 dem
675 2783 945 2843 sententia
1001 2783 1088 2839 lex
1140 2782 1353 2840 Domini
1400 2781 1550 2837 verbi
1603 2779 1880 2836 ministros
1927 2776 2083 2831 nobis

501 2876 867 2941 commendat,
918 2884 1184 2947 quatenus
1223 2888 1576 2945 procuremus
1621 2869 1738 2940 ejus
1774 2869 1963 2925 solatia
1992 2867 2086 2922 de-

502 2970 637 3036 bita,
668 2969 791 3038 quia
821 2967 961 3022 sicut
986 2965 1186 3021 Levius
1205 2966 1258 3020 in
1280 2964 1462 3024 Veteri
1475 2963 1821 3020 Testamento
1840 2959 2082 3025 decimis,

504 3071 667 3130 atque
693 3057 969 3128 primitiis,
1021 3064 1185 3126 atque
1223 3054 1460 3109 donariis
1507 3068 1629 3123 qua:
1661 3050 1889 3107 Domino
1917 3056 2088 3120 popu-

506 3153 589 3205 lus
613 3150 894 3215 offerebat,
922 3161 1161 3219 congrue
1190 3147 1587 3210 nutriebantur,
1637 3145 1715 3198 sic
1747 3143 1924 3206 decet,
1947 3147 2007 3193 ut
2029 3138 2082 3193 in

505 3240 653 3295 Novo
678 3238 1022 3294 Testamento
1045 3238 1172 3292 boni
1192 3235 1390 3290 subditi
1419 3235 1506 3289 his
1525 3234 1618 3303 qui
1642 3232 1746 3288 sibi
1776 3232 1828 3285 in
1860 3230 2086 3285 Domino

504 3336 742 3401 praesunt
767 3328 916 3384 omni
934 3328 1221 3383 devotione
1242 3326 1552 3382 deserviant
1576 3343 1588 3378 :
1619 3324 1760 3380 sicut
1782 3333 1836 3379 et
1858 3322 2087 3393 Aposto-

508 3420 591 3474 lus
620 3416 1196 3474 Thessalouicensihus
1229 3416 1476 3471 scribens
1498 3415 1603 3470 ait:
1629 3432 1647 3466 ι
1692 3414 1963 3485 Rogamus
1991 3429 2085 3467 au-

509 3519 615 3561 tem
648 3523 763 3573 vos,
794 3506 1007 3573 fratres,
1035 3514 1096 3561 ut
1122 3506 1387 3563 noveritis
1413 3520 1506 3561 eos
1547 3505 1641 3575 qui
1670 3504 1916 3559 laborant
1943 3504 2085 3558 inter

500 3598 603 3653 vos
633 3608 688 3653 et
712 3606 951 3668 praesunt
972 3597 1127 3653 vobis
1157 3597 1223 3672 ’iu
1250 3596 1517 3660 Domino;
1545 3601 1600 3649 et
1629 3602 1854 3650 monent
1877 3608 1994 3660 vos,
2023 3600 2084 3648 ut

495 3686 753 3742 habeatis
787 3685 904 3740 illos
930 3684 1292 3740 abundantius
1322 3684 1373 3738 in
1411 3683 1679 3739 charitate
1699 3692 1921 3753 propter
1948 3695 2083 3751 opus

498 3776 741 3829 illorum.
794 3774 988 3829 Pacem
1033 3775 1231 3829 habete
1278 3790 1402 3828 cum
1450 3773 1530 3828 eis
1576 3770 1628 3846 (1
1653 3770 1832 3825 Thess.
1854 3771 1929 3843 v).
1963 3791 1981 3822 ι
2016 3770 2084 3823 Et

490 3868 634 3922 [alibi
660 3886 672 3921 :
701 3887 719 3917 ι
757 3866 1149 3931 Communicet,
1172 3867 1365 3935 inquit,
1389 3867 1439 3921 is
1459 3867 1550 3935 qui
1572 3864 1940 3921 catechizatur
1966 3879 2085 3917 ver-

489 3957 599 4021 ?bO,
629 3956 679 4010 ei
704 3957 795 4026 qui
818 3969 876 4009 se
897 3955 1198 4010 catechizat
1224 3955 1279 4008 in
1309 3954 1559 4008 omnibus
1585 3953 1743 4008 bonis
1764 3950 1906 4023 (Gal.
1934 3950 2029 4022 vr).
2058 3972 2075 4003 ι

498 4048 660 4103 ‘Unde
685 4055 741 4101 et
764 4045 1021 4100 Dominus
1044 4045 1313 4100 ordinavit
1352 4044 1436 4098 his
1459 4044 1549 4113 qui
1575 4043 1920 4113 Evangelium
1944 4058 2082 4097 nun-

509 4140 665 4204 tiant,
696 4138 763 4193 de
789 4127 957 4191 verbo
980 4144 1034 4190 et
1074 4134 1366 4205 Evangelio
1398 4133 1599 4190 vivere.

1120 4246 1348 4303 CAPUT
1377 4247 1467 4304 ιν.

504 4319 903 4376 (Ἶοηιηιςδηάατὶο
931 4316 1230 4373 Levitarum
1253 4327 1301 4373 et
1327 4318 1622 4373 interdictio
1644 4334 1763 4373 esus
1788 4318 2077 4390 sanguinis.

503 4417 506 4421 ’
579 4408 755 4481 (ιω.)
790 4427 808 4461 ι
836 4409 903 4464 Et
932 4407 977 4463 si
1000 4406 1235 4464 volueris
1269 4409 1522 4464 carnibus
1546 4410 1691 4464 vesci
1715 4425 1849 4479 quas
1874 4410 2085 4466 deside-

514 4520 534 4551 ‹
555 4509 643 4555 rat
667 4501 846 4555 anima
873 4510 1077 4567 vestra,
1105 4501 1319 4556 occides
1339 4502 1405 4557 de
1429 4501 1690 4555 armentis
1721 4509 1776 4557 et
1795 4501 2081 4570 pecoribus

494 4609 536 4642 -ι
564 4607 683 4660 qua:
730 4593 988 4648 habueris
1033 4594 1169 4648 sicut
1214 4593 1467 4663 pmccpit
1496 4592 1631 4657 tibi;
1675 4601 1731 4646 et
1754 4592 2003 4646 comedes
2029 4592 2079 4644 in

496 4698 536 4730 -ι
565 4681 778 4749 oppidis
799 4684 905 4736 tuis
932 4692 991 4736 ut
1016 4682 1112 4737 tibi
1157 4681 1351 4751 placet,
1400 4681 1539 4734 sicut
1564 4679 1863 4747 eomeditur
1889 4693 2080 4747 caprea

518 4777 620 4823 ret
642 4783 852 4835 cervus,
876 4773 950 4825 ita
983 4772 1221 4827 vesceris
1251 4772 1364 4835 eis;
1412 4777 1466 4825 et
1492 4770 1723 4824 mundus
1751 4777 1805 4823 et
1849 4769 2080 4822 immun-

517 4878 535 4909 ‹
566 4860 667 4913 dus
695 4859 748 4912 in
778 4874 1058 4914 commune
1107 4869 1416 4915 vescentur.
1460 4858 1570 4914 IIoc
1617 4858 1788 4913 solum
1835 4873 1983 4923 cave,
2018 4873 2084 4912 ne

517 4968 536 4997 ι
564 4946 877 5015 sanguinem
907 4948 1178 5003 comedas.
1203 4968 1222 5001 ι
1257 4948 1372 5018 Ego
1413 4956 1625 5018 oportet
1652 4947 1890 5002 mandati
1920 4946 2081 5015 hujus

511 5039 676 5095 etiam
707 5037 1061 5093 litteraturam
1080 5041 1373 5105 custodire,
1399 5048 1454 5095 et
1475 5039 1777 5092 nullatenus
1801 5040 2083 5094 comedere

513 5133 850 5203 sanguinem.
883 5130 996 5186 lloc
1023 5131 1169 5186 enim
1218 5140 1274 5185 et
1296 5130 1580 5199 Apostolus
1608 5130 1851 5185 invenies
1879 5145 2083 5201 prince—

502 5225 677 5295 pisse,
705 5221 921 5291 quando
939 5222 1004 5275 de
1018 5221 1338 5290 quibusdam
1362 5220 1597 5276 Judaicis
1616 5218 2084 5276 observationibus

504 5315 855 5373 contentione
912 5313 966 5367 in
1012 5312 1365 5366 Antiochensi
1416 5311 1652 5367 Ecclesia
1696 5311 1865 5377 facta,
1897 5314 1963 5367 ad
1989 5327 2083 5367 eos

506 5409 681 5463 relata
711 5414 794 5462 est
822 5404 1068 5475 qumstio,
1097 5404 1189 5473 qui
1243 5403 1412 5473 legem
1462 5413 1776 5470 posuerunt,
1816 5403 2084 5458 solventts

500 5500 861 5566 quiaastionem
900 5498 1043 5552 hanc
1086 5504 1142 5551 et
1182 5495 1497 5551 deﬁnientes
1524 5513 1535 5548 :
1565 5514 1582 5545 ι
1621 5496 1804 5567 Visum
1838 5505 1921 5551 est
1957 5510 2085 5566 ergo

508 5592 735 5659 Spiritui
765 5600 963 5647 sancto
981 5599 1035 5644 et
1067 5589 1242 5654 nobis,
1274 5588 1406 5642 nihil
1440 5587 1668 5659 amplius
1692 5588 1968 5658 imponere
1989 5605 2085 5643 vo-

498 5679 596 5731 aiis
619 5682 800 5734 oneris
826 5695 988 5751 quam
1024 5681 1136 5736 hzec
1173 5678 1511 5735 necessaria:
1558 5687 1617 5733 ut
1673 5677 1989 5735 abstineatis
2016 5679 2083 5733 ab

2180 1902 2197 1933 ι
2221 1883 2450 1953 Sanguis
2464 1883 2607 1937 enim
2621 1898 2805 1938 eorum
2820 1897 2920 1952 pro
2944 1882 3122 1936 anima
3137 1891 3249 1946 est;
3266 1889 3317 1935 et
3330 1880 3508 1935 idcirco
3518 1896 3607 1933 non
3618 1879 3687 1932 dc-

2182 1991 2200 2024 c
2223 1973 2318 2027 bes
2345 1973 2578 2026 animam
2602 1971 2884 2029 comedere
2909 1987 3032 2027 cum
3060 1972 3326 2035 carnibus,
3351 1970 3433 2025 sed
3458 1984 3595 2038 super
3608 1978 3687 2022 tcr—

2181 2080 2198 2112 ι
2230 2078 2344 2116 ram
2366 2061 2555 2116 fundes
2569 2062 2723 2131 quasi
2739 2076 2934 2129 aquam
2955 2103 2966 2113 .
2984 2069 3042 2114 ut
3060 2060 3131 2114 sit
3153 2062 3245 2115 tibi
3259 2059 3387 2114 bene
3407 2068 3456 2112 et
3474 2058 3580 2113 filiis
3597 2066 3688 2126 post

2182 2171 2200 2202 ι
2229 2160 2300 2218 te,
2324 2169 2447 2207 cum
2470 2152 2663 2207 feceris
2694 2152 2836 2222 quod
2860 2151 3035 2222 placet
3066 2152 3122 2204 in
3152 2159 3429 2220 conspectu
3459 2149 3650 2203 Domini.
3670 2168 3687 2198 ι

2181 2242 2324 2313 Ergo
2358 2242 2480 2298 ideo
2511 2243 2730 2313 sanguis
2777 2243 2975 2296 dicitur
3016 2241 3196 2296 anima
3225 2226 3349 2309 esse
3387 2243 3561 2307 carnis,
3594 2241 3690 2309 quia

2176 2333 2339 2387 vitale
2367 2333 2569 2401 aliquid
2600 2342 2683 2387 est
2712 2333 2765 2387 in
2793 2334 3072 2403 sanguine,
3105 2334 3228 2402 quia
3253 2347 3346 2403 per
3372 2332 3529 2403 ipsum
3561 2331 3692 2385 maxi-

2178 2439 2269 2476 me
2294 2422 2346 2476 in
2381 2424 2487 2477 hac
2517 2437 2682 2477 carne
2728 2422 2944 2487 vivitur,
2990 2438 3118 2477 eum
3168 2422 3222 2477 in
3264 2435 3440 2495 omnes
3459 2434 3599 2474 venas
3618 2434 3692 2488 per

2180 2514 2424 2583 corporis
2450 2522 2647 2568 cuncta
2691 2512 3027 2567 diffunditur.
3067 2511 3243 2581 Ipsam
3288 2510 3517 2565 videlicet
3558 2509 3688 2561 vitam

2181 2604 2443 2673 corporis,
2476 2602 2690 2659 vocavit
2739 2603 3001 2669 animam,
3049 2617 3160 2656 non
3212 2602 3371 2655 vitam
3412 2614 3518 2669 qua:
3539 2598 3694 2667 migrat

2182 2712 2249 2751 ex
2277 2711 2520 2765 corpore,
2552 2695 2646 2750 sed
2674 2709 2794 2764 qua:
2823 2703 2995 2748 morte
3027 2692 3232 2748 linitur.
3265 2692 3391 2748 Cum
3414 2706 3529 2761 ergo
3552 2687 3695 2747 Domi-

2184 2785 2237 2840 ni
2265 2794 2536 2855 przeeepto
2563 2792 2773 2839 conStet
2799 2798 3019 2839 carnem
3044 2783 3326 2838 brutorum
3358 2780 3625 2835 animalium
3645 2776 3696 2831 ad

2185 2890 2335 2930 esum
2389 2873 2697 2929 hominibus
2746 2887 2869 2927 esse
2925 2886 3264 2939 concessum,
3316 2869 3581 2941 sanguinis
3598 2880 3697 2919 vero

2186 2963 2420 3018 edulium
2452 2962 2821 3026 interdictum,
2850 2961 2999 3016 salva
3035 2961 3268 3015 veritate
3295 2958 3531 3022 historias,
3554 2970 3700 3009 secun-

2187 3054 2315 3108 dum
2347 3053 2634 3124 mysticum
2682 3067 2901 3107 sensum
2944 3051 3106 3106 nobis
3145 3051 3400 3116 innuitur,
3446 3057 3501 3102 ut
3531 3042 3701 3115 quando

2111 3121 2154 3185 (ἶ
2187 3121 2431 3198 carnales
2466 3141 2714 3196 homines
2743 3155 2772 3194 a
2799 3139 3030 3210 pristina
3068 3139 3469 3196 conversatione
3496 3137 3699 3190 intereat.

2185 3243 2326 3304 ptos,
2368 3235 2435 3290 ad
2485 3233 2750 3290 unitatem
2787 3233 2912 3288 ﬁdei
2960 3242 3016 3287 et
3047 3233 3317 3288 honorum
3344 3244 3545 3302 cperam
3583 3224 3700 3282 nobis

2185 3326 2604 3391 eonsentiemus,
2657 3324 2805 3380 nullo
2853 3323 3013 3379 modo
3055 3324 3257 3394 prioris
3301 3323 3419 3377 vita:
3458 3332 3637 3375 errores
3658 3315 3700 3369 in

2185 3432 2342 3471 usum
2368 3425 2613 3470 nostrum
2654 3423 3053 3479 eonvertamus,
3083 3414 3183 3470 sed
3231 3428 3387 3485 super
3414 3420 3587 3467 terram
3612 3406 3702 3460 illos

2184 3505 2541 3571 eil‘undamus,
2571 3505 2624 3560 id
2660 3513 2765 3569 est,
2804 3520 2901 3574 per
2941 3504 3334 3559 confessionem
3367 3501 3595 3573 prolatos,
3620 3508 3702 3551 ter-

2185 3611 2331 3651 rena:
2357 3596 2640 3667 fragilitati
2669 3596 3013 3664 deputantes,
3038 3596 3196 3665 quasi
3229 3595 3464 3664 indignos
3487 3590 3600 3645 viris
3614 3585 3699 3656 spi-

2186 3688 2431 3743 ritalibus
2445 3687 2779 3758 abjiciamus.
2801 3687 2951 3743 Unde
2970 3694 3025 3740 et
3039 3686 3328 3757 Apostolus
3341 3686 3412 3739 ait
3424 3683 3483 3738 ad
3494 3679 3701 3751 Ephesios

2184 3780 2468 3834 scribens:
2497 3796 2516 3829 ι
2556 3777 2666 3833 lloc
2702 3778 2868 3849 igitur
2892 3778 3013 3833 dico
3039 3786 3095 3833 et
3131 3777 3388 3833 testificor
3411 3776 3461 3830 in
3504 3770 3699 3831 Domum.

2185 3881 2242 3927 ut
2266 3871 2379 3941 jam
2409 3886 2513 3927 non
2540 3870 2825 3925 ambuletis
2854 3870 2995 3924 sicut
3022 3878 3212 3940 gentes
3232 3867 3494 3923 ambulant
3518 3864 3563 3918 in
3587 3859 3701 3914 vani-

2184 3971 2294 4018 tate
2344 3977 2537 4017 sensus
2567 3960 2667 4023 sui,
2718 3960 2958 4014 tenebris
2996 3962 3345 4015 obscuratum
3391 3955 3615 4011 habentes
3642 3953 3702 4002 in-

2185 4052 2485 4117 tellectum;
2538 4050 2753 4104 alienati
2785 4066 2816 4103 a
2853 4049 2966 4103 vita
3012 4047 3109 4104 Dei
3138 4064 3237 4120 per
3259 4044 3587 4118 ignorantiam
3612 4050 3702 4107 qurc

2183 4144 2343 4200 estin
2374 4143 2499 4210 illis,
2550 4154 2774 4212 propter
2818 4141 3119 4197 caecitatem
3165 4141 3345 4196 cordis
3374 4122 3605 4207 ipsorum.
3627 4126 3696 4197 qui

2185 4236 2536 4304 desperantes
2570 4232 2889 4302 semetipsos
2939 4232 3279 4287 tradiderunt
3304 4225 3632 4299 impudicitim.
3662 4218 3700 4269 ir!

2183 4323 2555 4394 operationem
2586 4321 2938 4376 immunditite
2966 4323 3147 4378 omnis
3166 4331 3222 4377 et
3247 4319 3492 4375 avaritiae.
3520 4312 3612 4367 Vos
3632 4322 3701 4361 att-

2188 4422 2294 4468 tem
2323 4425 2431 4467 non
2460 4411 2537 4466 ita
2566 4411 2830 4467 didicistis
2854 4409 3148 4477 Christum,
3179 4412 3229 4467 si
3273 4419 3443 4464 tamen
3487 4403 3612 4459 illum
3633 4412 3699 4450 au-

2188 4507 2365 4571 distis,
2396 4514 2450 4561 et
2499 4505 2551 4559 in
2585 4505 2699 4575 ipso
2744 4504 2923 4559 edocti
2964 4504 3116 4570 estis,
3173 4505 3311 4560 sicut
3343 4510 3423 4557 est
3472 4495 3643 4551 veritas
3663 4488 3700 4539 in

2181 4596 2309 4653 Jesu
2336 4615 2348 4650 :
2379 4597 2646 4667 deponere
2675 4610 2769 4650 vos
2809 4595 3106 4650 secundum
3155 4593 3435 4665 pristinam
3464 4592 3700 4643 conversa-

2185 4688 2407 4751 tionem,
2435 4695 2670 4751 veterem
2713 4685 3006 4748 hominem,
3035 4685 3129 4753 qui
3176 4679 3527 4749 corrumpitur
3553 4681 3701 4727 secun-

2186 4778 2314 4831 dum
2356 4776 2621 4831 desideria
2668 4774 2894 4830 erroris.
2944 4773 3299 4828 Renovamini
3344 4778 3510 4825 autem
3552 4758 3700 4831 spiritu

2185 4867 2383 4922 mentis
2416 4874 2632 4931 vestrae,
2660 4872 2716 4920 et
2753 4863 2959 4919 induite
2987 4878 3187 4918 novum
3234 4860 3518 4919 hominem,
3540 4850 3616 4920 qui
3637 4859 3702 4899 sev

2186 4953 2423 5026 cundum
2452 4953 2620 5008 Deum
2669 4960 2887 5008 creatus
2924 4960 3008 5007 est
3041 4951 3097 5005 in
3137 4948 3345 5017 iustitia
3372 4955 3426 5003 et
3465 4938 3700 4998 sanctitate

2185 5043 2449 5100 veritatis.
2475 5062 2494 5097 ι

2825 5128 3055 5187 CAPUT
3084 5127 3149 5183 ν.

2189 5248 2267 5303 De
2290 5245 2569 5318 probandi;
2607 5244 2868 5316 prophetis
2890 5258 2913 5318 ί
2940 5259 3003 5318 ne
3027 5237 3181 5310 facile
3202 5234 3513 5318 .credenduf’f
3532 5225 3616 5318 Ah}:

2258 5301 2389 5372 vana
2417 5301 2743 5386 prop/ieiuni,
2768 5323 2856 5366 aut
2873 5301 3305 5433 [alsa'somniant
3330 5321 3347 5370 ;
3383 5314 3428 5356 et
3453 5301 3511 5353 de
3530 5309 3617 5350 non
3634 5303 3698 5342 ιη·

2258 5386 2475 5433 cidenda
2496 5401 2672 5433 carne.
2699 5399 2789 5433 nec
2809 5399 2869 5433 ca
2895 5382 3015 5433 vitio
3037 5377 3274 5433 faciendo
3294 5388 3443 5433 super
3461 5375 3647 5423 mortuo-

2256 5375 2475 5440 cidenda
2496 5375 2672 5447 carne,
2699 5375 2789 5437 nec
2809 5375 3015 5436 caluitio
3035 5377 3274 5449 faciendo
3294 5388 3443 5443 super
3461 5375 3647 5423 mortuo-

2257 5496 2406 5566 (Car.
2434 5493 2577 5565 xm.)
2611 5513 2629 5545 ι
2665 5493 2724 5548 Si
2748 5491 3047 5547 surrexerit
3070 5489 3123 5543 in
3148 5486 3325 5540 medio
3352 5482 3424 5536 tui
3445 5474 3698 5566 prophetes!

2192 5607 2211 5640 ι
2242 5599 2335 5642 aut
2355 5587 2447 5657 qui
2487 5584 2754 5641 somnium
2805 5582 3002 5637 vidisse
3049 5594 3109 5633 se
3149 5576 3314 5640 dicat,
3364 5581 3417 5625 et
3446 5557 3701 5657 Ρΐφάίιίξηξ

2192 5696 2210 5727 ι
2241 5652 2453 5747 signum
2482 5684 2645 5746 atque
2663 5679 2991 5744 portentum,
3022 5678 3075 5725 et
3099 5664 3356 5729 evenerit,
3377 5657 3508 5733 quod
3532 5652 3699 5707 iocum
