3964 6192
353 308 453 367 881

1182 303 1582 363 ENA’BRATIO
1621 304 1847 366 SUPER
1889 303 2509 362 DEUTERONOMIUM.
2547 338 2616 349 —-
2651 306 2779 363 LIB.
2817 305 2881 362 ll.

3511 306 3623 370 881

352 443 374 479 α
401 430 508 489 est,
540 429 598 476 et
621 418 822 475 dixerit
850 418 977 487 tibi:
1012 417 1216 475 Eamus
1246 427 1302 475 et
1330 435 1623 490 sequamur
1644 408 1780 475 deos
1808 417 1938 473 alie-
1963 418 2012 477 A
2039 426 2095 474 et
2130 419 2311 486 serici,
2360 427 2414 474 et
2442 418 2669 484 coccini,
2720 428 2776 474 et
2821 434 2984 474 omne
3027 419 3227 493 lignum
3264 422 3529 495 thyinum,
3570 442 3626 483 ct

351 536 370 568 ι
399 529 501 570 nos
539 527 678 582 quos
707 511 944 581 ignoras,
993 518 1047 563 et
1095 510 1398 565 serviamus
1439 510 1552 564 eis:
1610 524 1716 564 non
1742 508 1933 564 audias

351 628 368 657 ι
400 606 569 661 verba
616 603 897 673 propheta:
941 600 1085 656 illius
1122 610 1217 655 aut
1263 602 1630 666 somniatoris,
1680 602 1805 670 quia
1836 617 1932 656 vos

351 717 367 744 ι
398 702 575 749 tentat
614 691 874 746 Dominus
900 699 1102 755 vester,
1130 699 1185 744 ct
1220 699 1280 746 ut
1307 692 1483 761 palam
1533 690 1716 756 faciat,
1750 699 1932 745 utrum

349 805 367 833 ι
399 783 636 854 diligatis
656 797 780 837 eum
809 796 989 835 annon
1024 781 1076 836 in
1113 789 1225 837 toto
1246 780 1408 837 corde
1436 791 1639 847 vestro,
1668 789 1721 837 et
1748 783 1801 837 in
1823 790 1933 836 tota

350 898 368 926 ι
403 876 589 929 anima
616 882 821 928 vestra.
854 874 1141 928 Dominum
1166 872 1332 927 Deum
1354 883 1594 928 vestrum
1623 873 1929 942 sequimini,

351 988 369 1019 ι
399 976 454 1022 et
483 967 657 1035 ipsum
707 966 913 1021 timete.
964 964 1213 1018 Mandata
1264 964 1408 1018 illius
1438 964 1731 1029 custodite,
1760 971 1815 1018 et
1839 978 1935 1016 au-

350 1077 368 1108 ι
401 1058 513 1112 dite
541 1072 726 1111 vocem
757 1057 891 1127 ejus.
920 1055 1024 1125 Ipsi
1054 1056 1323 1120 servietis,
1352 1063 1406 1110 et
1433 1056 1535 1125 ipsi
1560 1054 1930 1118 adhaerebitis,

352 1167 368 1200 ι
405 1157 512 1203 etc.
542 1169 559 1200 ι
595 1148 650 1202 ln
699 1147 938 1201 editione
987 1154 1167 1200 autem
1205 1145 1347 1200 LXX
1394 1146 1465 1199 ita
1504 1146 1737 1199 habetur
1768 1161 1781 1196 :
1816 1166 1833 1194 ι
1877 1143 1934 1197 Si

348 1259 367 1289 ι
402 1248 580 1292 autem
604 1236 899 1291 surrexerit
924 1236 976 1289 in
1002 1245 1054 1289 te
1076 1235 1334 1307 propheta
1357 1249 1450 1288 seu
1474 1234 1781 1289 somniatoc
1792 1247 1936 1311 som-

349 1349 366 1379 ι
400 1328 586 1392 uians,
617 1334 672 1380 ct
706 1325 918 1380 dederit
964 1326 1058 1378 tibi
1083 1325 1294 1395 signum
1335 1325 1417 1379 vel
1447 1323 1771 1395 prodigium,
1793 1324 1936 1392 quod

350 1442 366 1472 ι
397 1423 616 1477 locutus
641 1428 726 1474 cst
754 1419 943 1473 dicens
970 1436 982 1471 :
1016 1417 1307 1472 Eamusaet
1337 1417 1641 1471 serviamus
1672 1416 1775 1470 diis
1804 1415 1937 1469 alie-

351 1513 502 1575 inis,
533 1526 671 1580 quos
722 1508 978 1573 nescitis;
1029 1522 1135 1561 non
1173 1507 1404 1561 audietis
1462 1507 1626 1561 verba
1656 1505 1936 1575 prepbetm

347 1624 364 1653 ι
396 1603 561 1667 illius,
615 1610 670 1655 ct
724 1599 1047 1655 somniantis
1105 1599 1372 1653 somnium
1419 1597 1545 1652 illud
1575 1597 1718 1669 quod
1764 1604 1937 1652 tentat

346 1716 366 1743 ι
395 1709 493 1748 vos
519 1691 781 1745 Dominus
823 1689 962 1744 Deus
1009 1697 1190 1744 vester
1235 1704 1330 1743 vos
1364 1690 1525 1753 scire,
1577 1703 1644 1742 an
1699 1688 1934 1758 diligatis

2034 512 2218 566 omnia
2244 526 2374 567 vasa
2403 512 2603 577 eboris,
2634 520 2693 567 et
2716 511 2896 566 omnia
2915 527 3044 567 vasa
3066 528 3132 568 ex
3162 514 3340 584 lapide
3358 519 3617 586 pretioso,

2031 612 2088 657 οι
2119 610 2438 669 aet-amento,
2468 611 2525 658 et
2549 601 2714 667 ferro,
2737 609 2795 656 ει
2820 617 3111 667 marmore,
3133 615 3187 658 et
3212 619 3614 674 cynamomum,

2031 701 2087 749 et
2113 708 2406 756 amomum,
2437 701 2492 747 et
2511 693 2946 757 odoramentum,
2969 699 3024 747 et
3044 695 3323 763 unguenti,
3348 703 3401 749 et
3428 697 3615 755 thuris.

2031 793 2087 839 et
2114 784 2249 849 vini,
2286 792 2342 839 et
2364 772 2576 851 olei,'et
2601 784 2814 850 simila),
2846 792 2901 839 et
2930 784 3117 850 tritici,
3157 793 3213 840 et
3252 784 3617 854 jumentoram

2032 880 2089 927 ct
2114 873 2319 938 ovium,
2372 881 2427 929 et
2473 888 2755 944 equorum,
2785 881 2841 928 et
2886 874 3201 939 rbedarum,
3238 882 3295 929 et
3322 877 3619 945 mancipio-

2034 979 2174 1030 rum,
2201 974 2255 1018 et
2285 964 2608 1031 animarum,
2639 973 2696 1019 et
2729 965 3028 1019 hominum.
3081 966 3147 1021 Et
3178 981 3335 1035 po'na
3364 966 3616 1023 desiderii

2034 1053 2227 1108 animm
2263 1061 2368 1109 tuae
2395 1054 2761 1109 discesserunt
2804 1061 2953 1109 ate:
3005 1062 3060 1109 et
3103 1057 3285 1111 omnia
3321 1058 3538 1129 p'ngnia
3567 1070 3621 1113 et

2035 1144 2180 1199 clara
2229 1146 2510 1215 perierunt
2531 1162 2560 1200 a
2585 1155 2638 1200 te
2669 1146 2854 1218 (Apoc.
2894 1146 3072 1219 xvm).
3100 1168 3118 1200 ι
3153 1148 3390 1205 Cunctas
3436 1151 3617 1205 mundi

2036 1249 2279 1305 pompas,
2309 1245 2365 1291 et
2391 1251 2454 1290 ea
2481 1252 2602 1306 qua:
2628 1237 2713 1291 vel
2740 1237 2990 1294 sensibus
3023 1240 3266 1310 corporis
3294 1241 3503 1307 suavia,
3537 1242 3622 1296 vel

2034 1327 2274 1381 externis
2303 1336 2427 1382 sunt
2455 1327 2641 1383 usibus
2665 1329 2968 1395 commoda,
2998 1329 3229 1385 deficere
3257 1332 3458 1403 lugent.
3489 1332 3623 1402 Spe-

2038 1417 2149 1471 cies
2173 1417 2320 1472 enim
2358 1418 2698 1473 metallorum
2727 1420 2795 1474 ad
2819 1420 3015 1486 visum,
3063 1421 3418 1478 odoramenta
3449 1424 3516 1479 ad
3542 1423 3624 1477 ol-

2038 1508 2262 1574 factum,
2314 1517 2588 1579 unguenta
2637 1510 2705 1564 ad
2736 1518 2982 1565 tactum:
3022 1512 3227 1578 vinum,
3285 1513 3521 1569 triticum
3566 1526 3620 1571 et

2037 1602 2235 1666 olwm,
2283 1602 2349 1656 ad
2389 1609 2602 1671 gustum
2633 1604 2925 1673 pertinent.
2972 1603 3349 1661 Jumentorum
3377 1622 3538 1677 porro
3564 1616 3619 1661 et

2038 1692 2428 1762 mancipiorum
2478 1693 2740 1747 vocabulo
2784 1703 2976 1749 caetera
3022 1697 3375 1753 humanitatis
3419 1698 3618 1753 auxilia

346 1804 366 1835 ς
400 1784 684 1839 Dominum
716 1782 883 1836 Deum
919 1786 1179 1846 vestrum,
1208 1795 1274 1835 ex
1304 1787 1418 1834 toto
1447 1778 1611 1834 corde
1646 1785 1854 1843 vestro,
1881 1786 1935 1832 et
1963 1760 2009 1818 Β
2037 1760 2575 1852 perire—quaeruntur,
2602 1783 2799 1852 duplici
2835 1800 3052 1856 genere,
3088 1794 3149 1839 ut
3174 1786 3283 1841 disi
3312 1806 3324 1841 :
3358 1788 3500 1857 quod
3527 1788 3618 1845 dc—

345 1891 369 1922 ι
396 1888 464 1926 ex
503 1880 614 1925 tota
651 1870 830 1924 anima
879 1876 1119 1922 vestra.»
1175 1868 1289 1923 Hoc
1336 1868 1553 1938 quidem
1608 1867 1932 1936 interpretes

337 1962 522 2016 Latini
553 1977 658 2015 non
686 1961 757 2014 ita
781 1969 1094 2030 posuerunt,
1125 1961 1267 2014 seire
1298 1974 1366 2013 an
1396 1958 1653 2030 diligatis,
1681 1959 1928 2028 quamvis

338 2060 535 2112 eadem
558 2056 828 2112 sententia
866 2055 1131 2109 videatur.
1163 2055 1363 2110 Verum
1396 2054 1523 2109 illud
1552 2056 1697 2124 quod
1723 2055 1926 2110 dictum

337 2155 446 2212 est,
473 2146 628 2212 scire,
654 2145 866 2201 facilius
906 2146 973 2200 ad
1024 2145 1144 2200 illos
1172 2144 1426 2211 refertur,
1475 2155 1534 2200 ut
1582 2146 1660 2201 sic
1694 2146 1927 2215 accipia-

340 2252 503 2293 mus:
544 2237 740 2292 Tentat
782 2251 881 2292 vos
919 2237 1080 2303 scire,
1113 2251 1177 2292 ac
1207 2238 1252 2292 si
1304 2237 1614 2293 diceretur:
1645 2238 1928 2293 Tentando

340 2344 443 2384 vos
472 2328 604 2384 facit
629 2329 788 2383 scire.
826 2327 925 2384 Ubi
952 2344 1083 2384 sane
1116 2329 1278 2383 etiam
1322 2330 1490 2384 voluit
1516 2330 1605 2385 illa
1637 2345 1758 2400 quae
1782 2346 1821 2385 ειν
1848 2332 1928 2385 di-

336 2422 653 2477 vitiantibus
700 2437 805 2475 non
860 2420 1154 2476 secundum
1198 2420 1369 2476 Deum
1397 2421 1673 2486 dicuntur,
1704 2424 1749 2477 si
1781 2422 1926 2478 acci-

335 2513 522 2567 derint
550 2528 669 2582 quze
713 2513 919 2579 dicunt,
949 2528 1056 2568 non
1085 2514 1397 2583 accipienda
1439 2514 1582 2569 sicut
1626 2515 1774 2580 fiant,
1805 2531 1926 2586 qua:

334 2602 728 2671 praecipiuntur
757 2603 823 2657 ab
847 2603 945 2669 eis,
992 2618 1111 2672 qua:
1136 2603 1388 2659 coluntur
1423 2604 1491 2659 ab
1513 2606 1629 2668 eis;
1661 2622 1762 2662 nec
1785 2621 1928 2676 pne-

337 2701 426 2746 ter
472 2708 626 2747 suam
674 2702 996 2763 potestatem
1033 2695 1176 2751 Deus
1217 2696 1453 2751 ostendit
1499 2712 1641 2763 esse,
1674 2698 1817 2769 quod
1848 2700 1923 2754 ita

336 2783 446 2837 ista
489 2784 824 2854 contingunt,
875 2785 970 2841 sed
998 2787 1154 2856 quasi
1206 2795 1544 2858 quaereretur
1568 2802 1668 2842 cur
1712 2803 1775 2843 ea
1802 2804 1925 2860 per-

334 2875 585 2929 mitteret
607 2875 743 2940 ﬁeri,
772 2891 992 2932 causam
1021 2877 1335 2933 tentationis
1355 2879 1623 2948 exposuit,
1645 2879 1711 2934 ad
1736 2895 1927 2951 cogno-

335 2966 594 3023 scendam
625 2984 814 3024 eorum
867 2970 1229 3036 dilectionem,
1282 2978 1466 3026 utrum
1520 2984 1641 3025 eam
1690 2971 1926 3026 habeant

334 3070 469 3126 erga
496 3057 663 3113 Deum
695 3075 870 3123 suum,
921 3061 988 3115 ad
1044 3061 1469 3131 cognoscendam
1498 3077 1631 3116 vero
1678 3062 1745 3117 ab
1790 3062 1926 3132 ipsis

336 3149 524 3215 potius
549 3164 711 3219 quam
738 3150 808 3206 ab
833 3149 949 3217 illo,
979 3151 1071 3221 qui
1106 3152 1209 3207 scit
1248 3152 1432 3207 omnia
1453 3161 1744 3222 antequam
1773 3152 1923 3207 ﬂant.

335 3238 448 3293 Per
478 3248 647 3295 totum
682 3242 828 3296 enim
876 3243 1019 3298 istud
1071 3245 1389 3314 capitulum,
1424 3244 1701 3316 legislator
1738 3229 1928 3301 contra

337 3327 654 3385 idololatras
696 3332 826 3402 agit,
860 3341 915 3388 et
960 3334 1195 3390 maxime
1225 3344 1414 3391 contra
1454 3338 1759 3403 haereticos,
1790 3354 1930 3408 pra:-

335 3417 547 3487 cipiens
578 3421 866 3491 unicuique
887 3423 1123 3479 ﬁdelium
1164 3433 1224 3480 ut
1256 3435 1445 3483 caveat
1465 3442 1495 3481 a
1523 3428 1928 3498 deceptionibus

335 3510 638 3580 gentilium,
655 3521 818 3582 atque
833 3502 1237 3571 seductionibus
1256 3517 1631 3572 haereticorum
1653 3519 1924 3584 observet,

335 3611 395 3658 et
424 3611 485 3658 ut
507 3619 567 3659 se
592 3616 805 3675 separet
832 3622 863 3662 a
904 3607 1122 3675 talibus,
1180 3624 1390 3665 memor
1416 3610 1680 3665 Dnminici
1713 3626 1928 3679 praece-

334 3696 417 3765 pti
443 3710 551 3766 quo
591 3697 745 3751 aitzc
784 3697 841 3753 Si
888 3700 1075 3755 oculus
1111 3708 1233 3755 tuus
1281 3701 1614 3756 scandalizat
1665 3710 1741 3765 te,
1794 3717 1924 3758 erue

334 3802 463 3840 eum
494 3795 549 3842 et
578 3789 782 3859 projice
817 3790 914 3845 abs
937 3799 1012 3845 te.
1044 3791 1110 3845 Et
1137 3791 1180 3845 si
1229 3806 1423 3846 manus
1455 3799 1543 3846 tua
1567 3792 1653 3847 vel
1684 3807 1779 3863 pes
1805 3802 1928 3850 tuus

338 3875 676 3931 scandalizat
706 3887 779 3945 te,
807 3879 1024 3934 abscide
1049 3894 1173 3934 eum
1199 3888 1253 3934 et
1281 3878 1482 3950 projice
1518 3880 1613 3935 abs
1645 3890 1717 3937 te.
1749 3884 1929 3955 Expe~

333 3967 418 4021 dit
446 3967 590 4026 enim
620 3968 714 4024 tibi
761 3978 821 4023 ut
869 3979 1057 4040 pereat
1090 3987 1254 4026 unum
1286 3974 1652 4030 membrorum
1685 3985 1924 4044 tuorum,

331 4075 497 4126 quam
531 4068 697 4116 totum
725 4076 922 4132 corpus
948 4072 1099 4118 tuum
1139 4072 1227 4119 eat
1260 4065 1311 4120 in
1354 4067 1656 4135 gehennam
1706 4068 1921 4141 (Matth.

331 4149 412 4220 γ).
439 4170 457 4200 ι
492 4149 642 4205 Unde
674 4153 918 4221 praedicit
946 4169 1160 4222 poenam
1194 4155 1273 4209 eis
1315 4170 1433 4225 quae
1462 4159 1807 4227 superveniet
1840 4159 1925 4213 in-

330 4240 598 4294 correctis
641 4250 697 4295 et
743 4242 1239 4310 impmnitentibus;
1272 4247 1544 4314 quomodo
1575 4262 1670 4303 eos
1716 4248 1925 4320 gladius

330 4339 594 4385 extremae
614 4331 834 4387 ultionis
865 4333 1173 4399 interﬁciat,
1202 4345 1590 4408 consumatque
1639 4339 1779 4409 ignis
1805 4354 1927 4409 per-

2038 1872 2225 1926 ficiunt
2246 1872 2349 1926 ista
2378 1873 2580 1928 mundo
2618 1874 2901 1941 moriente,
2932 1877 3016 1931 vel
3044 1877 3186 1946 quod
3225 1878 3405 1934 miseri
3431 1895 3619 1950 super-

2035 1963 2191 2019 stites
2213 1978 2401 2018 eorum
2443 1965 2745 2032 interitum,
2774 1968 2865 2037 qui
2892 1968 3077 2025 mundi
3103 1970 3299 2039 gaudia
3326 1978 3498 2025 morte
3533 1988 3619 2026 re.-

1988 2088 1991 2091 λ
2033 2053 2345 2124 liquerant,
2396 2055 2551 2123 quasi
2616 2071 2728 2111 sua:
2785 2058 3021 2113 civitatis
3079 2060 3267 2115 ruinas
3315 2061 3613 2130 deplorcnt.

2038 2164 2057 2197 ‹
2086 2144 2207 2199 Filii
2236 2154 2412 2200 estote
2434 2146 2651 2201 Domini
2681 2147 2773 2203 Dei
2820 2149 3007 2204 vestri.
3053 2148 3170 2205 Non
3219 2166 3314 2206 vos
3344 2150 3613 2213 incidetis,

2032 2250 2134 2292 nec
2182 2234 2396 2292 facietis
2450 2236 2729 2292 calvitium
2760 2220 2922 2306 super
2950 2246 3184 2303 mortuo,
3231 2238 3485 2299 quoniam
3521 2255 3617 2310 pn-

2030 2325 2188 2397 pulus
2208 2334 2428 2381 sanctus
2451 2342 2512 2383 es
2524 2327 2754 2383 Domino
2781 2327 2893 2383 Deo
2920 2336 3030 2383 tuo.
3055 2349 3074 2383 ›
3107 2332 3338 2390 Carnem
3376 2330 3617 2386 incidere

2029 2424 2085 2471 et
2108 2417 2384 2473 calvitium
2412 2433 2574 2488 super
2616 2427 2852 2485 mortuo,
2898 2420 3097 2476 indicia
3132 2419 3350 2477 fuerunt
3397 2422 3612 2478 luctus:

2029 2506 2084 2561 in
2115 2523 2223 2577 quo
2250 2508 2396 2564 luctu
2424 2508 2694 2565 nonnullae
2717 2519 2904 2581 gentes
2931 2510 3133 2567 habent
3165 2513 3615 2570 consuetudinem

2029 2614 2218 2655 secare
2257 2615 2487 2670 corpora
2541 2617 2661 2656 sua.
2710 2601 2825 2656 Hoc
2849 2602 2991 2657 Deus
3018 2603 3105 2658 bis
3132 2603 3349 2673 quosin
3381 2603 3615 2665 ﬁliorum

2028 2690 2247 2745 nomine
2275 2692 2503 2756 censuit,
2558 2691 2738 2748 facere
2778 2693 3071 2762 prohibuit.
3121 2693 3213 2749 Sic
3264 2695 3409 2749 enim
3453 2694 3612 2766 allligi

2029 2796 2189 2851 super
2219 2791 2465 2838 mortuos
2493 2790 2727 2854 oportet,
2756 2791 2816 2838 ut
2859 2798 2961 2839 nec
3004 2783 3058 2838 in
3089 2782 3283 2839 faciem
3313 2785 3489 2848 laedat,
3515 2801 3616 2842 nec

2028 2887 2225 2941 corpus
2258 2882 2590 2942 corrumpat,
2625 2889 2657 2927 a
2703 2874 2899 2942 quibus
2941 2889 3041 2929 nos
3082 2874 3280 2929 Paulus
3321 2875 3615 2944 prohibens

2028 2963 2140 3017 ait:
2170 2981 2189 3013 ι
2217 2962 2352 3019 ΝοΙο
2379 2978 2477 3019 vos
2506 2964 2777 3034 ignorare,
2811 2964 3027 3029 fratres,
3075 2972 3135 3020 ut
3179 2982 3289 3021 non
3331 2966 3617 3022 contriste-

2031 3054 2185 3119 mini,
2210 3055 2352 3110 sicut
2372 3064 2428 3110 et
2455 3056 2657 3120 caeteri,
2680 3056 2771 3127 qui
2801 3071 2953 3127 spem
2998 3072 3107 3114 non
3133 3057 3335 3113 habent
3378 3057 3431 3130 (I
3454 3057 3608 3114 Thes.

2033 3146 2126 3215 tv).
2142 3164 2160 3196 ι
2184 3145 2315 3199 Nam
2338 3145 2615 3216 quodlibet
2634 3162 2981 3218 eorum,qu:e
2999 3148 3256 3218 praedicta
3281 3157 3408 3204 sunt
3430 3165 3610 3221 agere,

2029 3249 2136 3290 non
2162 3242 2247 3290 est
2272 3251 2422 3307 spem
2449 3236 2649 3292 habere
2672 3238 3085 3294 resurrectionis
3107 3249 3461 3306 mortuorum,
3486 3243 3612 3311 quia

2030 3334 2286 3397 tanquam
2317 3326 2423 3383 illis
2441 3329 2732 3398 corruptis,
2776 3329 3099 3399 semetipsos
3143 3329 3407 3398 dissipant
3449 3340 3613 3401 atque

2029 3426 2404 3488 corrumpunt.
2431 3417 2762 3488 Spiritaliter
2791 3420 2935 3475 enim
2977 3419 3158 3490 capilli
3200 3420 3395 3490 capitis
3423 3435 3613 3476 omnes

2028 3509 2296 3562 numerati
2343 3518 2486 3563 sunt.
2538 3510 2641 3580 Ipsi
2691 3510 2836 3565 enim
2878 3511 3045 3581 judici
3089 3520 3149 3566 ut
3185 3519 3333 3580 patet
3363 3519 3419 3567 et
3446 3511 3610 3567 corda

2027 3599 2314 3665 scrutanti,
2361 3608 2657 3654 numerata:
2690 3609 2826 3669 sunt
2872 3616 3062 3656 omnes
3112 3592 3611 3670 cogitationes-no-

2029 3695 2176 3743 εει-ω.
2203 3686 2320 3742 Non
2367 3695 2581 3757 oportet
2629 3703 2759 3758 ergo
2804 3704 2897 3743 eas
2928 3689 3137 3759 agitare
3186 3689 3492 3759 quempiam
3524 3688 3609 3743 vel

2027 3786 2338 3842 concutere,
2370 3778 2464 3834 sed
2495 3794 2595 3835 nec
2616 3776 2806 3835 oﬂerte
2834 3772 3069 3843 diabolo,
3101 3778 3245 3848 quod
3268 3778 3474 3834 faciunt
3495 3779 3610 3848 qui-

2028 3871 2172 3938 dam,
2197 3879 2252 3927 et
2275 3870 2342 3926 de
2367 3872 2632 3937 sensibus,
2667 3870 2722 3925 id
2749 3878 2855 3937 est,
2879 3870 3087 3940 capillis
3134 3870 3340 3926 crinem
3383 3870 3609 3928 offeren-

2029 3969 2129 4026 tes,
2167 3960 2305 4016 sicut
2327 3961 2572 4030 superius
2600 3961 2854 4015 diximus.

2625 4054 2851 4111 CAPUT
2901 4056 2987 4110 V’l.

2028 4144 2103 4199 De
2132 4144 2341 4199 mundis
2368 4153 2415 4198 et
2438 4145 2720 4199 immundis
2757 4145 3100 4218 animalibus,
3133 4155 3181 4200 et
3217 4163 3335 4218 quw
3366 4148 3496 4201 vesci
3526 4147 3601 4200 vel

2497 4232 2599 4269 non
2636 4216 2766 4269 vesci
2804 4214 3003 4270 licitum
3038 4226 3131 4270 est.

2097 4326 2259 4394 (Car.
2293 4326 2427 4395 XIV.)
2461 4345 2480 4377 ‹
2509 4324 2626 4381 Non
2651 4327 2948 4381 comedatis
2992 4342 3115 4396 quac
3143 4326 3417 4379 immunda
3449 4336 3595 4381 sunt.

327 4425 528 4486 petuus
555 4434 770 4476 omnem
798 4423 1183 4493 supellectilem
1229 4440 1440 4491 eorum,
1469 4427 1574 4482 hoc
1606 4437 1709 4495 est,
1742 4428 1917 4483 studia
1947 4448 1999 4508 ι)
2032 4436 2051 4469 ε
2088 4417 2199 4473 H00
2228 4427 2332 4479 θείς
2364 4418 2564 4472 animal
2590 4419 2730 4488 (ιιιοιί
2752 4417 3037 4473 comedere
3060 4418 3286 4473 debetis.
3317 4418 3514 4508 B‘Wcm
3542 4430 3597 4474 ει

325 4517 386 4561 et
412 4523 577 4578 Opera
603 4524 811 4566 eorum.
845 4510 1048 4568 Civitas
1070 4515 1215 4570 enim
1246 4514 1359 4582 illa,
1387 4531 1506 4586 qua:
1527 4532 1712 4572 errore
1741 4518 1915 4573 rebel-

324 4599 399 4656 lis
427 4613 617 4657 contra
647 4604 933 4661 Dominum
966 4616 1020 4662 et
1044 4621 1231 4663 aversa
1262 4623 1382 4664 esse
1408 4607 1752 4675 describitur,
1783 4611 1913 4665 urbs

322 4700 413 4747 est
436 4693 631 4778 diaboli
656 4716 669 4750 :
699 4695 937 4768 Babylon
972 4699 1222 4755 videlicet
1270 4715 1485 4770 magna,
1515 4715 1638 4755 cum
1685 4716 1793 4771 qua
1826 4717 1913 4756 re-

323 4798 424 4851 ges
452 4792 610 4840 teme
634 4784 885 4843 fornicati
907 4799 1051 4856 sunt,
1079 4791 1219 4846 etde
1259 4790 1412 4859 cujus
1441 4790 1797 4849 fornicatione
1825 4794 1910 4849 bi-

324 4874 523 4931 berunt
543 4893 732 4934 omnes
751 4890 938 4950 gentes
960 4898 973 4946 ;
1000 4881 1053 4935 in
1075 4897 1179 4952 qua
1199 4892 1282 4937 est
1301 4882 1562 4937 habitatio
1583 4883 1907 4951 daemonum,

322 4973 385 5020 et
406 4969 649 5023 custodia
672 4972 850 5026 omnis
877 4973 1099 5041 spiritus
1128 4974 1409 5041 immundi,
1436 4983 1490 5030 et
1519 4976 1762 5031 custodia
1793 4992 1912 5032 om-

324 5055 414 5111 nis
439 5057 674 5114 volucris
698 5061 985 5118 immundae
1005 5071 1061 5118 et
1080 5063 1313 5120 odibilis.
1346 5066 1426 5121 Ad
1452 5081 1613 5135 quam
1639 5066 1911 5122 civitatem

320 5150 603 5217 pertinent
630 5165 821 5207 omnes
846 5155 1062 5223 reprobi
1088 5170 1103 5220 ;
1137 5154 1289 5223 cujus
1315 5157 1595 5212 subversio
1624 5173 1720 5227 per
1752 5156 1911 5213 Joan-

323 5253 451 5293 nem
481 5240 537 5295 in
585 5241 904 5314 Apocalypsi
935 5245 1010 5299 ita
1065 5245 1359 5300 scribitur:
1389 5264 1409 5296 r
1442 5248 1554 5313 Vae,
1586 5264 1684 5312 vae,
1718 5249 1911 5303 civitas

320 5332 416 5388 illa
443 5350 635 5406 magna
661 5336 920 5408 Babylon,
961 5338 1155 5393 civitas
1179 5338 1265 5392 illa
1296 5337 1453 5395 fortis
1477 5357 1490 5393 :
1520 5340 1771 5408 quoniam
1801 5355 1906 5393 una

320 5424 460 5481 hora
489 5428 641 5482 venit
665 5427 932 5497 judicium
968 5437 1143 5497 tuum,
1169 5438 1223 5484 et
1246 5431 1608 5501 negotiatores
1629 5438 1787 5485 terrre
1808 5427 1903 5484 tle-

321 5516 460 5571 bnnt
482 5528 538 5573 et
566 5518 831 5591 lugebunt
856 5536 1019 5592 super
1051 5522 1216 5587 illam,
1249 5523 1503 5591 quoniam
1550 5536 1759 5576 merces
1790 5521 1907 5576 illo-

324 5628 443 5666 rum
477 5628 639 5668 nemo
663 5624 806 5670 emet
835 5615 1084 5685 amplius,
1131 5630 1341 5670 merces
1367 5614 1485 5668 auri
1514 5622 1568 5669 et
1594 5612 1823 5684 argenti,
1850 5623 1905 5668 et

322 5704 521 5777 lapidis
547 5707 786 5778 pretiosi,
821 5717 876 5765 et
903 5707 1231 5780 margaritae,
1259 5715 1314 5763 et
1350 5706 1519 5780 byssi,
1546 5712 1602 5761 ct
1626 5720 1900 5776 purpurea,

2030 4525 2046 4557 ι
2085 4522 2258 4572 ovem,
2291 4516 2347 4561 et
2383 4523 2623 4576 capram,
2652 4520 2872 4562 cervum
2918 4516 2974 4562 et
3023 4521 3294 4578 capream,
3319 4507 3596 4575 lsubalmn,

2028 4616 2046 4650 ‹
2084 4598 2814 4668 tragelaphum,pygargum,
2838 4597 3592 4669 orygcm,eamclopardalim.
3652 4664 3656 4668 ,

2027 4710 2047 4744 ι
2081 4690 2252 4748 Omne
2280 4690 2501 4755 animal,
2534 4690 2676 4760 quod
2706 4691 2758 4744 in
2783 4691 2918 4745 duas
2950 4699 3134 4759 partes
3158 4690 3411 4760 ungulam
3441 4690 3596 4745 findit

2025 4800 2043 4833 ι
2079 4791 2133 4838 et
2158 4782 2414 4846 ruminat,
2440 4781 2753 4843 comedetis.
2783 4789 2890 4835 ctc.
2927 4800 2945 4832 ι
2982 4778 3221 4834 Primum
3241 4781 3386 4835 enim
3417 4782 3595 4837 scicn-

2018 4877 2145 4932 dnm
2195 4882 2279 4929 est
2325 4871 2585 4942 quidquid
2625 4888 2654 4926 a
2703 4871 2813 4926 Deo
2849 4870 3155 4926 institutum
3200 4877 3286 4925 est
3334 4872 3593 4927 mundum

2013 4986 2154 5032 esse,
2179 4978 2234 5024 et
2270 4970 2323 5023 in
2354 4969 2470 5038 ipsa
2502 4966 2861 5021 institutionis
2912 4963 3237 5020 auctoritate
3281 4973 3590 5035 purgatum.

2013 5062 2150 5130 Quid
2177 5076 2306 5132 ergo
2327 5060 2450 5115 est?
2476 5058 2533 5114 In
2580 5057 2904 5113 animalibus
2935 5057 3101 5127 igitur
3131 5071 3313 5111 mores
3352 5058 3589 5126 pingun-

2014 5164 2102 5207 tur
2143 5152 2384 5216 humani,
2416 5159 2471 5203 et
2511 5158 2665 5205 actus
2700 5160 2755 5203 et
2795 5150 3118 5214 voluntates,
3150 5162 3217 5203 ex
3258 5146 3455 5214 quibus
3484 5144 3587 5212 ipsi

2012 5244 2148 5298 ﬁunt
2172 5241 2357 5296 mundi
2402 5240 2487 5296 vel
2513 5238 2793 5294 immundi.
2830 5237 2957 5294 Haec
2991 5238 3176 5307 itaque
3231 5232 3429 5289 munda
3463 5246 3585 5287 esse

2011 5334 2159 5390 dicit.
2197 5353 2214 5383 ι
2239 5313 2638 5402 Οῆιηρ,ἱηψιίῑ,
2654 5330 2797 5401 quod
2814 5331 2978 5385 habet
2996 5328 3222 5383 divisam
3244 5321 3585 5392 ungulam,et

2010 5426 2245 5480 ruminat
2278 5424 2330 5478 in
2356 5422 2662 5493 pecoribus,
2695 5419 3013 5475 comedetis.
3050 5437 3069 5469 ι
3097 5412 3246 5480 Quod
3277 5424 3400 5464 cum
3433 5407 3583 5463 dice-

2011 5526 2113 5582 ret,
2144 5530 2250 5571 non
2278 5530 2492 5585 pecora,
2535 5512 2627 5568 sed
2671 5525 2849 5566 mores
2899 5508 3176 5565 hominum
3218 5499 3580 5557 discernebat.

2011 5606 2252 5676 Denique
2280 5605 2333 5659 hi
2365 5603 2613 5659 homines
2647 5600 2832 5657 mundi
2871 5604 2996 5654 sunt
3038 5595 3131 5664 qui
3170 5589 3463 5656 ruminaut,
3490 5591 3581 5660 qui

2011 5699 2065 5755 in
2091 5715 2185 5754 ore
2207 5712 2419 5767 semper
2446 5700 2663 5765 portant
2687 5690 2840 5762 quasi
2870 5689 3050 5744 cibum
3071 5692 3335 5758 prtecepta
3378 5680 3575 5738 divina.
