3964 6192
499 237 599 286 tibi;
1190 213 1248 284 Βξ
1289 227 1542 282 RABANI
1582 225 1797 280 MAURI
1838 223 2156 280 AllClllEl‘.
2201 223 2506 279 MOGUNT.
2548 224 2830 280 OPERUM
2859 224 3036 279 PARS
3070 223 3111 280 1.
3599 233 3684 288 83.5

497 351 558 402 lli
587 359 636 401 et
661 347 910 415 ungulam
939 344 1180 408 ﬁndunt,
1207 344 1332 414 quia
1357 344 1462 399 duo
1488 343 1831 398 Testamenta
1860 341 1993 408 legis
2018 350 2072 394 et
2102 344 2144 400 Λ
2177 356 2269 395 sus
2298 340 2403 394 lota
2437 340 2490 394 in
2521 339 2804 395 volutabro
2823 341 2982 396 omni.
3009 360 3025 392 ι
3056 339 3160 395 Sed
3187 341 3325 409 quod
3347 341 3430 397 hic
3452 358 3553 413 qua:
3569 347 3688 404 dicta

496 441 904 511 livangeliorum
929 438 1235 501 credentes,
1261 452 1320 490 se
1341 436 1497 489 ﬁrmo
1519 450 1705 504 gressu
1733 434 2071 496 innocentiae,
2178 442 2305 488 sunt
2335 434 2561 488 addidit.
2604 433 2809 487 llorum
2857 433 3108 487 carnibus
3129 430 3250 487 'non
3282 436 3575 500 vescemini,
3594 453 3688 511 _nec

488 533 822 601 justiti-mque
871 536 1133 583 statuunt.
1176 529 1307 582 ltem
1338 526 1506 582 Judaei
1552 527 1828 580 rnn'tiuaut
1857 525 2072 595 quidem
2177 528 2441 582 cadavera
2469 526 2813 595 contingetis,
2843 526 2968 594 quia
2998 525 3271 579 immunda
3296 536 3414 580 sunt
3441 500 3687 593 vobis,hee

496 623 655 677 verba
686 621 843 690 legis,
867 619 1244 689 sed‘ungulam
1276 633 1382 671 non
1415 616 1648 680 ﬁndunt,
1676 617 1777 670 hoc
1804 624 1907 679 est,
1930 615 2073 684 quod
2175 618 2440 673 camelum
2460 658 2476 680 ,
2535 631 2637 670 nec
2686 615 2948 686 leporem,
3005 631 3104 669 nec
3155 615 3572 686 chmrogryllum,
3608 639 3686 677 nec

497 730 594 768 nec
625 711 731 766 duo
767 712 1112 766 Testamenta
1145 709 1280 778 legis
1310 708 1602 777 recipiunt,
1634 724 1732 761 nec
1773 709 1823 760 in
1857 707 2072 761 Patrem
2175 724 2327 763 suem
2358 709 2500 762 inter
2549 708 2745 761 nmnda
2771 707 3056 774 judicavit.
3086 706 3220 760 Nam
3265 709 3488 763 camclus
3521 709 3688 767 Scriba.

493 816 545 855 et
575 802 765 856 Filium
795 800 916 853 ﬁdei
942 815 1051 852 sua:
1081 813 1324 865 gressum
1355 806 1635 861 statuunt,
1664 805 1949 866 pmpterca
1975 796 2074 848 im-
2175 816 2292 854 rum
2319 808 2373 854 et
2404 800 2824 864 Pharisaeorum,
2861 809 2920 853 ut
2949 800 3202 863 diximus,
3233 816 3501 868 personam
3527 815 3685 872 gestat,

493 894 676 945 mundi
732 891 1017 943 habentur.
1076 888 1328 941 llmretici
1382 903 1596 957 quoque
1644 888 1770 941 licet
1817 887 2070 956 ungulam
2174 891 2262 958 qui
2291 905 2388 958 per
2404 890 2717 957 superbiam
2743 889 2983 942 stultitia:
3012 889 3146 942 vitio
3166 891 3421 945 notabiles
3453 902 3563 946 sunt
3596 909 3686 964 qua!

495 985 700 1038 ﬁndunt
728 983 779 1035 in
817 981 1034 1034 Patrem
1079 987 1134 1032 et
1181 978 1375 1032 Filium
1412 979 1725 1043 credentes,
1759 987 1814 1031 et
1841 978 1946 1030 duo
1975 977 2074 1031 Te—
2173 982 2447 1036 contraria
2495 989 2580 1036 est
2610 982 2907 1050 sapienti-aa.
2943 981 3240 1036 Stultorum
3285 985 3468 1053 quippe
3489 995 3560 1040 est
3593 1003 3690 1057 pm-

491 1085 756 1130 stamenta
797 1075 1139 1143 recipientes,
1171 1073 1262 1126 sed
1309 1073 1433 1140 quia
1486 1072 1783 1125 doctrinam
1827 1070 2076 1123 veritatis
2173 1073 2348 1141 prium
2379 1070 2680 1140 superbire.
2728 1071 2908 1142 Lepus
2935 1082 2995 1126 ut
3025 1073 3258 1136 timidus,
3292 1072 3565 1136 fortitudini
3591 1092 3690 1131 con-

495 1171 544 1222 in
576 1185 670 1220 ore
717 1181 821 1219 non
872 1165 1182 1227 ruminant,
1223 1163 1574 1216 nihilominus
1625 1160 1885 1214 immundi
1925 1168 2068 1213 sunt.
2177 1162 2376 1240 trarius
2412 1170 2530 1227 est;
2581 1162 2973 1233 climrogryllus
3010 1172 3071 1216 ut
3113 1178 3276 1231 rapax
3322 1163 3554 1232 justitire;
3600 1183 3690 1231 sus,

497 1280 514 1303 ο
558 1258 628 1310 De
669 1258 753 1311 his
782 1264 962 1309 autem
990 1270 1108 1323 quae
1136 1253 1410 1307 ruminant
1440 1261 1492 1305 et
1531 1250 1784 1320 ungulam
1830 1265 1935 1303 non
1977 1249 2072 1302 ﬁn-
2173 1256 2283 1309 vita
2314 1257 2532 1310 sordida
2567 1258 2752 1311 vivens
2781 1266 2835 1311 et
2870 1258 3170 1322 immunda,
3210 1259 3439 1311 castitati
3466 1261 3690 1313 contraria

497 1371 512 1421 ᾳ
555 1351 720 1413 dunt,
759 1349 872 1402 lucc
910 1345 1193 1400 comedere
1233 1359 1338 1397 non
1373 1343 1582 1397 debetis
1620 1360 1632 1394 :
1675 1340 1966 1402 camelum,
1997 1339 2070 1392 le-
2172 1358 2274 1402 ρει,
2335 1349 2540 1403 uorum
2590 1363 2785 1403 carnes
2834 1364 2935 1402 nec
2979 1349 3357 1412 comedamus,
3400 1350 3446 1403 id
3487 1360 3577 1410 ρει,
3615 1367 3692 1404 nec

496 1462 511 1490 ι
551 1457 754 1511 porem,
783 1437 1226 1508 cltmrogryllum.
1260 1436 1390 1502 Quae
1430 1436 1554 1503 quia
1585 1435 1859 1487 ruminant.
1881 1441 1935 1486 et
1964 1447 2068 1485 non
2173 1455 2331 1508 quam
2374 1441 2625 1494 videmur
2665 1442 2864 1494 habere
2893 1441 3175 1502 virtutem,
3222 1446 3514 1508 sequamur.
3548 1443 3594 1496 ln
3618 1442 3690 1513 hy-

495 1553 509 1581 ι
547 1532 792 1586 dividunt
845 1529 1140 1597 ungulam,
1199 1525 1477 1580 immunda
1540 1534 1700 1577 erunt
1749 1523 1921 1576 vobis.
1965 1520 2070 1575 Sus
2173 1530 2369 1597 pucrisi
2419 1532 2562 1585 enim
2621 1531 2768 1584 illam
2815 1538 2870 1584 et
2911 1546 3018 1584 non
3067 1532 3120 1584 in
3170 1532 3391 1585 veritate
3436 1541 3690 1596 sectantur;

493 1645 510 1672 ι
550 1638 781 1691 quoque,
800 1621 1054 1689 quoniam
1085 1618 1276 1672 dividit
1305 1616 1558 1687 ungulam
1589 1625 1641 1668 ei
1673 1630 1778 1667 n0"
1809 1615 2067 1676 mminal,
2099 1686 2134 1692 -μ
2175 1620 2343 1674 multo
2372 1623 2542 1690 magis
2586 1630 2765 1675 autem
2809 1622 3092 1676 morticina
3127 1638 3313 1676 eorum
3344 1624 3582 1692 tangenda
3609 1641 3690 1677 non

492 1737 511 1766 ο
552 1714 824 1768 immunda
857 1713 982 1767 erit.
1034 1711 1305 1768 Carnihus
1331 1727 1516 1764 eorum
1570 1726 1676 1763 non
1730 1709 2020 1763 vescemini
2046 1750 2060 1772 ,
2096 1686 2141 1743 Β
2170 1719 2314 1774 sunt,
2341 1727 2442 1765 nec
2471 1713 2628 1767 malis
2654 1728 2841 1767 eorum
2885 1713 3390 1767 communicandum
3435 1721 3511 1768 est
3555 1715 3691 1768 actio-

493 1823 508 1853 ι
549 1817 600 1857 et
625 1805 885 1856 cadavera
905 1819 1010 1856 non
1044 1801 1295 1871 tangctis.
1323 1821 1340 1850 ι
1365 1800 1473 1872 (Ea:
1498 1799 2067 1870 Ilesychio.)Camclus
2165 1802 2340 1854 nibus.
2374 1801 2489 1871 ipsa
2542 1802 2688 1855 enim
2729 1801 3034 1872 hujusmodi
3061 1803 3426 1872 proculdubio
3454 1805 3692 1857 morticina

485 1904 567 1947 est
607 1892 822 1947 .ludteus
853 1901 1068 1946 tumens
1111 1907 1206 1961 per
1250 1891 1556 1959 superbiam
1593 1908 1603 1942 :
1637 1889 1823 1959 quales
1861 1888 2064 1943 Scriba:
2165 1907 2290 1945 vera
2321 1901 2464 1946 sunt.
2501 1910 2518 1942 ι
2552 1891 2676 1946 lla:c
2703 1893 3005 1947 con'iedetis
3028 1909 3092 1946 ex
3118 1892 3370 1948 omnibus
3387 1909 3492 1963 qua:
3517 1910 3692 1949 moran-

485 1993 676 2036 suntet
697 1983 978 2047 Pharismi,
1003 1981 1068 2035 ad
1090 1999 1225 2052 quos
1240 1983 1452 2036 dicebat
1475 1981 1735 2034 Dominus
1757 1999 1770 2032 :
1793 1999 1809 2029 ι
1833 1979 2076 2048 Liquan-.
2170 2002 2188 2032 α
2229 1991 2314 2036 tur
2343 1983 2396 2035 in
2428 1982 2615 2051 aquis;
2638 1997 2757 2050 qua:
2783 1983 2980 2035 habent
3012 1981 3278 2051 peunulas
3300 1991 3352 2036 et
3374 1998 3603 2052 squamas
3625 1999 3693 2035 eo

491 2093 507 2124 ‹
550 2083 628 2127 tes
658 2073 911 2138 culicem,
945 2073 1209 2126 camelum
1242 2073 1528 2140 glutientes
1573 2069 1790 2141 (Matth.
1827 2073 2006 2141 xxtu).
2041 2090 2056 2121 ι
2170 2089 2187 2120 ι
2230 2072 2457 2136 medite;
2507 2087 2626 2140 qua:
2674 2071 2878 2139 absque
2921 2072 3173 2140 pennulis
3214 2080 3267 2124 et
3315 2072 3537 2140 squamis
3577 2081 3693 2130 sunt,

482 2166 624 2234 Ergo
664 2163 867 2218 Scriba:
915 2173 970 2218 et
1018 2165 1274 2218 Pharistei
1329 2164 1692 2217 ruminantem
1744 2163 2059 2226 comedunt,
2170 2177 2188 2211 ι
2227 2178 2294 2216 ne
2324 2162 2642 2227 come-datis,
2668 2163 2792 2232 quia
2828 2163 3100 2216 immunda
3129 2173 3277 2217 sunt.
3315 2183 3332 2214 ι
3370 2163 3696 2232 intelliguntur

484 2257 608 2323 quia
643 2255 694 2308 in
745 2254 878 2323 legis
918 2254 1112 2310 littera:
1157 2255 1459 2325 gloriantur
1509 2255 1882 2317 meditatione,
1913 2262 1966 2306 et
2009 2254 2061 2307 iu
2163 2267 2261 2321 per
2281 2254 2395 2307 inec
2428 2254 2480 2307 hi
2503 2255 2596 2322 qui
2623 2254 2674 2307 in
2697 2255 2950 2324 gentibus
2979 2255 3168 2308 salvati
3202 2263 3417 2320 sunt,ut
3434 2264 3549 2324 pote
3569 2270 3693 2322 rege-

483 2347 625 2398 rultu
678 2347 883 2401 sabbati
942 2346 1445 2416 puriﬁcationisque
1470 2387 1483 2409 ,
1525 2355 1580 2399 et
1627 2345 2020 2399 sacriﬁciorum
2046 2386 2060 2410 ,
2164 2345 2500 2398 nerationem
2523 2345 2786 2399 habentes
2817 2346 2870 2397 in
2896 2360 3033 2413 aqua
3059 2345 3415 2414 baptismatis.
3440 2345 3507 2397 De
3533 2344 3695 2412 quibus

483 2439 819 2508 aliorumque
847 2439 1125 2493 similium.
1157 2439 1422 2507 Unguium
1451 2447 1631 2492 autem
1670 2453 1778 2490 non
1819 2438 2058 2492 dividunt
2162 2444 2215 2490 ct
2250 2435 2414 2489 lsaias
2453 2436 2584 2490 dicit
2627 2453 2640 2488 :
2693 2455 2710 2486 ι
2763 2436 2902 2490 Ecce
2954 2447 3142 2507 gentes
3195 2438 3350 2508 quasi
3392 2437 3538 2491 stilla-
3556 2436 3696 2490 situla:

480 2547 541 2584 ea
574 2546 691 2599 quae
722 2531 788 2584 ah
817 2531 898 2585 eis
937 2533 1316 2597 eomeduntur,
1347 2545 1519 2599 neque
1547 2531 1862 2584 discernunt
1892 2545 1920 2582 a
1953 2530 2062 2598 spi-
2163 2527 2296 2597 (lsa.
2327 2528 2415 2596 x1.)
2437 2543 2450 2589 ;
2475 2547 2494 2578 ι
2525 2527 2658 2590 sive,
2685 2535 2744 2580 ut
2772 2526 3143 2598 Septuaginta,
3167 2547 3186 2578 ι
3210 2530 3347 2583 sicut
3371 2544 3511 2597 aqua:
3529 2527 3692 2592 multa,

481 2623 587 2675 ritu
619 2622 851 2676 litteram
890 2642 902 2676 :
929 2631 982 2674 et
1013 2630 1297 2691 propterea
1323 2636 1510 2676 eorum
1533 2620 1757 2675 scientia
1786 2619 2059 2672 immunda
2162 2624 2347 2686 gentes
2371 2617 2569 2672 multm.
2604 2637 2620 2668 ι
2653 2616 2806 2672 Unde
2831 2625 2886 2671 et
2911 2617 2991 2672 eis
3011 2619 3340 2673 conveniunt
3364 2634 3476 2687 qua:
3500 2632 3694 2687 sequun‘

479 2723 581 2768 est.
635 2713 795 2767 Tales
825 2723 948 2766 sunt
1000 2721 1053 2768 et
1099 2714 1189 2783 qui
1231 2713 1470 2783 leporem
1517 2711 1827 2773 comedunt,
1883 2719 1937 2763 et
1969 2710 2058 2778 qui
2163 2715 2290 2762 tur:
2321 2708 2492 2764 Omne
2540 2710 2682 2779 quod
2714 2711 2876 2765 habet
2900 2710 3166 2780 peunulas
3209 2722 3302 2765 aut
3333 2727 3579 2780 squamas,
3608 2717 3694 2762 tam

478 2803 916 2873 cluerogryllum.
950 2803 1242 2857 Ruminant
1271 2803 1493 2856 enimet
1527 2802 1664 2870 ipsa,
1689 2802 1782 2855 sed
1806 2799 2059 2869 ungulam
2163 2800 2214 2853 in
2247 2801 2382 2854 mari
2413 2817 2574 2870 quam
2620 2802 2674 2854 in
2725 2801 3037 2857 ﬂuminibus
3073 2813 3128 2856 et
3171 2805 3399 2874 stagnis,
3428 2801 3693 2857 comedetis.

478 2913 583 2949 non
639 2895 902 2950 dividunt.
952 2894 1006 2947 ln
1051 2894 1292 2964 populari
1352 2902 1534 2946 autem
1578 2892 1924 2946 multitudine
1969 2891 2061 2945 Ju-
2161 2888 2361 2941 Eadem
2391 2889 2553 2943 etiam
2599 2889 2684 2942 his
2713 2905 2833 2958 qua:
2861 2905 2925 2944 ex
2957 2891 3215 2960 gentibus
3247 2901 3370 2946 sunt
3412 2893 3472 2946 de
3506 2890 3692 2944 medita-

477 2991 734 3050 datorum,
789 2995 1078 3053 utrumque
1123 2984 1406 3052 accipitur.
1445 2983 1650 3037 Debilia
1701 2983 1898 3050 quippe
1938 2997 2060 3036 esse
2089 3033 2130 3053 η
2165 2979 2308 3032 tione
2336 2979 2469 3049 legis
2493 2979 2611 3033 aliis
2638 2981 2894 3049 praecepit
2923 2982 3215 3049 prtedicari
3239 2983 3431 3037 verbis.
3458 2980 3699 3035 Vultcnim

477 3077 733 3130 animalia
759 3077 876 3130 lucc
905 3075 1180 3139 dicuntur,
1220 3082 1450 3128 testante
1487 3073 1653 3126 David
1682 3082 1737 3126 et
1768 3072 2054 3126 Salomone
2087 3071 2130 3094 ν
2164 3085 2257 3124 eos
2290 3071 2491 3126 habere
2533 3072 2586 3125 in
2623 3072 2974 3126 meditatione
3009 3072 3142 3142 legis
3186 3074 3444 3142 peunulas
3471 3074 3702 3139 vitamque

477 3167 1159 3236 utrorumqueanimalium
1183 3166 1480 3219 debilitate.
1508 3165 1614 3219 Sed
1647 3163 1903 3217 Salomdu
1935 3164 2048 3230 qui-
2165 3162 2446 3218 sublimem
2481 3171 2641 3231 atque
2673 3163 2979 3230 cmlestem,
3027 3165 3121 3219 sed
3170 3162 3550 3234 expositionem
3594 3160 3697 3229 legis

479 3261 600 3312 dem
657 3272 779 3311 cum
813 3258 930 3310 ait:
967 3274 985 3305 ι
1026 3255 1363 3324 Lepusculus
1414 3255 1567 3323 plebs
1613 3254 1845 3307 invalida
1879 3255 2061 3324 posuit
2164 3252 2290 3306 huic
2334 3253 2586 3308 similem.
2628 3253 2855 3324 PrOpter
2882 3255 3026 3323 quod
3081 3270 3189 3308 nou
3243 3255 3517 3324 peunulam
3550 3253 3696 3312 habet,

477 3351 529 3403 in
563 3358 715 3419 petra
765 3347 940 3403 cubile
990 3348 1092 3402 sibi
1145 3346 1337 3418 (Prov.
1391 3345 1552 3417 xxx).
1592 3367 1611 3399 ι
1669 3347 1839 3401 David
1887 3361 2054 3401 vero:
2163 3343 2256 3397 sed
2307 3345 2571 3413 peunulas
2607 3360 2701 3399 eos
2749 3346 2864 3399 vult
2909 3347 3131 3403 habere.
3184 3348 3321 3413 Quia
3367 3357 3535 3399 autem
3580 3345 3694 3413 igno-

483 3461 498 3490 ι
539 3441 700 3502 Petra
727 3437 992 3510 retugium
1024 3438 1278 3492 eriuaciis
1301 3438 1414 3492 sive
1439 3437 1834 3507 cliterogryllis.
1868 3458 1884 3490 ι
1913 3438 2054 3504 Quo—
2164 3439 2342 3492 rantia
2391 3438 2586 3493 divina:
2643 3438 2937 3509 Scriptura:
2991 3448 3182 3510 gentes
3239 3442 3533 3495 obtinuerat
3584 3439 3700 3507 (non

479 3548 594 3586 rum
624 3547 788 3586 unum
819 3540 904 3586 est
928 3530 1084 3585 velox
1122 3539 1175 3584 et
1205 3531 1449 3584 timidum
1477 3546 1599 3586 cum
1626 3530 1962 3596 inﬁrmitate,
2003 3532 2054 3585 id
2161 3529 2305 3583 enim
2341 3540 2692 3599 susceperant
2725 3530 2898 3599 legem
2942 3547 3115 3600 neque
3147 3533 3458 3601 prophetas,
3501 3545 3588 3584 nec
3617 3526 3696 3579 alia

475 3623 752 3694 estlepus;
775 3622 916 3676 aliud
935 3633 1112 3676 autem
1133 3621 1306 3676 debile
1334 3622 1554 3689 quidem
1568 3621 1660 3675 sed
1683 3636 1872 3691 rapax,
1892 3629 2058 3690 atque
2161 3620 2216 3676 in
2242 3621 2321 3675 eis
2351 3621 2578 3675 scientia
2603 3621 2784 3676 divina
2812 3623 3104 3694 subtilior),
3134 3640 3206 3678 ne
3231 3640 3362 3695 ergo
3409 3625 3505 3678 hoc
3546 3620 3700 3675 morbo

475 3717 719 3777 bestiale.
742 3725 903 3785 atque
926 3705 1267 3769 mortiferum
1298 3714 1503 3777 dicunt,
1537 3713 1587 3766 id
1614 3723 1696 3766 est
1728 3713 2058 3784 chcerogryl-.
2161 3714 2497 3781 permanenti
2549 3723 2606 3768 et
2664 3724 2924 3784 perpetuo
2963 3715 3318 3782 laborarent,
3374 3729 3604 3784 squamas
3625 3724 3698 3767 eos

477 3807 573 3860 his.
619 3806 769 3872 Quod
812 3807 955 3859 omni
1010 3805 1223 3873 quidem
1283 3803 1525 3873 plebeio,
1583 3805 1814 3860 maxime
1873 3812 2051 3857 autem
2159 3803 2362 3858 habere
2405 3803 2550 3870 vult,
2601 3820 2722 3874 qua:
2772 3803 2929 3859 facile
2981 3805 3331 3861 auferuntur.
3373 3806 3500 3874 Quia
3552 3813 3700 3860 autem

473 3893 779 3949 dudmorum
831 3903 913 3948 est
965 3895 1015 3948 in
1065 3893 1276 3963 populo.
1313 3894 1388 3946 De
1443 3892 1640 3961 quitms
1667 3893 1802 3948 dixit
1842 3894 2049 3949 David:
2159 3911 2397 3964 squama:
2439 3896 2808 3965 temporalem,
2838 3905 2893 3951 et
2937 3897 3064 3966 quia
3091 3896 3250 3953 facile
3296 3907 3536 3953 careatnr
3581 3897 3698 3964 igno-

482 4006 496 4030 ι
542 3984 761 4040 Veloces
785 3984 948 4054 pedes
975 3999 1181 4048 eorum,
1213 3983 1278 4035 ad
1324 3981 1702 4037 eﬁ‘undendum
1735 3986 2050 4054 sanguinem
2159 3989 2390 4041 rautiam
2420 3988 2746 4058 signiﬁcant,
2782 3990 3165 4046 demonstrans
3203 4006 3266 4047 ea
3317 4008 3436 4061 qua:
3461 3989 3527 4046 de
3564 3985 3700 4043 Paulo

480 4073 652 4134 (Psa‘l.
685 4073 827 4145 xm).
867 4093 887 4125 ι
921 4070 1115 4126 Timidi
1141 4079 1316 4125 autem
1341 4079 1604 4140 quantum
1644 4079 1700 4125 et
1725 4070 1925 4126 inﬁrmi
1957 4071 2049 4127 ﬁlii
2159 4077 2359 4146 scripta
2409 4086 2535 4132 sunt
2573 4073 2626 4132 in
2688 4080 3055 4149 apostolorum
3111 4081 3363 4138 Actibus.
3414 4083 3538 4137 Cum
3583 4080 3695 4133 enim

475 4166 781 4225 indecorum
835 4166 978 4231 sint,
1025 4179 1128 4218 vox
1174 4163 1356 4218 divina
1402 4163 1638 4217 ostendit
1694 4178 1816 4217 cum
1875 4163 2047 4219 dicit:
2159 4173 2274 4226 zelo
2297 4171 2515 4241 judaieo
2559 4174 2853 4228 Ecclesiam
2884 4189 3329 4245 persequeretur,
3363 4177 3513 4232 facile
3558 4171 3697 4229 caruit

483 4278 498 4306 ι
541 4259 629 4313 V33
666 4258 920 4313 cordibus
950 4255 1191 4326 erPidiS,
1243 4263 1298 4308 οι
1343 4253 1591 4308 manibus
1619 4254 1880 4309 l‘CmiSSiS-
1913 4275 1930 4306 ι
1964 4253 2058 4318 ῐη·.
2159 4264 2273 4319 zelo
2310 4274 2530 4334 propter
2557 4267 2936 4335 ignorantiam,
2980 4278 3268 4338 postquam
3303 4269 3545 4340 cognovit
3567 4279 3695 4335 quem

469 4347 676 4414 jnstitia
709 4356 888 4402 autem
913 4353 1113 4416 (planta
1150 4355 1204 4400 et
1244 4344 1434 4400 feritas
1474 4345 1612 4415 apud
1643 4361 1738 4400 eos
1756 4353 1896 4410 erat,
1926 4346 2050 4400 audi
2081 4383 2128 4440 Β
2155 4367 2571 4427 pel-sequeretur
2617 4368 2840 4414 vocatus
2877 4376 2904 4413 3
2954 4360 3204 4424 Christo,
3249 4372 3304 4416 ει
3354 4371 3615 4432 ροειψωηι
3656 4353 3694 4407 (τί

472 4437 661 4498 lsaiam
695 4439 962 4506 dicentem
999 4455 1012 4491 ε
1042 4437 1320 4502 Quomodo
1344 4436 1484 4490 facta
1517 4444 1603 4492 est
1640 4437 1894 4492 meretrix
1925 4437 2041 4490 civi-

2157 4449 2225 4503 ab
2248 4450 2457 4504 Anania
2485 4450 2914 4518 evangelizatum
2935 4460 3019 4507 est
3048 4470 3060 4505 :
3093 4471 3110 4502 ι
3150 4451 3288 4506 Nam
3334 4467 3562 4520 squama:
3585 4445 3698 4500 ceci-

475 4538 555 4579 tas
587 4528 755 4583 ﬁdelis
780 4529 934 4598 plena
971 4529 1197 4598 judicii?
1222 4526 1438 4582 .lustitia
1471 4538 1650 4582 autem
1682 4529 1948 4582 habitavit
1995 4528 2047 4580 in
2155 4539 2352 4595 derum
2388 4540 2455 4592 ab
2479 4540 2650 4594 oculis
2677 4537 2815 4607 ejus,
2841 4551 2897 4594 et
2937 4556 3062 4594 mox
3091 4541 3243 4596 vidit.
3287 4561 3304 4593 ι
3338 4542 3476 4611 Ergo
3527 4540 3573 4591 in
3607 4548 3695 4589 me

471 4633 531 4668 ea
567 4634 580 4669 :
615 4633 758 4673 nunc
782 4628 963 4672 autem
991 4619 1276 4672 homieithe
1301 4618 1434 4690 (Isa.
1464 4619 1524 4688 ι).
1559 4638 1577 4670 ι
1605 4619 1733 4672 Post
1769 4619 1868 4673 hos
1899 4633 2049 4672 suem
2155 4631 2279 4684 dum
2332 4647 2677 4700 squamarum
2708 4631 3122 4702 superjacebam
3155 4633 3423 4688 instantes
3451 4633 3497 4685 ρί
3527 4639 3696 4696 tempo-

471 4708 602 4781 dicit
644 4723 764 4762 esse
807 4710 1162 4775 immundam,
1195 4711 1318 4779 quia
1353 4709 1543 4764 dividit
1568 4709 1823 4780 ungulam
1851 4718 1904 4763 et
1943 4727 2041 4763 nou

2153 4721 2294 4774 rules
2330 4721 2667 4792 ignoranti-.e.
2704 4722 2854 4779 Unde
2886 4723 3052 4778 etiam
3092 4733 3490 4793 consequenter
3516 4716 3694 4789 legisla-

472 4799 725 4851 ruminat.
757 4798 856 4865 Qui
883 4815 1012 4868 ergo
1043 4801 1150 4855 sint
1175 4802 1263 4870 qui
1297 4800 1638 4864 temulentur,
1669 4815 1730 4852 ac
1765 4807 2045 4869 propterea
2155 4821 2238 4864 1m-
2277 4814 2546 4866 subiugi“

473 4892 618 4956 illum
667 4893 948 4946 comedere
992 4895 1269 4958 dicuntur.)
1321 4894 1540 4950 Petrum
1588 4896 1950 4965 expositorem
1993 4904 2048 4949 et
2229 4923 2247 4952 ι
2283 4904 2550 4972 Quidquid
2586 4913 2765 4959 autem
2793 4906 3058 4976 peunulas
3082 4916 3175 4961 aut
3215 4923 3472 4978 squamas
3495 4921 3587 4960 non
3613 4902 3692 4955 ha-

471 4984 784 5056 magistrum
811 4983 1020 5052 suscipe
1051 5003 1066 5038 :
1093 5001 1216 5042 eum
1238 4987 1432 5056 quippe
1458 4988 1547 5056 qui
1574 4987 1736 5041 habet
1764 4989 2041 5043 scientiam

2157 5013 2175 5044 ι
2212 4996 2301 5048 bet
2329 5011 2514 5049 eorum
2545 5013 2664 5065 qua:
2696 4998 2747 5050 in
2779 4999 2934 5066 aquis
2965 5008 3250 5054 moventur
3298 5012 3354 5056 et
3383 5003 3579 5060 vivunt,
3615 4995 3691 5048 πὼς

469 5077 794 5138 divinorum,
830 5076 923 5128 sed
956 5091 1057 5128 non
1106 5076 1191 5128 illa
1232 5079 1367 5140 bene
1413 5079 1605 5141 utitur,
1639 5079 1942 5132 actionibus
1966 5080 2045 5132 in-
2158 5101 2176 5132 ι
2216 5084 2505 5137 ominahile
2536 5087 2688 5139 vobis
2716 5087 2822 5141 erit
2852 5095 2903 5141 et
2932 5090 3348 5144 exsecrandum.
3378 5112 3393 5140 ι
3431 5083 3690 5142 Suntcnim

2087 3033 2130 3094 C

468 5168 718 5240 congruis
749 5183 866 5221 eam
897 5166 1102 5236 polluit,
1134 5168 1358 5236 vitzequc
1384 5169 1672 5224 imumnda:
1697 5171 2040 5240 semetipsum

470 5261 711 5324 tradidit,
743 5274 891 5314 suem
938 5258 1100 5311 etiam
1148 5259 1260 5328 ipse
1308 5259 1594 5327 appellavit
1625 5261 1847 5315 dicens:
1882 5279 1899 5310 ι
1938 5261 2044 5314 Me-

470 5351 568 5414 ljus
598 5351 787 5406 fuisset
831 5349 909 5403 eis
937 5365 1040 5401 non
1074 5364 1400 5416 cognoscere
1430 5349 1568 5403 viam
1608 5349 1830 5416 iustitia:
1859 5368 2040 5421 quam,

471 5443 676 5510 cognita
711 5458 796 5504 ea,
829 5449 975 5494 retro
1011 5441 1204 5493 reverti
1255 5457 1281 5493 a
1319 5442 1517 5494 tradito
1546 5443 1643 5496 sibi
1679 5453 1866 5497 sancto
1896 5462 2044 5498 man-

469 5533 592 5582 dato
639 5531 736 5597 (II
791 5529 930 5594 l’rtr.
995 5530 1074 5596 II).
1121 5551 1136 5581 ι
1173 5533 1410 5601 (loritigit
1459 5535 1603 5588 enim
1664 5535 1768 5588 illis
1817 5552 1899 5590 res
1932 5539 2040 5591 veri

469 5619 778 5673 l‘ruverbii:
819 5644 834 5672 ι
873 5626 1032 5679 Canis
1061 5641 1309 5680 reversus
1354 5628 1418 5680 ad
1466 5629 1721 5682 vomitum
1768 5646 1964 5700 suum,
1989 5641 2040 5683 et

2148 5177 2391 5244 qutedam
2421 5177 2648 5244 piscium
2689 5194 2914 5248 genera,
2947 5189 3140 5235 testam
3169 5199 3262 5250 pro
3292 5183 3429 5251 pelle
3461 5175 3690 5234 habentia.

2148 5285 2380 5338 quorum
2405 5286 2626 5339 squama
2660 5272 2867 5326 auferri
2894 5289 3002 5326 non
3033 5282 3227 5343 potest.
3259 5273 3422 5328 Tales
3471 5278 3585 5325 sunt
3619 5263 3690 5331 (ni

2149 5373 2247 5412 nec
2277 5375 2530 5427 squamas
2562 5359 2877 5428 ignorantia:
2908 5363 3071 5416 verbo
3121 5362 3216 5416 Dei
3271 5363 3540 5429 deponere
3561 5399 3573 5422 ,
3613 5367 3690 5409 nec

2149 5452 2358 5504 culmen
2417 5453 2638 5520 spiritus
2678 5455 2956 5522 suscipere
3007 5455 3304 5522 patiuntur.
3358 5455 3420 5507 lli
3463 5461 3515 5506 et
3563 5451 3601 5502 si
3645 5447 3687 5499 in

2149 5543 2280 5594 mari
2334 5542 2678 5596 im'eniautur
2736 5545 3111 5612 baptismatis,
3154 5556 3207 5601 et
3248 5546 3293 5600 si
3334 5546 3386 5600 in
3420 5541 3691 5598 llmninibus

2149 5634 2476 5701 [Ml‘ltilt‘ltlld'
2529 5635 2919 5690 abominabiles
2975 5647 3138 5706 sunt,
3191 5640 3241 5692 in
3303 5638 3547 5698 omnibus
3591 5643 3690 5700 «tute
