3964 6192
1165 291 1565 348 ENARRATIO
1603 291 1832 350 SUPER
1871 297 2493 357 DEUTERONOMIUM.
2534 333 2599 343 —-
2638 303 2766 358 LIB.
2807 288 2869 358 ll.
3354 374 3359 379 _
3516 266 3619 368 $86

346 406 637 455 moventur
680 399 735 454 in
760 400 917 470 aquis
940 407 997 455 et
1044 399 1249 456 vivunt.
1281 403 1352 457 Et
1391 418 1515 459 cum
1548 404 1715 459 vitam
1747 406 1922 461 sortiti
1952 411 2003 470 Α
2030 408 2175 464 tione
2205 408 2467 473 ciborum,
2493 410 2628 467 lines
2663 413 2742 468 eis
2761 414 3009 484 proprios
3034 415 3202 471 dedit.
3235 416 3380 486 Quos
3417 422 3615 490 perdu-

344 500 472 545 sunt
516 492 570 543 in
624 490 965 559 baptismate,
1007 492 1347 548 vocationem
1402 502 1580 548 tamen
1618 496 1929 566 generatio-
2028 512 2160 552 cens
2188 506 2243 552 et
2273 499 2627 556 terribiliores
2648 500 2874 569 faciens,
2908 519 3015 559 non
3046 505 3186 561 sicut
3218 507 3284 562 de
3323 512 3611 580 pecoribus

344 597 580 652 nemque
606 590 983 651 corruperunt,
1016 584 1143 638 dum
1169 586 1429 653 pennulas
1454 596 1510 642 et
1538 603 1795 657 squamas
1819 605 1927 644 non
2027 596 2084 642 et
2133 589 2410 659 piscibus,
2458 591 2620 647 etiam
2672 594 2737 648 de
2783 595 2867 649 his
2924 597 3117 651 sciant.
3174 599 3249 653 lbi
3300 602 3444 655 enim
3490 605 3609 661 ait:

345 672 570 734 habent,
603 672 884 726 sublimem
908 673 1159 729 videlicet
1186 676 1353 731 vitam
1381 714 1396 741 ,
1448 678 1926 750 cognitionemque
2033 698 2053 732 ι
2088 679 2214 736 llaec
2235 690 2360 737 sunt
2384 682 2639 738 animalia
2663 699 2785 753 quae
2813 687 3097 743 comedere
3124 687 3337 745 debetis
3373 692 3438 746 de
3482 709 3616 749 cun-

342 765 680 829 divinorum,
712 780 833 834 quae
879 765 1140 832 cmlestis,
1169 768 1265 823 sed
1292 784 1389 824 cor
1432 785 1637 825 aecum
1690 770 1745 824 in
1779 771 1903 841 igno
2028 769 2131 824 ctis
2180 770 2546 827 animantibus
2589 780 2771 836 terra};
2810 793 2828 825 ι
2881 782 2937 829 et
2989 791 3177 832 rursus
3211 797 3224 831 ι
3265 796 3282 829 ι
3319 779 3443 836 llaec
3491 796 3617 843 sunt

347 856 525 910 rantia
550 856 812 922 detinent,
859 866 914 913 et
961 868 1253 930 prepterea
1283 863 1338 918 in
1376 863 1463 918 his
1506 880 1628 934 quae
1673 880 1930 936 squamas
2027 873 2148 929 quae
2171 860 2463 930 gignuntur
2488 861 2539 915 in
2563 863 2737 931 aquis,
2766 865 2986 919 etvesci
3013 865 3221 921 licitum
3251 878 3351 929 est,
3388 870 3500 927 Hoc
3521 891 3617 928 au-

346 949 563 1014 gmhcm,
590 965 698 1004 non
726 950 1169 1009 αάηωηθηιηιιηι,
1218 955 1441 1014 Intende
1492 967 1674 1016 amem
1722 969 1927 1030 quanta
2029 956 2138 1004 tem
2179 958 2322 1016 sunt,
2368 968 2489 1021 quae
2518 954 2583 1008 de
2612 956 2804 1010 avibus
2831 958 3117 1013 comedere
3165 975 3273 1016 non
3302 962 3529 1029 debetis,
3559 974 3614 1019 et

344 1041 678 1096 εηωίωίιειθ
719 1057 1053 1108 sermonum,
1085 1052 1144 1099 ιη
1167 1046 1420 1104 ﬁdem“
1449 1051 1683 1106 maxima
1713 1066 1812 1121 per
1834 1067 1929 1108 eos
2026 1040 2245 1111 vitanda
2287 1042 2459 1097 vobis.
2495 1063 2512 1094 ι
2541 1042 2681 1101 Vere
2714 1045 3113 1104 abominatione
3162 1052 3383 1122 dignum
3428 1064 3530 1121 est,
3560 1066 3617 1112 et

342 1132 605 1202 mysteria
629 1140 685 1188 et
710 1133 1049 1190 admirabilia
1067 1137 1378 1207 signiﬁcans
1403 1140 1700 1210 legislator,
1716 1153 1905 1201 utatur

2051 1131 2182 1187 valde
2232 1132 2376 1187 inter
2434 1133 2621 1189 illicita
2679 1144 2843 1207 atque
2900 1136 3062 1192 nimis
3115 1140 3363 1197 evitanda
3410 1159 3616 1205 comm»

342 1220 618 1279 Peunulas
659 1223 803 1279 enim
840 1231 896 1279 et
924 1239 1180 1294 squamas
1215 1227 1517 1297 conjunxit,
1560 1234 1690 1302 quia
1736 1250 1907 1304 quem-

2041 1221 2381 1289 morandum,
2430 1224 2870 1294 contemplationi
2927 1238 3207 1285 vacantem
3255 1234 3564 1303 quempiam
3593 1278 3606 1300 ,

343 1313 637 1368 admodum
685 1315 924 1385 piscibus
953 1319 1152 1386 quibus
1196 1328 1325 1375 sunt
1374 1337 1631 1391 squama},
1666 1324 1753 1379 his
1800 1334 1928 1380 sum
2026 1322 2221 1383 sponte
2250 1316 2384 1371 tales
2410 1317 2609 1372 habere
2634 1321 2891 1387 maculas,
2921 1324 3106 1393 quales
3127 1341 3224 1396 per
3243 1326 3615 1386 dinumeratas

340 1403 659 1458 omnimodo
706 1412 761 1459 et
806 1407 1077 1475 pennulaa,
1128 1409 1209 1465 sic
1255 1412 1451 1480 quibus
1503 1415 1814 1483 temporalis
1841 1426 1927 1472 εει
2025 1420 2153 1460 aves
2195 1406 2471 1478 legislator
2519 1409 2806 1479 signiﬁcat.
2861 1412 2951 1467 Ait
3004 1415 3149 1469 enim
3204 1434 3217 1470 :
3255 1416 3505 1487 Aquilam
3553 1431 3612 1477 et

340 1510 591 1563 squama.
621 1495 688 1549 Et
713 1507 1040 1568 quapropter
1069 1501 1178 1556 cito
1212 1517 1278 1557 ea
1306 1505 1480 1560 careri
1503 1507 1691 1576 possit.
1730 1507 1826 1563 His
1870 1517 1925 1563 et
2026 1495 2306 1566 ΒιὙΡῘιειἩι
2351 1496 2645 1562 balineum,
2670 1510 2725 1555 οι
2760 1501 2984 1556 ιηίινιιῐη
3017 1501 3174 1577 juxta
3209 1521 3382 1575 genus
3427 1525 3608 1564 suum.

336 1585 581 1655 cognitio
603 1586 870 1652 sublimis,
898 1597 954 1644 et
984 1591 1091 1645 vita
1121 1593 1358 1649 caelestis
1386 1593 1661 1664 adjicitur.
1695 1596 1922 1665 Horum,
2027 1585 2269 1655 Rapaces
2297 1596 2353 1642 οι
2385 1587 2562 1643 Cibum
2594 1589 2829 1645 alienum
2877 1592 3015 1646 male
3060 1601 3352 1659 θθοωηῑοδν
3389 1600 3628 1667 (ιιιωειῑί

336 1677 439 1745 qui
469 1693 576 1732 non
618 1688 744 1733 sunt
770 1680 938 1747 ,tales,
980 1697 1077 1738 nec
1104 1700 1303 1742 carnes
1350 1689 1668 1755 comedere,
1697 1691 1792 1747 sed
1823 1707 1901 1746 081

2042 1692 2127 1731 ius
2152 1674 2363 1744 iniustis
2397 1680 2715 1748 gaudentes,
2735 1695 2833 1749 per
2861 1682 3117 1749 prmdicta
3148 1684 3437 1755 signiﬁcat.
3472 1688 3607 1754 Quia

338 1770 633 1825 morticina
674 1778 918 1842 tangere,
946 1789 1046 1829 nec
1075 1775 1310 1846 aliquam
1339 1780 1773 1849 coniunctionem
1799 1797 1920 1837 om-
1950 1762 1996 1820 B
2023 1769 2167 1822 enim
2194 1770 2413 1838 quidam
2443 1770 2790 1825 inveniuntur
2832 1773 2885 1826 in
2915 1772 3154 1828 Ecclesia
3201 1775 3346 1830 inter
3393 1791 3487 1831 eos
3518 1780 3610 1848 qui

339 1859 475 1913 nino
499 1875 621 1914 cum
660 1861 739 1916 eis
762 1862 963 1918 habere
987 1872 1223 1934 oportet.
1259 1866 1412 1933 Quod
1440 1876 1675 1925 testatur
1697 1870 1898 1926 Paulus

2044 1867 2281 1913 tutantur
2336 1861 2775 1931 contemplationi
2843 1878 3063 1933 operam
3121 1864 3293 1931 dare,
3352 1867 3444 1934 qui
3503 1884 3609 1922 non

339 1948 575 2004 dicens:
624 1969 643 2001 ι
690 1949 748 2005 Si
792 1952 838 2006 is
881 1953 974 2023 qui
1002 1953 1173 2010 frater
1195 1958 1530 2025 nominatur,
1558 1967 1643 2015 est
1689 1961 1925 2017 fernica-
2023 1951 2474 2023 qlwmadmodum
2506 1954 2703 2010 debent
2741 1956 2808 2009 ad
2857 1956 2960 2011 hoc
3002 1966 3218 2023 vacant.
3269 1957 3365 2012 sed
3406 1956 3609 2015 frustra

340 2046 453 2103 tor,
481 2047 575 2094 aut
600 2055 815 2106 avarus,
837 2050 933 2097 aut
975 2044 1132 2100 idolis
1159 2047 1422 2112 serviens,
1465 2057 1558 2103 aut
1601 2050 1918 2116 maledicus,
2024 2042 2316 2109 inﬂantur,
2364 2043 2491 2097 audi
2536 2043 2762 2099 Paulum
2814 2044 3083 2099 dit‘entem
3117 2064 3130 2099 ε
3173 2064 3191 2098 ί
3248 2044 3304 2100 Si
3344 2046 3466 2114 quis
3500 2046 3606 2101 alia

336 2139 441 2184 aut
469 2132 736 2199 ebriosus,
756 2142 861 2189 ,ειυς
890 2150 1081 2206 rapax,
1114 2152 1238 2193 cum
1271 2138 1580 2208 hujusmodi
1608 2157 1709 2198 nec
1738 2144 1919 2198 cibum
2023 2134 2202 2199 docet,
2232 2140 2287 2188 et
2310 2149 2416 2189 non
2457 2134 2756 2204 acquiescit
2802 2136 2953 2191 sanis
3003 2138 3345 2193 sermonibus
3392 2138 3606 2195 Domini

338 2223 539 2276 sum'te
570 2223 587 2279 (
605 2222 634 2277 Ι
656 2220 777 2278 Cor.
805 2223 880 2296 v).
919 2246 935 2278 ι
969 2226 1212 2293 Adulter,
1252 2238 1344 2284 aut
1366 2246 1582 2298 avarus,
1618 2224 1713 2288 aut
1744 2233 1922 2289 ebrio-
2023 2223 2194 2278 nostri
2220 2220 2348 2278 Jesu
2376 2221 2602 2289 Christi,
2646 2232 2700 2278 et
2731 2226 2780 2279 ei
2828 2240 2949 2296 qua:
3000 2215 3296 2281 secundum
3349 2228 3606 2297 pietatem

338 2328 456 2375 sus,
485 2320 580 2366 aut
605 2314 898 2381 detractor,
938 2331 1044 2371 non
1093 2318 1257 2373 habet
1300 2322 1586 2390 pennulas,
1634 2331 1727 2380 aut
1753 2325 1903 2380 vitae

2044 2320 2106 2366 :st
2127 2312 2407 2378 doctrinm,
2434 2314 2699 2382 superbus
2721 2328 2824 2379 εει,
2854 2314 2989 2368 nihil
3014 2315 3320 2379 sciens,scd
3352 2316 3609 2386 languens

337 2401 592 2457 videlicet
614 2404 819 2460 habens
854 2406 1125 2461 sordidam
1171 2417 1227 2464 et
1263 2411 1620 2468 immundam.
1648 2413 1920 2471 [dolorum
2023 2406 2169 2463 circa
2219 2408 2542 2477 qmestiones
2588 2415 2645 2462 et
2686 2424 2896 2479 pugnas
2943 2410 3256 2473 verborum.
3294 2425 3359 2463 cx
3407 2410 3604 2479 quibus

337 2502 523 2547 autem
556 2492 753 2559 cultor,
777 2495 868 2564 qui
899 2511 1157 2567 squamas
1179 2514 1285 2554 non
1309 2500 1495 2568 habet,
1513 2517 1620 2559 non
1644 2513 1923 2576 computa-
2022 2496 2271 2551 oriuntur
2297 2497 2534 2562 invidiae,
2564 2497 2962 2560 contentiones,
2996 2497 3378 2567 blasphemize,
3432 2499 3611 2570 suspi-

335 2592 449 2637 tur.
487 2584 685 2638 Duram
740 2585 936 2656 quippe
972 2594 1032 2642 et
1084 2587 1141 2643 in
1183 2605 1391 2647 morem
1435 2599 1590 2649 testae
1635 2604 1798 2666 atque
1845 2597 1923 2651 in-
2023 2586 2207 2641 ciones
2256 2586 2431 2653 make,
2488 2586 2861 2642 conﬂictiones
2921 2587 3202 2642 hominum
3249 2598 3429 2645 mente
3481 2606 3607 2645 cor-

335 2673 642 2728 sanabilem
683 2675 884 2731 habere
927 2677 1141 2733 videtur
1186 2681 1491 2738 divinorum
1531 2684 1895 2756 ignorantiam

2036 2687 2327 2747 ruptorum,
2352 2686 2408 2733 et
2430 2678 2523 2748 qui
2552 2695 2582 2733 a
2618 2678 2847 2732 veritate
2873 2677 3069 2747 privati
3100 2688 3245 2743 sunt,
3283 2679 3601 2734 existimaui-

334 2764 494 2820 Alias
520 2782 861 2838 nequaquam
889 2778 1173 2841 postquam
1201 2773 1315 2831 Deo
1360 2774 1682 2846 coniunctus
1710 2789 1815 2847 εει,
1839 2782 1921 2837 ιιι-
2024 2771 2156 2824 tium
2196 2779 2461 2840 quaestum
2506 2784 2628 2824 esse
2680 2769 2938 2839 pietatem
2991 2767 3056 2841 t1
3116 2768 3252 2823 Tim.
3287 2768 3385 2839 vr).
3426 2789 3445 2824 ι
3495 2769 3607 2827 llos

334 2864 428 2911 ira
474 2860 703 2915 serviret
751 2863 928 2921 idolis.
970 2866 1236 2926 Ριιωιοιιθει
1285 2872 1582 2927 notandum
1621 2881 1726 2938 est,
1774 2876 1919 2945 quod
2023 2858 2183 2930 igitur
2205 2858 2509 2929 signiﬁcant
2531 2873 2595 2912 ea
2638 2874 2758 2928 qua:
2784 2873 2928 2912 nunc
2953 2858 3292 2914 dinumerata
3318 2868 3445 2914 sunt
3482 2861 3604 2915 ani-

264 3019 273 3023 _
336 2948 542 3018 pisces,
567 2951 661 3020 qui
683 2954 947 3023 pennulas
973 2972 1320 3026 squamarum
1345 2961 1566 3027 habent,
1595 2963 1722 3018 dare
1750 2965 1922 3021 sanus
2023 2951 2203 3017 malia,
2245 2951 2444 3005 victum
2491 2965 2558 3005 ex
2584 2950 2771 3018 rapina
2794 2949 3191 3019 conquirentia.
3232 2949 3485 3017 Quasdam
3513 2968 3609 3005 an-

335 3039 506 3092 etiam
540 3055 703 3109 super
729 3058 899 3112 aquas
925 3046 1119 3100 solent.
1145 3047 1283 3114 Quid
1323 3063 1452 3118 ergo
1480 3052 1728 3119 pennatis
1756 3053 1921 3122 pisci-
1953 3104 1994 3122 ﬂ
2027 3049 2133 3096 tem
2170 3057 2237 3096 ex
2265 3041 2349 3096 bis
2377 3041 2514 3096 alias
2540 3056 2669 3095 aves
2713 3040 2991 3106 invadunt,
3025 3048 3076 3095 et
3113 3055 3179 3095 ex
3231 3041 3606 3097 venationibus

338 3128 467 3194 bus,
497 3104 621 3184 nisi-
651 3104 834 3186 electa:
878 3134 1073 3191 anima:
1101 3104 1497 3209 signiﬁcantur:
1535 3104 1924 3213 ηυεεὲι-(ξέέέίο
1950 3104 1995 3166 C
2025 3146 2213 3185 earum
2246 3131 2577 3185 nutriuntur.
2608 3128 2726 3183 Alia
2754 3142 2884 3185 vero
2909 3129 2962 3184 in
3008 3129 3196 3185 domos
3224 3129 3603 3202 ingredientia,

337 3217 475 3273 sola:
526 3219 580 3273 in
617 3220 855 3285 caelestis
894 3224 1145 3282 Ecclesiae
1190 3243 1388 3299 corpus
1427 3235 1747 3288 transeunt?
1793 3234 1923 3303 Qum
2023 3220 2415 3291 diripiuntquac
2439 3227 2770 3292 repererunt,
2788 3234 2856 3276 ne
2881 3219 3098 3291 quidem
3121 3221 3421 3292 gerentium
3451 3222 3607 3276 obso-

340 3309 506 3363 modo
532 3310 790 3366 virtutum
822 3316 1072 3385 pennulis
1114 3317 1281 3386 fultas,
1309 3320 1476 3378 saltus
1512 3323 1643 3379 dare
1674 3339 1772 3394 per
1814 3342 1924 3384 cm-
2022 3313 2129 3369 ιιίίε
2162 3314 2437 3383 Ρεινοθιιιίε1
2467 3327 2482 3366 ³
2508 3313 2704 3383 quibus
2729 3319 2857 3367 δυηε
2897 3310 3103 3367 Similes
3126 3312 3345 3382 αυίάιιηι
3391 3312 3483 3381 (ἰαί
3516 3327 3608 3382 Ρα-

343 3397 481 3455 leste
508 3402 833 3460 desiderium
862 3408 1063 3476 sciunt,
1111 3418 1169 3465 ut
1201 3427 1489 3483 supernam
1512 3419 1923 3490 comemplaqo.
2022 3413 2241 3461 netrant
2271 3408 2478 3470 domos,
2507 3414 2562 3460 et
2584 3404 2824 3475 captivas
2858 3405 3062 3459 ducunt
3101 3401 3447 3490 mulierculas
3473 3418 3605 3457 onc-

343 3505 473 3545 “em
494 3501 766 3562 appetant.
808 3500 1058 3567 quamvis
1086 3501 1141 3558 in
1171 3518 1232 3559 se
1270 3504 1404 3575 ipsis
1432 3506 1629 3563 iterum
1659 3489 1745 3564 εί
1778 3527 1923 3567 mor-
2023 3504 2173 3550 ratas
2201 3495 2473 3563 peccatis;
2523 3508 2659 3563 quos
2687 3492 2886 3548 Paulus
2931 3491 3125 3562 arguit.
3158 3489 3353 3548 Vultur
3388 3489 3521 3544 rixis
3549 3498 3607 3545 et

344 3580 442 3633 tali
474 3596 639 3638 carne
663 3585 994 3644 relabantur.
1039 3589 1151 3648 Soli
1193 3608 1322 3666 ergo
1352 3594 1407 3649 in
1458 3596 1754 3653 electorum
1803 3616 1909 3655 cor-

2032 3584 2178 3639 bellis
2207 3584 2401 3654 gaudet
2453 3594 2673 3652 prepter
2716 3584 2980 3637 cadavera
3026 3581 3360 3651 prmliorum,
3413 3581 3597 3636 intan-

337 3686 475 3741 pore
503 3675 656 3742 quasi
678 3676 832 3733 cibus
852 3679 1056 3737 electus
1083 3691 1386 3752 transeunt,
1401 3685 1492 3755 qui
1523 3686 1579 3740 in
1607 3702 1673 3741 eo
1700 3689 1842 3758 quod
1867 3690 1902 3744 it

2037 3692 2136 3731 ium
2165 3685 2224 3731 ut
2249 3675 2412 3730 etiam
2452 3682 2707 3744 sequatur
2731 3674 3051 3728 exercitum.
3081 3672 3197 3728 Non
3234 3688 3364 3744 ergo
3389 3681 3602 3742 oportet

342 3762 472 3818 imis
512 3766 842 3837 deserviunt,
877 3772 1166 3843 aliquando
1192 3775 1261 3831 ad
1291 3791 1523 3847 superna
1554 3781 1907 3838 conscendere

2038 3765 2250 3820 diorum
2280 3763 2499 3819 casibus
2543 3763 2687 3832 pasci
2723 3771 2887 3832 atque
2930 3761 3129 3816 nutriri
3178 3777 3302 3818 eum
3351 3762 3443 3832 qui
3476 3777 3603 3817 con-

338 3853 570 3911 saltibus
608 3860 805 3915 mentis
832 3862 1012 3917 sciunt
1038 3879 1108 3921 ne
1127 3880 1340 3935 semper
1370 3867 1424 3921 in
1458 3867 1741 3938 profundis
1768 3888 1903 3927 cura

2036 3856 2358 3927 templationi
2388 3855 2478 3910 dat
2509 3870 2749 3924 cperam.
2782 3852 3000 3908 Corvini
3055 3852 3275 3923 generis
3325 3866 3454 3921 ergo
3485 3852 3601 3906 ani-

336 3958 463 3997 ΐιιῖη
496 3946 723 4015 lateant,
771 3960 827 4005 et
864 3952 1009 4007 nulla
1047 3969 1140 4010 eas
1185 3956 1387 4012 amoris
1410 3959 1628 4026 summi,
1658 3962 1811 4030 quasi
1846 3963 1924 4018 qi-
2021 3947 2185 4002 malia
2227 3954 2353 4001 sunt
2398 3944 2696 4000 aﬂ‘ectioais
2747 3943 2987 4015 expertia
3024 3960 3037 3996 :
3070 3943 3214 4013 quod
3248 3942 3596 3997 manifestum

336 4036 460 4091 beri
484 4038 629 4093 aeris
652 4055 784 4094 aura
810 4042 1106 4114 contingat.
1134 4044 1235 4113 Qui
1273 4062 1403 4118 ergo
1444 4048 1606 4104 rebus
1650 4058 1901 4123 tempora

2032 4047 2194 4095 estex
2221 4053 2286 4093 eo
2305 4038 2445 4108 quod
2474 4037 2707 4092 emissus
2731 4051 2764 4089 a
2786 4033 2919 4118 Noe,
2946 4048 3012 4089 ex
3038 4035 3214 4105 prima
3247 4049 3369 4088 eum
3403 4049 3597 4089 corvus

338 4124 484 4182 libus
512 4138 879 4200 occupantur,
937 4142 1067 4191 tunc
1102 4136 1242 4193 bene
1283 4140 1554 4195 exteriora
1606 4122 1917 4213 disponunt,
2022 4129 2324 4186 avolatione
2350 4136 2719 4198 transgressus
2766 4133 2868 4181 est.
2901 4124 2998 4213 Cui
3040 4124 3234 4179 similis
3258 4122 3423 4178 Judas
3451 4122 3597 4177 circa

336 4233 464 4272 cum
490 4219 721 4277 εοιιίοίιρ
746 4224 813 4278 ad
836 4223 1093 4281 inferiora
1119 4227 1413 4301 refugium,
1434 4247 1558 4287 cum
1580 4211 1921 4306 nequaquam
2022 4237 2178 4276 suum
2197 4221 2517 4291 magistrum
2541 4227 2596 4275 et
2615 4218 2904 4273 Dominum
2932 4211 3050 4271 fuit.
3072 4212 3319 4270 Struthio
3349 4214 3594 4306 quietiam

336 4307 489 4365 foras
523 4312 991 4382 perturbationum
1021 4320 1276 4389 strepitus
1304 4321 1550 4394 diligunt,
1592 4304 1811 4395 scapud
1836 4342 1922 4382 sc-
2021 4319 2108 4366 εεῑ
2134 4310 2279 4375 “is:
2332 4310 2426 4365 θεά
2472 4308 2653 4364 νοιπθ
2700 4324 2805 4361 ηοη
2856 4314 3055 4376 Doms"
3102 4304 3593 4395 ‘Ofanlillli?_“'imm

335 4401 600 4470 metipsos
631 4402 775 4459 intus
804 4407 1211 4477 tranquillitatis
1242 4411 1298 4466 in
1326 4392 1448 4467 sinu
1479 4392 1848 4483 requiescunt.

2030 4415 2179 4456 suam
2207 4399 2351 4453 circa
2378 4406 2575 4452 terram
2606 4405 2876 4464 occupat:
2918 4394 3107 4465 quales
3148 4393 3258 4447 Deo
3301 4392 3595 4447 militantes

2030 4499 2072 4510 ,Α
2124 4489 2298 4510 -_..._-I!
2364 4503 2416 4510 ,Α
2463 4488 2690 4510 _-_--!:-
2741 4487 3080 4510 :--.....I2..-..¢..-
3153 4484 3411 4510 M‘\.-.--A.“
3463 4499 3592 4510 -.Α-Α

417 4507 436 4539 ί
471 4490 672 4548 Omnes
714 4508 842 4549 aves
893 4498 1122 4554 mundas
1151 4501 1446 4568 comedim,
1492 4503 1796 4562 immundas
1849 4523 1918 4562 ne
1948 4484 2077 4545 "et
2120 4489 2300 4545 saeculi
2361 4503 2419 4544 se
2463 4488 2693 4559 negotiis
2741 4487 3102 4557 implicantes.
3153 4484 3413 4540 Noctuam
3463 4499 3595 4539 vero

338 4595 365 4628 4
402 4581 721 4637 comedetis.
766 4584 1019 4656 Aquilam
1063 4589 1272 4645 scilicet
1316 4598 1370 4645 et
1413 4567 1694 4664 ε’νγριιειῃ,
1727 4605 1783 4649 οι
1828 4596 1920 4651 ha.
2021 4580 2162 4635 LXX
2219 4579 2465 4650 glaucum
2511 4578 2780 4632 dixerunt.
2828 4576 2979 4630 Hanc
3029 4583 3280 4629 asserunt
3327 4573 3380 4627 in
3434 4583 3594 4643 nocte

344 4686 365 4718 ι
402 4668 626 4738 litatum,
652 4672 799 4728 ixion
826 4683 880 4730 et
908 4675 1193 4743 vulturem,
1217 4693 1283 4734 ac
1305 4679 1550 4747 milvum,
1571 4682 1726 4753 juxta
1750 4700 1919 4755 genus
2020 4671 2164 4727 acuti
2188 4686 2310 4727 esse
2329 4670 2493 4734 Visus,
2517 4670 2631 4724 $016
2668 4676 2847 4723 ίιιιιθη)
2879 4675 3191 4737 apparentes
3227 4666 3407 4721 minus
3448 4665 3595 4720 ιιῑῧί-

345 4776 366 4808 ⁸
405 4773 582 4825 suum,
622 4770 679 4815 ει
706 4778 864 4820 omne
890 4766 1101 4821 corvini
1148 4768 1382 4837 generis.
1437 4768 1831 4839 Struthionem,
1865 4783 1922 4829 ει
2020 4771 2131 4818 tate
2159 4761 2437 4817 oculorum
2462 4759 2591 4814 frui.
2622 4760 2779 4814 Tales
2815 4768 2941 4813 sunt
2989 4758 3079 4827 qui
3119 4757 3253 4829 legis
3290 4756 3594 4827 gloriantur

343 4865 365 4897 ⁴
404 4856 676 4914 noctuam.
710 4858 764 4906 et
798 4852 995 4920 larum,
1029 4863 1192 4926 atque
1224 4857 1539 4927 accipitrem
1568 4857 1722 4929 juxta
1749 4876 1920 4933 genus
2021 4851 2473 4921 contemplatione
2505 4857 2562 4903 et
2606 4848 2852 4912 scientia,
2886 4847 3059 4901 lucem
3099 4845 3424 4917 evangelicae
3468 4859 3594 4900 con-

346 4955 366 4987 ι
404 4953 589 5005 suum;
621 4940 925 5007 herodium,
952 4954 1007 4999 et
1048 4960 1305 5017 cygnum,
1351 4955 1408 5001 et
1435 4948 1568 5014 ibin,
1598 4963 1662 5003 ac
1708 4964 1919 5021 mergu-
2019 4943 2339 4998 versationis
2375 4956 2568 5011 capere
2615 4957 2719 4995 non
2753 4940 3011 4993 valentes.
3052 4937 3226 4994 Larus
3272 4937 3472 4992 animal
3507 4944 3592 4991 est

344 5045 367 5077 ‹
403 5027 536 5096 lum,
565 5031 1018 5103 porphyrionem,
1062 5043 1118 5088 et
1158 5036 1581 5107 nycticoracem,
1629 5047 1919 5093 onocrota-
2011 5035 2076 5107 in
2099 5042 2330 5105 utroque
2358 5034 2565 5099 vivens,
2596 5032 2648 5087 id
2691 5041 2794 5096 est,
2846 5048 2986 5101 aqua
3023 5039 3079 5086 et
3124 5040 3292 5085 terra.
3321 5030 3420 5096 Qui
3453 5029 3593 5081 sicut

347 5135 366 5168 ι
407 5118 541 5185 Ιαω,
568 5129 623 5174 et
646 5122 1009 5189 charadrium,
1035 5125 1245 5196 singula
1285 5126 1338 5180 in
1376 5141 1575 5199 genere
1618 5144 1737 5183 suo.
1775 5128 1918 5198 Upu-
2020 5124 2136 5179 avis
2160 5124 2345 5178 volans
2376 5123 2591 5193 quidem
2615 5161 2630 5186 ,
2677 5128 2734 5176 ut
2776 5120 3011 5191 aquatile
3043 5127 3223 5174 autem
3268 5126 3435 5173 natat.
3490 5114 3587 5169 Cui

346 5230 368 5262 ι
409 5227 533 5282 pam
554 5226 767 5284 quoque
794 5225 850 5271 et
876 5217 1334 5288 vespertilionem,
1376 5226 1433 5273 et
1459 5234 1618 5275 omne
1646 5221 1792 5290 quod
1841 5235 1922 5275 re-
2020 5228 2126 5267 non
2164 5213 2301 5267 male
2324 5221 2703 5282 comparantur
2725 5211 2781 5266 bi
2817 5211 2908 5280 qui
2937 5208 3095 5266 simul
3121 5205 3587 5263 circumcisionem

346 5319 368 5355 ι
409 5312 527 5374 ptat
552 5312 608 5359 et
632 5306 895 5375 pennulas
940 5308 1125 5373 habet,
1154 5307 1488 5362 immundum
1533 5308 1656 5373 erit,
1690 5324 1792 5364 nec
1826 5323 1912 5363 co.
2021 5297 2345 5358 venerantdr
2372 5312 2429 5357 et
2455 5303 2742 5373 baptisma.
2776 5301 2857 5356 Ad
2879 5311 3015 5372 quos
3033 5299 3233 5353 Paulus
3258 5296 3386 5351 dicit
3420 5311 3434 5346 :
3468 5310 3485 5341 ι
3523 5291 3583 5346 Si

347 5412 370 5446 σ
411 5396 672 5451 medetur.
724 5416 744 5449 ι
793 5396 904 5452 Nec
943 5414 1131 5454 eorum
1175 5398 1270 5467 qui
1321 5398 1392 5453 ad
1440 5399 1909 5469 contemplativam
2017 5391 2498 5456 circumcidimini,
2525 5392 2774 5447 Christus
2800 5391 2952 5445 vobis
2974 5387 3105 5443 nihil
3126 5386 3348 5456 prodest
3378 5378 3579 5451 (Galat.

343 5487 745 5554 vacantvitam,
774 5489 831 5543 in
860 5489 963 5544 hoc
987 5488 1261 5561 legislator
1283 5490 1637 5546 indiscussam
1666 5490 1907 5561 reliquit;
2017 5481 2103 5574 \').i
2125 5503 2142 5533 ι
2168 5480 2458 5574 Accipiter,
2486 5482 2628 5535 inter
2661 5496 2883 5574 rapaces
2904 5494 3029 5574 aves
3049 5483 3168 5574 est,
3209 5472 3577 5574 habetautem

342 5575 443 5632 sed
468 5578 914 5645 quemadmodum
946 5579 1000 5633 in
1046 5578 1316 5636 oblatione
1356 5579 1753 5647 sacriﬁciorum,
1789 5593 1907 5647 pro-

2020 5573 2269 5642 quiddam
2293 5571 2437 5627 aliud
2464 5579 2683 5642 propter
2707 5570 2847 5639 quod
2871 5566 3220 5638 alegislatore
3247 5566 3458 5634 positus
3480 5570 3585 5617 est.

346 5666 527 5735 prium
558 5667 639 5724 eis
669 5667 803 5740 legis
824 5669 1113 5741 capitulum
1154 5658 1398 5741 deputat,
1434 5670 1509 5725 ita
1538 5669 1666 5725 etin
1691 5667 1914 5739 inquisi-
2021 5663 2344 5719 Mansuescit
2395 5662 2589 5733 quippe
2635 5669 2688 5716 et
2724 5667 3042 5731 cooperatur
3082 5656 3151 5715 ad
3189 5654 3583 5727 rapacitatem;
