3978 6182
449 300 553 357 887

1120 266 1180 350 ΒΖ
1221 289 1475 348 mnam
1514 288 1733 346 suum
1769 281 2087 341 ARCHIEP.
2128 281 2434 342 uocum.
2476 282 2763 340 omnum
2798 280 2979 338 mas
3014 283 3056 338 ι.

3592 286 3710 342 888

444 398 602 487 quem
640 414 920 469 imitantur
968 410 1025 466 hi
1055 412 1147 480 qui
1192 410 1458 466 mansueti
1506 408 1723 479 quidem
1766 404 2017 459 videntur
2045 402 2092 460 Α
2121 416 2239 456 vam
2271 403 2439 458 vitam
2469 403 2792 473 pollicentur
2816 406 3103 476 praecepit;
3146 414 3201 462 et
3250 414 3537 477 propterea
3578 410 3709 479 qui-

442 522 586 571 esse,
622 508 695 560 ‘et
744 518 907 559 sensu
960 500 1284 569 tranquilli:
1325 508 1453 554 sunt
1497 505 1676 551 autem
1737 509 1861 549 cum
1918 505 2011 560 po-

443 598 680 653 tentibus
707 603 764 650 et
793 593 970 649 avaris
1004 599 1169 661 atque
1198 588 1508 661 rapacibus.
1543 585 1867 658 Nycticorax
1897 582 2013 636 ani-

439 686 548 742 mal
573 695 653 741 est
680 685 819 755 quod
842 684 896 737 in
920 692 1079 737 nocte
1104 679 1475 735 tantummodo
1509 677 1648 748 repit
1696 685 1860 746 atque
1886 689 2014 744 ope-

440 787 614 839 ratur,
636 777 776 831 sicut
804 783 930 830 sunt
958 782 1164 846 gentes,
1204 770 1566 840 iuteiligibiles
1612 767 1789 823 noctis
1830 765 2014 835 operi-

436 866 568 932 bus,
599 882 718 936 qua:
748 850 874 921 sunt
912 864 1195 919 fornicatio
1220 906 1234 930 ,
1285 862 1624 918 immunditia
1646 903 1661 927 ,
1708 860 1968 930 spurcitia
1994 898 2009 922 ,

438 962 703 1017 idolorum
737 959 943 1022 cultus,
993 964 1048 1012 et
1093 957 1178 1012 his
1213 956 1429 1011 similia.
1458 954 1567 1011 ibis
1605 963 1660 1009 et
1691 951 2009 1022 porphyrio,

437 1068 598 1125 quem
621 1050 761 1105 LXX
787 1050 1066 1104 nominant
1117 1047 1418 1119 pclicanum
1443 1089 1458 1113 ,
1500 1062 1703 1118 cygnus
1728 1053 1783 1100 et
1823 1045 2013 1099 chara-

437 1142 611 1205 drius,
656 1140 799 1210 longi
836 1154 957 1195 esse
982 1138 1125 1202 colli,
1151 1140 1472 1206 trahereque
1509 1136 1689 1191 cibum
1727 1151 1792 1190 ex
1831 1134 2014 1188 altitu-

435 1232 561 1286 dine
587 1240 746 1286 terra:
774 1237 937 1299 atque
969 1243 1251 1298 aquarum,
1284 1228 1556 1283 dicuntur.
1598 1225 1728 1293 Quae
1758 1222 2008 1278 animalia

435 1324 637 1381 imitari
686 1340 792 1378 non
838 1323 1117 1387 debemus,
1151 1335 1252 1375 nec
1288 1321 1353 1376 de
1396 1318 1743 1374 inferioribus
1780 1315 2010 1371 evellere

434 1414 634 1479 cibum,
667 1414 762 1468 sed
797 1412 863 1468 de
893 1412 1237 1467 coelestibus-
1255 1409 1348 1464 ille
1378 1408 1644 1478 siquidem
1671 1405 2008 1476 contempla-

435 1503 568 1558 tioni
596 1510 767 1566 vacat,
810 1501 903 1571 qui
953 1502 1020 1555 ad
1050 1500 1330 1570 superiora
1380 1506 1562 1553 mente
1609 1496 1921 1560 contendit,
1956 1503 2011 1550 et

434 1609 541 1648 non
570 1593 741 1647 solum
767 1591 1150 1662 intelligibilem
1176 1590 1354 1645 cibum
1382 1604 1411 1643 a
1453 1588 1680 1643 Domino
1710 1594 2005 1656 exspectat.

439 1682 590 1738 Unde
629 1681 706 1736 ait
760 1680 1021 1735 Dominus
1054 1698 1067 1734 :
1097 1699 1114 1731 ι
1161 1679 1337 1735 Nolite
1383 1678 1596 1761 solliciti
1645 1692 1766 1732 esse
1815 1676 2008 1730 anim-.c

2114 508 2327 562 cunque
2379 496 2596 564 quidem
2653 495 2962 552 volatilibus
3029 497 3237 552 similes
3285 507 3452 563 sunt,
3509 516 3705 569 super-

2114 598 2307 638 norum
2347 585 2601 640 videlicet
2647 586 2865 655 assequi
2913 586 3430 656 contcmplationem
3480 592 3704 659 promit-

2115 681 2309 740 tentes,
2337 690 2457 745 quae
2485 675 2635 730 ducit
2682 675 2750 729 ad
2797 674 2987 740 caelos,
3017 676 3111 731 sed
3166 677 3452 747 reptilibus
3479 694 3702 749 compa-

2114 774 2306 820 rantur
2333 774 2510 830 terraa,
2533 773 2588 821 et
2611 767 3066 836 concupiscentiis
3100 784 3323 838 operam
3351 771 3502 835 dant,
3532 774 3697 828 etiam

2112 860 2157 914 si
2182 859 2237 913 in
2266 865 2500 928 quatuor
2537 859 2705 929 pedes
2740 859 3045 924 ambulant,
3067 860 3121 915 id
3144 869 3228 915 est
3257 862 3304 916 si
3327 864 3697 934 evangelieam

2112 949 2348 1014 simulat,
2389 964 2512 1019 qute
2556 951 2730 1005 dicit:
2768 968 2788 1002 ε
2825 949 2939 1004 Non
2979 951 3101 1005 veni
3144 967 3337 1007 vocare
3357 952 3569 1021 iustos,
3603 958 3701 1011 sed

2110 1050 2427 1114 peccatores
2464 1043 2532 1098 ad
2567 1044 2977 1113 paenitentiam;
3040 1066 3059 1099 ι
3109 1055 3196 1112 et,
3249 1066 3268 1097 ι
3322 1046 3441 1103 Non
3493 1051 3701 1107 habent

2110 1149 2334 1189 necesse
2358 1134 2476 1189 sani
2512 1136 2815 1201 medicum,
2850 1138 2943 1192 sed
2981 1139 3071 1208 qui
3113 1139 3253 1195 male
3283 1140 3484 1196 habent
3523 1140 3695 1212 (Lac.

2109 1223 2209 1283 vi:
2246 1241 2266 1275 ι
2301 1238 2331 1276 a
2372 1238 2481 1293 quo
2526 1223 2667 1280 latro
2715 1224 2957 1281 salvatus
3008 1236 3063 1280 et
3105 1229 3348 1285 adultera
3398 1228 3698 1299 iustiﬁcata

2109 1322 2224 1378 est;
2260 1313 2351 1383 qui
2379 1313 2500 1383 plus
2524 1314 2810 1380 debebant,
2837 1315 2961 1385 plus
2985 1317 3209 1389 diligere
3240 1320 3585 1376 innocentem
3614 1324 3697 1377 di-

2109 1412 2326 1470 cuntur,
2352 1405 2449 1459 sed
2477 1412 2679 1469 tamen,
2709 1406 2834 1475 quia
2886 1422 2993 1462 non
3045 1409 3342 1462 secundum
3384 1411 3695 1476 veritatem,

2109 1499 2363 1554 socialem
2388 1501 2793 1570 amplectuntur
2808 1501 2995 1567 vitam,
3020 1503 3319 1557 abutuntur
3344 1512 3526 1558 autem
3551 1520 3699 1560 com—

2107 1591 2359 1660 passione
2392 1593 2831 1661 praedicationis,
2874 1609 2975 1664 pro
3020 1594 3133 1649 suis
3180 1595 3548 1664 voluptatibus
3597 1597 3699 1651 im-

2109 1681 2294 1735 mundi
2335 1690 2462 1737 sunt
2498 1690 2662 1753 atque
2709 1683 3198 1749 abominabiles,ut
3225 1695 3349 1754 pote
3370 1686 3460 1756 qui
3514 1687 3570 1741 in
3602 1687 3698 1742 tali

433 1782 629 1829 vestra:
675 1773 805 1843 quid
856 1764 1223 1836 manducetis,
1269 1786 1443 1840 neque
1488 1758 1703 1839 corpori
1752 1768 1883 1839 quid
1926 1768 2009 1822 in-
2038 1758 2085 1817 Β
2113 1775 2524 1830 conversatione
2575 1784 2631 1830 et
2676 1775 2731 1830 in
2766 1783 2917 1830 tanta
2963 1776 3210 1842 scientia,
3262 1785 3475 1848 turpem
3507 1793 3698 1848 quam-

434 1866 696 1923 duamini.
743 1864 862 1921 Scit
888 1866 1032 1920 enim
1060 1864 1221 1919 Pater
1244 1872 1423 1918 vester
1460 1862 1718 1925 cmlestis,
1748 1860 1874 1931 quia
1923 1859 2009 1913 his

432 1957 685 2013 omnibus
707 1956 956 2025 indigetis
985 1954 1201 2026 (Matth.
1233 1953 1330 2024 vi).
1366 1972 1383 2005 ι
1429 1952 1615 2023 Upupa
1643 1951 1868 2020 lugubre
1897 1949 2011 2003 aui-

431 2049 541 2112 mal
582 2056 665 2103 est
704 2063 894 2102 amans
933 2047 1078 2119 quod
1126 2046 1429 2101 luctuosum
1458 2054 1555 2099 est.
1591 2041 1784 2097 Smculi
1828 2049 2008 2095 autem

434 2139 653 2195 tristitia
704 2146 936 2193 mortem
992 2145 1264 2207 operatur.
1320 2135 1548 2206 Propter
1606 2133 1749 2203 quod
1796 2138 2008 2202 oportet

432 2247 555 2286 cum
586 2231 678 2301 qui
724 2230 897 2299 diligit
946 2229 1270 2293 Dominum,
1311 2242 1523 2297 semper
1574 2224 1841 2296 gaudere,
1888 2223 2009 2278 sine

432 2323 834 2377 intermissione
867 2337 1048 2387 orare,
1088 2322 1141 2375 in
1161 2321 1410 2375 omnibus
1440 2319 1641 2389 gratias
1670 2332 1847 2388 agere,
1879 2317 2008 2385 quia

434 2411 686 2482 gaudium
739 2410 946 2465 fructus
982 2419 1064 2465 est
1108 2410 1347 2481 Spiritus.
1398 2408 1819 2479 Vespcrtiliones
1863 2407 2006 2461 circa

433 2486 636 2555 terram
677 2500 881 2564 volant,
915 2501 989 2554 ita
1032 2508 1092 2554 ut
1139 2501 1331 2573 pennis
1369 2515 1466 2569 pro
1517 2498 1742 2568 pedibus
1787 2504 2011 2550 utantur

434 2595 648 2666 quando
679 2594 956 2649 ambulant
983 2613 995 2647 :
1033 2595 1176 2664 quod
1203 2603 1380 2648 tamen
1413 2593 1689 2664 indignum
1721 2598 1804 2646 est
1841 2590 1895 2642 in
1930 2589 2011 2645 eis

432 2689 522 2768 qui
555 2686 991 2758 contemplationi
1032 2686 1163 2741 dant
1189 2700 1429 2757 operam.
1469 2684 1707 2752 Quorum
1734 2683 1877 2739 enim
1928 2689 2012 2736 est

433 2779 644 2833 volatus
685 2778 830 2833 circa
882 2785 1103 2841 terram,
1154 2776 1344 2830 horum
1397 2775 1560 2830 etiam
1608 2774 1796 2845 procul
1846 2773 2010 2829 dubio

431 2885 584 2926 mens
621 2869 850 2924 terrenis
879 2876 1193 2939 occupatur.
1227 2867 1342 2922 Non
1395 2867 1729 2922 incredibilis
1770 2881 1899 2936 ergo
1936 2866 2012 2921 sis

431 2974 533 3014 nec
559 2959 795 3025 dubites,
824 2958 968 3030 quod
1005 2959 1167 3013 etiam
1199 2957 1331 3020 hmc,
1359 2970 1478 3026 qua:
1500 2971 1642 3010 nunc
1671 2955 2012 3010 dinumerata

433 3061 561 3109 sum
588 3052 860 3116 animalia,
879 3052 947 3107 ad
965 3050 1349 3123 ostensionem,
1377 3049 1602 3119 ﬁguram
1631 3061 1815 3101 eorum
1840 3061 1869 3100 a
1894 3046 2010 3115 qui-

432 3144 535 3199 bus
558 3144 829 3198 abstiuere
854 3143 1050 3198 debent
1074 3140 1508 3210 contemplationi
1537 3147 1808 3200 vacantes,
1833 3139 2007 3206 posuit

434 3234 732 3306 legislator.
777 3235 882 3291 Sed
941 3236 1154 3306 inquies
1192 3253 1204 3288 :
1246 3235 1525 3301 Quomodo
1569 3234 1761 3288 horum
1804 3231 2013 3285 anima-

434 3323 564 3393 lium
595 3341 703 3379 non
733 3325 906 3388 cibus,
954 3325 1047 3380 sed
1080 3324 1310 3378 imitatio
1338 3324 1671 3394 prohibetur,
1721 3338 1842 3377 cum
1886 3322 2014 3376 scri-

433 3426 584 3503 ptum
629 3416 743 3471 sit:
790 3434 808 3469 ε
852 3414 1056 3470 Similis
1086 3414 1257 3470 factus
1305 3430 1423 3469 sum
1471 3414 1714 3483 pelicauo
1769 3412 2015 3468 solitudi-

433 3509 549 3579 nis;
583 3506 753 3563 factus
778 3524 894 3564 sum
919 3508 1059 3562 sicut
1080 3507 1390 3579 nycticorax
1428 3506 1480 3560 in
1508 3506 1814 3561 domicilio?
1838 3504 2008 3577 (Psal.

437 3596 549 3668 ci.)
581 3617 599 3648 ι
642 3595 748 3652 Per
790 3595 1026 3667 aquilam
1055 3606 1233 3651 autem
1280 3594 1489 3666 Moyses
1519 3595 1691 3666 ipsum
1741 3593 2012 3666 signiﬁcat

434 3686 724 3758 Dominum
759 3686 1027 3757 dicentem
1067 3687 1135 3741 ad
1187 3685 1351 3755 lsrael
1403 3705 1414 3739 :
1448 3685 1728 3751 Quomodo
1762 3692 2011 3755 portave-

433 3779 536 3851 rim
559 3792 656 3832 vos
683 3792 844 3847 super
891 3777 1029 3831 alam
1081 3776 1403 3847 aquilarum.
1458 3775 1591 3830 Nam
1639 3783 1695 3829 et
1738 3777 2015 3846 propheta:
2064 3836 2074 3849 ο

433 3867 643 3939 leonem
686 3859 959 3921 Christum
1018 3867 1308 3941 appellant.
1365 3865 1598 3921 Leonem
1644 3874 1823 3920 autem
1853 3880 1884 3921 e
1932 3866 2016 3921 di-

431 3971 592 4027 verso
622 3972 745 4011 esse
768 3955 961 4010 Petms
998 3956 1270 4027 apostolus
1295 3956 1428 4023 dicit
1450 3956 1742 4011 diabolum.
1781 3954 1891 4011 Nec
1937 3965 2015 4010 ta-

435 4064 557 4102 men
591 4048 885 4102 secundum
931 4047 1036 4102 hoc
1082 4048 1165 4103 leo
1218 4045 1488 4112 Christus,
1525 4046 1816 4102 secundum
1868 4049 2011 4119 quod

435 4138 680 4209 diabolus
724 4137 942 4194 dicitur.
969 4137 1126 4193 Absit
1155 4154 1184 4192 a
1215 4138 1388 4202 nobis,
1424 4138 1563 4193 absit
1604 4138 1707 4193 ista
1742 4138 2007 4209 impietas.

436 4232 544 4301 Sed
567 4233 691 4303 quia
719 4232 879 4288 simul
904 4249 1124 4305 regnum
1154 4248 1253 4288 nec
1292 4249 1395 4288 non
1422 4249 1585 4304 rapax
1618 4245 1779 4303 atque
1805 4233 2012 4288 immite

435 4324 634 4395 animal
686 4333 786 4379 est.
834 4324 1076 4394 Cumque
1130 4324 1447 4397 dignitatem
1499 4323 1845 4390 laudabilem,
1876 4325 2010 4379 vitu-

435 4415 728 4490 perabilem
757 4424 964 4470 tantum
1003 4402 1370 4485 operationem
1400 4425 1570 4486 gerat,
1602 4415 1747 4484 quod
1789 4415 2007 4486 quidem

436 4495 701 4559 laudabile
728 4506 908 4569 habet,
941 4506 1043 4577 hoc
1073 4506 1123 4558 in
1155 4504 1371 4559 Christo
1400 4505 1696 4575 accipitur;
1748 4492 1889 4574 quod
1922 4519 2009 4567 au-

435 4606 543 4667 tem
583 4597 939 4671 vituperabile
973 4598 1136 4671 habet
1173 4597 1224 4650 in
1272 4597 1508 4660 diabolo,
1551 4597 1853 4665 rapacitas,
1902 4595 2004 4648 im-

437 4688 790 4740 mansuetudo
821 4687 997 4755 :quod
1020 4694 1074 4755 et
1103 4686 1156 4739 in
1203 4686 1382 4755 aquila
1420 4685 1852 4748 considerantes,
1886 4685 2005 4739 sine

435 4774 613 4842 aliqua
672 4774 947 4831 dubietate
1001 4769 1320 4849 reperimus.
1387 4775 1615 4844 Propter
1666 4774 2009 4829 altitudinem

434 4864 580 4916 enim
625 4863 833 4919 volatus
880 4864 996 4940 eius
1042 4864 1095 4918 in
1142 4865 1450 4927 Dominum,
1498 4862 1706 4934 Moyses
1755 4864 2005 4933 sumpsit.

433 4953 704 5025 Propheta
743 4963 920 5009 autem
948 4956 1053 5009 Dav
1067 4955 1116 5030 id
1148 4956 1337 5029 lugens
1380 4954 1653 5010 hominem
1701 4955 1753 5009 in
1786 4964 2010 5024 peccato

436 5043 811 5109 constitutum,
838 5044 1166 5115 nycticoraci
1195 5046 1340 5099 hunc
1383 5045 1524 5110 sicut
1553 5044 1607 5097 in
1638 5036 2010 5111 nocte'viven-

437 5147 545 5193 tem
586 5137 940 5208 comparavit.
968 5137 1071 5207 Per
1112 5136 1417 5209 p‘elicanum
1454 5143 1633 5191 autem
1661 5144 1721 5190 ut
1760 5145 1884 5211 pote
1912 5152 2011 5209 per

437 5229 639 5283 animal
663 5244 852 5283 amans
886 5227 1227 5298 solitudinem
1248 5270 1261 5293 ,
1293 5229 1543 5299 ﬁguravit
1566 5244 1687 5283 eum
1711 5230 1801 5298 qui
1828 5214 2009 5282 forsan

435 5322 623 5377 amicis
666 5319 940 5375 desolatus
965 5329 1069 5384 est,
1122 5336 1184 5393 ac
1222 5322 1465 5396 cognatis
1493 5321 1827 5393 aiiorumque
1857 5322 2006 5397 simi-

442 5430 564 5468 .Illlll
594 5412 850 5467 societate
877 5411 1189 5485 destitutus.
1754 5408 1760 5413 ’

512 5525 529 5556 ι
564 5505 630 5558 Et
655 5520 814 5561 omne
836 5505 976 5574 quod
1005 5513 1179 5575 reptat
1201 5514 1256 5577 et
1284 5504 1543 5576 pennulas
1566 5504 1753 5568 habet,
1776 5505 2015 5570 immuni

440 5594 562 5654 dum
597 5595 731 5661 erit,
757 5611 857 5651 nec
894 5596 1229 5663 comedetur.
1286 5615 1304 5647 ι
1346 5593 1427 5649 Ab
1458 5593 1604 5648 omni
1634 5593 1860 5648 mundos
1892 5608 2013 5649 esse

459 5696 662 5751 παρολιιο
687 5695 849 5774 atque
891 5688 1104 5761 actione
1140 5685 1357 5743 sordida
1391 5698 1486 5740 eos
1515 5683 1610 5773 qui
1636 5684 2019 5774 contemplati:

2109 1864 2230 1918 dam
2258 1865 2650 1935 ingrediuntur,
2676 1876 2732 1923 et
2755 1869 2924 1922 vitam
2969 1868 3320 1924 immundam.

2185 1970 2204 2003 ι
2225 1952 2549 2025 Omnequod
2564 1958 2818 2012 mundum
2837 1967 2943 2023 est,
2958 1959 3227 2014 comedite
3243 1977 3256 2027 ;
3275 1961 3536 2031 quidquid
3554 1979 3699 2017 mor-

2114 2062 2133 2094 ί
2154 2045 2376 2100 ticinum
2397 2054 2499 2112 est,
2515 2063 2582 2103 ne
2594 2050 2885 2104 vescamini
2910 2066 2976 2106 ex
3001 2066 3085 2106 eo.
3101 2051 3416 2120 Percgrino,
3433 2053 3524 2123 qui
3554 2054 3695 2109 intra

2080 2145 2097 2156 ‘
2117 2152 2132 2184 t
2152 2143 2339 2204 portas
2362 2144 2483 2192 tuas
2496 2147 2598 2203 est,
2617 2139 2684 2193 da
2707 2148 2765 2193 ut
2780 2141 3048 2209 comedat,
3065 2151 3155 2195 aut
3171 2143 3503 2213 vende,quia
3521 2153 3578 2197 tu
3602 2160 3702 2213 po-

2115 2244 2132 2275 ι
2154 2226 2312 2295 pulus
2346 2235 2567 2284 sanctus
2603 2228 2817 2284 Domini
2847 2232 2942 2287 Dei
2978 2234 3052 2287 tui
3085 2247 3163 2288 es.
3189 2252 3208 2284 ι
3236 2233 3409 2289 Omne
3438 2235 3699 2287 mundum

2108 2316 2392 2371 comedere
2415 2320 2692 2389 praecepit,
2715 2322 2839 2389 quia
2864 2324 3168 2379 actionibus
3194 2324 3349 2378 bonis
3377 2333 3431 2379 et
3454 2325 3701 2379 moribus

2109 2407 2350 2462 honestis
2370 2409 2446 2463 uti
2477 2411 2745 2464 concedit.
2778 2411 3118 2467 Morticinnm
3149 2414 3232 2469 edi
3262 2428 3390 2468 vero
3423 2415 3698 2484 prohibet,

2108 2500 2235 2567 quia
2259 2515 2288 2554 a
2311 2508 2644 2555 mortuorum
2667 2504 2920 2573 operibus
2943 2505 3219 2561 abstinere
3238 2521 3339 2561 nos
3353 2506 3524 2577 jubet.
3553 2505 3699 2573 Quin

2108 2590 2287 2660 potius
2328 2593 2616 2660 peregrino
2643 2592 2759 2647 dari
2808 2596 3109 2659 consentit;
3142 2596 3269 2667 quia
3317 2611 3349 2649 a
3401 2610 3610 2667 pagano
3637 2605 3701 2650 et

2111 2679 2386 2745 haeretieo,
2424 2680 2568 2750 quia
2592 2681 2897 2739 Christiana
2942 2662 3202 2755 religione
3231 2662 3697 2741 ἷιιίεηῑέἐειιοτ-

2111 2783 2200 2823 res
2226 2777 2370 2836 sunt,
2399 2772 2551 2840 quasi
2577 2772 2866 2829 immundis
2895 2784 2950 2829 ct
3002 2776 3281 2830 immunda
3303 2775 3536 2846 proiicit,
3568 2794 3699 2833 cum

2112 2877 2143 2916 a
2169 2864 2329 2919 sorde
2348 2878 2443 2918 eos
2470 2872 2819 2933 peccatorum
2860 2867 3136 2922 abstinere
3186 2867 3365 2934 nolle,
3406 2868 3695 2937 conspicit.

2115 2953 2268 3009 Unde
2295 2954 2425 3010 dicit
2452 2953 2755 3024 Apostolus.
2783 2973 2801 3006 ι
2832 2955 3023 3011 Omnia
3046 2958 3245 3012 munda
3272 2957 3487 3013 mundis
3512 2975 3525 3011 :
3550 2959 3702 3013 coin-

2114 3044 2352 3114 quinatis
2376 3053 2555 3099 autem
2598 3053 2651 3100 et
2688 3045 3026 3111 inﬁdelibus,
3074 3046 3211 3101 nihil
3256 3047 3515 3101 mundmn
3563 3046 3699 3117 (Tit.

2115 3135 2186 3205 ι).
2220 3154 2238 3187 ι
2272 3135 2408 3191 Hinc
2450 3136 2701 3192 Salvator
2740 3138 2794 3192 in
2840 3138 3135 3210 Evangelia
3174 3136 3379 3207 eiectos
3424 3137 3702 3194 (immanes

2113 3226 2181 3280 ab
2225 3222 2535 3282 hominibus
2578 3229 2831 3297 permisit
2875 3229 2955 3284 ire
2988 3229 3042 3283 in
3071 3244 3289 3299 porcos.
3337 3228 3406 3282 Et
3435 3228 3705 3298 discipulo

2111 3332 2211 3387 pro
2225 3317 2501 3387 sepultura
2524 3320 2694 3389 patris
2709 3319 2911 3390 petenti
2928 3319 3206 3390 respondit
3228 3337 3241 3373 :
3264 3317 3427 3374 «Sine
3452 3328 3702 3375 mortuos

2114 3408 2343 3478 sepelire
2378 3418 2618 3464 mortuos
2657 3425 2784 3466 suos
2841 3429 2854 3465 :
2894 3420 2951 3465 tu
2975 3420 3156 3466 autem
3188 3410 3327 3466 vade
3352 3418 3407 3467 et
3433 3409 3702 3464 annuntia

2114 3513 2339 3569 regnum
2363 3498 2455 3553 Dei
2489 3498 2704 3570 (Matth.
2739 3500 2878 3573 rm).
2903 3521 2925 3553 ι

2718 3616 2944 3684 CAPUT
2984 3615 3090 3672 VII.

2115 3708 2191 3761 De
2220 3725 2321 3761 non
2354 3708 2618 3779 coquendo
2645 3708 2795 3779 Ittrdo
2818 3709 2873 3761 in
2905 3705 3038 3761 lacte
3059 3707 3242 3779 matris
3268 3719 3286 3757 .'
3312 3715 3363 3779 et
3386 3706 3452 3760 de
3481 3707 3704 3779 decimis

2198 3779 2409 3842 dandis,
2427 3776 2534 3831 nec
2564 3778 2770 3831 tonderi
2791 3788 3026 3846 oportere
3048 3776 3391 3847 primogenita
3417 3777 3613 3830 ovium.

2188 3869 2363 3941 (Imm)
2409 3887 2429 3920 ι
2457 3870 2569 3923 Non
2598 3883 2798 3939 coques
2827 3869 3038 3923 lucdum
3065 3868 3273 3923 inlacte
3296 3867 3488 3923 matris
3512 3884 3641 3922 sum.
3675 3888 3698 3918 ι

2116 3958 2313 4014 Haedus
2339 3960 2425 4014 hic
2450 3958 2549 4015 sub
2577 3959 2878 4029 peccatoris
2916 3958 3086 4029 ﬁgura
3135 3957 3430 4012 inducitur.
3463 3956 3702 4013 Proinde

2114 4066 2348 4119 peccans
2376 4065 2484 4105 non
2513 4058 2596 4105 est
2637 4049 2949 4119 coquendns
2985 4050 3037 4104 in
3086 4049 3226 4104 lacte
3259 4049 3473 4114 matris,
3505 4049 3562 4105 id
3589 4060 3696 4113 est,

2116 4154 2224 4191 non
2262 4147 2348 4192 est
2391 4140 2701 4210 purgandus
2750 4140 3112 4195 mediocribus
3151 4140 3571 4209 tenerrimisque
3613 4141 3700 4194 di-

2116 4228 2356 4296 sciplinis
2378 4228 2652 4295 Ecclesiae,
2695 4231 2789 4285 sed
2836 4230 3228 4286 austerioribus
3256 4232 3547 4301 praeceptis
3576 4230 3700 4300 ejus

2115 4331 2241 4373 sunt
2288 4322 2634 4389 excoqueuda
2677 4330 2921 4391 peccata,
2954 4321 3110 4391 cujus
3162 4337 3355 4392 magna
3412 4330 3542 4376 sunt
3584 4323 3703 4378 cri-

2117 4411 2299 4465 mina:
2329 4412 2498 4482 utqui
2540 4428 2637 4481 per
2672 4412 2906 4468 lascivia:
2946 4412 3315 4467 blandimenta
3349 4427 3407 4468 se
3436 4413 3700 4483 perdidit,

2116 4503 2325 4558 fortiori
2354 4505 2636 4574 disciplina
2661 4520 2719 4559 se
2750 4505 2997 4559 redimat.

2192 4612 2209 4645 ι
2254 4593 2526 4650 Decimam
2557 4603 2769 4664 partem
2816 4595 3095 4665 separabis
3133 4611 3164 4649 a
3195 4596 3406 4650 cunctis
3450 4594 3705 4666 frugibus

2122 4706 2142 4738 σ
2185 4688 2317 4750 suis,
2361 4699 2480 4758 qua!
2525 4695 2821 4741 nascuntur
2847 4701 2944 4757 per
2992 4701 3164 4741 annos
3189 4686 3428 4757 singulos
3474 4687 3526 4739 in
3572 4702 3702 4740 con-

2120 4796 2138 4828 ι
2185 4786 2369 4846 specta
2398 4777 2607 4833 Domini
2638 4777 2733 4832 Dei
2755 4778 2853 4841 tui,
2880 4777 2932 4831 in
2957 4777 3076 4831 loco
3100 4792 3259 4845 quem
3287 4776 3530 4845 elegerit,
3560 4776 3698 4829 utin

2121 4886 2140 4919 ‹
2184 4883 2250 4922 eo
2299 4883 2493 4922 nomen
2552 4866 2694 4921 illius
2743 4867 3056 4931 invocetur;
3103 4864 3367 4920 decimam
3409 4863 3697 4927 frumenti,

2118 4975 2136 5008 ι
2190 4958 2298 5011 viai
2326 4964 2379 5012 et
2408 4956 2543 5021 olei;
2571 4957 2925 5027 primogenita
2948 4956 3015 5010 de
3036 4955 3296 5010 armentis
3321 4963 3376 5007 et
3406 4954 3474 5008 de
3501 4955 3701 5010 ovibus

2119 5065 2138 5096 ι
2183 5046 2290 5100 tuis
2320 5064 2333 5099 :
2366 5054 2426 5100 ut
2468 5044 2648 5101 discas
2676 5047 2867 5100 timere
2896 5045 3180 5100 Dominum
3234 5044 3405 5098 Deum
3442 5052 3598 5098 tuum
3640 5044 3697 5097 in

2120 5155 2137 5187 ι
2189 5135 2335 5189 omni
2370 5143 2635 5205 tempore.
2662 5135 2795 5192 Cum
2840 5143 3020 5189 autem
3047 5134 3258 5204 longior
3295 5132 3461 5188 fuerit
3502 5133 3595 5186 via
3640 5143 3699 5187 et

2118 5247 2138 5280 ς
2182 5229 2332 5284 locus
2370 5243 2531 5298 quem
2570 5227 2792 5298 elegerit
2825 5227 3086 5281 Dominus
3116 5227 3259 5280 Deus
3306 5236 3452 5289 tuus,
3485 5224 3697 5292 tibique

2121 5336 2140 5368 ι
2187 5319 2547 5384 benedixerit,
2578 5332 2645 5372 ne
2674 5318 2913 5388 potueris
2944 5317 3011 5371 ad
3042 5331 3166 5371 eum
3195 5325 3391 5370 cuncta
3424 5316 3544 5369 haec
3570 5330 3695 5384 pcr-

2122 5426 2140 5459 ι
2185 5417 2322 5473 tare,
2348 5408 2548 5463 vendes
2569 5408 2770 5471 omnia,
2807 5410 2863 5461 et
2909 5408 2961 5461 in
2988 5407 3221 5478 pretium
3251 5405 3528 5476 redigens,
3570 5419 3699 5473 por-

2123 5516 2144 5562 ς
2188 5498 2433 5567 tabisque
2454 5513 2612 5552 manu
2636 5505 2746 5561 tua,
2770 5505 2824 5551 et
2851 5495 3211 5566 proﬁcisceris
3232 5495 3300 5549 ad
3322 5496 3500 5550 locum
3526 5507 3690 5564 quem

2126 5609 2147 5654 ε
2191 5591 2417 5661 elegerit
2457 5590 2714 5645 Dominus
2748 5591 2889 5645 Deus
2930 5597 3075 5651 tuus,
3125 5594 3182 5641 ct
3207 5599 3358 5640 emes
3383 5601 3453 5640 ex
3497 5587 3694 5640 eadem

2127 5701 2149 5753 th
2186 5684 2414 5774 pecunia
2459 5683 2714 5755 quidquid
2767 5683 2860 5739 tibi
2912 5681 3201 5756 placuerit,
3230 5691 3335 5739 etc.
3376 5702 3395 5737 ι
3426 5680 3570 5755 Quid
3606 5686 3697 5745 ε’εό
