3964 6192
347 271 452 330 889

1152 266 1552 330 ENARRATIO
1591 273 1817 331 SUPER
1854 273 2478 333 DEUTERONOMIUM.
2518 309 2584 319 ——
2624 277 2753 334 LlB.
2791 278 2855 335 ll.
2886 306 2889 309 -

3486 280 3594 344 890

346 384 493 454 quod
531 385 766 441 vendere
809 384 959 456 iubet
996 385 1082 442 his
1119 388 1211 457 qui
1257 388 1470 459 longius
1503 387 1664 459 positi
1700 395 1859 442 erant
1893 401 1925 440 a
1953 391 2000 448 Α
2029 388 2299 457 praecepit,
2339 403 2444 443 non
2490 388 2559 442 ad
2587 403 2710 442 eum
2749 389 2926 443 locum
2967 388 3174 446 referre
3207 344 3298 448 ubi
3335 393 3603 451 Dominus

346 475 490 541 loco,
523 474 578 529 in
610 491 718 545 quo
764 476 1165 531 tabernaculum
1192 477 1277 532 vel
1308 481 1562 548 templum
1613 479 1707 534 Dei
1749 478 1926 533 fuerat

341 566 725 631 constitutum,
759 566 1021 621 decimam
1053 566 1330 634 frumenti,
1355 570 1466 623 vini
1490 580 1545 624 et
1567 569 1693 634 olei,
1728 571 1927 639 primo-

342 655 527 726 genita
564 671 780 725 quoque
814 656 976 709 boum
1016 666 1069 711 et
1114 659 1314 722 ovium,
1363 659 1463 714 ni~i
1505 660 1646 729 quod
1694 660 1927 714 instruat

342 762 463 811 eos,
491 746 583 816 qui
631 745 687 801 in
716 745 951 801 incolatu
1001 748 1161 818 hujus
1217 749 1419 803 mundl’
1435 757 1844 814 conversantur,
1870 757 1925 804 et

341 841 503 910 longe
541 846 672 893 sunt
715 854 746 891 a
793 837 1125 909 perfectione
1163 848 1506 905 sanctorum,
1550 856 1652 895 nec
1696 851 1924 909 possunt

345 930 639 985 ascendere
679 927 882 983 cultum
932 928 1213 993 virtutum,
1257 945 1435 1001 neque
1488 945 1684 984 vacare
1727 930 1921 983 divinae

341 1018 813 1090 contemplationi,
851 1025 910 1072 ut
952 1017 1114 1080 bona,
1147 1034 1267 1088 qua:
1298 1035 1397 1088 per
1419 1020 1656 1074 divinam
1684 1020 1919 1089 gratiam

340 1111 575 1181 possint,
592 1111 791 1183 devote
819 1124 883 1163 ac
924 1108 1204 1163 humiliter
1228 1119 1410 1180 agant,
1435 1121 1700 1180 quatenus
1734 1124 1801 1164 ex
1837 1125 1921 1165 re-

340 1201 447 1254 bus
477 1199 707 1254 terrenis
740 1206 904 1268 atque
934 1198 1173 1262 caducis,
1222 1207 1532 1253 mercentur
1568 1198 1669 1253 sibi
1696 1200 1917 1268 prmmia

337 1300 570 1354 :eterna,
609 1299 661 1344 et
689 1289 973 1344 thesauros
1006 1291 1275 1344 cmlcstes.
1322 1290 1470 1345 Unde
1503 1289 1763 1345 Dominus
1789 1290 1920 1345 dicit

338 1382 396 1437 in
445 1381 782 1452 Evangelio:
832 1399 849 1430 ι
885 1381 1271 1436 Thesaurizate
1317 1380 1471 1436 vobis
1524 1382 1809 1436 thesauros
1859 1383 1915 1437 in

336 1471 501 1536 cmlo,
530 1471 621 1525 ubi
647 1485 745 1525 uec
769 1485 977 1540 aerugo,
1002 1485 1102 1525 nec
1125 1472 1267 1524 tinea
1296 1471 1606 1536 demolitur,
1634 1478 1687 1525 et
1712 1473 1802 1526 ubi
1834 1471 1915 1525 fu-

337 1577 432 1616 res
483 1577 591 1616 non
640 1560 901 1629 effodiunt
955 1575 1056 1614 nec
1109 1559 1357 1615 furantur
1400 1559 1618 1631 (Matth.
1654 1561 1753 1632 vi).
1786 1580 1805 1613 ι
1846 1562 1913 1616 Et

337 1651 470 1705 alibi
496 1665 512 1704 :
548 1667 568 1701 ι
596 1650 778 1705 Facite
804 1650 978 1715 vobis,
1007 1650 1100 1711 ait,
1130 1649 1334 1704 amicos
1366 1650 1431 1705 de
1471 1664 1776 1705 mammona
1818 1652 1915 1705 ini-

2027 491 2084 531 se
2107 476 2276 532 voluit
2301 477 2559 532 invocari.
2598 496 2617 529 ι
2643 477 2710 531 Et
2739 479 2939 544 veniet,
2978 480 3170 550 inquit,
3216 483 3450 548 Levites,
3495 485 3597 554 qui

2026 580 2131 619 non
2157 565 2317 620 habet
2342 575 2522 636 partes
2554 582 2652 621 nec
2684 568 3077 637 possessionem
3108 576 3305 634 tecum,
3350 582 3404 627 et
3431 587 3592 641 pere-

2025 658 2230 728 grinus,
2258 666 2314 711 et
2350 659 2607 728 pupillus,
2648 667 2703 713 et
2733 658 2910 724 vidua,
2943 674 3062 729 quae
3094 661 3233 715 intra
3265 672 3450 731 portas
3473 672 3599 721 tuas

2024 758 2125 813 est,
2158 762 2212 803 et
2249 752 2517 804 comedet.
2545 770 2563 803 ο
2599 750 2733 805 llinc
2777 760 2925 805 certe
2958 750 3244 806 manifeste
3272 766 3458 806 verum
3487 761 3592 821 est,

2024 857 2123 895 nec
2168 840 2327 895 istam
2368 841 2630 896 decimam
2670 840 2883 895 Domini
2925 841 3042 896 fieri
3072 842 3309 897 voluisse
3354 857 3597 897 commu—

2024 946 2145 985 nem
2169 931 2219 985 ei
2246 932 2338 1002 qui
2375 930 2534 986 offert
2562 939 2617 986 et
2644 932 2729 986 his
2755 932 2952 1001 quibus
2980 933 3337 1002 impendenda
3358 943 3466 995 est,
3499 936 3596 990 sed

2022 1020 2125 1075 illis
2154 1022 2283 1076 solis
2311 1021 2523 1090 erogari
2550 1037 2671 1075 eam
2692 1020 2853 1089 jussit
2881 1022 2971 1091 qui
2994 1022 3127 1077 nihil
3152 1022 3298 1076 aliud
3329 1023 3597 1079 haberent

2020 1109 2073 1163 in
2100 1111 2294 1179 quibus
2321 1112 2589 1181 przecipue
2616 1111 2859 1166 Levitem
2890 1112 3092 1181 posuit.

2598 1220 2824 1277 CAPUT
2875 1222 3008 1278 Vlll.

2089 1310 2164 1364 De
2192 1311 2492 1365 remissione
2516 1313 2641 1383 anni
2658 1313 2886 1383 septimi,
2911 1322 2958 1366 et
2984 1312 3048 1367 de
3073 1329 3216 1367 servo
3255 1314 3340 1367 cui
3371 1316 3521 1368 auris

2513 1381 2697 1434 subula
2719 1381 3054 1451 perforatur.

2087 1472 2235 1543 (Car.
2264 1470 2378 1544 xv.)
2434 1489 2454 1522 ι
2504 1472 2747 1542 Septimo
2794 1488 2934 1527 anno
2979 1473 3145 1528 facies
3183 1477 3585 1541 remissionem,

2020 1578 2039 1611 ε
2084 1576 2204 1630 quae
2230 1562 2333 1616 hoc
2359 1562 2548 1616 ordine
2568 1561 2928 1616 celebrabitur
2956 1581 2969 1617 :
3002 1564 3103 1618 Cui
3132 1565 3360 1620 debetur
3383 1567 3587 1636 aliquid

2022 1669 2041 1701 ι
2088 1652 2156 1706 ab
2178 1653 2375 1719 amico,
2405 1652 2489 1707 vel
2512 1654 2759 1722 proximo
2782 1669 2845 1708 ac
2868 1653 3039 1709 fratre
3064 1670 3182 1722 suo,
3211 1667 3455 1727 repetere
3480 1676 3590 1713 non

335 1740 585 1811 quitatis,
614 1749 674 1794 ut
701 1755 825 1795 cum
856 1739 1183 1804 defeceritis,
1221 1739 1485 1808 recipiant
1505 1755 1601 1795 vos
1630 1741 1682 1795 in
1711 1749 1913 1796 aeterna
1946 1731 1993 1789 B
2025 1754 2044 1788 ‹
2090 1742 2305 1809 poterit,
2344 1741 2471 1809 quia
2507 1756 2681 1795 annus
2718 1743 3056 1799 remissionis
3096 1754 3177 1799 est
3210 1745 3444 1801 Domini.
3481 1767 3498 1799 ι
3528 1747 3585 1801 In

336 1829 687 1884 tabernacula
736 1828 888 1898 (Luc.
929 1829 1063 1900 xvi).
1098 1850 1116 1881 ι
1150 1829 1228 1884 lbi
1274 1830 1418 1883 enim
1456 1829 1779 1899 epulandum
1807 1840 1911 1897 est,

334 1919 415 1977 ibi
463 1919 749 1973 laetandum
780 1934 903 1973 cum
946 1919 1159 1984 amicis,
1193 1919 1298 1973 hoc
1327 1928 1413 1973 est
1447 1934 1569 1974 cum
1618 1921 1819 1976 sanctis
1862 1930 1917 1976 et

334 2010 527 2064 electis
558 2018 612 2063 et
649 2009 873 2079 angelis,
903 2010 993 2065 ubi
1022 2017 1197 2080 coepta
1226 2025 1334 2064 non
1376 2012 1667 2066 cessabunt
1693 2014 1913 2082 gaudia,

335 2099 435 2155 sed
461 2100 514 2153 in
545 2099 880 2154 beatitudine
907 2109 1229 2169 permanent
1252 2109 1530 2171 perpetua.
1564 2120 1583 2153 ε
1618 2102 1774 2158 Anno
1802 2112 1914 2159 ter-

340 2208 363 2239 ι
412 2190 489 2244 tio
509 2189 787 2258 separabis
812 2190 973 2244 aliam
998 2191 1264 2245 decimam
1297 2205 1360 2244 ex
1392 2191 1644 2246 omnibus
1671 2208 1792 2261 quae
1812 2208 1910 2247 na-

341 2299 363 2330 ι
411 2288 637 2335 scuntur
667 2281 764 2336 tibi
798 2294 863 2335 eo
891 2288 1152 2350 tempore,
1182 2288 1236 2335 et
1270 2295 1499 2350 repones
1540 2280 1682 2335 intra
1716 2281 1913 2350 januas

344 2390 365 2422 ι
417 2381 567 2436 tuas;
597 2372 882 2441 venietque
908 2370 1120 2425 Levites
1149 2371 1240 2440 qui
1279 2370 1439 2424 aliam
1476 2386 1580 2425 non
1607 2372 1769 2427 habet
1791 2387 1914 2441 par-

344 2479 367 2512 s
414 2470 520 2516 tem
566 2477 667 2516 nec
699 2461 1096 2531 possessionem
1143 2468 1341 2526 tecum,
1385 2470 1439 2516 et
1477 2463 1813 2532 peregrinus,
1859 2472 1916 2517 et

340 2568 364 2603 ι
409 2551 662 2623 pupillus,
688 2565 752 2606 ac
784 2552 965 2618 vidua,
997 2550 1091 2621 qui
1130 2551 1271 2606 intra
1313 2559 1499 2621 portas
1539 2560 1658 2606 tuas
1685 2559 1833 2616 sunt,
1859 2560 1913 2605 et

338 2659 365 2695 ι
408 2643 698 2698 comedent
737 2650 793 2696 et
834 2643 1239 2709 saturabuntur,
1267 2650 1328 2697 ut
1350 2642 1636 2698 benedicat
1672 2644 1769 2698 tibi
1810 2644 1915 2699 Do-

336 2751 364 2785 ¢
410 2733 590 2787 minus
636 2732 778 2789 Deus
826 2742 969 2800 tuus,
1014 2734 1068 2787 in
1110 2733 1320 2788 cunctis
1364 2734 1618 2802 operibus
1656 2750 1912 2789 manuum

340 2840 365 2875 ι
413 2831 648 2889 tuarum,
679 2838 799 2893 quae
846 2823 1059 2879 fraceris.
1095 2822 1205 2877 »1η
1248 2823 1392 2878 LXX
1426 2832 1607 2879 autem
1652 2826 1909 2892 editione,

334 2915 418 2970 ita
463 2915 729 2972 habetur:
767 2935 786 2967 ι
832 2916 962 2972 Post
1004 2925 1116 2972 tres
1164 2931 1337 2972 annos
1380 2918 1645 2987 produces
1693 2935 1907 2974 omnem

341 3024 364 3056 ι
408 3005 672 3061 decimam
701 3006 974 3062 fructuum
1007 3015 1245 3062 tuorum.
1276 3009 1333 3063 In
1360 3008 1454 3064 illo
1482 3024 1624 3064 anno
1652 3025 1819 3079 pones
1848 3011 1910 3065 il-

342 3116 364 3147 ι
410 3096 504 3152 lud
533 3097 587 3151 in
615 3098 925 3167 civitatibus
954 3098 1080 3154 tuis.
1111 3098 1179 3153 Et
1200 3099 1379 3154 veniet
1400 3099 1610 3166 Levita,
1634 3068 1760 3170 quia
1783 3116 1911 3171 pars
1938 3068 1983 3129 C

342 3206 363 3238 ι
406 3187 525 3257 eius
551 3203 658 3243 non
687 3196 770 3244 est
799 3197 975 3244 tecum
999 3204 1175 3261 neque
1202 3205 1340 3257 sors,
1369 3199 1424 3248 et
1452 3192 1702 3248 adveniet
1728 3193 1909 3264 pupil-

344 3295 366 3330 ι
409 3276 496 3333 lus
516 3285 572 3332 et
599 3279 757 3334 vidua
785 3293 906 3350 qua:
941 3288 1025 3336 est
1059 3281 1115 3336 in
1156 3282 1465 3338 civitatibus
1491 3284 1634 3339 tuis:
1659 3291 1714 3340 et
1760 3299 1903 3338 man-

345 3387 366 3419 ι
412 3369 688 3424 ducabunt
720 3378 774 3425 et
810 3372 1216 3438 saturabuntur,
1246 3379 1307 3427 ut
1332 3373 1616 3428 benedicat
1646 3381 1698 3429 te
1727 3374 1912 3427 Domi-

346 3477 368 3511 ε
415 3476 517 3515 nus
541 3461 680 3516 Deus
708 3469 832 3517 tuus
875 3462 1126 3517 omnibus
1151 3462 1404 3533 operibus
1438 3463 1544 3519 tuis
1576 3479 1912 3534 quaecunque

346 3569 369 3601 ι
414 3549 629 3606 feceris.
660 3569 681 3604 ι
716 3551 797 3606 Ex
842 3552 945 3606 ista
978 3552 1185 3607 decima
1216 3568 1323 3608 non
1354 3554 1487 3609 dixit
1516 3562 1577 3608 ut
1615 3555 1730 3623 ipse
1758 3569 1913 3608 mau-

342 3642 507 3696 ducet
529 3656 650 3697 cum
673 3641 807 3708 suis,
837 3658 900 3697 ac
916 3658 1015 3713 per
1037 3644 1135 3698 bos
1155 3643 1356 3698 Levitis
1377 3652 1431 3698 et
1460 3644 1696 3714 pupillis,
1722 3653 1776 3698 et
1809 3644 1909 3698 ad-

339 3731 516 3795 venis,
547 3742 603 3786 et
629 3732 809 3787 viduis
825 3731 990 3801 jussit
1011 3749 1130 3787 eam
1162 3732 1420 3803 impendi,
1453 3728 1547 3788 sed
1568 3734 1802 3790 obscure
1818 3749 1911 3803 po-

341 3821 509 3876 situm
536 3830 641 3886 est,
669 3823 794 3892 quia
826 3839 932 3878 non
959 3831 1043 3879 est
1091 3823 1340 3878 distincta
1374 3823 1476 3878 ista
1506 3824 1711 3879 decima
1745 3825 1814 3879 ab
1847 3840 1911 3880 ea

340 3927 507 3982 quam
529 3911 696 3966 voluit
716 3929 839 3967 cum
862 3912 1065 3969 Levitis
1095 3914 1149 3967 in
1170 3930 1235 3968 eo
1256 3913 1372 3969 loco
1392 3915 1721 3978 manducari,
1749 3930 1910 3985 quem

342 4004 604 4060 Dominus
648 4005 892 4076 elegisset
923 4005 977 4060 in
1020 4005 1218 4075 templo
1256 4020 1374 4061 suo.
1407 4005 1513 4076 Sed
1552 4005 1608 4060 in
1643 4020 1706 4061 ea
1744 4007 1913 4061 inter—

340 4096 667 4165 pretatione,
691 4112 810 4166 quae
837 4106 920 4152 est
945 4112 1011 4151 ex
1037 4097 1282 4163 Hebraeo,
1322 4096 1560 4167 apertius
1586 4098 1687 4153 hoc
1722 4096 1914 4153 distin—

345 4196 496 4241 ctum
521 4188 840 4258 reperimus.
869 4188 962 4242 Ait
988 4189 1130 4243 enim
1159 4206 1171 4242 :
1210 4206 1229 4239 ι
1257 4191 1413 4243 Anno
1440 4189 1602 4243 tertio
1630 4188 1910 4259 separabis

344 4278 506 4333 aliam
533 4278 819 4342 decimam,
848 4292 915 4332 ex
950 4278 1201 4334 omnibus
1229 4294 1351 4347 qua:
1394 4289 1688 4334 nascuntur
1720 4278 1813 4333 tibi
1843 4293 1910 4333 eo

343 4378 608 4438 tempore,
642 4377 697 4424 et
748 4385 977 4441 repones
1024 4370 1165 4424 intra
1200 4371 1395 4440 januas
1422 4379 1580 4435 tuas;
1629 4368 1912 4439 venietque

342 4459 580 4523 Levites,
607 4460 699 4529 qui
726 4476 831 4515 non
871 4461 1035 4515 habet
1062 4460 1224 4514 aliam
1253 4466 1461 4529 partem
1488 4473 1589 4514 nec
1617 4458 1917 4529 possessio-

345 4565 470 4604 nem
506 4557 706 4615 tecum,
733 4558 789 4604 et
827 4550 1143 4619 peregrinus
1170 4557 1226 4604 et
1264 4549 1498 4620 pupillus
1521 4556 1576 4604 et
1614 4550 1795 4614 vidua,
1825 4549 1915 4630 (ιμί

344 4639 491 4691 intra
532 4645 714 4707 portas
746 4646 862 4692 tuas
891 4646 1046 4692 sunt:
1070 4645 1125 4693 et
1155 4639 1444 4693 comedent
1489 4647 1546 4693 et
1591 4639 1915 4693 saturabun-

347 4737 461 4794 tur,
488 4737 548 4782 ut
570 4728 855 4783 benedicat
885 4729 983 4783 tibi
1023 4729 1281 4784 Dominus
1301 4729 1443 4784 Deus
1469 4738 1591 4785 tuus
1629 4730 1684 4783 in
1710 4731 1920 4785 cunctis

347 4820 603 4890 Operibus
630 4816 912 4874 'manuum
966 4829 1182 4875 tuarum
1206 4860 1222 4885 ,
1271 4836 1391 4890 quae
1441 4820 1656 4876 feceris.
1688 4841 1706 4873 ι
1739 4820 1920 4877 Primo

349 4912 527 4979 ipsum
558 4910 659 4970 hoc
686 4909 897 4978 plenius
924 4918 1007 4965 est
1031 4909 1173 4980 quod
1201 4910 1297 4975 ait,
1332 4928 1350 4960 ι
1369 4909 1524 4965 Anno
1565 4911 1747 4964 tertio.
1786 4929 1804 4962 ι
1832 4909 1920 4963 ln-

352 5001 612 5073 telligitur
647 5002 793 5057 enim
821 5017 928 5057 uno
957 5017 1098 5057 anno
1120 5003 1454 5073 interposito.
1486 5003 1542 5057 In
1570 5001 1921 5073 Septuaginta

351 5097 535 5144 autem
587 5090 731 5159 quod
778 5097 904 5160 post
953 5098 1065 5146 tres
1103 5105 1274 5146 annos
1324 5092 1480 5156 dixit,
1533 5092 1797 5147 incertum
1837 5100 1924 5147 est

352 5188 534 5236 utrum
581 5196 677 5236 eos
724 5181 929 5236 medios
976 5196 1096 5236 esse
1147 5180 1398 5246 voluerit,
1442 5189 1501 5235 ut
1543 5191 1923 5252 quotoquoque

351 5286 496 5325 anno
533 5270 708 5325 fieret.
741 5269 944 5325 Deinde
993 5286 1116 5326 cum
1156 5271 1264 5325 ait:
1294 5289 1312 5319 ι
1342 5270 1408 5323 Ει
1447 5271 1725 5339 separabis
1761 5269 1922 5325 aliam

352 5363 644 5429 decimam,
674 5382 692 5414 ›
744 5363 877 5417 satis
921 5363 1157 5417 ostendit
1195 5370 1345 5418 extra
1385 5360 1534 5415 illam
1574 5374 1715 5425 esse,
1758 5375 1922 5429 quam

352 5452 526 5506 voluit
549 5468 670 5508 eum
709 5452 886 5522 ipsum
912 5454 1003 5522 qui
1032 5451 1191 5509 oil‘ert
1224 5450 1553 5506 manducare
1583 5466 1703 5503 cum
1734 5451 1847 5504 suis
1870 5459 1925 5505 et

354 5536 558 5602 Levitis
598 5542 651 5596 in
689 5556 755 5595 eo
800 5541 918 5595 loco
962 5556 1122 5610 quem
1170 5541 1332 5612 elegit
1370 5539 1646 5595 Dominus.
1675 5538 1742 5593 Et
1789 5539 1923 5594 hanc

352 5633 506 5697 sitim
531 5632 692 5689 aliam
726 5633 991 5699 decimam
1013 5634 1153 5689 intra
1177 5632 1374 5707 januas
1402 5644 1526 5687 suas
1560 5645 1683 5689 eum
1724 5645 1923 5701 ponere

2018 1829 2122 1884 hoc
2168 1845 2399 1900 namque
2443 1830 2696 1901 capitulo,
2747 1832 2920 1902 pietas
2973 1842 3135 1902 atque
3183 1834 3417 1912 dilectio.
3437 1836 3593 1891 nobis

2017 1920 2251 1973 maxime
2298 1920 2730 1983 commendatur,
2774 1920 2865 1974 ubi
2903 1920 3181 1990 jubemur,
3232 1937 3330 1991 per
3374 1924 3591 1993 septimi

2015 2012 2141 2065 anni
2194 2010 2614 2077 remissionem,
2669 2012 3100 2068 misericordiam
3154 2021 3210 2067 et
3267 2015 3589 2069 charitalcm

2014 2102 2302 2157 ostendere
2332 2101 2385 2154 in
2413 2101 2678 2170 proximis
2716 2102 2916 2156 nostris
2941 2104 3291 2172 pauperibus,
3316 2119 3482 2173 quare
3507 2103 3589 2158 fu—

2014 2199 2190 2245 turam
2220 2192 2711 2246 remunerationem
2739 2207 2964 2262 sperare
2985 2193 3244 2248 debemus
3271 2209 3301 2247 a
3334 2195 3583 2249 Domino.

2015 2282 2168 2338 Unde
2208 2290 2264 2337 et
2310 2282 2599 2352 Apostolus
2642 2298 2740 2336 nos
2781 2284 3034 2338 hortatur
3078 2285 3299 2339 dicens:
3331 2304 3349 2335 ι
3381 2286 3588 2340 Bonum

2013 2383 2192 2430 autem
2235 2373 2511 2439 facientes,
2563 2389 2670 2429 non
2724 2375 3059 2431 deficiamus.
3124 2377 3389 2447 Tempore
3443 2379 3587 2432 enim

2011 2477 2110 2517 suo
2133 2478 2239 2518 non
2266 2462 2596 2528 deﬁcientes,
2623 2472 2908 2519 metemus.
2935 2465 3081 2533 Ergo
3107 2466 3233 2519 dum
3257 2474 3469 2536 tempus
3493 2467 3590 2520 lia-

2011 2554 2222 2619 bemns,
2255 2560 2546 2624 operemur
2574 2554 2775 2608 bonum
2802 2556 2867 2608 ad
2893 2568 3106 2619 omnes,
3135 2555 3370 2609 maxime
3400 2556 3467 2609 ad
3489 2556 3584 2608 do-

2013 2645 2271 2699 mesticos
2298 2644 2425 2698 fidei
2452 2642 2594 2715 (Gal.
2625 2644 2726 2715 Vl).
2760 2663 2779 2696 δ
2805 2643 2942 2699 Hinc
2973 2644 3043 2699 ad
3082 2644 3404 2714 discipulum
3451 2645 3588 2699 seri~

2012 2732 2145 2786 bens
2166 2731 2280 2786 ait:
2314 2749 2333 2782 ¢
2364 2732 2571 2786 Exerce
2611 2732 2848 2801 teipsum
2877 2732 2942 2786 ad
2975 2732 3253 2801 pietatem.
3289 2731 3424 2786 Nam
3456 2748 3581 2787 eor-

2010 2822 2211 2893 poralis
2246 2822 2564 2877 exercitatio
2609 2823 2678 2876 ad
2736 2821 3008 2876 modicum
3059 2821 3208 2877 utilis
3253 2831 3368 2888 est;
3415 2823 3588 2891 pietas

2012 2921 2192 2967 autem
2232 2912 2301 2966 ad
2347 2912 2528 2966 omnia
2572 2910 2722 2966 utilis
2755 2919 2858 2981 est,
2915 2912 3326 2981 promissionem
3375 2913 3584 2968 habens

2012 3003 2154 3067 vitae,
2180 3017 2300 3072 qua:
2342 3017 2487 3058 nunc
2534 3009 2640 3068 est,
2670 3010 2726 3057 et
2769 3001 2962 3057 futura:
2988 3002 3038 3073 (I
3090 3002 3226 3058 Tim.
3257 3004 3353 3076 xv).
3389 3024 3407 3058 ι
3446 3005 3584 3061 Hinc

2013 3113 2227 3168 quoque
2282 3098 2398 3168 ipsa
2451 3096 2665 3152 Veritas
2713 3098 2767 3151 in
2810 3098 3102 3169 Evangelia
3154 3099 3229 3153 ait
3278 3117 3292 3152 :
3340 3116 3360 3150 ι
3389 3082 3587 3155 Dimit-

2014 3190 2112 3244 tite
2158 3195 2213 3243 et
2265 3187 2571 3242 dimittetur
2633 3188 2818 3253 vobis;
2865 3188 2988 3242 date
3042 3197 3098 3243 et
3150 3188 3367 3242 dabitur
3411 3191 3583 3243 vobis.

2013 3280 2263 3356 Mensura
2328 3293 2432 3349 qua
2491 3277 2664 3333 mensi
2734 3277 2978 3343 fueritis,
3058 3278 3375 3335 remetiatur
3436 3280 3589 3333 vobis

2014 3373 2164 3443 (Luc.
2209 3371 2305 3441 vn).
2339 3390 2357 3423 ι
2393 3370 2440 3424 Α
2467 3370 2756 3441 peregrino
2804 3379 2859 3425 et
2897 3371 3102 3426 advena
3146 3372 3361 3442 exiges:
3394 3388 3422 3425 a
3465 3386 3589 3441 pro-

2011 3463 2214 3531 pinquo
2243 3461 2522 3529 repetendi
2550 3476 2658 3515 non
2683 3462 2906 3516 habebis
2934 3470 3279 3530 potestatem,
3323 3473 3428 3518 etc.
3483 3462 3586 3517 Pe-

2016 3552 2289 3622 regrinqu
2315 3559 2370 3604 et
2397 3551 2659 3605 advenam
2695 3551 2929 3620 appellat
2955 3566 3078 3605 eum
3107 3553 3198 3621 qui
3220 3562 3370 3606 extra
3401 3553 3585 3608 Eccle«

2013 3643 2150 3697 siam
2177 3649 2261 3697 est
2301 3649 2355 3697 et
2397 3648 2551 3696 extra
2586 3642 2898 3712 religionem
2940 3641 3325 3697 Christianam.
3360 3641 3457 3696 Cui
3503 3652 3591 3698 est

2014 3740 2068 3785 et
2087 3732 2442 3801 propinquus,
2473 3731 2565 3800 qui
2593 3739 2778 3785 noster
2809 3728 2978 3784 frater
3002 3738 3107 3796 est,
3134 3738 3190 3784 et
3226 3730 3368 3785 intra
3399 3730 3585 3785 Eccle-

2014 3823 2149 3877 siam
2170 3821 2504 3877 constitutus
2528 3821 2809 3875 nobiscum
2830 3835 2993 3874 unum
3019 3821 3307 3876 Dominum
3329 3819 3475 3874 colit.
3501 3819 3587 3873 ln-

2013 3922 2099 3970 ter
2123 3913 2469 3985 peregrinum
2502 3927 2633 3984 ergo
2655 3922 2711 3967 et
2739 3913 2913 3967 civem
2944 3913 3063 3968 ideo
3091 3911 3401 3967 distantiam
3433 3910 3585 3973 facit,

2012 4015 2073 4064 ut
2113 4007 2480 4079 intelligamus
2511 4021 2635 4061 eum
2677 4004 2831 4060 nobis
2882 4002 3326 4074 propinquiorem
3366 4015 3487 4055 esse
3527 4000 3581 4053 in

2013 4099 2222 4153 unitate
2268 4096 2392 4151 fidei
2424 4096 2516 4167 qui
2556 4094 2835 4151 nobiscum
2876 4100 3060 4147 manet
3098 4106 3259 4161 quam
3301 4088 3449 4143 illum
3493 4086 3587 4156 qui

2015 4191 2225 4244 alienus
2252 4187 2400 4243 cultu
2423 4196 2479 4241 et
2512 4187 2619 4241 ritu
2644 4193 2730 4240 est
2757 4200 2787 4238 a
2811 4184 3050 4239 Christo.
3076 4182 3142 4235 Et
3159 4181 3288 4234 licet
3316 4193 3442 4248 erga
3470 4192 3586 4230 om-

2013 4294 2113 4334 nes
2156 4279 2404 4333 homines
2454 4275 2719 4344 justitiam
2768 4273 3059 4329 observare
3110 4269 3408 4331 debemus,
3455 4280 3586 4335 erga

2013 4368 2294 4437 proximos
2341 4366 2522 4420 tamen
2561 4363 2811 4418 affectum
2851 4362 3122 4416 mitiorem
3171 4358 3373 4412 habere
3428 4356 3587 4409 debe-

2019 4473 2176 4522 mus;
2201 4454 2443 4526 profecto
2480 4454 2607 4523 quia
2634 4452 2878 4508 membra
2922 4459 3107 4506 nostra
3137 4456 3264 4504 sunt
3287 4457 3341 4503 et
3375 4447 3427 4501 in
3464 4447 3588 4499 uni-

2020 4556 2133 4603 tate
2161 4540 2404 4615 corporis
2429 4544 2599 4599 nostri
2630 4551 2686 4598 et
2710 4542 2913 4598 Christi
2950 4541 3230 4595 nobiseum
3259 4538 3586 4593 consistunt.

2021 4636 2173 4692 Unde
2217 4650 2312 4691 eos
2354 4642 2416 4689 ut
2467 4633 2829 4701 nosmetipsos
2869 4630 3091 4700 diligere
3142 4627 3418 4683 debemus.
3468 4626 3594 4680 lico

2021 4724 2397 4795 subiungitur:
2428 4742 2446 4774 ι
2480 4724 2548 4778 Et
2576 4723 2797 4778 omnino
2820 4721 3068 4790 indigens
3095 4725 3150 4772 et
3184 4716 3461 4772 mendicus
3484 4732 3592 4770 non

2020 4818 2125 4873 erit
2154 4816 2297 4871 inter
2323 4831 2438 4880 vos,
2470 4823 2530 4869 ut
2578 4813 2863 4867 benedicat
2902 4810 3000 4864 tibi
3037 4808 3299 4863 Dominus
3340 4807 3393 4860 in
3424 4814 3591 4868 terra,

2026 4924 2186 4978 quam
2222 4892 2522 4961 traditurus
2554 4914 2637 4959 est
2667 4902 2763 4957 tibi
2808 4902 2862 4955 in
2895 4900 3309 4970 possessionem.
3343 4916 3364 4950 ›
3398 4895 3591 4950 Proxi-

2026 4999 2129 5054 mis
2159 5012 2289 5069 ergo
2319 4997 2520 5052 nostris
2547 5002 2810 5066 quantum
2836 4990 3091 5061 possibile
3124 4996 3231 5053 est,
3275 4988 3329 5042 in
3360 4984 3594 5040 necessi-

2025 5090 2225 5143 tatibus
2261 5096 2322 5142 ut
2366 5084 2770 5154 nobismetipsis
2818 5081 3098 5138 consulere
3148 5080 3421 5135 debemus,
3465 5072 3590 5141 quia

2026 5179 2286 5247 exhibitio
2305 5178 2504 5247 operis,
2533 5175 2778 5245 probatio
2797 5183 2882 5228 est
2901 5169 3223 5227 dilectionis.
3255 5165 3405 5220 Unde
3424 5163 3590 5217 Joan»

2030 5285 2127 5324 nes
2153 5270 2268 5323 ait:
2301 5287 2320 5319 ε
2349 5267 2454 5334 Qui
2496 5265 2745 5321 habuerit
2789 5262 3147 5318 substantiam
3184 5254 3364 5311 mundi
3413 5251 3590 5320 lmjus,

2030 5368 2084 5412 et
2118 5359 2315 5413 viderit
2340 5357 2562 5412 fratrem
2591 5371 2748 5411 suum
2775 5367 2996 5408 necesse
3024 5351 3243 5409 habere,
3264 5354 3317 5397 et
3339 5343 3595 5396 clauserit

2029 5449 2238 5504 viscera
2269 5464 2365 5504 sua
2391 5448 2458 5501 ab
2493 5461 2580 5510 eo,
2614 5443 2884 5514 quomodo
2911 5439 3150 5495 charitas
3183 5440 3368 5487 manet
3405 5432 3457 5485 in
3490 5431 3597 5485 eo?

2030 5540 2204 5596 Filioli
2244 5538 2370 5602 mei,
2402 5551 2508 5591 non
2540 5533 2827 5602 diligamus
2855 5528 3018 5583 verbo
3055 5537 3230 5593 neque
3254 5522 3465 5591 lingua;
3491 5520 3586 5575 sed

2028 5644 2194 5701 opere
2222 5638 2277 5684 et
2301 5626 2529 5682 veritate
2556 5620 2608 5696 (ι
2633 5621 2794 5675 Ιοαη.
2815 5618 2919 5688 ιιι).
2950 5637 2972 5670 ι
