3978 6182
432 271 529 329 891

1111 257 1171 313 Β.
1212 257 1464 314 MBAN]
1505 255 1724 313 MAURI
1757 252 2076 310 ARCHIEP.
2118 251 2425 308 MOGUNT.
2466 248 2750 306 OPERUM
2787 247 2969 305 PARS
3003 248 3046 306 1.

512 381 711 437 «νϐπνθ
747 393 816 434 ne
842 377 982 433 forte
1023 374 1121 431 tibi
1154 376 1416 444 subrepat
1459 371 1625 443 impia
1649 369 1928 442 cogitatio,
1958 377 2013 423 et
2041 370 2090 429 Λ
2118 374 2244 421 sunt
2268 365 2314 421 si
2341 364 2614 435 negligant
2632 366 2774 420 bona
2795 366 3009 435 operari
3027 380 3148 435 qua:
3166 374 3413 435 possunt.
3439 366 3530 420 illa
3555 382 3685 436 ergo

440 495 459 527 ι
502 474 651 527 dicas
678 471 731 525 in
758 468 921 524 corde
943 475 1035 523 tuo
1059 483 1073 519 :
1097 464 1506 535 Appropinquat
1543 462 1807 531 septimus
1835 474 2012 513 annus

441 582 462 614 ι
509 557 868 623 remissionis;
906 562 964 609 et
1006 563 1224 608 avertas
1271 551 1457 606 oculos
1497 566 1530 604 a
1568 563 1805 619 paupere
1845 548 2015 602 fratre

444 671 464 704 ι
512 660 622 714 tuo,
655 647 841 703 nolens
875 645 926 700 ei
947 643 1091 715 quod
1113 641 1346 713 postulat
1374 650 1620 694 mutuum
1646 637 2014 696 commodare.

443 760 464 791 ο
510 756 577 794 ne
621 737 818 792 clamet
850 742 1037 790 contra
1070 742 1124 787 te
1166 731 1235 784 ad
1279 729 1590 793 Dominum,
1624 736 1679 782 et
1709 725 1803 780 ﬁat
1835 725 1931 780 tibi
1962 724 2015 778 in

444 849 465 881 ε
511 834 813 897 peccatum.
839 823 945 878 Sed
970 822 1123 877 dabis
1144 820 1216 886 ei,
1247 835 1347 881 nec
1376 834 1504 888 ages
1525 817 1800 888 quippiam
1823 815 2018 870 callide

444 940 464 970 ε
512 921 563 973 in
612 918 730 987 ejus
772 912 1185 970 necessitatibus
1231 909 1601 973 sublevandis,
1632 917 1740 963 etc.
1775 925 1792 958 ι
1827 904 2013 960 LXX:

446 1032 467 1064 ‹
515 1010 742 1064 Attende
762 1008 859 1062 tibi
881 1006 1003 1077 ipsi,
1027 1020 1094 1059 ne
1117 1003 1213 1057 ﬁat
1237 1002 1463 1069 verqu
1485 999 1758 1055 occultum
1781 998 1833 1051 in
1856 995 2019 1052 corde

447 1122 466 1153 ι
513 1112 601 1155 tuo
630 1098 885 1167 iniquitas
915 1096 1138 1153 dicens:
1166 1090 1498 1162 Appropriat
1522 1103 1695 1143 annus
1735 1086 2017 1156 septimus,

448 1211 467 1241 σ
514 1206 688 1245 ιιιιιιιιε
717 1186 1079 1252 remissionis,
1120 1192 1175 1240 et
1217 1183 1548 1254 malignetur
1581 1179 1771 1235 oculus
1798 1187 1922 1231 tuus
1962 1176 2017 1230 in

446 1301 465 1333 ι
513 1283 731 1336 fratrem
756 1288 903 1333 tuum
926 1292 1176 1347 egenum,
1204 1282 1258 1331 et
1278 1289 1386 1328 non
1415 1272 1622 1327 tribuas
1650 1270 1720 1327 ei.
1753 1270 1819 1325 Et
1843 1267 2023 1323 excla—

447 1393 466 1424 ‹
498 1372 686 1427 iurabit
731 1371 1016 1426 adversum
1068 1376 1122 1423 te
1172 1368 1240 1423 ad
1287 1365 1602 1428 Dominum,
1634 1370 1688 1418 et
1722 1363 1832 1416 erit
1875 1361 1927 1415 in
1966 1368 2022 1415 te

447 1482 468 1515 ι
515 1464 796 1534 peccatum
831 1474 1103 1530 magnum.
1134 1477 1153 1510 ι
1188 1455 1469 1526 Magniﬁce
1489 1452 1759 1510 occultum
1797 1451 2022 1507 verbum

447 1555 552 1609 hoc
583 1553 742 1618 dixit,
777 1552 921 1622 quod
956 1566 1115 1606 nemo
1143 1549 1306 1605 audet
1333 1550 1437 1603 hoc
1474 1548 1675 1611 dicere,
1708 1546 1800 1615 qui
1834 1555 2025 1616 potue-

445 1646 518 1699 rit
556 1643 817 1713 cogitare,
853 1642 972 1696 ideo
1007 1656 1115 1695 non
1154 1654 1274 1695 esse
1321 1647 1566 1692 mutuum
1609 1635 1847 1690 dandum
1889 1633 2029 1688 indi-

2120 456 2174 510 in
2204 454 2549 520 necessitate,
2597 454 2713 510 haec
2744 454 2800 508 in
2823 454 3101 510 voluntate
3124 463 3230 521 est,
3252 455 3397 510 unde
3428 454 3496 509 ad
3541 455 3687 525 Moy—

2118 564 2213 603 sen
2236 547 2461 601 dicitur:
2484 564 2503 598 ι
2533 544 2588 599 Si
2615 545 2814 600 emeris
2838 561 3052 602 servum
3076 545 3380 610 ﬂebmum,
3412 561 3508 601 sex
3528 547 3685 602 annis

2119 639 2320 693 serviet
2349 638 2443 693 tibi
2468 655 2483 690 :
2506 638 2738 706 septimo
2760 652 2904 692 anno
2931 637 3240 708 egredietur
3275 638 3415 693 liber
3440 639 3633 708 gratis,
3660 658 3687 690 ι

2098 735 2172 783 -et
2201 727 2405 796 reliqua
2433 742 2554 796 quae
2587 734 2905 796 sequuntur.
2938 725 3196 781 Hebraeus
3218 727 3496 783 transiens
3521 728 3688 782 inter-

2119 826 2386 888 pretatur.
2433 815 2501 871 Et
2530 830 2719 870 servus
2762 815 3020 871 Hebrmus
3041 814 3259 880 emitur,
3287 817 3504 885 quando
3533 833 3692 873 unus-

2119 908 2374 977 quisque,
2400 906 2491 975 qui
2512 904 2625 974 jam
2661 906 2729 961 ab
2758 906 2862 960 hoc
2888 906 3085 961 saaculo
3113 915 3295 962 mente
3324 908 3558 974 transiit,
3584 925 3688 964 ser-

2118 997 2251 1053 vitio
2288 996 2672 1066 omnipotentis
2732 996 2823 1051 Dei
2869 996 3139 1051 subditur.
3189 997 3281 1053 Illo
3333 1000 3536 1054 etenim
3582 1000 3699 1056 Deo

2120 1100 2251 1139 vero
2273 1085 2479 1139 servire
2505 1085 2731 1154 appetit,
2754 1084 2848 1154 qui
2866 1085 2936 1140 ab
2963 1086 3068 1141 hoc
3086 1085 3283 1141 sarculo
3302 1096 3483 1141 mente
3511 1095 3693 1143 trans-

2122 1174 2203 1231 ire
2231 1175 2499 1231 didicerit.
2533 1174 2625 1231 Sic
2661 1194 2679 1227 ι
2711 1175 2923 1246 Moyses
2954 1176 3223 1243 transivit,
3257 1185 3320 1232 ut
3359 1178 3571 1235 videret
3609 1181 3689 1235 vi-

2122 1280 2242 1320 sum
2280 1263 2476 1335 (Exod.
2504 1264 2612 1337 ιιι).
2643 1285 2662 1318 ι
2691 1265 2783 1321 Sic
2810 1267 2978 1322 David
3020 1282 3142 1321 cum
3181 1286 3200 1318 ι
3229 1269 3437 1324 videret
3469 1271 3692 1342 impium

2122 1355 2416 1410 exaltatum
2439 1371 2602 1425 super
2626 1356 2818 1412 cedros
2841 1356 3052 1425 Libani,
3084 1360 3336 1414 transivit
3356 1368 3412 1415 et
3437 1376 3545 1416 non
3579 1353 3696 1417 erat

2124 1446 2300 1519 (Psal.
2327 1447 2550 1517 xxxvi);
2581 1466 2600 1500 ι
2626 1447 3091 1519 quiainiquorum
3115 1452 3410 1520 potentiam
3431 1468 3554 1509 esse
3577 1471 3693 1508 ma-

2126 1556 2290 1612 gnum
2319 1538 2525 1609 aliquid
2549 1538 2782 1596 fortasse
2812 1541 3104 1606 credimus,
3137 1542 3239 1596 nisi
3277 1542 3344 1596 ad
3372 1558 3698 1614 permanens

2128 1630 2383 1685 saeculum
2418 1637 2598 1685 mente
2638 1638 3001 1686 transeamus.
3029 1630 3230 1687 Servus
3267 1616 3396 1687 vero
3433 1632 3698 1690 Hebrams

445 1710 892 1805 genti,quoniam
915 1732 1308 1803 appropinquet
1332 1744 1507 1784 annus
1530 1727 1880 1791 remissionis,
1899 1741 2025 1781 cum
2054 1710 2099 1768 Β
2126 1728 2341 1790 emptus
2368 1734 2464 1775 sex
2503 1719 2661 1774 annis
2687 1719 2893 1773 servire
2931 1720 3261 1789 percipitur,
3296 1721 3368 1776 ita
3412 1728 3472 1775 ut
3500 1722 3557 1777 in
3608 1739 3695 1779 se-

449 1825 598 1879 Deus
629 1832 849 1894 propter
894 1818 1323 1877 misericordiam
1358 1826 1649 1888 utrumque
1686 1816 2023 1887 praeceperit,

450 1923 508 1968 et
539 1896 871 1969 commodari
897 1927 1020 1967 cum
1044 1910 1272 1979 quisque
1302 1908 1530 1976 indiget,
1554 1915 1611 1961 et
1635 1906 1839 1961 remitti
1881 1919 2026 1959 armo

454 2003 807 2059 remissionis.
837 2001 1115 2067 Quomodo
1142 2013 1271 2069 ergo
1310 1994 1738 2052 misericorditer
1771 1994 2029 2048 remissu-

449 2108 541 2147 rus
565 2101 648 2146 est
674 2091 763 2147 illo
789 2106 930 2145 anno
957 2104 1066 2160 quo
1100 2086 1482 2143 remittendum
1510 2093 1617 2150 est,
1664 2084 1709 2139 si
1736 2083 2030 2139 crudeliter

450 2185 653 2254 cogitat
692 2182 784 2236 illo
810 2189 1054 2250 tempore
1079 2178 1314 2234 dandum
1340 2191 1448 2232 non
1476 2188 1620 2242 esse,
1657 2189 1764 2245 quo
1793 2173 2026 2228 dandum

450 2279 566 2333 est?
594 2297 613 2328 ι
648 2259 782 2341 Cum
803 2289 934 2345 ergo
961 2273 1212 2330 venditus
1238 2270 1402 2326 fuerit
1422 2269 1592 2324 frater
1619 2277 1742 2322 tuus
1766 2266 2029 2322 Hebraeus

457 2389 480 2421 ‹
527 2377 619 2424 aut
656 2368 903 2433 Hebraea,
947 2374 1003 2424 et
1046 2383 1140 2422 sex
1195 2365 1356 2421 annis
1402 2363 1652 2420 scrvierit
1696 2361 1810 2425 tibi,
1843 2360 1898 2412 in
1947 2373 2030 2414 se-

461 2479 484 2512 c
532 2461 701 2530 ptimo
731 2475 872 2517 anno
911 2460 1151 2514 dimittes
1193 2473 1317 2513 eum
1344 2457 1593 2511 liberum.
1625 2472 1643 2506 ι
1678 2452 1787 2508 llos
1815 2456 2028 2518 emptos

456 2566 564 2606 non
595 2566 662 2605 eo
688 2566 831 2606 anno
862 2550 1067 2616 remitti
1104 2549 1292 2613 voluit,
1323 2562 1483 2617 quem
1524 2545 1813 2614 septimum
1845 2556 2031 2612 quem-

453 2656 562 2711 que
589 2640 865 2696 observari
894 2640 1177 2710 oportebat
1217 2637 1285 2692 ab
1310 2637 1593 2700 omnibus;
1638 2633 1731 2690 sed
1771 2647 1915 2687 anno
1950 2645 2029 2686 se-

453 2732 625 2802 ptimo
675 2730 967 2801 emptionis
1013 2729 1149 2799 ejus,
1195 2736 1578 2800 quotocunqne
1626 2738 1768 2780 anno
1814 2723 2028 2778 illorum

454 2822 720 2891 septimus
745 2822 849 2877 iste
875 2836 1049 2876 annus
1068 2827 1398 2875 occurreret.
1433 2835 1451 2869 ‹
1483 2815 1580 2872 Sin
1601 2824 1782 2872 autem
1804 2813 2027 2870 dixerit:

462 2930 483 2963 ι
529 2910 663 2965 Nolo
685 2910 890 2982 egredi,
924 2924 990 2965 eo
1028 2909 1173 2979 quod
1209 2908 1396 2983 diligat
1431 2915 1485 2961 te
1526 2913 1584 2961 et
1617 2905 1834 2961 domum
1860 2911 2029 2967 tuam,

462 3021 482 3053 ι
525 3008 580 3054 et
608 2999 744 3054 bene
770 2998 873 3055 sibi
904 2998 1045 3067 apud
1087 3005 1140 3052 te
1159 3011 1282 3053 esse
1325 2995 1547 3060 sentiat,
1583 3006 1830 3048 assumes
1867 2989 2031 3045 subu-

2126 1811 2295 1882 ptimo
2328 1809 2466 1864 liber
2501 1818 2659 1865 exeat
2702 1808 2891 1880 gratis.
2938 1809 3079 1876 Quid
3101 1810 3246 1864 enim
3291 1825 3390 1881 per
3424 1813 3695 1867 senarium

2127 1916 2441 1966 numerum,
2496 1884 2599 1954 nisi
2643 1900 2834 1954 activa:
2877 1899 3002 1954 vitae
3043 1898 3305 1970 perfectio
3340 1901 3698 1973 designatur?

2128 1992 2266 2059 Quid
2302 2008 2399 2063 per
2435 1990 2821 2061 septenarium,
2848 1989 2955 2046 nisi
2990 1990 3406 2062 contemplativa
3444 1993 3557 2046 vita
3608 2008 3701 2048 ex-

2127 2083 2420 2153 primitur?
2448 2082 2555 2138 Sex
2580 2082 2737 2137 annis
2769 2081 2960 2147 servit,
2988 2089 3046 2137 et
3072 2083 3301 2152 septimo
3327 2085 3605 2154 egreditur
3628 2085 3696 2163 li-

2128 2171 2245 2237 ber,
2287 2172 2376 2241 qui
2407 2187 2505 2243 per
2539 2171 2774 2227 activam
2798 2186 2961 2242 quam
3004 2172 3243 2243 perfecte
3273 2173 3603 2239 exhibuerit,
3633 2175 3700 2229 ad

2129 2260 2559 2331 contemplativa:
2585 2261 2708 2316 vitae
2728 2260 3032 2317 libertatem
3069 2264 3284 2319 transit.
3311 2263 3381 2319 Et
3404 2265 3699 2320 notandum

2129 2351 2272 2421 quod
2296 2351 2464 2422 gratis
2488 2350 2627 2406 liber
2648 2350 2941 2421 egreditur,
2971 2351 3098 2422 quia
3124 2352 3177 2407 hi
3201 2361 3485 2422 postquam
3512 2354 3696 2409 omnia

2129 2443 2380 2507 fecerint,
2407 2442 2595 2497 dicunt
2614 2457 2672 2497 se
2699 2442 2917 2498 inutiles
2942 2458 3148 2498 servos.
3190 2443 3285 2499 Eis
3321 2444 3513 2513 procul
3538 2445 3701 2499 dubio

2131 2535 2275 2590 sicut
2321 2534 2435 2604 ipsa
2493 2535 2669 2590 activa
2706 2535 2818 2590 vita
2860 2534 2964 2591 fuit
2999 2550 3066 2591 ex
3105 2551 3349 2602 munere,
3375 2537 3451 2591 ita
3499 2537 3607 2592 erit
3633 2552 3697 2591 ex

2130 2627 2303 2699 gratia
2328 2626 2491 2682 etiam
2514 2626 2950 2695 contemplativa.
2985 2645 3005 2678 ι
3032 2626 3167 2683 Cum
3182 2627 3330 2697 quali
3357 2637 3509 2684 veste
3534 2629 3703 2683 intra-

2129 2719 2286 2783 verit,
2313 2734 2437 2775 cum
2467 2717 2559 2773 tali
2598 2726 2775 2774 exeat.
2810 2737 2831 2772 ι
2865 2717 3002 2784 Quia
3026 2719 3247 2775 omnino
3271 2733 3493 2775 necesse
3512 2727 3613 2783 est,
3643 2729 3702 2773 ut

2131 2809 2502 2880 unusquisque
2540 2817 2788 2864 nostrum
2827 2808 2883 2863 in
2925 2809 3029 2865 lioc
3056 2808 3199 2879 quod
3236 2809 3424 2880 incipit
3453 2825 3700 2880 perseve-

2131 2910 2236 2967 ret,
2260 2911 2424 2972 atque
2451 2916 2625 2970 usque
2671 2901 2741 2955 ad
2767 2899 2928 2954 ﬁnem
2957 2901 3137 2971 operis
3168 2901 3223 2956 in
3253 2915 3318 2955 ea
3351 2916 3460 2971 qua
3491 2901 3703 2956 inchoa-

2131 2994 2210 3050 vit
2237 2993 2538 3048 intentione
2565 2991 2821 3062 perduret
2846 3009 2859 3046 :
2883 2991 2976 3046 ille
3002 2991 3200 3061 quippe
3226 2991 3318 3061 qui
3353 2989 3423 3044 ad
3459 2999 3703 3045 contem-

465 3109 485 3142 ι
530 3091 659 3155 lam,
711 3097 767 3144 et
811 3087 1114 3159 perforabis
1147 3101 1334 3142 aurem
1377 3085 1495 3155 ejus
1538 3085 1592 3140 in
1633 3082 1800 3153 janua
1844 3083 2033 3138 domus
2060 3071 2104 3133 C
2135 3084 2390 3153 plativam
2416 3083 2580 3137 vitam
2608 3082 2824 3148 transit,
2845 3082 2939 3153 qui
2961 3082 3013 3136 in
3045 3081 3219 3139 activa
3245 3082 3355 3137 vita
3386 3083 3703 3138 intentionis

472 3203 494 3235 ς
541 3193 666 3248 tum,
695 3189 751 3238 et
777 3182 978 3237 serviet
1002 3181 1101 3236 tibi
1127 3194 1300 3250 usque
1341 3179 1395 3233 in
1425 3177 1832 3247 sempiternum,
1861 3183 1967 3229 etc.
2005 3192 2025 3227 ι

460 3276 593 3342 Qum
635 3275 702 3329 de
731 3288 889 3329 servo
932 3272 1159 3329 Hebraeo
1203 3271 1610 3341 praecipiuntur,
1639 3276 1699 3322 ut
1744 3282 1839 3322 sex
1878 3265 2036 3321 annis

458 3364 685 3429 serviat,
720 3371 778 3419 et
820 3363 1125 3418 dimittatur
1160 3362 1298 3417 liber
1326 3360 1516 3431 gratis,
1554 3374 1624 3414 ne
1677 3357 1821 3413 servi
1850 3349 2033 3411 Chri-

464 3454 629 3509 stiani
665 3454 769 3509 hoc
796 3452 1104 3524 ﬂagitarent
1128 3468 1161 3507 a
1201 3451 1435 3508 dominis
1459 3450 1591 3514 suis,
1623 3447 1915 3518 apostolica
1943 3460 2038 3500 au-

463 3546 689 3601 ctoritas
711 3545 867 3616 jubet
900 3558 1085 3599 servos
1131 3542 1364 3598 dominis
1386 3542 1498 3598 suis
1526 3553 1647 3596 esse
1673 3538 1940 3603 subditos,
1966 3550 2036 3592 ne

464 3653 661 3692 nomen
690 3637 786 3692 Dei
820 3648 873 3692 et
910 3636 1156 3692 doctrina
1183 3634 1604 3704 blasphemetur.
1634 3631 1766 3687 lllud
1794 3632 1938 3688 enim
1967 3644 2036 3685 ex

470 3729 576 3784 hoc
613 3728 748 3784 satis
789 3735 1004 3784 constat
1050 3725 1104 3780 in
1135 3725 1394 3796 mysterio
1429 3730 1776 3794 praeceptum,
1810 3722 1937 3793 quia
1979 3728 2037 3777 et

465 3819 719 3889 pertundi
767 3820 957 3874 subula
1015 3816 1130 3886 ejus
1176 3833 1361 3872 aurem
1409 3816 1476 3870 ad
1526 3826 1736 3886 postem
1781 3814 2038 3885 praecepit

472 3911 635 3975 Deus,
683 3909 777 3979 qui
826 3909 1131 3963 libertatem
1185 3907 1329 3962 illam
1379 3915 1675 3962 recusaret.
1720 3904 2040 3975 Prmcipitur

466 3998 614 4055 enim
642 4005 702 4052 ut
734 3997 991 4053 Hebraeus
1022 4013 1177 4067 puer,
1206 3997 1252 4051 si
1280 3997 1420 4051 forte
1451 3996 1505 4050 in
1536 3996 1850 4051 servitutem
1879 3995 2040 4050 devec

467 4090 629 4153 nerit,
678 4104 775 4145 sex
816 4090 975 4143 annis
1001 4088 1290 4153 deserviat,
1318 4087 1548 4157 septimo
1576 4102 1720 4141 anno
1745 4102 1874 4143 vero
1902 4086 2039 4142 liber

466 4180 789 4235 dimittatur.
819 4178 970 4245 Quod
999 4178 1045 4233 si
1067 4177 1249 4249 egredi
1276 4193 1306 4232 a
1351 4178 1612 4232 servitute
1647 4176 1881 4232 noluerit
1907 4190 2036 4247 pro-

469 4279 588 4340 pter
610 4286 832 4325 uxorem
860 4278 917 4324 et
954 4270 1117 4333 ﬁlios,
1156 4267 1519 4339 perforabitur
1541 4267 1780 4323 auricula
1817 4266 1953 4337 ejus,
1983 4274 2039 4321 et

463 4360 570 4414 erit
627 4375 815 4414 servus
862 4358 918 4414 in
955 4359 1233 4415 smculum.
1279 4358 1393 4415 Hoc
1441 4359 1508 4414 de
1552 4359 1803 4429 prlescnti
1837 4358 2034 4414 sarculo

2134 3187 2246 3228 sua:
2286 3180 2495 3228 vestem
2539 3186 2648 3226 non
2688 3171 2993 3226 mutaverit.
3045 3170 3114 3227 Et
3158 3178 3286 3226 sunt
3335 3171 3582 3226 nonnulli
3611 3171 3701 3241 qui

2132 3265 2447 3335 priusquam
2491 3261 2877 3332 omnipotentis
2904 3259 3003 3316 Dei
3038 3260 3258 3315 servitio
3281 3261 3576 3326 socientur,
3595 3260 3707 3330 jam

2132 3355 2276 3410 bona
2298 3352 2513 3423 operari
2538 3352 2784 3424 diligunt.
2817 3349 2960 3407 Sunt
2981 3366 3111 3407 vero
3131 3350 3218 3406 alii
3242 3351 3333 3420 qui
3354 3352 3497 3407 bona
3518 3367 3705 3422 opera,

2131 3453 2419 3516 postquam
2455 3443 2531 3498 ad
2570 3442 2849 3498 servitium
2888 3442 3275 3512 omnipotentis
3311 3442 3408 3499 Dei
3434 3444 3706 3508 venerint,

2134 3535 2368 3590 discunt.
2398 3532 2501 3600 Qui
2524 3547 2654 3603 ergo
2676 3532 3046 3603 operationem
3068 3532 3291 3599 bonam,
3312 3540 3363 3589 et
3388 3534 3708 3605 priusquam

2135 3626 2204 3681 ad
2247 3624 2344 3680 Dei
2382 3623 2660 3680 servitium
2684 3623 2892 3679 veniret
2938 3622 3138 3679 habere
3174 3623 3403 3679 studuit.
3440 3624 3706 3682 Hebr-ams

2134 3730 2326 3771 servus
2354 3730 2476 3771 cum
2505 3728 2674 3770 uxore
2701 3723 2915 3787 emptus
2946 3723 3049 3770 est.
3089 3714 3156 3769 Et
3200 3714 3520 3787 plerumque
3545 3717 3596 3773 is
3619 3718 3710 3787 qui

2137 3806 2261 3863 talis
2292 3814 2394 3872 est,
2428 3813 2611 3876 potest
2652 3804 2720 3861 ad
2750 3804 3223 3876 contemplativam
3250 3808 3417 3862 vitam
3443 3808 3711 3873 transire,

2135 3907 2192 3953 et
2222 3906 2403 3953 tamen
2431 3897 2662 3952 activam
2680 3896 2847 3951 vitam
2876 3912 2985 3952 non
3025 3897 3298 3953 deserere.
3337 3896 3493 3953 Unde
3519 3906 3577 3954 et
3604 3898 3714 3953 illic

2136 3989 2422 4044 subditur:
2453 4005 2471 4039 t
2503 3988 2563 4043 Si
2601 3987 2808 4045 habens
2834 4002 3093 4054 uxorem,
3129 3995 3185 4042 et
3221 4002 3358 4042 uxor
3399 3986 3713 4059 egrediatur

2136 4077 2315 4131 simul.
2354 4097 2373 4130 ι
2403 4070 2624 4132 (Σιιιιιθο
2650 4077 2795 4132 enim
2817 4085 2873 4132 et
2909 4092 3048 4132 uxor
3073 4077 3142 4133 ad
3172 4077 3481 4133 libertatem
3507 4078 3713 4151 egredi

2140 4174 2247 4230 tur,
2275 4166 2490 4237 quando
2519 4167 2568 4221 is
2589 4168 2682 4236 qui
2724 4165 2794 4222 ad
2827 4166 3332 4236 contemplationem
3374 4169 3706 4239 pervenerit,

2139 4255 2304 4323 etiam
2331 4254 2464 4311 foris
2490 4257 2759 4312 actionem
2783 4255 2911 4312 boni
2936 4258 3117 4327 operis
3142 4272 3246 4328 qua
3259 4258 3521 4329 prodesse
3539 4259 3708 4330 possit

2139 4346 2280 4412 aliis,
2310 4362 2417 4403 non
2460 4347 2736 4419 relinquit.
2766 4367 2786 4401 ι
2815 4348 2876 4403 Si
2902 4358 3083 4405 autem
3111 4350 3319 4406 dederit
3348 4351 3604 4407 dominus
3633 4351 3706 4406 illi

467 4466 574 4505 non
600 4450 819 4515 dicitur,
847 4449 941 4506 sed
968 4451 1032 4506 de
1070 4450 1250 4505 futuro
1273 4467 1287 4503 :
1310 4449 1435 4520 quia
1464 4449 1517 4503 in
1547 4417 1638 4503 sex
1661 4448 1911 4505 attatibus
1932 4449 2029 4503 hu-

2146 4452 2164 4485 ι
2209 4450 2453 4502 uxorem,
2475 4444 2530 4491 et
2551 4417 2821 4507 pepererit
2845 4437 2983 4494 ﬁlios
3002 4447 3059 4494 et
3078 4438 3233 4503 ﬁlias,
3258 4439 3453 4495 mulier
3472 4449 3531 4496 et
3554 4439 3705 4495 liberi

462 4540 552 4607 jus
581 4541 762 4596 saeculi
805 4541 1122 4604 servientes,
1174 4539 1401 4608 septimo
1447 4538 1533 4593 die
1573 4546 1779 4610 interno
1810 4538 2033 4594 sabbato

468 4629 780 4694 liberamur,
831 4630 877 4685 si
923 4638 1105 4685 tamen
1150 4629 1480 4684 noluerimus
1530 4643 1651 4683 esse
1704 4629 1856 4683 liberi
1907 4630 2033 4685 dum

467 4717 647 4771 adhuc
675 4717 729 4771 in
754 4718 951 4772 saeculo
975 4717 1239 4773 servimus
1263 4724 1505 4786 peccato.
1547 4717 1605 4771 Si
1634 4724 1814 4773 autem
1845 4716 2032 4774 nolue-

471 4808 661 4869 rimus,
703 4808 1068 4876 perforabitur
1095 4808 1249 4863 nobis
1293 4806 1537 4861 auricula
1581 4807 1636 4861 in
1668 4808 2034 4863 testimonium

471 4898 865 4960 inobedientizc,
923 4908 977 4953 et
1025 4914 1145 4953 cum
1194 4912 1363 4952 uxore
1399 4905 1456 4952 et
1492 4898 1616 4953 filiis
1659 4898 1860 4953 nostris
1899 4913 2038 4968 quos

472 4987 807 5057 praetulimus
843 4988 1097 5056 libertati,
1126 4990 1179 5043 id
1210 4998 1313 5052 est,
1354 5002 1475 5042 cum
1506 5002 1669 5042 carne
1701 4997 1754 5043 et
1783 4989 2039 5059 operibus

469 5078 608 5143 eius,
626 5077 826 5148 jugiter
861 5080 1065 5147 peccati
1096 5078 1237 5134 servi
1285 5078 1489 5133 erimus
1520 5078 1573 5131 in
1615 5087 1896 5133 aeternum.
1928 5078 2037 5135 Sed

470 5180 528 5224 et
561 5169 716 5224 aliter
746 5170 847 5225 hoc
890 5169 1111 5241 intelligi
1153 5177 1348 5240 potest.
1375 5169 1483 5241 (Ea:
1512 5168 1807 5242 Gregorio.)
1834 5170 2036 5242 Nempe

470 5260 752 5316 sciendum
774 5271 858 5316 est
878 5262 1002 5330 quia
1026 5277 1149 5316 cum
1173 5261 1347 5316 activa
1376 5261 1458 5316 vel
1485 5262 1899 5332 contemplativa
1926 5263 2035 5318 vita

470 5366 537 5405 cx
566 5350 661 5416 Dei
686 5352 793 5407 sint
826 5352 1021 5423 gratia,
1053 5369 1157 5407 una
1196 5352 1350 5408 nobis
1381 5353 1435 5407 in
1476 5352 1798 5408 necessitate
1827 5361 1930 5419 est,
1964 5354 2041 5407 al-

473 5445 591 5504 tera
638 5440 691 5493 in
721 5441 1012 5496 voluntate.
1048 5442 1181 5508 Quis
1208 5443 1349 5496 cnim
1375 5457 1704 5512 cognoscens
1728 5443 2039 5508 Dominum,

477 5541 583 5579 non
633 5526 748 5595 ejus
800 5546 1022 5601 regnum
1070 5532 1391 5602 ingreditur,
1447 5532 1551 5588 nisi
1599 5534 1749 5602 prius
1787 5543 2040 5603 operetur

476 5615 649 5671 bene?
679 5620 805 5676 Sine
826 5624 1238 5694 contemplativa
1272 5640 1401 5696 ergo
1427 5625 1535 5680 vit-.2
1561 5626 1763 5680 intrare
1793 5641 1899 5681 non
1922 5641 2042 5695 pos-

2141 4548 2160 4582 ‹
2205 4529 2322 4600 ejus
2363 4539 2526 4585 erunt
2553 4530 2755 4587 domini
2796 4532 2881 4587 sui
2911 4550 2924 4586 :
2951 4531 3067 4602 ipse
3104 4548 3233 4589 vero
3260 4533 3431 4589 exibit
3462 4548 3589 4588 cum
3625 4548 3709 4586 ve-

2142 4646 2161 4678 ι
2206 4628 2336 4681 stitu
2383 4639 2501 4681 suo.
2533 4644 2551 4678 ι
2598 4624 2766 4680 Servo
2810 4634 2993 4697 empto
3041 4627 3135 4682 dat
3175 4624 3428 4682 dominus
3456 4640 3703 4689 uxorem,

2135 4735 2259 4775 cum
2287 4721 2611 4790 praedicator
2634 4720 2863 4790 quisque
2884 4734 3047 4789 quem
3058 4717 3184 4787 jure
3206 4719 3571 4787 omnipotenti
3598 4717 3706 4773 Deo

2138 4811 2550 4880 mancipaverit,
2588 4810 2744 4866 bonze
2772 4810 2972 4865 actioni
3000 4809 3297 4880 conjungit.
3327 4808 3466 4864 Nam
3494 4818 3552 4864 et
3577 4823 3704 4879 pne-

2137 4899 2406 4956 dicatores
2444 4901 2646 4957 domini
2685 4909 2981 4967 vocantur,
3021 4900 3163 4956 sicut
3210 4900 3405 4956 Elisaeo
3432 4901 3708 4970 propincus

2138 4989 2204 5045 de
2219 4989 2570 5061 pradicatore
2588 5004 2688 5045 suo
2708 4990 2934 5045 dicitur:
2961 5008 2980 5040 ι
3004 4988 3124 5045 Scis
3144 4991 3287 5059 quod
3310 4991 3567 5047 dominus
3587 4999 3708 5045 tuus

2138 5079 2358 5134 tollatur
2385 5094 2416 5133 a
2442 5079 2534 5134 te?
2566 5078 2713 5135 Uxor
2736 5094 2867 5136 vero
2890 5081 3122 5150 emptitii
3147 5081 3294 5137 servi
3316 5080 3455 5137 filios
3488 5090 3547 5137 et
3570 5082 3708 5137 ﬁlias

2137 5171 2329 5240 pariet,
2360 5171 2575 5241 quando
2600 5171 2650 5225 ei
2672 5172 2811 5227 bona
2841 5171 3008 5228 fortes
3028 5172 3112 5227 vel
3140 5181 3356 5228 tenores
3384 5172 3599 5229 fructus
3620 5188 3709 5244 ge-

2141 5270 2315 5318 nerat.
2365 5262 2473 5318 Sed
2514 5261 2708 5319 mulier
2744 5279 2863 5332 qua:
2891 5279 2923 5318 a
2965 5263 3186 5320 domino
3233 5264 3358 5318 data
3387 5272 3495 5329 est,
3531 5266 3707 5320 eidem

2140 5352 2358 5409 domino
2401 5368 2525 5408 cum
2569 5352 2696 5409 ﬁliis
2736 5364 3012 5420 remanet;
3036 5356 3151 5425 ipse
3191 5368 3323 5410 vero
3363 5371 3559 5412 servus
3597 5357 3711 5410 exit

2140 5460 2264 5500 cum
2302 5447 2497 5502 vestitu
2531 5462 2649 5512 suo,
2682 5446 2808 5518 quia
2840 5447 2979 5502 bona
3000 5450 3144 5503 actio
3175 5448 3260 5504 vel
3286 5449 3535 5518 ejusdem
3557 5449 3712 5503 bona:

2142 5535 2371 5590 actionis
2412 5535 2643 5601 fructus,
2679 5538 3049 5606 praedicatoris
3092 5538 3331 5593 mercedi
3364 5547 3703 5609 reputantur.

2141 5625 2258 5696 ipse
2278 5640 2407 5681 vero
2421 5626 2475 5680 in
2503 5626 2753 5683 desiderii
2767 5627 2849 5683 sui
2868 5629 3164 5685 intentione
3173 5631 3475 5698 perdurans
3512 5647 3599 5700 per
3628 5645 3710 5682 ω’

3580 250 3691 308 832
3782 286 3793 296 ο
