3978 6182
310 265 413 323 895

1126 264 1523 323 ENABRA'HO
1561 265 1783 323 SUPER
1819 268 2441 329 DEUTERONOMIUM.
2481 301 2553 315 ——
2586 273 2715 331 LIB.
2752 276 2817 333 Il.

3459 290 3566 347 893

310 395 529 455 pernam
550 379 783 451 gratiam
801 380 1391 451 adcontemplationem
1421 381 1558 436 liber
1580 382 1876 451 egreditur.
1908 391 1959 446 Α
1984 383 2282 438 infirmitati
2310 401 2323 437 :
2347 385 2475 453 quia
2537 387 2816 456 proprium
2870 396 2951 445 est
3004 389 3240 450 hominis
3294 403 3568 470 corrupti-

380 496 401 529 ι
444 476 598 545 Quod
628 476 673 529 si
706 475 905 530 dixerit
933 491 1123 531 servus
1148 494 1161 530 :
1191 476 1363 546 Diligo
1394 476 1670 531 dominum
1699 492 1882 531 meum

312 589 332 620 s
372 579 427 624 et
457 584 682 623 uxorem
716 584 781 622 ac
825 567 1044 633 liberos,
1080 583 1186 623 non
1216 569 1465 640 egrediar
1498 569 1654 624 liber.
1692 589 1709 621 ι
1750 568 1881 623 Ser-

303 674 404 715 vus
454 659 732 713 dominum
793 673 949 713 suum
1006 659 1199 730 diligit,
1247 661 1465 729 quando
1510 660 1885 730 pnedicatoris

304 750 472 803 verba
527 748 756 803 sollicita
813 757 997 801 mente
1051 749 1305 804 custodit.
1361 749 1604 804 Uxorem
1669 764 1883 819 quoque

304 854 497 895 amans
523 847 580 893 et
614 839 816 894 liberos
848 840 987 894 luber
1013 840 1195 909 egredi
1239 849 1473 905 recusat,
1506 839 1723 909 quando
1750 840 1884 894 acti-

303 947 427 985 vam
451 931 617 984 vitam
643 928 869 999 ejusque
890 928 1101 983 fructus
1123 929 1373 999 diligens,
1405 930 1637 983 transire
1657 929 1724 983 ad
1745 944 1878 983 con-

307 1017 669 1088 templativam
702 1033 806 1072 non
836 1017 970 1082 vult,
1000 1018 1127 1087 quia
1153 1018 1293 1073 bona
1324 1034 1384 1074 se
1407 1034 1571 1088 opera
1595 1020 1795 1073 habere
1824 1019 1879 1073 in

304 1107 591 1162 ministerii
633 1109 717 1161 sui
763 1107 1025 1161 servitute
1069 1107 1451 1171 considerans,
1497 1107 1565 1162 ad
1609 1107 1880 1163 libertatis

302 1200 539 1269 quietem
560 1200 739 1253 renuit
767 1199 1018 1254 transire.
1057 1217 1075 1249 (
1114 1196 1221 1253 Sed
1249 1198 1445 1254 offerat
1466 1214 1588 1254 eum
1628 1200 1879 1255 dominus

306 1311 323 1339 ε
369 1292 493 1357 diis,
520 1299 578 1345 et
604 1291 905 1362 applicetur
938 1290 1007 1344 ad
1034 1291 1236 1375 ostitqp
1262 1299 1316 1346 et
1356 1298 1576 1360 postes;
1604 1299 1661 1377 et
1698 1289 1879 1359 perfo-

305 1403 321 1431 σ
366 1391 450 1437 ret
480 1380 599 1449 ejus
623 1397 809 1459 aurem
852 1380 1063 1445 subula,
1094 1388 1154 1435 ut
1187 1381 1259 1435 sit
1284 1389 1340 1435 et
1382 1396 1574 1445 servus
1610 1382 1663 1435 in
1704 1396 1875 1435 secn-

304 1492 320 1519 ι
369 1473 501 1526 lum.
544 1493 562 1524 ι
595 1470 856 1525 Dominus
886 1471 1029 1523 enim
1053 1470 1143 1539 qui
1182 1470 1235 1524 in
1266 1470 1441 1524 activa
1470 1470 1738 1539 disposuit
1767 1469 1877 1523 vita

297 1568 610 1638 perdurare,
641 1581 672 1618 a
704 1564 923 1619 domino
954 1562 1061 1617 diis
1098 1562 1345 1628 offertur,
1376 1552 1592 1633 quando
1619 1578 1649 1616 a
1681 1562 1877 1631 praedi-

296 1670 483 1715 catore
516 1673 614 1713 suo
641 1657 987 1725 antiquorum
1033 1655 1254 1709 Patrum
1284 1655 1444 1710 dictis
1471 1654 1752 1718 imbuitur,
1780 1652 1871 1721 qui

1985 473 2111 528 bilis
2130 482 2186 528 et
2205 472 2411 542 fragilis
2435 490 2697 543 peccare;
2720 478 2863 531 unde
2881 480 3138 549 scriptum
3160 492 3274 539 est:
3296 504 3315 535 ι
3336 487 3450 544 Νοη
3477 502 3565 547 est

1985 563 2149 618 homo
2177 578 2340 633 super
2371 571 2599 630 terram,
2637 566 2729 634 qui
2760 565 2925 621 faciat
2951 570 3179 637 bonum,
3214 584 3271 630 et
3295 593 3398 632 non
3436 596 3557 650 pec-

1984 662 2089 709 cet.
2132 674 2155 707 ›
2186 666 2211 696 α
2241 654 2316 710 De
2340 657 2502 711 domo
2527 664 2708 712 autem
2736 660 2902 726 diem,
2932 665 3073 732 quod
3105 669 3374 735 possimus
3400 689 3499 729 nos
3528 690 3559 730 a

1983 743 2225 813 peccatis
2243 761 2512 800 coercere.
2530 747 2891 814 Quaerendum
2913 761 2999 808 est
3019 763 3198 810 utrum
3223 762 3365 827 quod
3382 761 3563 819 Graeci

1983 835 2168 889 dicunt
2204 838 2540 910 πρωτότοκα,
2570 854 2669 894 nec
2709 840 2900 896 Latine
2929 844 3032 900 diei
3074 844 3175 901 nisi
3214 851 3561 921 primogenita

1982 935 2291 995 potuerunt,
2325 928 2378 982 in
2409 929 2492 983 his
2520 938 2725 985 tantum
2752 934 3095 1004 intelligenda
3126 948 3270 1007 sunt,
3307 957 3427 1011 quae
3464 960 3563 999 na-

1982 1030 2207 1076 scuntur
2241 1039 2307 1078 ex
2351 1024 2636 1080 matribus.
2676 1026 2795 1095 Ipsa
2832 1030 2977 1084 enim
3016 1034 3235 1103 proprie
3276 1038 3565 1105 pariuntur

1981 1113 2162 1180 potius
2189 1129 2348 1182 quam
2388 1115 2698 1184 gignuntur.
2737 1117 2935 1175 Parere
2971 1123 3168 1193 quippe
3201 1138 3285 1180 est
3318 1128 3557 1194 nimus,

1981 1201 2123 1269 quod
2152 1211 2235 1257 est
2264 1202 2497 1258 femina:
2529 1205 2670 1261 unde
2717 1209 3040 1282 πρωτότοκον
3076 1212 3293 1269 dicitur.
3321 1216 3557 1289 Gignere

1980 1302 2161 1348 autem
2182 1303 2266 1349 est
2287 1302 2480 1367 7tst,
2505 1298 2649 1351 unde
2671 1299 2873 1354 dicitur
2893 1304 3108 1372 proprie
3134 1305 3322 1362 Latine
3350 1312 3555 1378 primo-

1980 1384 2212 1454 genitus.
2257 1386 2333 1472 Ex
2377 1387 2593 1443 feminis
2622 1397 2800 1444 autem
2837 1392 3106 1449 dabantur
3149 1399 3450 1467 printitiva,
3501 1405 3555 1459 id

1977 1482 2081 1538 cst,
2115 1490 2235 1545 quae
2279 1477 2453 1545 prima
2493 1478 2858 1547 pariebantur.
2909 1482 3153 1554 Namque
3198 1488 3561 1558 gignebantur

1976 1566 2152 1635 prima
2173 1582 2206 1620 a
2227 1567 2380 1633 viris,
2405 1568 2453 1622 si
2481 1569 2621 1623 forte
2641 1586 2706 1625 ex
2732 1572 2926 1637 viduis,
2940 1589 3060 1643 qua:
3074 1575 3184 1645 jam
3204 1592 3552 1650 pepererant,

1979 1660 2346 1729 gignerentur.
2389 1660 2505 1715 Non
2535 1662 2680 1718 enim
2711 1664 2872 1719 aliter
2911 1676 3096 1723 essent
3122 1684 3243 1738 qua:
3276 1673 3554 1739 aperirent

295 1752 454 1806 nobis
495 1751 549 1804 in
573 1750 660 1803 via
712 1746 1097 1818 omnipotentis
1128 1747 1219 1800 Dei
1270 1746 1583 1801 sacerdotes
1621 1744 1871 1809 fuerunt;
1902 1740 1948 1798 B
1975 1749 2234 1805 vulvam:
2274 1754 2417 1821 quod
2444 1754 2658 1822 proprie
2693 1755 2863 1810 voluit
2888 1772 3008 1813 esse
3047 1758 3132 1813 lex
3180 1775 3390 1827 eorum,
3428 1779 3549 1832 qua:

294 1852 459 1910 atque
484 1841 551 1896 ad
573 1840 772 1894 ostium
813 1837 1149 1892 tabernaculi
1178 1837 1415 1902 ducitur,
1446 1844 1508 1891 ut
1535 1836 1602 1890 de
1628 1836 1874 1905 ingressu

292 1933 483 1987 :elerni
508 1928 838 1985 tabernaculi
865 1928 1070 1997 aliquid
1096 1927 1301 1993 audiat,
1325 1938 1380 1982 et
1398 1927 1659 1982 tremendi
1683 1926 1872 1995 judicii

294 2022 437 2076 diem
467 2020 741 2075 subtiliter
762 2025 1043 2089 agnoscat,
1067 2033 1135 2072 ne
1168 2033 1267 2087 per
1286 2019 1425 2073 bona
1453 2034 1616 2087 opera
1652 2034 1773 2088 qua:
1792 2016 1875 2071 fa-

292 2115 391 2178 cit,
438 2111 651 2181 placere
701 2111 1012 2165 hominibus
1054 2118 1294 2180 appetat,
1344 2111 1529 2180 sicque
1565 2111 1714 2165 auris
1756 2108 1875 2177 ejus

290 2206 486 2261 subula
518 2203 845 2274 perforatur,
874 2203 1000 2257 dum
1027 2217 1181 2257 mens
1210 2202 1352 2256 illius
1385 2202 1596 2256 timoris
1623 2202 1716 2256 Dei
1747 2200 1873 2256 sub-

260 2298 491 2363 ,tilitate
526 2296 848 2367 percutitur,
891 2302 947 2349 et
979 2295 1131 2350 verbi
1170 2294 1419 2349 acumine
1463 2292 1721 2347 transfixa
1772 2306 1873 2361 per

288 2406 454 2446 mune
499 2390 640 2459 quod
690 2389 824 2459 agit,
866 2388 1079 2442 noverit
1125 2388 1425 2458 ingressum
1469 2386 1621 2454 regni
1658 2400 1872 2455 semper

290 2482 602 2545 extendere,
650 2488 706 2533 et
751 2479 903 2547 quasi
948 2478 1015 2532 ab
1057 2478 1196 2532 ostio
1244 2486 1301 2531 et
1338 2484 1492 2547 poste
1536 2475 1868 2530 tabernaculi

289 2573 620 2645 perforatam
651 2586 838 2625 aurem
861 2579 1098 2641 portare.
1134 2569 1235 2636 Qui
1262 2569 1367 2623 crit
1393 2582 1583 2639 servus
1610 2568 1664 2621 in
1699 2581 1871 2621 sacen-

289 2666 426 2729 lum,
450 2671 649 2719 utesse
684 2668 808 2732 post
834 2659 1090 2715 saeculum
1124 2659 1263 2713 liber
1298 2658 1489 2728 possit.
1522 2656 1577 2711 In
1611 2655 1866 2711 smculum

287 2757 437 2811 enim
468 2769 657 2809 servus
697 2759 801 2817 est,
836 2752 927 2822 qui
969 2766 1068 2821 per
1094 2751 1326 2805 activam
1367 2750 1533 2803 vitam
1560 2748 1871 2803 hominibus

287 2848 499 2902 servire
521 2844 805 2915 disposuit,
829 2853 888 2897 ut
912 2849 1033 2912 post
1058 2856 1298 2913 praesens
1326 2834 1579 2895 saeculum
1607 2840 1675 2894 ad
1704 2839 1869 2893 liber-

288 2947 462 2993 tatem
486 2952 668 2991 veram
693 2935 870 2990 valeat
893 2935 1195 3005 pervenire,
1219 2932 1285 2987 de
1307 2948 1411 3002 qua
1427 2946 1523 3001 per
1540 2931 1766 2986 Paulum
1785 2930 1872 2984 di-

287 3029 481 3084 citur:
510 3045 528 3076 ι
566 3026 704 3093 Quia
730 3033 785 3079 et
832 3025 947 3094 ipsa
989 3033 1240 3079 creatura
1276 3020 1598 3075 liberabitur
1624 3036 1655 3074 a
1695 3020 1867 3075 servi-

1973 1840 2148 1910 prizno
2174 1850 2297 1895 nata
2325 1842 2553 1896 Domino
2577 1844 2929 1899 debebantur.
2951 1846 3008 1901 Si
3034 1862 3163 1917 ergo
3190 1849 3246 1902 in
3268 1849 3352 1904 his
3371 1852 3551 1906 verbis

1972 1932 2268 1998 distinctio,
2301 1948 2405 1987 non
2434 1933 2632 1988 frustra
2657 1935 2918 1992 Dominus
2949 1954 3055 1992 non
3084 1939 3281 1993 dicitur
3308 1956 3338 1995 a
3368 1950 3548 2010 patre,

1970 2024 2239 2095 μονὸτοκος
2259 2064 2273 2089 ,
2323 2025 2414 2079 sed
2460 2033 2764 2100 μονογενὴς,
2797 2029 2849 2083 id
2893 2037 3009 2095 est,
3042 2032 3373 2101 unigenitus,
3404 2036 3545 2104 quod

1971 2111 2182 2166 unicus.
2213 2110 2259 2162 A
2288 2113 2518 2166 mortuis
2543 2121 2722 2167 autem
2766 2115 3157 2187 primogenitus
3195 2121 3410 2188 quidem
3438 2122 3546 2176 La-

1972 2203 2083 2256 tine
2110 2202 2346 2257 dicitur:
2384 2204 2509 2272 quia
2548 2220 2655 2259 non
2690 2209 2864 2275 potuit
2906 2208 3155 2264 Latinum
3200 2214 3424 2268 verbum
3468 2215 3543 2269 ita
3622 2190 3625 2191 ν

1970 2299 2219 2366 componi
2245 2301 2540 2354 secundum
2563 2301 2815 2370 loquendi
2842 2306 3320 2372 consuetudinem;
3352 2307 3540 2363 Graece

1968 2388 2297 2463 πρωτότοκος
2322 2389 2541 2457 dicitur,
2571 2407 2676 2446 non
2707 2399 3024 2469 πρωτογενὰ
3055 2414 3067 2448 :
3108 2402 3363 2465 tanquam
3390 2406 3546 2468 pater

1969 2479 2217 2549 genuerit
2238 2480 2340 2534 sibi
2368 2481 2650 2549 mqualem,
2675 2490 2927 2538 creatura
2944 2499 3075 2539 vero
3094 2487 3384 2555 pepererit.
3407 2486 3547 2541 Nam

1969 2570 2113 2639 quod
2141 2570 2341 2625 dicitur
2372 2573 2761 2643 primogenitus
2787 2575 2964 2630 omnis
2993 2585 3271 2639 creaturas,
3312 2592 3434 2647 quae
3471 2577 3546 2633 ibi

1968 2660 2280 2733 πρωτοτόκος
2305 2660 2492 2716 Grzece
2525 2662 2741 2733 legitur,
2772 2672 2949 2733 potest
2991 2664 3065 2719 ita
3102 2666 3327 2738 intelligi
3356 2683 3547 2723 secun-

1969 2750 2096 2805 dum
2120 2767 2317 2806 novam
2344 2762 2669 2819 creaturam,
2694 2756 2762 2809 de
2789 2768 2896 2824 qua
2922 2757 3052 2810 dicit
3078 2756 3395 2825 Apostolus:
3426 2776 3445 2807 ‹
3483 2757 3542 2811 Si

1969 2857 2073 2911 qua
2104 2843 2267 2913 igitur
2294 2859 2433 2898 nova
2460 2852 2709 2899 creatura
2736 2846 2789 2899 in
2823 2845 3070 2911 Christo,
3097 2862 3165 2901 ex
3190 2862 3296 2916 qua
3324 2847 3413 2902 ille
3436 2848 3547 2915 pri-

1968 2936 2189 2991 mitivus
2214 2944 2315 3002 est,
2345 2938 2471 3008 quia
2508 2938 2814 3009 primitivus
2851 2939 2924 2992 ita
2962 2938 3287 3004 resurrexit,
3332 2947 3393 2992 ut
3425 2938 3540 3007 jam

1968 3043 2076 3081 non
2103 3028 2384 3091 moriatur,
2420 3042 2521 3082 nec
2548 3043 2694 3082 mors
2718 3028 2768 3082 ei
2796 3027 2935 3082 ultra
2973 3028 3282 3084 dominetur
3308 3028 3390 3100 (ll
3416 3028 3539 3082 Cor.

286 3129 407 3175 tute
435 3119 825 3189 corruptionis,
857 3119 910 3172 in
942 3117 1250 3172 libertatem
1290 3115 1474 3186 gloriae
1505 3113 1739 3168 filiorum
1769 3112 1867 3167 Dei
1894 3086 1941 3147 Ο
1971 3119 2055 3192 v).
2091 3139 2110 3171 ι
2144 3118 2297 3186 Quod
2325 3086 2479 3174 nova:
2504 3127 2788 3183 creatum,
2819 3135 2940 3189 qua:
2977 3119 3031 3173 in
3058 3119 3149 3173 illo
3186 3129 3271 3174 est
3304 3086 3543 3173 futurum

287 3217 475 3288 (Rom.
506 3214 646 3287 vni).
680 3234 698 3267 ι
733 3213 886 3269 Tunc
906 3212 1051 3267 enim
1076 3227 1204 3267 vera
1234 3212 1288 3265 in
1314 3209 1470 3265 nobis
1499 3208 1721 3262 libertas
1740 3207 1865 3271 erit,

286 3323 414 3361 rum
445 3306 512 3360 ad
542 3305 766 3377 gloriam
798 3304 1029 3358 filiorum
1056 3303 1148 3358 Dei
1174 3300 1392 3370 adoptio
1411 3306 1594 3354 nostra
1615 3313 1871 3369 pervene-

288 3399 383 3452 rit.
432 3396 587 3450 Nunc
621 3410 748 3465 ergo
794 3410 899 3448 non
948 3393 1121 3448 solum
1149 3392 1325 3446 activa
1370 3391 1423 3444 in
1456 3389 1719 3444 servitute
1762 3395 1867 3452 est,

286 3488 385 3545 sed
424 3487 590 3541 etiam
615 3485 998 3556 contemplatio
1029 3498 1135 3553 qua
1180 3497 1343 3553 super
1373 3497 1471 3535 nos
1520 3479 1782 3548 rapimur,
1812 3476 1872 3530 li-

284 3582 560 3635 bertatem
592 3578 790 3634 mentis
816 3594 922 3632 non
953 3577 1179 3641 obtinet,
1212 3575 1304 3630 sed
1332 3573 1593 3635 imitatur;
1623 3569 1749 3639 quia
1777 3567 1869 3621 illa

283 3674 449 3744 quies
473 3672 662 3727 intima
693 3671 746 3726 in
772 3670 1059 3741 aenigmate
1083 3668 1313 3722 videtur.

899 3779 1124 3836 CAPUT
1162 3777 1250 3831 IX.

286 3866 370 3923 De
390 3863 751 3936 primogenitis
792 3858 1155 3936 sacriﬁcandis
1216 3856 1434 3936 Domino
1470 3867 1488 3904 :
1520 3869 1610 3907 nec
1665 3847 1900 3921 operari-

669 3933 849 3986 debere
870 3926 1294 3999 iri—primogenita
1322 3926 1482 3979 bovis.

364 4024 546 4098 (lem)
592 4044 610 4075 (
651 4023 725 4077 De
767 4019 1144 4090 primogenitis
1191 4032 1312 4086 qua:
1354 4022 1652 4070 nascuntur
1686 4012 1741 4067 in
1783 4025 1872 4065 ar-

292 4136 311 4167 (
361 4115 560 4170 mentis
587 4122 639 4168 et
665 4113 856 4167 ovibus
882 4110 1011 4174 tuis,
1050 4107 1312 4178 quidquid
1349 4120 1511 4161 sexus
1538 4111 1622 4159 est
1658 4118 1873 4159 mascu-

290 4229 310 4260 ι
360 4208 478 4272 lini,
508 4204 875 4261 sanetilicabis
914 4202 1141 4256 Domino
1166 4201 1276 4255 Deo
1301 4206 1413 4255 tuo.
1454 4218 1472 4251 ι
1509 4196 1869 4266 Primogenita

284 4299 636 4358 sanctiﬁcare
668 4296 892 4351 Domino
915 4293 1190 4363 jubemur,
1219 4307 1341 4346 cum
1382 4289 1680 4360 primordia
1717 4289 1871 4343 bona!

1970 3211 2025 3265 in
2054 3210 2160 3265 fine
2198 3210 2567 3280 promittitur,
2609 3211 2704 3265 sed
2733 3211 2836 3264 ista
2876 3209 3150 3265 distinctio
3189 3225 3296 3265 non
3344 3218 3557 3266 temere-

1970 3299 2320 3366 aflirmanda,
2373 3299 2468 3354 sed
2510 3300 2562 3353 in
2607 3298 2906 3368 Scripturis
2948 3298 3550 3367 diligentiusperseru-

1972 3396 2131 3449 tanda
2156 3402 2258 3449 est.
2291 3394 2468 3448 Movet
2493 3394 2636 3448 enim
2666 3393 2935 3462 quonde
2965 3392 3071 3447 dici
3100 3392 3273 3461 potuit
3319 3392 3375 3446 in
3415 3392 3549 3448 Pro-

1967 3484 2189 3547 verbiis,
2211 3502 2229 3533 (
2258 3482 2643 3552 Primogenite,
2663 3482 2757 3536 tibi
2778 3483 2917 3545 dico,
2934 3480 3029 3545 fili,
3052 3500 3070 3533 ι
3096 3481 3150 3535 id
3171 3492 3277 3545 est,
3300 3495 3365 3534 ex
3394 3480 3550 3550 cujus

1967 3591 2197 3645 persona
2227 3575 2431 3629 dictum
2463 3574 2813 3643 intelligatur.
2844 3573 2903 3627 Si
2927 3574 3071 3627 enim
3100 3573 3193 3627 Dei
3221 3573 3396 3627 Patris
3425 3589 3548 3642 per-

1969 3680 2099 3720 sona
2139 3665 2206 3720 ad
2245 3664 2521 3719 Christum
2567 3664 2784 3728 dicitur,
2827 3663 2914 3718 cui
2946 3662 3227 3719 sententiae
3253 3671 3434 3715 utrum
3462 3679 3549 3717 se-

1968 3758 2186 3829 quentia
2209 3762 2524 3819 consonent,
2554 3755 2644 3809 vix
2667 3768 2912 3809 asserere
2939 3753 3188 3808 eumdem
3216 3752 3319 3807 dici
3350 3754 3548 3822 primo-

1969 3849 2209 3921 genitum
2234 3861 2393 3917 quem
2433 3845 2763 3916 unigenitum
2783 3885 2796 3909 ,
2834 3844 2959 3913 quia
2992 3844 3153 3899 etiam
3186 3859 3286 3898 nos
3325 3842 3419 3898 lilii
3448 3843 3544 3898 Dei

1970 3956 2178 3996 sumus.
2208 3939 2551 4010 Unigenitum
2581 3954 2731 4005 vero,
2764 3939 3019 4009 quoniam
3046 3937 3192 3993 solus
3220 3936 3309 3991 ille
3333 3937 3401 3991 de
3420 3937 3546 3991 sub-

1969 4033 2169 4087 stantia
2204 4030 2416 4096 Patris,
2451 4038 2506 4085 et
2528 4029 2676 4084 Patri
2709 4029 2999 4100 eoaaqualis
3040 4036 3202 4097 atque
3246 4034 3547 4082 coaeternus

1970 4133 2070 4180 est.
2102 4122 2297 4177 Mirum
2328 4130 2411 4177 est
2439 4130 2617 4176 autem
2657 4129 2837 4175 utrum
2871 4134 3063 4190 parere
3096 4126 3152 4172 et
3180 4118 3399 4188 gignere
3434 4115 3544 4169 evi—

1971 4213 2301 4269 dentissimis
2331 4211 2666 4266 documentis
2705 4225 2861 4265 sacra
2903 4208 3184 4277 Scriptura
3228 4206 3540 4275 distinguat.

1979 4322 1997 4353 (
2028 4302 2144 4357 Non
2171 4302 2483 4371 operaberis
2512 4301 2565 4354 in
2594 4300 2950 4370 primogenito
2984 4296 3168 4361 bovis,
3210 4304 3266 4351 et
3291 4310 3397 4349 non
3425 4304 3543 4350 ton-

288 4392 588 4447 valnntatis
625 4405 688 4443 ac
722 4390 986 4444 bonorum
1016 4402 1241 4457 operum
1278 4386 1388 4439 Deo
1415 4384 1659 4439 omnium
1699 4382 1870 4435 bono-

1975 4394 2127 4449 dehis
2163 4391 2521 4461 primogenita
2565 4389 2766 4444 ovium.
2806 4408 2825 4440 ι
2873 4387 3011 4454 Quid
3055 4402 3153 4455 per
3198 4385 3548 4441 exhibitionis

288 4502 417 4541 rem
461 4484 631 4539 datori
681 4472 951 4551 applicare
996 4479 1339 4550 praecipimur
1374 4492 1480 4529 non
1521 4475 1698 4537 nobis,
1743 4472 1869 4541 quia

287 4573 557 4645 quidquid
596 4574 648 4625 in
680 4572 836 4625 nobis
877 4577 962 4624 est
1000 4569 1149 4633 boni,
1185 4565 1302 4635 ejus
1337 4566 1494 4619 nobis
1542 4564 1645 4617 hoc
1672 4562 1870 4616 donum

289 4683 403 4721 non
448 4673 690 4717 nostrum
731 4660 962 4715 contulit
1004 4659 1273 4722 studium;
1311 4657 1452 4710 unde
1486 4670 1583 4723 per
1613 4652 1869 4706 Jacobum

292 4756 535 4811 dicitur:
569 4770 586 4803 (
617 4752 793 4807 Omne
830 4752 1014 4804 datum
1053 4748 1338 4817 optimum,
1385 4752 1441 4799 et
1467 4757 1629 4798 omne
1672 4742 1869 4795 donum

291 4846 620 4918 perfectum,
659 4845 942 4898 desursum
980 4849 1065 4895 est
1100 4839 1432 4895 descendens
1462 4852 1492 4889 a
1531 4841 1685 4904 patre
1712 4833 1874 4889 lumi-

294 4923 651 5009 num(Jacob.
693 4939 765 5007 1);
798 4956 816 4989 ι
858 4936 988 4990 hinc
1032 4942 1088 4988 et
1114 4933 1311 4988 Paulus
1354 4932 1470 4986 ait:
1504 4949 1520 4981 ι
1557 4931 1700 4984 Deus
1729 4930 1873 4985 enim

294 5030 392 5100 qui
430 5037 687 5098 operatur
716 5028 769 5081 in
804 5026 957 5080 nobis
984 5033 1041 5081 et
1080 5024 1218 5079 velle
1247 5031 1301 5077 et
1325 5023 1585 5092 perlicere
1612 5037 1711 5090 pro
1732 5020 1873 5074 bona

293 5120 582 5173 voluntate
624 5116 845 5188 (Philip.
883 5116 965 5188 ll).
1007 5135 1026 5167 ι
1070 5115 1126 5169 Si
1157 5114 1285 5182 quid
1314 5120 1493 5167 autem
1534 5111 1652 5165 leve
1699 5117 1784 5164 est
1819 5109 1872 5163 in

297 5220 487 5267 nostra
525 5210 854 5280 cogitatione
883 5218 977 5262 aut
1005 5206 1273 5262 maculam
1301 5206 1464 5259 habet
1489 5206 1542 5259 in
1587 5215 1878 5259 conversa-

298 5302 453 5355 tione
482 5309 648 5368 atquc
682 5312 954 5362 sermone,
980 5297 1063 5352 vel
1100 5295 1351 5351 claudum
1374 5292 1476 5347 fuit
1506 5293 1556 5346 iu
1586 5306 1875 5361 progressu

296 5390 658 5459 (operationis,
691 5388 775 5444 vel
820 5403 1019 5443 ciccum
1066 5388 1119 5440 in
1169 5384 1469 5455 ignorantia
1516 5381 1733 5445 mentis,
1760 5369 1877 5437 ~aut

298 5482 485 5551 aliqua
516 5490 669 5550 parte
702 5480 944 5535 deforme
971 5478 1054 5533 vel
1079 5479 1274 5541 debile,
1313 5492 1419 5531 non
1465 5476 1567 5529 hoc
1601 5472 1877 5527 immolare

305 5572 441 5637 ilco,
473 5571 525 5625 id
569 5580 650 5625 est
681 5586 785 5624 non
825 5571 898 5623 illi
937 5569 1222 5639 imputare,
1267 5568 1361 5623 sed
1399 5573 1593 5620 nostra:
1622 5563 1881 5619 debemus

379 5681 405 5711 ι
437 5668 615 5723 Locus
641 5678 947 5740 corruptus.

1976 4482 2134 4549 hujus
2153 4481 2455 4550 exemplum
2478 4480 2580 4534 nisi
2601 4479 2767 4533 vitam
2790 4480 2927 4533 bene
2947 4476 3312 4531 inchoantium
3339 4475 3547 4546 Moyses

1974 4572 2224 4628 humanis
2250 4571 2691 4640 occupationibus
2732 4582 2985 4623 exercere
3024 4566 3298 4637 prohibuit
3315 4565 3408 4619 iln
3436 4563 3547 4635 pri-

1976 4662 2245 4731 mogenito
2274 4676 2404 4730 ergo
2433 4658 2585 4714 bovis
2610 4672 2794 4721 arare,
2824 4663 2908 4711 est
2941 4656 3095 4710 bona:
3121 4653 3549 4709 conversationis

1976 4754 2265 4826 primordia
2294 4753 2347 4807 in
2385 4750 2644 4805 exercitio
2690 4747 2916 4819 publica:
2962 4746 3191 4801 actionis
3238 4744 3546 4799 ostendere.

1977 4845 2169 4900 Ovium
2193 4857 2404 4911 quoque
2428 4838 2780 4910 primogenita
2813 4837 3034 4891 tondere
3107 4842 3191 4889 es)
3219 4834 3287 4889 ab
3312 4834 3550 4889 occulta-

1977 4934 2141 4988 tionis
2168 4948 2278 4987 suat
2309 4932 2541 5002 tegmine
2583 4931 2834 4985 humanis
2861 4929 3033 4984 oculis
3070 4929 3380 4983 inchoantia
3407 4930 3547 4982 bona

1980 5032 2161 5080 nostra
2191 5024 2482 5103 denpdare.
2522 5022 2580 5075 lu
2606 5021 2966 5091 primogenita
3000 5020 3151 5075 bovis
3182 5020 3397 5090 operari
3428 5031 3550 5086 pro-

1983 5115 2261 5180 hibemur,
2299 5123 2461 5182 atque
2505 5129 2534 5166 a
2578 5112 2950 5181 primogenitis
2974 5112 3155 5166 ovium
3195 5107 3551 5183 detondcndis

1981 5206 2394 5272 eompescimur,
2418 5204 2543 5271 quia
2565 5212 2619 5257 et
2641 5203 2686 5257 si
2708 5203 2836 5270 quid
2864 5203 3064 5256 bonum
3089 5210 3249 5269 atque
3271 5198 3549 5251 robustum

1984 5295 2582 5362 iucepimusexeréere.
2613 5293 2716 5346 hoc
2753 5292 2806 5346 in
2851 5302 3095 5361 apertum
3128 5290 3288 5343 citius
3326 5302 3428 5339 non
3458 5283 3551 5337 de-

1982 5386 2171 5440 bemus
2201 5384 2465 5454 proferre,
2499 5391 2553 5437 et
2581 5399 2703 5436 cum
2732 5382 2840 5435 vita
2872 5390 3057 5435 nostra
3086 5376 3309 5445 simplex
3334 5373 3550 5442 quidem

1984 5485 2147 5545 atque
2175 5476 2461 5529 innocuum
2491 5472 2744 5527 inchoare
2772 5471 2989 5541 dignum
3018 5473 3213 5529 est,—ut
3242 5461 3435 5517 secreti
3469 5459 3551 5521 sui

1987 5567 2253 5622 velamina
2292 5567 2589 5636 relinquat,
2629 5581 2696 5620 ne
2741 5563 2842 5617 hoc
2888 5558 3136 5616 humanis
3182 5554 3350 5609 oculis
3397 5553 3551 5623 quasi
