3978 6182
524 284 632 345 895

1205 275 1266 331 Β.
1306 271 1563 331 RABANI
1600 269 1822 328 MAURI
1859 265 2180 325 ARCHIEP.
2221 262 2532 322 MOGUNT.
2572 258 2859 318 OPERUM
2890 255 3072 314 PARS
3103 256 3145 312 ῐ.

3630 267 3719 323 896

526 400 791 459 subducto
814 396 1012 454 vellere
1038 394 1307 451 ostendat.
1332 394 1415 449 Ad
1441 392 1558 449 sola
1576 406 1707 462 ergo
1727 389 1909 445 divina
1934 384 2103 442 sacri-
2128 382 2181 442 Α
2205 372 2307 453 ego
2330 380 2467 436 dabo
2494 378 2665 442 vobis,
2698 384 2753 433 et
2789 373 3127 431 messueritis
3147 378 3380 443 segetem
3396 413 3412 438 ,
3434 373 3596 434 feretis
3618 397 3716 437 ma-

528 494 652 549 licia
672 493 834 546 boum
857 486 1215 561 primogenita
1233 486 1521 554 oviumque
1541 482 1849 553 proficiant,
1869 486 1931 534 ut
1951 475 2106 547 quid-

527 583 660 654 quid
686 580 826 636 forte
854 577 1081 648 simplex
1123 576 1519 644 innocuumque
1547 572 1864 642 incipimus,
1906 569 2012 623 hoc
2038 568 2106 621 ad

530 674 793 728 honorem
830 667 1006 723 intimi
1043 666 1243 737 judicis
1288 664 1342 718 in
1383 678 1477 716 ara
1516 660 1695 717 cordis
1739 657 2102 713 immolamus.

533 760 687 829 Quod
719 758 788 813 ab
812 756 905 811 illo
924 754 1108 826 procul
1141 752 1304 808 dubio
1336 759 1490 805 tanto
1526 749 1782 804 libentius
1807 745 2105 815 accipitur,

529 852 736 921 quanto
779 846 848 902 ab
890 842 1198 901 hominibus
1245 840 1597 905 occultatum,
1627 837 1773 893 nulla
1808 836 1983 892 laudis
2009 850 2106 905 ap-

530 940 791 1010 petitione
811 935 1132 991 maculatur.
1159 931 1313 1001 Saepe
1337 931 1481 987 enim
1505 944 1656 985 novae
1679 924 2113 983 conversationis

530 1027 825 1100 primordia
858 1026 1032 1079 adhuc
1064 1036 1133 1076 ex
1172 1020 1380 1077 carnali
1417 1027 1548 1075 sunt
1568 1018 1679 1072 vita
1713 1015 1995 1073 eommista
2015 1055 2030 1080 ,
2052 1022 2109 1069 et

531 1119 735 1174 idcirco
769 1117 1108 1170 innotescere
1138 1112 1297 1167 citius
1335 1125 1440 1164 non
1469 1109 1697 1171 debent,
1741 1121 1809 1160 ne
1845 1119 1967 1160 cum
1995 1103 2109 1156 lau-

531 1208 728 1262 dantur
748 1206 887 1260 bona
908 1219 1029 1273 qua:
1050 1201 1283 1272 placent,
1306 1200 1560 1268 deceptus
1580 1194 1736 1251 laude
1757 1210 1851 1250 sua
1875 1195 2107 1258 animus,

531 1297 936 1367 deprehendere
967 1295 1021 1348 in
1047 1294 1128 1348 eis
1155 1298 1389 1361 nequeat
1425 1289 1566 1345 mala
1592 1304 1712 1358 qua:
1740 1302 1847 1340 non
1874 1285 2104 1356 placent.

530 1385 957 1458 Primogenitum
973 1385 1125 1438 bovis
1147 1381 1443 1452 accipimus
1464 1381 1518 1433 in
1544 1379 1750 1433 infirma
1769 1386 1929 1432 (etate
1949 1375 2109 1445 primi

530 1479 704 1534 nostri
735 1477 1013 1546 temporis,
1041 1476 1236 1529 bonam
1267 1473 1635 1543 operationem
1655 1510 1671 1536 ,
1703 1470 1756 1524 in
1785 1484 1890 1539 qua
1929 1475 2119 1521 tamen.

531 1571 795 1626 arandum
826 1585 932 1623 non
954 1575 1056 1632 est,
1083 1566 1211 1637 quia
1238 1580 1361 1621 cum
1385 1564 1559 1634 prima
1588 1570 1714 1616 sunt
1737 1558 2111 1614 adolescentiae

533 1662 615 1715 vel
629 1659 928 1728 jnventutis
960 1666 1156 1712 nostra:
1184 1666 1445 1726 tempora,
1475 1654 1631 1709 nobis
1658 1653 1835 1707 adhuc
1857 1667 1887 1705 a
1916 1650 2111 1721 praedi-

2208 469 2421 542 n’pulos
2444 470 2741 539 spicarum,
2765 465 3031 536 primitias
3066 463 3255 518 messis
3278 470 3462 519 vestra:
3486 466 3718 525 ad'sacer.

2209 562 2409 617 dotem.
2438 560 2542 627 Qui
2577 556 2812 614 elevabit
2856 554 3172 611 fasciculum
3208 569 3388 609 coram
3425 555 3646 624 Domino,
3669 571 3717 615 ut

2208 650 2537 722 aceeptabile
2559 650 2628 705 sit
2651 664 2752 719 pro
2771 647 2927 703 vobis
2949 645 3133 708 (Lavit.
3160 644 3340 715 xxiii).
3371 665 3391 698 ι
3416 645 3528 701 ideo
3549 663 3718 718 quoque

2209 743 2390 798 facere
2414 741 2612 811 phase,
2643 740 2747 794 hoc
2779 745 2895 801 est,
2923 737 3125 806 pascha
3165 753 3195 791 a
3243 735 3461 791 Domino
3480 733 3715 804 iubentur,

2209 841 2269 888 ut
2310 831 2732 900 redemptionem
2772 843 2961 884 eorum
2989 828 3056 882 de
3082 825 3313 897 Egypto
3339 824 3600 882 festivitate
3618 843 3718 883 eon-

2209 937 2341 995 grua
2377 921 2694 976 celebrent:
2731 918 2810 973 sic
2849 924 2906 972 et
2944 931 3046 971 nos
3085 931 3184 986 per
3220 916 3323 972 hoc
3347 915 3620 987 exemplum
3653 918 3719 972 ia-

2209 1014 2490 1078 struimur,
2513 1020 2574 1066 ut
2590 1012 2683 1082 qui
2703 1025 2803 1082 per
2828 1010 3061 1082 gratiam
3088 1009 3182 1064 Dei
3208 1008 3276 1064 de
3300 1009 3512 1078 spiritali
3535 1009 3723 1081 Egypto

2209 1103 2426 1158 liberati
2456 1117 2660 1166 sumus,
2687 1116 2888 1158 novum
2913 1100 3186 1156 hominem
3214 1099 3404 1166 induti,
3443 1100 3662 1170 deinceps
3682 1103 3724 1155 in

2211 1193 2450 1248 novitate
2484 1192 2607 1247 vitze
2634 1190 3004 1255 ambulemus,
3043 1197 3418 1245 consecrantes
3451 1188 3552 1243 Deo
3577 1190 3725 1258 primi-

2211 1284 2316 1339 tias
2340 1283 2602 1338 bonorum
2631 1297 2876 1353 cperam,
2909 1296 2972 1336 ac
3003 1280 3271 1350 religiosa:
3288 1279 3410 1334 vita:
3428 1288 3617 1351 gratum
3638 1297 3725 1334 nn:-

2211 1391 2315 1430 nus
2341 1375 2418 1429 illi
2445 1388 2659 1444 semper
2683 1373 3017 1433 exhibentes,
3045 1373 3321 1443 simusque
3346 1387 3545 1442 semper
3568 1387 3727 1427 memo-

2214 1482 2335 1532 res,
2380 1464 2522 1520 unde
2566 1463 2831 1535 appellata
2868 1463 3054 1518 sit'illa
3086 1462 3396 1517 solemnitas
3428 1463 3594 1532 phase,
3619 1463 3727 1531 quod

2214 1575 2314 1615 nos
2341 1558 2627 1613 transitum
2652 1571 2939 1626 possumus
2967 1570 3203 1621 vocare;
3242 1554 3439 1610 scilicet
3462 1563 3516 1608 ut
3540 1554 3597 1609 de
3617 1552 3730 1622 pejo-

2215 1648 2367 1703 ribus
2398 1647 2467 1702 ad
2511 1645 2733 1701 meliora
2763 1653 3079 1715 pergentes,
3125 1643 3455 1699 tenebrosam
3490 1641 3729 1713 Egyptum

531 1753 747 1807 catione
776 1748 1093 1805 cessandum
1121 1756 1223 1813 est,
1248 1756 1309 1801 ut
1334 1762 1520 1801 vomer
1548 1745 1742 1816 linguae
1762 1751 1961 1798 nostra:
1989 1756 2114 1812 pro-
2143 1731 2188 1791 B
2216 1740 2677 1809 derelinquamus,
2702 1746 2758 1793 et
2781 1739 2849 1792 ad
2876 1748 3075 1792 terram
3110 1735 3527 1806 repromissionis
3551 1734 3732 1789 feliciter

533 1843 783 1897 scindere
810 1855 916 1894 non
946 1840 1142 1894 audeat
1166 1847 1366 1893 terram
1396 1837 1577 1892 cordis
1610 1834 1792 1890 alieni.
1830 1832 2114 1900 Quoadus—

532 1950 638 2005 que
666 1934 810 1989 enim
832 1932 1031 1987 infirmi
1061 1947 1267 1997 sumus,
1289 1930 1570 1986 continere
1594 1928 1952 1997 nosmetipsos
1973 1927 2116 1980 intra

534 2040 635 2079 nos
658 2025 937 2089 debemus,
962 2038 1029 2076 ne
1051 2023 1179 2079 dum
1204 2030 1391 2076 tenera
1411 2021 1551 2076 bona
1573 2020 1734 2074 citius
1755 2017 2113 2081 ostendimus,

532 2115 882 2169 amittamus:
920 2113 1044 2183 quia
1091 2120 1147 2166 et
1192 2111 1416 2166 arbusta
1451 2110 1725 2181 plantata,
1776 2109 1821 2163 si
1867 2108 2020 2178 prius
2061 2108 2115 2162 in

534 2216 680 2261 terra
725 2207 967 2261 radicata
1013 2221 1120 2259 non
1163 2204 1399 2268 fuerint,
1434 2218 1606 2257 manu.
1629 2210 1767 2255 tecta
1796 2200 1960 2254 citius
1997 2214 2119 2253 are»

532 2304 705 2352 scant.
748 2296 821 2350 At
864 2296 908 2350 si
953 2295 1119 2351 semel
1148 2294 1382 2350 radicem
1420 2292 1657 2354 fixerint,
1688 2307 1881 2345 manus
1910 2290 2115 2361 tangit,

533 2402 633 2440 nec
659 2394 836 2441 tamen
865 2384 1047 2440 ollicit.
1078 2385 1235 2440 Venti
1262 2382 1563 2453 impellunt,
1594 2396 1692 2437 nec
1720 2389 1897 2436 tamen
1930 2379 2118 2450 impel-

532 2476 705 2530 lentes
738 2476 964 2540 Ludunt,
1001 2484 1056 2529 et
1084 2475 1380 2530 constructi
1420 2475 1684 2543 parietes,
1727 2473 1771 2526 si
1804 2480 1984 2525 tamen
2014 2472 2115 2526 im-

534 2567 821 2639 pellantur,
855 2574 1150 2629 eruuntur,
1178 2566 1282 2620 nisi
1308 2581 1339 2619 a
1367 2580 1465 2619 suo
1495 2565 1648 2633 prius
1674 2563 1874 2618 fuerint
1892 2562 2117 2617 humore

534 2657 741 2713 siccati.
776 2657 925 2712 Mens
952 2657 1134 2727 itaque
1180 2656 1409 2726 lingum,
1458 2669 1741 2724 quousque
1779 2655 1848 2710 ab
1888 2652 2139 2709 humore‘

531 2747 816 2817 pravitatis
847 2761 957 2801 suae
991 2745 1231 2816 perfecte
1258 2761 1363 2799 non
1394 2744 1558 2799 fuerit
1594 2745 1897 2811 exsiccata,
1930 2743 2116 2798 alienae

532 2835 729 2907 lingua:
754 2851 913 2891 manu
949 2836 1093 2907 tangi
1125 2851 1231 2890 non
1259 2836 1448 2900 debet,
1489 2851 1557 2891 ne
1583 2837 1732 2906 prius
1769 2852 1931 2905 quam
1960 2835 2116 2906 plene

533 2927 814 2997 percipiat,
850 2926 1041 2997 perdat
1079 2926 1405 2981 soliditatem
1431 2941 1604 2989 suam,
1628 2941 1697 2981 ne
1719 2925 1947 2995 impulsa
1971 2933 2114 2990 ruat,

532 3033 603 3073 ne
626 3018 1066 3101 velutarbustum
1087 3018 1205 3072 sine
1229 3018 1520 3082 radicibus,
1548 3018 1670 3087 plus
1696 3033 1857 3088 quam
1882 3017 2116 3072 tolerare

532 3112 697 3172 valet,
730 3110 943 3168 flatibus
971 3114 1313 3168 concutiatur
1339 3121 1394 3168 et
1429 3124 1659 3167 arescat.
1698 3112 1781 3168 Ad
1812 3112 2114 3182 exemplum

532 3219 665 3273 ergo
694 3219 799 3257 non
825 3212 952 3259 sunt
967 3205 1325 3270 ostendenda,
1353 3206 1455 3260 nisi
1481 3220 1601 3273 quae
1620 3205 1773 3258 firma
1795 3213 1939 3260 sunt.
1963 3204 2119 3260 Prius

534 3296 735 3350 etenim
763 3296 1137 3350 convalescere
1166 3296 1327 3350 debet
1352 3309 1529 3360 mcns,
1553 3305 1715 3365 atque
1737 3295 1804 3350 ad
1831 3296 2120 3350 utilitatem

534 3385 906 3457 proximorum
938 3385 1280 3455 postmodum
1311 3386 1694 3451 demonstrari,
1726 3402 1850 3442 cum
1877 3386 1990 3456 jam
2019 3402 2121 3441 nec

506 3542 509 3545 _
537 3492 635 3546 per
671 3475 881 3531 laudem
910 3476 1119 3531 elevata
1147 3484 1387 3542 corruat,
1417 3493 1517 3533 nec
1544 3493 1640 3547 per
1667 3477 2121 3546 vituperationem

538 3581 795 3637 percussa
825 3567 1191 3623 contabescat.
1227 3567 1362 3623 Nam
1405 3576 1461 3623 et
1497 3569 1540 3623 si
1568 3568 1856 3625 Timotheo
1881 3569 2117 3624 dicitur:

545 3676 564 3709 ι
600 3658 837 3728 Przecipe
871 3658 985 3713 hate
1022 3668 1078 3714 et
1116 3658 1270 3714 doce.
1320 3659 1489 3715 Nemo
1517 3660 1938 3715 adolescentiam
1974 3669 2121 3716 tuam

537 3759 845 3806 contemnat
870 3750 922 3824 (Ι
950 3750 1083 3805 Tim.
1108 3751 1206 3822 iv),
1238 3773 1257 3804 ι
1285 3752 1584 3818 sciendum,
1608 3753 1735 3823 quia
1759 3752 2121 3809 adolescentia

539 3840 658 3909 ejus
679 3836 789 3905 jam
823 3840 874 3894 in
903 3841 1081 3906 annis,
1110 3857 1215 3895 non
1245 3842 1295 3895 in
1335 3843 1574 3898 moribus
1615 3842 1744 3906 fuit,
1789 3844 2038 3913 quamvis
2066 3845 2121 3899 in

540 3942 699 3982 sacro
742 3927 956 3997 eloquio
1002 3946 1386 4000 nonnunquam
1428 3932 1826 3997 adolescentia,
1869 3932 2123 4002 juventus

538 4025 783 4072 vocatur.
814 4016 966 4073 Unde
994 4020 1252 4088 scriptum
1292 4029 1412 4075 est:
1453 4039 1471 4071 ι
1518 4021 1726 4076 Laetare
1746 4062 1761 4087 ,
1788 4022 2035 4093 juvenis,
2068 4025 2121 4079 in

539 4107 902 4164 adolescentia
933 4116 1021 4162 tua
1052 4108 1221 4180 (Eccl.
1255 4109 1353 4181 χι).
1389 4131 1408 4163 ι

1167 4219 1394 4276 CAPUT
1429 4220 1495 4275 Χ.

577 4306 904 4380 Ρνίῑέεριιιηι
936 4309 999 4363 de
1031 4307 1272 4377 faciendo
1313 4307 1489 4363 I’Imse
1528 4310 1788 4377 Domino,
1831 4314 1885 4367 in
1913 4330 2087 4369 incuse

1069 4396 1317 4433 novarum
1346 4380 1580 4451 frugum.

612 4468 763 4537 (CAP.
796 4466 929 4539 xvi.)
977 4486 994 4518 ι
1031 4467 1270 4524 Observa
1301 4486 1539 4525 mensem
1568 4489 1828 4528 novarum
1869 4476 2116 4543 frugum,

546 4576 565 4608 ι
607 4567 660 4612 et
682 4558 831 4614 verni
853 4558 1087 4628 primum
1113 4562 1393 4630 temporis,
1417 4571 1476 4616 ut
1506 4563 1674 4619 facias
1695 4565 1863 4634 phase
1889 4564 2118 4620 Domino

546 4665 566 4695 ι
606 4646 714 4701 Deo
744 4655 866 4701 tuo:
895 4649 1148 4717 quoniam
1176 4649 1227 4703 in
1250 4649 1356 4709 isto
1377 4666 1560 4706 mense
1577 4652 1763 4706 eduxit
1784 4660 1837 4706 te
1861 4653 2120 4708 Dominus

549 4754 567 4783 ι
605 4732 745 4788 Deus
775 4746 897 4791 tuus
920 4753 986 4792 ex
1016 4737 1253 4810 Egypto
1281 4749 1469 4806 nocte,
1512 4742 1927 4811 immolabisque
1952 4744 2120 4811 phase

547 4843 567 4874 ί
609 4824 833 4880 Domino
861 4828 969 4883 Deo
1002 4838 1093 4883 tuo
1113 4831 1179 4885 de
1207 4830 1399 4886 ovibus
1434 4840 1489 4886 et
1513 4832 1686 4887 bubus
1715 4833 1767 4888 in
1804 4834 1926 4888 loco
1958 4850 2119 4903 quem

549 4935 570 4968 ‹
603 4916 825 4987 elegerit
870 4919 1126 4977 Dominus
1165 4922 1307 4978 Deus
1353 4932 1505 4988 tuus,
1537 4931 1597 4977 ut
1627 4923 1889 4979 inhabitet
1926 4940 2121 4979 nomen

547 5027 569 5060 ι
607 5005 724 5076 ejus
747 5007 839 5062 ibi.
883 5028 901 5060 ι
934 5008 1171 5066 Mensem
1211 5028 1473 5067 novarum
1503 5012 1717 5084 frugum
1752 5014 1983 5085 appellat
2013 5016 2124 5085 pri-

544 5113 692 5177 mum
720 5112 960 5151 mensem
990 5097 1370 5165 Hebraeorum,
1408 5102 1501 5172 qui
1543 5103 1684 5172 apud
1708 5118 1801 5158 eos
1825 5105 2124 5175 appellatur

543 5188 733 5260 Nisan,
764 5196 897 5278 Ῑῡί,
928 5189 1066 5260 apud
1097 5190 1315 5247 Graecos
1338 5195 1591 5262 ξανθικός,
1630 5204 1685 5250 et
1720 5197 1862 5266 apud
1900 5197 2122 5254 Latinos

543 5279 763 5351 Apulis.
796 5280 915 5335 Ideo
943 5290 1125 5337 autem
1153 5284 1352 5338 mensis
1375 5286 1875 5357 novarumfrugum
1900 5288 2116 5354 dicitur,

543 5371 672 5441 quia
699 5371 751 5426 in
771 5386 838 5427 eo
856 5371 1115 5442 manipuli
1136 5374 1427 5442 spicarum,
1452 5376 1555 5429 hoc
1579 5385 1681 5441 cst,
1704 5377 1954 5447 primitia:
1974 5395 2122 5433 men-

542 5462 642 5526 sis,
670 5476 701 5516 a
735 5476 974 5518 messore
995 5478 1094 5534 per
1116 5465 1448 5521 sacerdotem
1473 5468 1700 5523 Domino
1720 5469 2114 5525 offerebantur:

545 5552 687 5606 sicut
719 5553 769 5606 in
805 5554 1043 5611 chitico
1080 5556 1277 5629 legitur
1315 5557 1600 5614 Dominum
1646 5561 1964 5630 praecepisse
1996 5562 2120 5616 filiis

550 5638 710 5695 Israel
738 5662 749 5695 :
781 5663 799 5696 ι
834 5646 989 5715 Cum,
1020 5649 1210 5722 inquit,
1237 5651 1464 5724 ingressi
1494 5651 1704 5710 fueritis
1727 5662 1927 5710 terram
1955 5671 2118 5726 quam

2147 4426 2199 4486 D

2220 1829 2504 1900 pervenire
2529 1828 2940 1883 contendamus.
2968 1827 3122 1895 Quod
3148 1828 3254 1882 sibi
3277 1828 3375 1883 hoc
3396 1826 3500 1880 vult
3523 1826 3647 1896 quod
3668 1824 3734 1879 ad-

2221 1921 2377 1986 didit,
2406 1920 2589 1984 bOves,
2619 1934 2741 1975 cum
2772 1918 3197 1973 immolationem
3228 1918 3393 1988 phase
3424 1916 3499 1970 vel
3532 1917 3732 1986 paschae,

2220 2012 2288 2067 de
2312 2028 2412 2067 ove
2435 2012 2808 2067 tantummodo
2837 2011 3316 2075 commendaverit,
3338 2024 3489 2079 quam
3510 2008 3649 2079 jussit
3670 2023 3734 2062 ac-

2220 2105 2326 2173 cipi
2370 2120 2437 2159 ex
2480 2104 2704 2169 ovibus,
2739 2119 2805 2157 ex
2835 2104 3004 2158 haedis
3030 2102 3113 2158 vel
3135 2102 3353 2173 capris?
3386 2100 3528 2169 Quod
3557 2100 3735 2171 mystice

2218 2195 2486 2265 accipitur
2502 2202 2723 2265 propter
2749 2193 3046 2259 Christum,
3084 2194 3241 2265 cujus
3265 2210 3330 2249 ex
3349 2193 3501 2263 justis
3519 2202 3567 2247 et
3586 2206 3738 2262 pecca-

2218 2285 2460 2347 toribus,
2500 2292 2585 2339 est
2610 2285 2763 2355 origo
2788 2283 3040 2339 carnalis.
3076 2283 3365 2339 Non-enim
3391 2284 3475 2338 ait.
3499 2298 3558 2337 ex
3587 2281 3738 2336 ovibus

2219 2382 2312 2428 aut
2336 2375 2534 2445 capris,
2560 2374 2687 2431 licet
2708 2378 2926 2447 proprie
2952 2391 3060 2431 non
3088 2377 3302 2448 possint
3331 2376 3541 2446 intelligi
3564 2389 3669 2431 oves
3685 2389 3740 2430 ex

2219 2467 2420 2536 Csprls,
2453 2467 2549 2523 sed
2591 2483 2659 2523 ne
2697 2467 2839 2523 forte
2872 2467 3043 2523 Judaei
3086 2469 3502 2525 subaudiendum
3538 2474 3753 2539 putarent.

2220 2572 2463 2626 caprum,
2495 2558 2539 2611 si
2571 2556 2776 2613 dictum
2801 2565 2964 2624 esset,
2993 2568 3087 2612 aut
3111 2574 3179 2613 ex
3214 2558 3409 2628 capris.

2291 2649 2502 2703 Dictum
2537 2657 2623 2704 est
2660 2659 2839 2704 autem
2891 2668 2910 2698 ι
2945 2664 3012 2703 ex
3053 2650 3251 2705 ovibus
3285 2658 3338 2705 et
3365 2649 3548 2721 capris.
3582 2668 3599 2701 ι
3633 2646 3738 2714 Quid

2218 2753 2350 2808 ergo
2374 2739 2464 2795 hic
2487 2739 2594 2794 sibi
2615 2739 2823 2805 volunt,
2852 2740 3057 2796 boves?
3091 2740 3174 2795 An
3215 2750 3433 2812 propter
3455 2741 3549 2795 alia
3572 2738 3742 2794 sacrifi-

2220 2831 2334 2895 cia,
2381 2846 2502 2902 qua:
2540 2832 2672 2903 ipsis
2701 2832 2893 2888 diebus
2931 2848 3250 2905 azymorum
3286 2842 3408 2890 sunt
3435 2831 3742 2889 immolanda?

2225 2943 2246 2977 ι
2273 2923 2389 2979 Νοιι
2413 2926 2691 2996 apparebit
2714 2926 3039 2982 fermentum
3063 2928 3119 2982 in
3142 2929 3394 2984 omnibus
3416 2927 3631 2982 terminis
3642 2925 3738 2982 tuis.

2220 3024 2428 3085 septem
2458 3017 2673 3072 diebus.
2705 3037 2724 3069 ι
2758 3016 2872 3073 Hoc
2894 3026 2947 3072 et
2973 3034 3003 3073 a
3033 3018 3192 3074 nobis
3232 3020 3402 3075 modis
3435 3016 3679 3076 omnibus,
3705 3014 3739 3067 si

2226 3108 2340 3163 ﬁeri
2369 3118 2565 3179 potest,
2596 3109 2981 3167 elaborandum
3022 3121 3136 3178 est,
3174 3121 3239 3166 ut
3278 3120 3525 3168 exeuntes
3551 3126 3581 3164 a
3600 3111 3740 3163 seculi

2223 3199 2384 3269 hujus
2409 3200 2699 3267 illecebris,
2724 3218 2832 3257 non
2860 3203 3203 3259 ambulemus
3233 3204 3287 3259 in
3317 3204 3567 3260 fermento
3584 3199 3742 3256 veteris

2221 3292 2440 3347 malitiae
2466 3299 2523 3347 et
2548 3292 2824 3361 nequitiae,
2850 3294 2944 3350 sed
2970 3293 3022 3349 in
3051 3294 3262 3365 azymis
3290 3292 3594 3349 sinceritatis
3617 3297 3661 3344 et
3678 3303 3743 3340 vc.-

2222 3385 2420 3450 ritatis,
2461 3383 2603 3455 quod
2632 3393 2723 3439 est
2745 3401 2884 3440 nova
2931 3387 3278 3441 conversatio
3316 3385 3561 3448 hominis,
3596 3379 3743 3436 relicto

2222 3473 2453 3545 pristino
2477 3472 2698 3528 homine
2720 3489 2844 3529 cum
2873 3474 3037 3529 sociis
3062 3474 3194 3529 suis.
3233 3475 3299 3529 Et
3341 3474 3442 3529 illis
3465 3472 3653 3543 quidem

2221 3573 2369 3635 ptem
2395 3563 2586 3619 diebus
2616 3557 2854 3619 mundus
2881 3564 3188 3634 peragitur,
3237 3565 3355 3620 istis
3381 3563 3467 3633 qui
3495 3574 3675 3630 semper
3704 3558 3742 3610 in

2222 3668 2323 3709 suo
2348 3653 2538 3709 ordine
2569 3652 2939 3718 revolvuntur,
2969 3660 3025 3707 et
3055 3654 3302 3723 quotidie
3339 3653 3486 3708 nobis
3508 3664 3651 3721 agnus
3675 3664 3742 3699 nc-

2222 3744 2443 3809 ciditur,
2474 3752 2528 3799 et
2552 3744 2754 3813 pascha
2786 3742 3028 3814 quotidie
3053 3742 3380 3806 celebratur,
3413 3742 3454 3796 si
3481 3741 3741 3795 fermentum

2221 3835 2444 3891 malitiae
2466 3843 2522 3890 et
2547 3835 2802 3904 nequitia:
2831 3850 2937 3889 non
2968 3835 3268 3900 habemus,
3311 3835 3354 3889 si
3396 3831 3611 3888 innovati
3643 3824 3743 3882 nihil

2222 3940 2289 3980 ex
2349 3925 2715 3995 corruptionis
2763 3924 2965 3979 veteris
3013 3924 3221 3978 malitia
3272 3924 3597 3978 delectemur.
3641 3917 3741 3970 Nan!

2221 4014 2350 4083 quid
2373 4022 2457 4069 est
2476 4013 2621 4068 aliud
2640 4014 2963 4069 fermentum
2985 4014 3089 4069 nisi
3110 4015 3391 4085 corruptio
3416 4022 3621 4072 naturae,
3635 4005 3741 4076 quod

2222 4110 2279 4157 et
2312 4103 2485 4173 ipsum
2514 4104 2665 4173 prius
2692 4121 2723 4158 a
2750 4104 2988 4159 naturali
3014 4104 3302 4160 dulcedine
3344 4104 3607 4166 recedens,
3632 4096 3743 4153 add

2225 4195 2399 4249 terino
2426 4210 2656 4251 rancore
2687 4204 3002 4267 corruptum
3031 4198 3164 4252 est?
3205 4216 3229 4249 ι
3264 4198 3333 4253 Et
3366 4213 3468 4252 non
3501 4188 3743 4250 remanetit

2221 4286 2288 4341 de
2313 4288 2567 4342 carnibus
2594 4289 2715 4358 ejus
2736 4330 2750 4355 ,
2790 4291 2932 4360 quod
2978 4290 3317 4346 immolatum
3359 4299 3440 4346 est
3466 4299 3673 4356 vespere.
3704 4281 3741 4333 ill

2223 4379 2312 4433 die
2340 4378 2516 4448 primo
2541 4395 2714 4450 usque
2756 4380 2824 4435 ad
2868 4397 3045 4437 mane.
3084 4401 3103 4434 ι
3147 4382 3285 4449 Quia
3330 4382 3469 4437 dicta
3504 4372 3745 4443 maiestatis

2227 4471 2420 4526 divin:e
2442 4481 2605 4543 atque
2633 4475 2891 4543 mysteria
2933 4490 3128 4546 magna
3162 4484 3291 4530 sunt
3316 4469 3646 4531 sollicitudine
3664 4463 3745 4519 dis-

2226 4562 2508 4627 cutienda,
2543 4571 2813 4632 quatenus
2838 4565 2990 4633 prius
3029 4580 3194 4633 quam
3237 4565 3354 4619 dies
3396 4551 3746 4617 resurrectionis

2228 4662 2507 4722 appareat.
2548 4654 2600 4706 in
2649 4654 2752 4708 hac
2787 4653 3070 4722 przesentis
3113 4655 3239 4710 vita:
3285 4654 3570 4713 vocatione,
3603 4642 3743 4702 omnia

2226 4746 2484 4799 nnmdata
2517 4745 2661 4800 illius
2699 4746 3042 4801 discutiendo
3080 4755 3137 4801 et
3178 4745 3546 4817 intelligendo,
3582 4747 3630 4795 et
3649 4749 3744 4805 ορθ-

2229 4836 2396 4889 ramlo
2434 4846 2798 4906 penetremns.
2841 4835 2947 4891 Sed
2991 4839 3116 4906 quia
3153 4838 3311 4893 valde
3346 4846 3428 4892 est
3467 4831 3674 4891 dilIicile,
3703 4832 3745 4876 nl

2224 4938 2385 4977 omne
2415 4925 2540 4995 agni
2577 4925 2848 4993 eloquium
2886 4927 3059 4994 possit
3088 4927 3343 4996 intelligi,
3386 4934 3441 4980 et
3481 4933 3622 4978 omne
3655 4912 3745 4982 eius

2225 5016 2542 5086 mysterium
2571 5017 2865 5086 penetrari,
2905 5026 3053 5073 recte
3082 5018 3136 5072 in
3166 5018 3351 5073 Exodo
3380 5016 3589 5086 legitur:
3624 5028 3637 5057 ι
3664 5000 3743 5058 Sed

2224 5108 2269 5162 si
2303 5105 2432 5176 quid
2461 5107 2811 5173 remanserit,
2851 5107 2962 5177 igni
2990 5108 3322 5188 comburetis
3362 5102 3559 5178 (Exod.
3588 5098 3739 5188 xn)-AI

2225 5198 2378 5265 Quod
2418 5212 2487 5253 ex
2524 5214 2664 5271 agno
2705 5208 2972 5266 remanet,
2998 5184 3113 5273 igni
3142 5200 3540 5260 comburemus,
3570 5184 3744 5264 quando

2227 5291 2333 5345 hoc
2360 5290 2427 5345 de
2450 5291 2710 5362 mysterio
2730 5331 2745 5357 ,
2775 5293 2920 5360 quod
2950 5292 3336 5347 incarnationis
3360 5291 3474 5359 ejus
3499 5281 3743 5350 intelligere

2227 5398 2333 5439 non
2359 5399 2645 5453 possumus
2674 5395 2730 5439 et
2749 5393 3057 5455 penetrare,
3087 5393 3353 5456 potestate
3374 5382 3591 5453 Spiritus
3608 5367 3741 5429 satch

2228 5474 2502 5529 humiliter
2530 5489 2902 5539 reservamus,
2941 5483 3133 5531 utnon
3185 5474 3410 5544 superbe
3443 5469 3556 5541 quis
3588 5460 3743 5519 audeat

2226 5567 2307 5621 vel
2336 5575 2685 5621 contemnere
2712 5568 2796 5622 vel
2838 5568 3155 5624 denuntiare
3194 5567 3334 5638 quod
3377 5580 3479 5619 non
3516 5549 3742 5623 intelligil»

2227 5656 2333 5712 Sed
2357 5658 2472 5713 hare
2508 5657 2613 5728 igni
2645 5673 2766 5713 eum
2796 5658 3009 5727 tradat,
3058 5657 3280 5731 Spiritui
3315 5663 3498 5713 sancto
3520 5646 3737 5706 reservat-
