3978 6182
390 293 490 350 897

1207 283 1605 347 ENARRATIO
1643 283 1867 343 SUPER
1902 285 2520 345 DEUTERONOMIUM.
2556 321 2621 334 —
2657 290 2784 349 LIB.
2824 291 2885 350 Il.

3522 304 3629 366 898

391 424 414 461 ι
448 406 567 463 Non
612 402 816 478 poteris
852 404 1132 460 immolare
1164 405 1332 474 phase
1373 404 1428 458 in
1465 402 1704 473 qualibet
1745 400 1957 456 urbium
2000 465 2021 491 Δ
2063 401 2202 456 data:
2226 401 2358 474 legis
2396 404 2450 460 in
2495 403 2645 460 Sina.
2692 376 2799 462 Sed
2840 408 2999 479 hujus
3038 418 3406 484 pentecostes,
3453 431 3633 491 neque

389 516 413 553 ι
445 465 682 564 uiarum,
709 498 805 552 sed
832 498 889 551 in
914 497 1046 552 urbe
1073 465 1236 567 quam
1258 465 1518 550 Dominus
1539 494 1681 576 Defus
1703 502 1827 548 tuus
1849 492 1958 547 ele-
1984 465 2031 525 Α
2059 465 2471 564 tempus-neque
2500 510 2757 551 numerus
2779 512 2810 550 a
2835 465 3371 569 ﬂumineum“;

390 606 414 643 ι
445 590 606 662 gerit,
630 597 690 644 ut
725 588 993 644 inhabitet
1018 602 1215 643 nomen
1249 586 1365 655 ejus
1392 587 1485 642 ibi.
1517 584 1828 641 lmmolabis
1864 599 1959 638 au-

386 695 412 731 ι
446 690 556 735 tem
577 680 744 749 phase
770 691 994 746 vespere
1013 678 1080 733 ad
1106 678 1234 733 solis
1252 692 1524 741 occasum,
1549 677 1763 746 quando
1781 689 1959 747 egres-

390 788 412 821 ι
450 786 543 825 sus
570 770 635 825 de
674 768 909 840 [Egypto
935 783 1030 833 es;
1066 776 1123 823 et
1151 782 1351 837 coques
1386 775 1441 822 et
1470 768 1720 822 comedes
1748 765 1801 819 in
1840 765 1957 819 loco

389 880 410 912 ι
447 876 606 931 quem
641 860 865 932 elegerit
890 860 1150 914 Dominus
1178 858 1320 913 Deus
1352 866 1512 912 tuus:
1544 869 1810 927 matreque
1832 870 1959 910 con-

362 960 406 1005 ἰ
445 968 692 1023 surgens,
728 954 889 1009 vades
916 952 971 1007 in
1002 951 1345 1006 tabernacula
1371 959 1483 1005 tua.
1519 972 1538 1002 ι
1566 950 1623 1004 In
1652 966 1758 1004 una
1796 951 1956 1005 domo

380 1060 551 1115 agnus
572 1044 845 1116 paschalis
870 1044 956 1099 edi
978 1042 1218 1112 iubetur,
1249 1053 1304 1097 et
1331 1043 1385 1096 in
1407 1057 1513 1096 uno
1542 1041 1658 1096 loco
1686 1041 1953 1095 innnolari

377 1138 543 1206 phase
571 1135 822 1191 similiter
848 1135 1187 1206 praecipitur,
1228 1136 1331 1189 hoc
1361 1142 1467 1198 est,
1494 1134 1548 1187 in
1578 1149 1684 1186 una
1715 1133 1953 1188 Ecclesia

375 1227 658 1281 catholica.
694 1227 859 1281 Extra
890 1226 1039 1280 illam
1067 1234 1250 1279 autem
1281 1238 1438 1279 nemo
1466 1233 1614 1278 recte
1640 1223 1838 1294 pascha
1873 1221 1954 1275 fa-

373 1329 498 1370 cere
522 1324 719 1385 potest.
751 1316 821 1370 Et
850 1316 970 1370 ideo
1007 1323 1154 1370 vetat
1190 1314 1464 1384 legislator
1500 1313 1555 1367 in
1594 1312 1832 1382 qualibet
1855 1329 1951 1367 ur-

373 1407 521 1459 bium
544 1408 744 1475 pascha
767 1405 968 1472 facere,
988 1407 1112 1476 quia
1138 1421 1325 1461 omnes
1345 1406 1808 1477 congregationes,
1832 1419 1951 1474 quae

369 1505 527 1550 extra
553 1496 847 1551 Ecclesium
872 1505 1022 1561 sunt,
1053 1497 1157 1551 hoc
1184 1505 1268 1551 est
1297 1495 1603 1551 Judmorum
1625 1537 1640 1561 ,
1665 1496 1940 1550 heretico-

368 1601 512 1651 rum,
540 1595 703 1656 atque
740 1587 1018 1657 gentilium
1037 1628 1052 1653 ,
1081 1588 1226 1642 omni
1258 1588 1417 1642 modo
1444 1589 1772 1643 detestanda:
1798 1594 1944 1641 sunt.

371 1675 605 1746 Vespere
632 1692 793 1747 ergo,
839 1678 941 1733 hoc
977 1688 1060 1733 est
1096 1679 1151 1732 in
1186 1679 1479 1734 novissima
1525 1687 1683 1735 aetate
1728 1680 1943 1746 smculi,

366 1766 587 1834 quando
622 1782 781 1822 verus
808 1765 901 1821 Sol
937 1768 991 1822 in
1033 1769 1285 1838 passione
1330 1770 1602 1836 occubuit,
1646 1778 1702 1825 et
1728 1770 1944 1840 quando

365 1857 688 1929 A'Zgyptiaca
715 1859 999 1929 captivitas
1020 1874 1117 1929 per
1138 1859 1552 1932 Redemptorem
1576 1870 1824 1916 nostrum
1852 1863 1945 1917 de-

365 1955 574 2001 structa
620 1956 735 2013 est,
765 1949 970 2018 pascha
1004 1950 1303 2019 legitimum
1345 1960 1399 2005 et
1434 1952 1547 2006 Deo
1573 1953 1941 2022 gratissimum

362 2036 565 2091 factum
593 2052 733 2103 esse,
764 2037 991 2109 ejusque
1020 2041 1354 2095 sanctionem
1383 2056 1572 2097 omnes
1599 2042 1780 2098 ﬁdeles
1811 2055 1943 2098 tem-

359 2144 493 2198 pore
514 2132 793 2200 praesentis
810 2132 932 2185 vitae
954 2132 1184 2187 ﬁdeliter
1202 2134 1398 2188 debent
1417 2135 1737 2189 observare:
1766 2154 1784 2185 ι
1815 2136 1940 2204 quia

359 2221 562 2288 pascha
589 2230 854 2285 nostrum,
884 2222 1050 2277 Paulo
1073 2231 1323 2289 testante,
1353 2224 1662 2280 immolatus
1685 2234 1769 2279 est
1791 2225 1944 2280 Chri-

358 2319 477 2363 stus
505 2308 556 2380 (I
584 2309 705 2364 Cor.
735 2312 810 2377 v).
844 2332 864 2362 ι
897 2312 964 2365 Ει
995 2312 1114 2366 ideo
1150 2313 1407 2368 debemus
1442 2328 1549 2367 non
1589 2313 1643 2368 in
1672 2314 1940 2370 fermento

356 2401 529 2454 veteri
555 2416 729 2471 neque
758 2401 810 2455 in
840 2400 1106 2456 fermento
1134 2402 1352 2457 malitia:
1382 2410 1438 2457 et
1463 2404 1737 2473 nequitiae,
1766 2405 1860 2459 sed
1883 2406 1938 2460 in

355 2494 565 2562 azymis
590 2494 921 2548 sinceritatis
952 2504 1007 2548 et
1033 2494 1281 2548 veritatis
1309 2494 1441 2548 illud
1472 2503 1714 2563 tempore
1737 2506 1939 2550 morta-

354 2583 527 2637 litatis
552 2593 747 2638 nostra:
778 2585 1043 2655 condigne
1072 2584 1372 2639 celebrare.
1401 2585 1554 2652 Quod
1579 2594 1759 2641 autem
1781 2587 1935 2654 dicit,

357 2691 379 2723 ε
420 2689 577 2729 mane
602 2690 936 2743 consurgens
966 2677 1132 2729 vades
1156 2675 1211 2728 in
1252 2675 1596 2730 tabernacula
1630 2685 1751 2743 tua,
1788 2697 1806 2730 ι
1837 2679 1934 2732 de-

356 2772 627 2818 monstrat
660 2773 779 2833 post
814 2773 1091 2834 peractum
1132 2765 1373 2820 divinum
1408 2766 1687 2821 servitium
1708 2806 1723 2832 ,
1766 2768 1820 2820 in
1849 2767 1931 2822 la-

353 2856 486 2910 bore
516 2856 799 2925 praesentis
830 2856 975 2922 vitae,
1006 2871 1162 2911 mane
1189 2856 1605 2911 resurrectionis
1628 2855 1843 2922 futurae,
1878 2857 1933 2911 in

353 2947 700 3003 tabernacula
748 2956 950 3002 aeterna
994 2949 1151 3003 nobis
1197 2948 1540 3018 migrandum
1579 2962 1733 3013 esse,
1774 2955 1831 3003 et
1858 2947 1931 3002 ibi

350 3040 739 3109 quiescendum
778 3055 897 3094 esse
928 3041 997 3094 ab
1024 3040 1170 3095 omni
1214 3054 1379 3111 opere
1424 3039 1792 3104 solummodo,
1837 3036 1928 3093 ubi

2060 589 2171 649 tur,
2195 599 2226 637 a
2257 585 2413 640 nobis
2439 594 2620 641 autem
2649 603 2770 642 cum
2796 590 3246 659 contemplatione
3279 602 3335 649 et
3371 598 3439 652 ad
3478 599 3630 658 litte-

2059 687 2176 727 ram
2208 675 2530 729 custoditur.
2557 676 2778 731 Planius
2803 678 2947 732 enim
2976 679 3250 749 fegislator
3274 683 3629 744 intentionem

2057 776 2208 816 suam
2240 764 2614 821 demonstrare
2652 767 2870 833 volens,
2913 769 2980 823 ab
3010 769 3180 825 altero
3207 772 3292 827 die
3320 775 3531 830 sabbati
3574 779 3629 834 in

2055 850 2297 906 Levitico
2336 855 2609 908 numerari
2651 857 2905 925 praecepit
2942 857 3327 929 quinquaginta
3360 862 3496 929 dies,
3526 865 3630 918 Do-

2054 942 2313 996 minieum
2363 944 2505 998 diem
2551 946 2739 1014 procul
2783 947 2947 1001 dubio
2994 948 3180 1003 volens
3230 950 3468 1022 intelligi.
3515 952 3629 1009 Hoc

2052 1033 2196 1085 enim
2245 1034 2415 1088 altera
2461 1035 2577 1091 dies
2620 1037 2850 1091 sabbati.
2885 1039 2942 1091 ln
2986 1040 3089 1093 hac
3120 1041 3265 1095 enim
3300 1045 3628 1101 resurrectio

2051 1119 2195 1175 facta
2224 1131 2329 1188 est,
2360 1140 2481 1194 qua:
2507 1125 2872 1182 hebdomades
2896 1139 3246 1185 numerantur
3280 1142 3507 1202 septem,
3537 1152 3629 1191 us-

2052 1225 2157 1279 que
2179 1211 2247 1264 ad
2270 1212 2505 1267 alterum
2528 1214 2670 1269 diem
2697 1215 3017 1285 expletionis
3041 1218 3409 1276 hebdomadas.
3441 1223 3625 1278 Domi-

2050 1300 2172 1354 nica
2210 1316 2398 1356 rursus
2419 1302 2508 1357 die
2527 1302 2876 1361 Pentecostes
2896 1307 3234 1364 celebramus
3254 1311 3621 1380 festivitatem,

2050 1390 2107 1444 in
2152 1406 2258 1460 qua
2305 1394 2480 1448 sancti
2530 1394 2762 1464 Spiritus
2809 1398 3094 1452 adventum
3140 1406 3465 1458 meruimus:
3512 1420 3623 1460 non

2047 1480 2250 1537 frustra
2281 1499 2376 1539 eos
2401 1493 2606 1555 septem
2631 1487 3089 1544 hebdomadarum
3125 1492 3411 1548 adventum
3440 1505 3623 1551 custo-

2046 1568 2286 1635 dientes,
2332 1574 2427 1628 sed
2474 1582 2532 1628 ut
2577 1589 2675 1631 nos
2706 1590 3153 1647 cognosceremus
3189 1583 3314 1651 quia
3344 1593 3498 1640 vetus
3533 1586 3621 1643 lex

2047 1661 2180 1715 nihil
2208 1662 2486 1729 szeculare,
2508 1664 2644 1718 nihil
2667 1665 2810 1720 Deus
2835 1682 2996 1738 agere
3015 1671 3270 1741 praecepit
3289 1676 3620 1746 corruptioni

2046 1752 2216 1806 veteri
2245 1754 2553 1822 proximum
2581 1755 2666 1810 his
2695 1757 2790 1824 qui
2811 1772 2934 1812 eum
2957 1760 3177 1831 cupiunt
3196 1764 3500 1835 percipere,
3522 1769 3620 1823 sed

2047 1856 2246 1897 novum
2274 1841 2602 1898 sacriﬁcium
2629 1844 2858 1901 Domino
2882 1856 3008 1903 tunc
3034 1848 3213 1906 oﬁ‘erri
3235 1852 3419 1921 jussit.
3444 1856 3621 1913 Adve-

2046 1937 2203 1992 niens
2233 1953 2468 2009 namque
2496 1938 2732 2008 Spiritus
2770 1950 2939 1996 totam
2985 1953 3225 2000 nostram
3266 1948 3430 2003 vitam
3461 1966 3620 2008 reno-

2043 2029 2211 2094 vavit,
2246 2032 2462 2099 quando
2504 2032 2845 2088 conﬁrmavit
2889 2034 3091 2091 Christi
3134 2041 3515 2110 traditionem,
3561 2056 3619 2102 et

2043 2118 2305 2173 stabilivit
2331 2122 2821 2185 conversationem.
2852 2138 3014 2193 quam
3045 2126 3099 2180 in
3130 2127 3237 2181 illis
3257 2131 3499 2197 perfecit.
3526 2135 3619 2191 Ait

2041 2207 2227 2260 enim:
2274 2227 2291 2258 ‹
2341 2209 2414 2263 De
2464 2225 2584 2263 meo
2632 2211 2893 2279 accipiet,
2945 2221 3007 2270 et
3052 2217 3335 2272 aunuutiet
3374 2218 3543 2273 vobis.
3588 2239 3609 2271 ι

1998 2341 2002 2345 .
2040 2294 2269 2365 Propter
2297 2298 2440 2366 quod
2468 2316 2573 2355 non
2612 2302 2668 2355 in
2708 2303 2813 2357 alia
2856 2304 3210 2363 hebdomadis
3247 2310 3335 2365 die
3363 2312 3613 2378 advenit,

2039 2386 2132 2439 sed
2159 2402 2265 2455 qua
2290 2391 2619 2445 resurrectio
2641 2390 2783 2446 facta
2810 2401 2912 2447 est.
2943 2394 3009 2448 Et
3035 2397 3341 2466 manipulus
3366 2398 3616 2468 intelligi-

2037 2476 2161 2532 bilis
2181 2479 2392 2534 oblatus
2411 2490 2512 2547 est,
2530 2492 2587 2535 ut
2603 2493 2657 2536 et
2679 2484 2781 2537 hoc
2794 2486 3070 2553 probaret,
3085 2489 3211 2556 quia
3229 2503 3365 2543 nova
3387 2504 3615 2545 conver-

2036 2569 2177 2624 satio
2220 2579 2339 2640 q’ua:
2373 2587 2472 2626 nos
2521 2571 2833 2627 reformavit
2879 2575 3157 2632 liberanda
3201 2593 3233 2631 a
3270 2580 3612 2649 corruptione

2035 2659 2354 2724 vetustatis,
2387 2663 2789 2718 resurrectione
2829 2663 3030 2720 Christi
3074 2675 3130 2721 et
3172 2670 3346 2724 sancti
3378 2670 3611 2740 Spiritus

2033 2748 2267 2803 adventu
2292 2760 2536 2806 correcta
2555 2761 2656 2807 est.
2682 2752 2991 2810 Manifestat
3014 2766 3196 2811 autem
3222 2759 3426 2814 oblatio
3445 2760 3608 2814 etiam

2033 2838 2147 2908 ipsa
2163 2841 2396 2909 speciem
2418 2842 2629 2908 hostim,
2650 2859 2810 2913 quam
2832 2847 3089 2916 praecepit
3106 2848 3241 2911 fieri,
3259 2848 3400 2903 sicut
3420 2858 3610 2919 aperte

2031 2931 2293 3000 scriptum
2320 2934 2640 3001 reperimus.
2672 2953 2689 2984 ι
2723 2935 2792 2988 Et
2823 2937 2919 3000 sic,
2952 2937 3149 3006 inquit,
3179 2937 3417 2995 oﬂ‘eretis
3439 2940 3609 2995 sacri-

2038 3038 2056 3072 ‹
2095 3021 2274 3076 ﬁcium
2302 3038 2498 3077 novum
2532 3025 2778 3090 Domino,
2809 3041 2875 3080 ex
2900 3027 3152 3082 omnibus
3181 3029 3608 3089 habitationibus

350 3132 644 3185 lzetandum
669 3140 753 3186 est
789 3133 854 3186 de
882 3140 1135 3201 percepta
1161 3132 1535 3186 retributione.
1574 3129 1725 3185 Unde
1749 3130 1929 3200 sequi-
1957 3161 2001 3223 C
2038 3130 2057 3162 ‘
2095 3112 2507 3223 νξθδξιςίδορΡθοθε
2524 3115 2888 3223 ῼτξωὶιὶδτυω
2913 3118 3049 3223 duos
3062 3119 3608 3223 ex-duabus-decimis
3666 3178 3672 3185 ,

350 3230 442 3275 tur
463 3240 477 3274 :
512 3238 529 3271 ‹
553 3220 658 3275 Sex
688 3222 874 3276 diebus
903 3222 1155 3275 comedes
1176 3235 1385 3292 azyma,
1412 3228 1470 3275 et
1492 3221 1545 3274 in
1568 3220 1654 3275 die
1678 3220 1924 3289 septima,

351 3310 480 3378 quia
509 3309 734 3364 collecta
764 3317 848 3363 est
877 3308 1092 3364 Domini
1121 3310 1216 3364 Dei
1248 3309 1345 3374 tui,
1373 3325 1480 3365 non
1510 3309 1678 3365 facies
1707 3324 1858 3379 opus.
1905 3328 1923 3360 ι

352 3398 709 3466 Septenarius
740 3412 872 3469 ergo
912 3412 1170 3452 numerus
1196 3405 1419 3468 propter
1452 3397 1734 3452 sabbatqu
1764 3396 1930 3467 signi-

353 3489 483 3544 ﬁcat
528 3488 765 3543 futuram
812 3486 1074 3557 requiem,
1116 3489 1209 3542 ubi
1234 3485 1350 3555 jam
1398 3501 1500 3543 nec
1546 3494 1776 3555 tempus,
1827 3501 1927 3540 nec

347 3582 520 3645 locus,
558 3596 660 3636 nec
701 3581 839 3635 ratio
886 3589 971 3635 est
1018 3580 1316 3649 operandi,
1358 3579 1454 3635 sed
1494 3580 1549 3633 in
1589 3578 1838 3633 laudibus
1872 3586 1928 3632 et

346 3671 805 3741 contemplatione
837 3671 1155 3737 conditoris,
1195 3671 1373 3740 dignis
1397 3670 1702 3740 quibusque
1735 3684 1949 3742 perpe:

346 3764 570 3818 tnaliter
596 3763 843 3818 vacandi.

948 3850 1175 3908 CAPUT
1223 3851 1312 3906 XI.

416 3942 499 3997 De
527 3941 856 3997 Pentecoste:
884 3941 1229 3996 celebratione
1265 3942 1479 4013 ejusque
1506 3942 1848 3997 caeremoniis.

418 4036 596 4106 (ιυιυ.)
628 4054 647 4086 ί
680 4034 898 4104 Septem
921 4034 1286 4090 hebdomadas
1308 4033 1621 4089 numerabis
1642 4035 1735 4090 tibi
1761 4035 1830 4089 ab
1854 4048 1920 4089 ea

346 4148 368 4179 ι
406 4129 497 4181 die
531 4142 637 4195 qua
676 4124 867 4180 falcem
908 4127 961 4179 in
992 4131 1227 4194 segetem
1253 4124 1486 4190 miseris,
1526 4132 1583 4180 et
1623 4124 1922 4180 celebrabis

346 4239 367 4269 ι
407 4220 551 4273 diem
582 4217 779 4273 festum
809 4216 1265 4273 hebdomadarum
1294 4217 1520 4272 Domino
1548 4217 1661 4273 Deo
1687 4225 1803 4281 tuo,
1824 4217 1921 4272 ob-

343 4331 364 4360 ι
405 4310 661 4365 lationem
709 4319 1059 4379 spontaneam
1101 4324 1297 4365 manus
1344 4318 1484 4374 tuae,
1526 4324 1689 4377 quam
1727 4306 1918 4364 offeres

343 4419 361 4448 ι
395 4398 555 4466 juxta
590 4398 1020 4454 benedictionem
1058 4399 1271 4454 Domini
1303 4399 1398 4454 Dei
1430 4399 1538 4464 tui,
1568 4407 1674 4454 etc.
1713 4419 1733 4452 ι
1769 4398 1920 4464 Qua:-

2040 3220 2059 3253 ‹
2096 3203 2289 3259 simila:
2318 3203 2674 3271 fermentatus,
2704 3221 2840 3276 quas
2862 3208 3108 3276 coquetis
3135 3209 3190 3263 in
3217 3210 3486 3280 primitias
3509 3213 3609 3269 Do-

2038 3312 2057 3344 ι
2098 3296 2265 3361 mino,
2298 3303 2354 3350 et
2383 3294 2462 3351 sic
2495 3294 2735 3352 oll‘erctis
2776 3312 2901 3352 cum
2949 3300 3180 3368 panibus
3206 3309 3413 3370 septem
3441 3319 3609 3373 agnos

2037 3387 2498 3454 c‘iinmaculatos,
2541 3389 2848 3457 anniculos,
2881 3399 2936 3445 et
2979 3391 3207 3446 vitulum
3248 3394 3315 3448 de
3362 3404 3609 3451 armento

2037 3496 2055 3529 ι
2088 3494 2253 3533 unum
2275 3520 2290 3546 ,
2323 3488 2378 3534 et
2417 3481 2617 3537 arietes
2661 3483 2815 3539 duos.
2852 3504 2871 3536 ι
2915 3484 3123 3539 Novum
3156 3488 3484 3543 sacriﬁcium
3521 3491 3605 3545 di-

2029 3584 2190 3635 cens,
2236 3569 2372 3640 legis
2416 3571 2680 3626 sacriﬁcia
2718 3583 2776 3627 et
2801 3583 2987 3628 vetera
3015 3575 3263 3642 exclusit,
3291 3581 3604 3650 evangelica

2028 3669 2207 3714 autem
2235 3674 2338 3729 pro
2368 3659 2472 3715 illis
2497 3661 2831 3729 introduxit;
2873 3665 3066 3719 deinde
3099 3666 3316 3730 addens,
3354 3685 3373 3718 ς
3406 3670 3474 3723 de
3500 3670 3603 3725 ha-

2025 3752 2380 3807 bitationibus
2414 3753 2632 3820 vestris,
2664 3774 2684 3806 ›
2719 3754 3021 3811 Ecclesium
3063 3757 3414 3828 signiﬁcavit,
3442 3762 3603 3832 eique

2025 3842 2230 3912 offerri,
2257 3860 2378 3914 qua:
2398 3845 2539 3900 diota
2561 3854 2688 3900 sunt
2716 3848 2939 3916 optavit.
2972 3848 3157 3919 Neque
3184 3853 3330 3905 enim
3352 3854 3505 3920 dixit,
3532 3870 3601 3911 ex

2026 3936 2276 3990 omnibus
2310 3936 2661 4002 habitaculis,
2713 3939 2809 3993 sed
2858 3957 2875 3989 ι
2925 3954 2993 3995 ex
3038 3942 3364 3999 habitaculis
3404 3948 3601 4004 vestris

2024 4028 2297 4095 omnibus,
2332 4047 2350 4080 ι
2383 4037 2444 4083 ut
2485 4029 2729 4086 absolute
2769 4032 2984 4101 aliquod
3021 4036 3385 4093 habitaculum
3413 4042 3599 4109 praeci-

2023 4132 2188 4187 puum
2212 4119 2539 4184 osmndcret,
2573 4120 2637 4174 de
2662 4135 2770 4189 quo
2798 4122 2876 4174 ait
2899 4122 3098 4177 David:
3138 4143 3155 4174 ι
3189 4124 3339 4180 Beati
3385 4128 3478 4196 qui
3502 4130 3601 4182 ha-

2020 4209 2196 4263 bitant
2239 4209 2294 4262 in
2337 4209 2497 4264 domo
2544 4219 2633 4264 tua
2678 4211 2857 4282 (Paul.
2886 4215 3146 4284 Laxat“).
3188 4234 3206 4266 ›
3243 4216 3311 4269 Ει
3338 4233 3593 4274 rursum:

2027 4318 2045 4350 ι
2090 4300 2260 4356 Unam
2294 4303 2426 4372 petii
2453 4317 2482 4355 a
2510 4303 2758 4368 Domino,
2784 4305 2921 4359 hanc
2955 4308 3262 4376 requiram,
3293 4316 3350 4362 ut
3382 4310 3597 4366 inhabi-

2025 4400 2128 4445 tem
2182 4392 2234 4444 in
2285 4394 2445 4446 domo
2493 4393 2703 4448 Domini
2755 4397 3006 4452 omnibus
3050 4398 3238 4453 ciebus
3286 4400 3411 4456 vita:
3461 4419 3597 4459 mete

337 4487 571 4540 rcudum
621 4488 889 4555 quomodo
931 4488 1190 4557 prmccpit
1244 4486 1560 4552 observari,
1608 4487 1761 4584 quod
1799 4488 1910 4540 ait:
1945 4481 2426 4584 D(f’sal.xxv1).r
2458 4483 3333 4584 talpaiiesquideinprimitiarum
3358 4493 3511 4560 duos,
3540 4496 3595 4551 id

337 4579 561 4646 Septem
582 4577 910 4647 septimanas
930 4578 1298 4633 dinumerabis
1322 4579 1634 4647 tibimetipsi
1656 4578 1914 4633 inchoare

336 4667 537 4719 falcem
558 4665 780 4734 injicere
799 4666 854 4720 in
874 4676 1130 4737 segetem.
1152 4667 1382 4738 incipies
1402 4683 1687 4722 numerare
1707 4676 1913 4738 septem

338 4757 710 4825 scptimanas;
752 4765 807 4812 et
849 4755 1014 4812 facies
1053 4757 1199 4813 diem
1242 4756 1438 4813 festum
1484 4758 1910 4826 septimanarum

322 4847 570 4915 (Domino
595 4848 706 4902 Deo
733 4857 846 4913 tuo,
867 4848 1165 4918 oll'eresque
1185 4860 1247 4904 ut
1269 4848 1412 4903 valet
1431 4865 1623 4905 manus
1650 4857 1741 4905 tua
1765 4865 1912 4920 quat-

337 4954 555 5009 cunque
584 4940 681 4996 tibi
711 4940 969 4995 Dominus
989 4942 1219 5008 dederit,
1258 4942 1552 4997 secundum
1578 4943 1722 5012 quod
1748 4943 1909 4998 bene-

337 5030 484 5083 diect
526 5038 580 5083 te
615 5028 876 5083 Dominus
911 5028 1052 5084 Deus
1088 5039 1241 5096 tuus,
1282 5040 1337 5086 et
1363 5032 1666 5102 epulaberis
1696 5034 1748 5087 in
1780 5048 1911 5088 con-

338 5127 528 5187 spectu
557 5119 770 5173 Domini
798 5118 893 5173 Dei
918 5121 1013 5173 tui.
1046 5120 1102 5174 Si
1129 5124 1274 5176 enim
1315 5123 1383 5178 ab
1424 5125 1676 5180 universo
1710 5125 1905 5195 populo

337 5210 457 5263 lunt:
489 5218 800 5279 pentecoste
828 5211 940 5264 visa
978 5221 1062 5266 est
1098 5213 1407 5281 observari,
1442 5216 1682 5283 nunquid
1717 5232 1907 5272 omnes

340 5312 451 5353 ιιιιο
480 5300 564 5354 die
590 5300 915 5354 credendum
940 5312 1023 5355 est
1048 5302 1211 5358 falces
1234 5301 1415 5370 jussos
1447 5306 1659 5359 mittere
1684 5306 1736 5360 in
1767 5322 1912 5362 mes-

336 5391 499 5445 sem?
534 5390 592 5445 Si
616 5401 796 5448 autem
821 5394 923 5449 sibi
949 5395 1175 5465 quisque
1194 5396 1445 5450 observat
1465 5398 1621 5452 istam
1649 5398 1911 5468 quinqua-

316 5482 619 5559 gesimam,
654 5484 1001 5539 dinumerans
1028 5486 1095 5538 ab
1120 5485 1209 5541 illo
1237 5486 1323 5541 die
1348 5502 1455 5556 quo
1490 5485 1681 5542 falcem
1718 5488 1904 5553 mittit,

334 5590 449 5630 non
479 5590 584 5630 una
611 5570 696 5631 est
722 5577 974 5631 universo
1000 5579 1214 5648 populo.
1243 5578 1335 5631 Illa
1359 5594 1485 5633 vero
1509 5594 1614 5633 una
1639 5590 1721 5633 est
1738 5620 1752 5646 ,
1784 5596 1903 5650 qua:

335 5673 680 5734 computatur
709 5667 774 5721 ab
802 5667 1167 5723 immolatione
1208 5669 1420 5738 paschze
1461 5685 1630 5740 usque
1661 5671 1717 5726 in
1757 5671 1899 5727 diem

2019 4584 2136 4642 est,
2186 4575 2357 4645 legem
2392 4584 2448 4630 et
2475 4575 2843 4645 Evangelium.
2877 4574 3050 4635 Panes
3078 4582 3222 4636 enim
3264 4593 3390 4639 sunt
3413 4587 3593 4642 cibum

2019 4672 2323 4724 animarum
2356 4670 2590 4725 ﬁdelium
2621 4672 2982 4727 continentes.
3023 4672 3157 4729 Sunt
3189 4685 3369 4732 autem
3395 4687 3451 4733 et
3475 4681 3593 4750 pri-

2016 4762 2313 4827 mitiarum,
2348 4762 2574 4827 sive,out
2609 4762 2983 4834 Septuaginta,
3022 4768 3293 4836 separati:
3333 4775 3591 4841 quoniam

2015 4853 2197 4908 omnia
2222 4854 2438 4922 quidem
2465 4853 2729 4922 sapientia
2753 4863 2877 4908 sunt
2900 4857 3149 4925 praeputii
3173 4876 3188 4912 ε
3228 4859 3296 4914 ab
3319 4876 3383 4916 ea
3409 4873 3589 4919 autem

2015 4958 2136 5013 quae
2163 4942 2402 4997 exterior
2427 4949 2529 5007 est,
2553 4943 2788 5012 separati
2809 4952 2863 4998 et
2886 4946 3177 5016 conjuncti.
3209 4947 3345 5004 Sunt
3373 4967 3502 5023 ergo
3520 4967 3587 5008 ex

2015 5034 2222 5089 duabus
2249 5033 2473 5089 decimis
2499 5034 2688 5089 simila:
2706 5035 3062 5106 fermentataa,
3097 5056 3165 5097 ex
3191 5042 3434 5099 doctrina
3465 5059 3584 5114 quae

2011 5123 2306 5195 perfectam
2336 5124 2430 5179 Dei
2451 5126 2786 5183 divinitatem
2806 5138 2860 5183 et
2883 5128 3175 5197 perfectam
3196 5134 3582 5192 humanitatem

2012 5216 2197 5270 tradit.
2248 5214 2358 5269 Nec
2398 5216 2557 5270 aliter
2595 5220 2784 5287 coqui,
2821 5220 2922 5275 nisi
2952 5235 3050 5290 per
3080 5223 3239 5277 talem
3278 5223 3579 5282 dectrinam

2009 5313 2266 5373 possunt,
2317 5307 2410 5360 sed
2456 5307 2816 5383 primitiarum
2863 5318 2991 5364 sunt
3043 5312 3286 5366 Domino.
3335 5312 3580 5373 Primum

2011 5396 2153 5449 enim
2196 5395 2455 5451 Dominus
2496 5396 2666 5466 legem
2701 5398 2959 5468 perfecit,
2998 5409 3054 5456 et
3076 5400 3421 5472 Evangelium
3452 5415 3580 5476 post

2011 5484 2116 5539 hoc
2150 5486 2350 5541 docuit.
2386 5505 2405 5538 ι
2437 5487 2655 5555 Audite,
2678 5490 2800 5558 quia
2830 5491 3028 5545 dictum
3055 5500 3139 5546 est
3159 5493 3426 5564 antiquis:
3456 5497 3576 5556 Non

2010 5579 2242 5633 occides.
2270 5579 2386 5650 Ego
2410 5592 2589 5638 autem
2614 5585 2733 5640 dico
2763 5586 2913 5641 vobis
2936 5603 2948 5638 :
2987 5586 3174 5643 Omnis
3198 5590 3288 5660 qui
3319 5591 3581 5652 irascitur

2008 5667 2162 5724 fratri
2195 5681 2296 5725 suo
2322 5669 2439 5727 sine
2465 5688 2644 5741 causa,
2671 5675 2774 5729 erit
2812 5690 2936 5730 reus
2958 5674 3162 5744 judicio
3190 5680 3403 5753 (Matth.
3433 5683 3506 5759 v).
3545 5707 3569 5742 ο
