3964 6192
410 320 515 377 899

1049 317 1113 376 Β.
1154 310 1405 374 RABANI
1447 308 1667 365 HAURI
1705 306 2026 363 ARCHIEP.
2069 291 2377 364 MOGUNT.
2420 307 2703 365 OPERUM
2745 305 2923 362 PARS
2960 305 3000 361 l.

3585 308 3695 366 500

411 429 704 501 Conjunxit
734 430 879 486 enim
904 428 994 485 hic
1022 426 1195 499 legem
1239 420 1564 493 Evangelia,
1596 428 1820 489 propter
1843 417 1990 487 quod
2017 443 2066 501 Α
2094 420 2413 490 sapientiam
2443 420 2623 476 szeculi
2646 420 2868 489 poterit,
2890 428 2942 474 et
2974 420 3346 476 transitorium
3377 419 3498 490 ejus
3528 437 3696 478 nosse

411 523 529 593 ejus
546 522 802 593 primitiae
825 522 1097 577 dicuntur.
1123 515 1277 585 Quod
1298 523 1354 570 et
1375 512 1550 568 Lucas
1574 509 1870 571 afﬁrmans.
1884 510 1994 578 pri-

412 613 596 668 mitias
615 628 773 667 veras
792 611 949 666 nobis
967 608 1282 670 ostendens,
1299 603 1544 673 scripsit:
1564 620 1586 652 ι
1618 601 1855 655 Primum
1877 600 1996 669 qui-

412 702 535 756 dem
565 715 871 755 sermonem
908 698 1010 754 feci
1039 698 1105 751 de
1134 695 1417 756 omnibus,
1459 707 1497 747 ο
1520 689 1848 759 Theophile,
1877 704 1997 757 quae

412 794 581 864 coepit
604 793 762 850 Jesus
786 792 967 848 facere
988 802 1044 847 et
1066 792 1260 846 ducere
1282 790 1423 859 (Act.
1447 786 1507 858 l).
1541 806 1558 838 ι
1587 785 1793 842 Offerre
1815 792 1997 838 autem

414 884 495 938 eis
521 891 725 952 septem
763 898 931 954 agnos
974 881 1275 944 anniculos,
1315 877 1695 933 immaculatos
1717 873 1995 945 prmeepit,

415 976 553 1030 dona
583 973 898 1045 signiﬁcans
923 988 1043 1043 qua:
1071 982 1197 1026 sunt
1232 970 1489 1041 Spiritus.
1519 967 1595 1023 De
1630 966 1826 1036 quibus
1848 964 2002 1019 Salo-

415 1081 541 1121 mon
589 1066 644 1120 in
688 1064 1001 1120 Proverbiis
1049 1063 1298 1117 dicebat:
1348 1079 1366 1113 ι
1405 1058 1684 1131 Sapientia
1713 1054 2001 1112 aediﬁcavit

417 1156 519 1211 sibi
549 1156 790 1220 domum,
813 1155 988 1210 erexit
1015 1153 1297 1209 columnas
1339 1149 1531 1223 (Prov.
1575 1147 1683 1220 ix).
1728 1167 1747 1200 ι
1780 1146 2001 1201 Planius

415 1255 597 1300 autem
642 1245 812 1299 lsaias
854 1244 1114 1299 tradidit:
1162 1261 1182 1293 ι
1232 1242 1302 1296 Et
1343 1239 1635 1311 requiescit
1680 1250 1842 1307 super
1873 1248 2000 1290 eum

415 1336 637 1407 spiritus
662 1336 896 1390 Domini.
935 1353 955 1386 ι
989 1334 1100 1389 Nec
1130 1334 1318 1398 tacuit,
1345 1346 1466 1402 qure
1497 1330 1580 1384 vel
1609 1327 1761 1397 cujus
1787 1325 2001 1381 numeri

413 1434 598 1482 essent
630 1426 791 1481 dona.
815 1424 1112 1480 Subintulit
1141 1424 1308 1488 enim,
1333 1440 1351 1474 ι
1373 1421 1612 1493 Spiritus
1641 1418 1919 1489 sapientiae
1945 1424 2002 1472 et

417 1514 743 1578 intellectus,
775 1514 1004 1585 spiritus
1036 1513 1246 1570 consilii
1282 1521 1340 1568 et
1374 1508 1742 1572 fortitudinis,
1781 1506 2003 1576 spiritus

415 1607 659 1662 scientiae
687 1614 743 1661 et
776 1594 1051 1670 veritatis,
1095 1613 1151 1660 et
1192 1603 1440 1674 implevit
1476 1615 1598 1656 eum
1638 1598 1863 1668 spiritus
1899 1597 2004 1651 Do-

418 1698 572 1753 mini.
608 1716 629 1750 ι
660 1696 844 1764 Agnos
872 1703 1077 1760 autem,
1105 1695 1222 1751 haec
1249 1692 1485 1765 appellat
1513 1690 1671 1751 dona,
1713 1688 1781 1741 ad
1821 1697 2003 1741 osten-

2097 520 2153 565 et
2196 510 2509 581 temporale.
2539 511 2949 581 Intelligendum
2991 526 3207 581 quoque
3246 522 3332 566 est
3358 528 3469 566 non
3514 513 3692 569 solum

2099 602 2202 656 hoc
2232 600 2593 670 legislaturem
2623 600 2952 672 signiﬁcare,
2983 602 3078 656 sed
3102 612 3157 657 et
3186 610 3443 672 oportere
3473 603 3692 659 oculum

2098 690 2298 746 habere
2322 692 2389 745 ad
2411 691 2669 746 saaz'nlum
2714 691 2977 746 futurum.
3004 691 3118 747 Hoc
3144 708 3278 763 ergo
3305 702 3363 748 et
3382 708 3485 763 per
3504 710 3693 748 nume—

2098 797 2217 837 rum
2241 822 2257 847 ,
2302 793 2359 837 et
2380 798 2478 853 per
2510 781 2858 838 tabernacula
2881 783 2999 838 sine
3028 782 3207 853 aliqua
3236 784 3580 838 dubitatione
3605 784 3692 837 in-

2098 872 2285 927 venies
2314 873 2621 942 ﬁguratum.
2655 872 3065 939 Quintadecima
3106 872 3377 942 siquidem
3416 872 3527 933 die,
3553 872 3692 926 sicut

2099 961 2154 1015 iu
2178 960 2421 1016 Levitico
2443 961 2705 1030 scriptum
2745 969 2827 1017 est
2845 1001 2860 1027 ,
2890 961 3136 1017 inchoari
3170 962 3528 1017 festivitatem
3556 977 3695 1031 pne-

2101 1053 2317 1123 cipitur.
2348 1053 2427 1108 Ex
2464 1061 2670 1122 septem
2714 1061 2979 1132 autemet
3005 1062 3151 1118 octo,
3186 1053 3276 1108 hic
3306 1061 3393 1107 est
3431 1069 3697 1107 numerus

2101 1144 2455 1215 compositus,
2485 1160 2716 1214 quorum
2739 1160 2880 1200 unus
2905 1145 3121 1215 quidem
3147 1159 3390 1216 przesens
3411 1144 3691 1209 saeculum,

2102 1236 2242 1292 alter
2279 1245 2458 1291 autem
2509 1235 2703 1308 ﬁgurat
2734 1234 2996 1291 futurum.
3054 1236 3205 1292 Unde
3244 1247 3301 1290 et
3340 1234 3693 1290 festivitatem

2103 1336 2312 1397 septem
2337 1327 2527 1383 diebus
2563 1326 2928 1383 consummari
2971 1327 3313 1398 pnecipiens,
3340 1325 3483 1381 alios
3511 1342 3696 1380 rursus

2101 1419 2218 1475 dies
2246 1419 2629 1475 celeberrimos
2672 1427 2835 1489 atque
2879 1419 3251 1476 sanctissimos
3294 1435 3693 1475 commemora-

2103 1511 2199 1575 vit,
2223 1519 2279 1566 et
2303 1525 2403 1566 nec
2428 1525 2550 1566 eam
2575 1527 2697 1567 cum
2720 1518 2926 1582 septem
2947 1511 3129 1582 posuit
3148 1512 3244 1567 sed
3281 1521 3696 1581 sequentem,et

2102 1611 2367 1659 semotam
2398 1603 2520 1659 aliis
2544 1604 2685 1659 sicut
2707 1603 2946 1660 futurum
2981 1604 3254 1660 saeculum.
3288 1603 3694 1676 Sequiturpqui-

2107 1696 2229 1751 dem
2260 1710 2519 1766 praesens,
2556 1694 2650 1750 sed
2676 1695 2822 1750 aliud
2849 1696 2949 1751 hoc
2983 1705 3088 1750 est.
3139 1695 3270 1750 Post
3318 1695 3533 1750 ﬁnitam
3567 1710 3698 1766 ergo

414 1789 648 1853 sionem,
675 1787 803 1857 quia
831 1786 1065 1858 Spiritus
1087 1794 1307 1841 sanctus
1326 1799 1492 1839 unum
1514 1790 1598 1837 est
1615 1795 1739 1835 cum
1759 1778 2001 1843 Christo,
2034 1795 2078 1855 Β
2106 1800 2337 1841 messem
2363 1784 2606 1840 omnium
2635 1784 2892 1847 fructum,
2922 1784 3320 1840 solemnitatem
3367 1785 3694 1839 tabernacu-

415 1882 488 1936 de
510 1892 617 1945 quo
651 1878 855 1932 dictum
878 1884 995 1932 est:
1039 1895 1058 1927 ι
1090 1877 1230 1931 Ecce
1250 1875 1435 1947 Agnus
1457 1873 1574 1939 Dei,
1595 1885 1722 1926 ecce
1744 1869 1836 1939 qui
1864 1869 2005 1924 tollit

413 1976 644 2035 peccata
673 1967 878 2022 mundi.
912 1966 1067 2022 Unde
1099 1980 1260 2020 nemo
1298 1973 1479 2035 potest
1518 1964 1700 2020 dicere
1746 1958 2005 2020 Christus

418 2061 596 2122 lesus,
629 2057 734 2111 nisi
781 2058 835 2111 in
862 2055 1065 2126 Spiritu
1105 2063 1294 2111 sancto
1333 2054 1515 2126 (Joan.
1561 2055 1622 2127 ι).
1660 2077 1681 2110 ι
1728 2058 1869 2129 Ergo
1897 2072 2005 2111 non

415 2157 576 2203 extra
611 2147 879 2202 rationem
915 2162 1040 2202 cum
1083 2155 1288 2217 septem
1330 2145 1515 2217 agnis,
1558 2147 1784 2202 vitulum
1818 2162 1884 2203 ex
1912 2162 2004 2200 ar-

426 2249 613 2293 mento
638 2253 880 2309 prtesens
908 2238 1150 2294 continet
1179 2238 1399 2305 oblatio,
1424 2239 1520 2294 sed
1547 2240 1827 2295 evidenter
1847 2239 2007 2311 signi-

424 2329 552 2384 ﬁcat
580 2327 729 2382 illum
755 2343 823 2383 ex
852 2336 1129 2393 armento,
1159 2327 1464 2393 Abraham,
1506 2327 1681 2392 Isaac,
1719 2339 1775 2385 et
1803 2328 2005 2395 Iacob,

421 2428 482 2476 et
524 2419 695 2475 David
740 2419 1040 2474 secundum
1087 2434 1306 2475 carnem
1352 2419 1574 2475 factum.
1623 2420 1762 2477 lluic
1809 2422 2009 2477 arietes

426 2511 564 2565 duos
591 2510 966 2565 immaculatos
987 2510 1288 2582 conjunxit,
1318 2511 1639 2567 excellentia
1677 2513 1931 2567 mandata
1955 2520 2010 2568 et

426 2603 678 2669 virtutes,
706 2619 842 2675 quas
866 2604 1012 2659 velut
1037 2605 1172 2660 alias
1195 2619 1351 2671 oves,
1375 2614 1589 2675 oportet
1608 2606 1661 2660 in
1686 2607 1791 2672 his,
1810 2615 1864 2661 ul
1886 2615 2011 2676 pote

426 2694 818 2767 intelligibilem
858 2696 1137 2751 inimicum
1183 2697 1600 2764 ventilantibus,
1642 2700 1918 2753 munimen
1957 2708 2013 2755 et

430 2787 842 2844 iudemnitatem
890 2788 1109 2845 habere.
1160 2789 1291 2858 Quae
1328 2800 1455 2847 sunt
1481 2801 1663 2848 autem
1701 2793 1860 2850 haec?
1888 2813 1907 2845 ι
1951 2794 2010 2850 Si

426 2884 512 2938 vis
534 2883 808 2954 perfectus
832 2900 976 2952 esse,
1011 2886 1168 2953 vade,
1196 2887 1367 2942 vende
1390 2888 1573 2943 omnia
1599 2904 1721 2960 qute
1746 2889 1933 2954 habes,
1957 2898 2013 2945 et

432 2975 500 3030 da
530 2979 879 3048 pauperibus,
922 2984 978 3033 et
1006 2978 1150 3043 veni,
1190 2994 1420 3050 sequere
1462 2993 1551 3034 me
1599 2978 1825 3052 (Matth.
1861 2979 1949 3051 ιι).
1986 2999 2006 3033 ι

429 3066 724 3123 Maximum
751 3069 949 3140 quippe
982 3070 1291 3126 mandatum
1327 3071 1562 3127 vendere
1591 3086 1709 3142 quae
1737 3070 1930 3139 habet,
1957 3082 2013 3128 et

2103 1877 2278 1933 lorum
2308 1877 2565 1948 prtecepit
2594 1877 2881 1947 agendam,
2903 1885 2958 1931 et
2981 1876 3308 1948 epulandum
3337 1892 3461 1932 cum
3493 1876 3622 1931 ﬁliis
3646 1887 3700 1930 et

2104 1968 2337 2033 ﬁliabus,
2360 1983 2480 2022 cum
2508 1967 2681 2022 servis
2709 1974 2763 2021 et
2802 1966 3035 2031 ancillis,
3060 1982 3182 2022 cum
3207 1967 3412 2021 Levitis
3449 1977 3506 2021 et
3533 1966 3697 2021 adve-

2103 2059 2211 2125 nis,
2247 2058 2463 2129 pupillis
2490 2070 2555 2112 ac
2585 2058 2761 2113 viduis
2785 2097 2802 2123 ,
2859 2058 2985 2127 quia
3013 2065 3138 2127 post
3188 2056 3399 2112 ﬁnitum
3430 2058 3697 2113 bonorum

2102 2164 2330 2220 operum
2377 2157 2591 2214 actum,
2631 2155 2687 2203 et
2708 2156 2831 2218 post
2856 2148 3116 2203 virtutum
3142 2147 3499 2218 plurimorum
3530 2147 3694 2202 ωηα-

2105 2248 2271 2303 ctum,
2298 2239 2586 2294 laetandum
2618 2246 2745 2293 tunc
2764 2253 2887 2292 cum
2903 2238 3094 2293 amicis
3120 2246 3176 2293 et
3202 2238 3547 2308 gaudendum
3577 2253 3699 2292 esse

2106 2333 2370 2403 designat.
2415 2330 2566 2387 Tunc
2594 2347 2722 2386 vere
2742 2331 2970 2400 quisque
2997 2331 3293 2386 exsultabit
3339 2331 3407 2385 de
3443 2341 3697 2401 percepta

2107 2423 2481 2489 retributione,
2505 2422 2596 2491 qui
2633 2422 2722 2478 hic
2752 2422 3132 2477 reminiscatur
3183 2437 3243 2477 se
3272 2421 3484 2490 largum
3534 2420 3700 2476 fuisse

2108 2521 2162 2576 in
2189 2534 2432 2575 munere.
2456 2517 2610 2574 Tunc
2650 2533 2778 2573 vere
2812 2517 3126 2573 solemnitas
3151 2516 3327 2588 agitur
3373 2515 3697 2570 tabernacu-

2109 2610 2307 2674 lorum,
2329 2625 2451 2665 cum
2476 2624 2581 2664 non
2613 2607 2971 2671 mutabilium,
3005 2608 3099 2662 sed
3131 2615 3458 2662 internarum
3485 2622 3700 2675 passes-

2111 2703 2193 2759 sio
2246 2702 2563 2758 conceditur
2595 2701 2960 2757 mansionum.
3006 2701 3081 2754 Dc
3116 2700 3315 2770 quibus
3354 2699 3609 2755 Salvator
3643 2700 3697 2754 in

2111 2795 2403 2866 Evangelio
2431 2795 2509 2850 ait
2534 2812 2547 2848 :
2582 2812 2603 2846 ι
2637 2794 2696 2849 ιιι
2727 2794 2889 2849 domo
2917 2792 3094 2847 Patris
3122 2791 3228 2846 mei
3258 2791 3442 2846 multa:
3464 2792 3697 2847 mansio-

2117 2907 2137 2940 ι
2174 2903 2271 2944 nes
2316 2898 2443 2943 sunt
2471 2886 2653 2959 (Joan.
2678 2886 2809 2959 xiv).
2850 2907 2869 2939 ι
2900 2886 2969 2941 Et
3024 2886 3262 2941 iterum:
3295 2908 3313 2936 ι
3348 2884 3537 2940 Facite
3559 2925 3576 2949 ,
3620 2885 3698 2939 iu-

2112 2980 2247 3049 qnit,
2274 2979 2429 3035 vobis
2457 2979 2661 3034 amicos
2681 2978 2746 3033 de
2775 2992 3084 3033 mammona
3109 2976 3434 3047 iniquitatis,
3463 2985 3543 3039 ιιι,
3579 2992 3701 3032 cum

2112 3068 2459 3134 defeceritis,
2516 3069 2781 3138 recipiant
2825 3083 2923 3123 vos
2978 3067 3032 3122 in
3091 3074 3294 3122 aeterna
3352 3067 3699 3122 tabernacula

424 3158 561 3246 dare
586 3161 934 3230 pauperibus.
967 3161 1257 3216 Maximum
1304 3164 1467 3219 etiam
1508 3164 1660 3235 sequi
1698 3165 1970 3221 Christum
1993 3206 2008 3232 ,
2038 3157 2082 3221 C
2115 3159 2296 3233 (Ιοαιι.
2340 3160 2475 3233 xvr).
2522 3177 2542 3213 ι
2580 3178 2598 3212 ι
2633 3159 2830 3215 Tribus
2856 3160 3066 3215 vicibus
3092 3175 3190 3229 per
3238 3174 3443 3213 annum
3474 3173 3699 3230 appare-

428 3256 492 3302 ιιι
539 3263 661 3302 cum
703 3249 959 3318 despectu
1000 3252 1198 3320 quippe
1245 3252 1580 3320 possidendi,
1625 3254 1788 3308 etiam
1830 3256 2012 3309 omnia

427 3353 594 3409 agere
616 3340 912 3394 secundum
934 3340 1263 3396 voluntatem
1296 3342 1508 3397 Domini
1545 3346 1883 3412 Studeamus,
1909 3346 2013 3402 hoc

430 3428 580 3482 enim
617 3428 792 3497 sequi.
821 3426 948 3483 Hazc
983 3443 1113 3499 ergo
1141 3430 1394 3486 mandata
1427 3440 1484 3487 ot
1509 3442 1729 3504 propter
1754 3434 2016 3492 immacu-

432 3518 601 3571 latam
624 3518 789 3572 vitam
824 3525 881 3573 et
916 3518 1215 3589 perfectam
1241 3523 1651 3589 conscientiam,
1693 3525 1893 3581 arietes
1923 3541 2017 3597 ap-

432 3609 724 3680 pellantur.
772 3609 911 3678 Quia
963 3612 1165 3668 arietes
1203 3614 1352 3669 omni
1399 3631 1562 3688 grege
1607 3616 2017 3673 excellentiores

433 3710 581 3767 sunt,
610 3701 805 3756 horum
830 3702 1098 3757 sacriﬁcia
1145 3712 1201 3758 et
1240 3702 1463 3770 libatio,
1503 3706 1730 3761 scientia
1767 3707 2019 3763 videlicet

430 3802 491 3847 et
518 3793 801 3859 correctio,
826 3793 962 3849 odor
986 3795 1270 3850 suavitatis
1294 3794 1521 3851 Domino
1542 3797 1642 3862 illi,
1666 3798 1733 3852 de
1752 3814 1857 3868 qua
1880 3798 2019 3852 Pan-

434 3883 522 3937 lus
549 3882 795 3938 dicebat:
825 3901 844 3935 ι
877 3884 988 3939 Deo
1014 3894 1196 3939 autem
1221 3885 1443 3955 gratias,
1469 3886 1559 3955 qui
1583 3901 1798 3956 semper
1821 3889 2016 3941 trium-

434 3974 570 4044 phat
585 3987 684 4027 nos
697 3972 751 4027 in
763 3972 982 4028 Christo
994 3973 1143 4040 Iesu,
1156 3982 1212 4028 et
1223 3975 1444 4031 odorem
1461 3976 1701 4031 scientia:
1714 3976 2021 4032 manifestat

434 4078 537 4133 per
558 4078 677 4130 nos,
701 4064 827 4134 quia
850 4063 1054 4120 Christi
1070 4064 1245 4119 bonus
1266 4064 1402 4118 odor
1412 4080 1600 4121 sumus
1619 4066 1675 4137 (1
1680 4066 1709 4119 1
1725 4066 1847 4122 Cor.
1878 4084 1918 4123 ιι
1939 4069 1979 4141 ).
1993 4088 2012 4122 ι

1029 4171 1259 4228 CAPUT
1298 4173 1415 4229 XII.

437 4243 517 4298 De
536 4244 891 4314 observatione
919 4245 1110 4298 mensis
1137 4244 1341 4314 septimi
1358 4285 1372 4310 ,
1407 4252 1456 4299 et
1497 4244 1565 4300 de
1589 4245 1915 4302 solemnitate
1941 4256 2025 4303 ta-

509 4313 943 4387 bernaculorum;
975 4323 1023 4368 et
1070 4314 1208 4387 quod
1249 4313 1411 4369 tribus
1442 4316 1638 4387 vicibus
1683 4334 1776 4387 per
1824 4324 2021 4373 annum

509 4401 659 4438 omne
685 4383 1032 4439 masculinum
1063 4385 1114 4439 in
1156 4396 1431 4454 oorupectu
1472 4383 2024 4458 Domiui'pra'sentan-

511 4461 638 4508 dum
668 4463 766 4508 est.

2120 3270 2140 3303 ι
2168 3252 2247 3307 hit
2271 3267 2432 3307 omne
2476 3252 2836 3307 masculinum
2868 3260 3017 3307 tuum
3052 3253 3104 3306 in
3149 3260 3440 3322 conspectu
3488 3252 3701 3308 Domini

2121 3361 2139 3392 ι
2178 3343 2272 3398 Dei
2294 3344 2393 3410 tui,
2423 3344 2477 3397 in
2506 3343 2626 3399 loco
2649 3359 2810 3413 quem
2836 3342 3077 3416 elegerit.
3116 3342 3173 3398 In
3200 3343 3546 3400 solemnitate
3582 3360 3702 3414 azy-

2122 3452 2141 3485 (
2178 3436 2564 3500 morum,etin
2607 3435 2951 3491 solemnitate
3003 3435 3464 3491 hebdomadarum
3490 3478 3506 3501 ,
3546 3446 3603 3491 et
3652 3436 3704 3490 in

2121 3545 2141 3578 ι
2170 3526 2509 3583 solemnitate
2530 3526 3025 3584 tabernaculorum.
3057 3548 3075 3579 ι
3102 3528 3241 3595 Quid
3256 3537 3343 3583 est
3362 3528 3531 3597 quod,
3553 3526 3707 3582 femi-

2118 3616 2203 3672 nis
2233 3617 2433 3682 tacitis,
2466 3618 2531 3673 de
2560 3617 2812 3673 masculis
2839 3618 2923 3673 lex
2944 3620 3162 3673 mandat
3195 3620 3251 3673 in
3269 3628 3567 3689 conspectu
3605 3620 3707 3673 Do-

2118 3710 2250 3764 mini
2279 3711 2687 3780 praesentandis,
2722 3710 2826 3766 nisi
2871 3711 2998 3782 quia
3034 3710 3264 3767 Creator
3309 3721 3520 3774 noster,
3545 3713 3705 3782 quid-

2118 3800 2249 3871 quid
2277 3801 2455 3868 molle,
2492 3801 2752 3871 quidquid
2794 3800 2982 3871 fragile
3024 3808 3081 3855 et
3113 3801 3387 3856 inﬁrmum
3434 3802 3490 3855 in
3520 3809 3707 3855 nostra

2119 3891 2531 3947 conversatione
2585 3891 2913 3960 reprobans,
2962 3888 3123 3946 fortia
3168 3891 3426 3945 virtutum
3475 3906 3643 3960 opera
3677 3907 3706 3944 a

2120 3984 2275 4040 nobis
2300 3984 2569 4054 exquirit?
2595 3983 2730 4038 Nam
2756 3984 2802 4040 si
2840 3984 2895 4038 in
2933 3983 3039 4039 ﬁde
3059 3982 3237 4039 Patris
3278 3992 3334 4039 et
3357 3983 3479 4038 Filii
3501 3993 3559 4037 et
3582 3982 3708 4053 Spi-

2119 4073 2259 4129 ritus
2303 4074 2503 4140 sancti,
2525 4089 2624 4145 pro
2652 4082 2871 4129 :eterntn
2911 4074 3179 4130 mercedis
3219 4075 3439 4145 adepto,
3465 4084 3708 4145 tempore

2118 4166 2245 4222 vita:
2266 4167 2548 4237 pra-sentis
2569 4167 2724 4223 bonis
2746 4167 3000 4239 operibus
3028 4168 3264 4223 studium
3304 4168 3705 4237 impendamus,

2120 4256 2480 4313 masculinum
2524 4266 2772 4313 nostrum
2817 4259 2939 4314 sine
2978 4259 3143 4315 dubio
3184 4266 3309 4313 ante
3355 4267 3708 4328 conspectum

2122 4348 2335 4403 Domini
2394 4349 2554 4419 digne
2598 4349 3001 4404 eonstltuimus.
3038 4367 3061 4401 ι
3097 4348 3212 4403 Non
3254 4347 3542 4418 apparebis
3584 4357 3710 4401 ante

2114 4456 2149 4491 ἰ
2180 4440 2463 4495 Dominum
2499 4455 2729 4507 vacuus;
2762 4440 2856 4496 sed
2890 4440 3081 4497 offeret
3108 4441 3482 4509 unusquisque
3509 4454 3708 4493 secun—

510 4541 689 4615 (ιω.)
747 4561 767 4594 ι
817 4542 1223 4598 solemnitatem
1275 4559 1488 4614 quoque
1548 4545 2017 4601 tabernaculorum
2046 4508 2099 4567 D
2130 4547 2149 4579 ι
2178 4530 2306 4584 dum
2339 4530 2483 4600 quod
2532 4530 2800 4596 habuerit,
2842 4529 2995 4598 juxta
3028 4508 3461 4585 benedictionem
3494 4528 3707 4582 Domini

443 4652 464 4684 ι
495 4633 796 4689 celebrabis
836 4648 936 4702 per
986 4641 1190 4704 septem
1231 4635 1367 4700 dies,
1395 4634 1610 4703 quando
1654 4636 1933 4705 collegeris
1957 4638 2024 4692 de

445 4740 465 4773 ι
500 4736 627 4784 area
650 4730 740 4776 tua
771 4731 829 4776 et
854 4722 1111 4777 torculari
1139 4721 1320 4793 fruges
1345 4732 1496 4787 tuas;
1532 4731 1587 4778 et
1626 4724 1929 4793 epulaberis
1967 4725 2022 4780 in

442 4831 465 4864 ε
497 4811 788 4868 festivitate
816 4822 929 4879 tua,
960 4823 1016 4869 ιιι
1042 4822 1098 4869 et
1150 4813 1292 4869 ﬁlius
1326 4822 1453 4868 tuus
1471 4821 1526 4868 et
1567 4812 1697 4879 ﬁlia,
1724 4821 1783 4868 et
1834 4830 2023 4872 servus

442 4923 466 4956 ε
506 4914 627 4960 tuus
667 4914 722 4961 et
756 4906 968 4970 ancilla,
1014 4906 1227 4962 Levites
1266 4920 1480 4976 quoque
1502 4912 1555 4960 et
1584 4905 1809 4972 advena,
1841 4915 1897 4962 et
1917 4922 2023 4977 pu-

443 5017 466 5048 ε
500 4996 659 5069 pilius
684 5010 748 5051 ac
770 4996 953 5063 vidua,
984 4998 1075 5068 qui
1100 4999 1240 5053 intra
1268 5007 1454 5069 portas
1478 5007 1599 5053 tuas
1626 5008 1769 5054 sunt.
1800 4997 2021 5070 Septem

440 5107 466 5142 ι
496 5088 685 5145 diebus
708 5086 935 5142 Domino
963 5086 1071 5141 Deo
1113 5096 1208 5142 tuo
1250 5087 1389 5143 festa
1432 5088 1732 5143 celebrabis
1756 5129 1771 5153 ,
1815 5089 1870 5143 in
1903 5089 2021 5145 loco

441 5200 467 5234 ιι
508 5194 667 5252 quem
696 5177 921 5249 elegerit
943 5177 1220 5244 Dominus,
1247 5187 1351 5234 etc.
1385 5197 1403 5231 ι
1434 5177 1653 5247 Septem
1684 5194 1813 5251 ergo
1833 5180 2023 5237 diebus

438 5272 791 5330 fcstivitatem
843 5268 1315 5325 tabernaculorum
1370 5269 1673 5340 appellavit.
1706 5269 2023 5341 Quicunque

433 5366 606 5431 enim,
639 5372 699 5418 ut
721 5359 1067 5418 tabernaculo
1093 5369 1359 5430 prmsente
1387 5358 1588 5414 mundo
1611 5360 1803 5428 utitur,
1826 5361 1914 5416 hic
1939 5360 2020 5418 fe-

434 5458 736 5514 stivitatem
771 5455 826 5510 in
858 5469 921 5509 eo
947 5452 1148 5509 habere
1175 5461 1231 5507 et
1256 5451 1445 5515 ltetari,
1479 5459 1699 5521 propter
1735 5451 1901 5508 futuri
1921 5469 2019 5508 ex-

438 5546 827 5618 spectationem
857 5550 1053 5615 potest.
1097 5542 1166 5597 Et
1201 5540 1509 5611 quicunque
1549 5541 1651 5594 scit
1670 5542 1796 5611 quia
1826 5542 1871 5596 si
1914 5549 2023 5596 ter-

440 5650 572 5691 rena
589 5637 781 5691 domus
809 5633 1155 5692 habitationis
1179 5630 1337 5701 hujus
1365 5630 1710 5698 dissolvatur,
1735 5631 2021 5687 aediﬁcatio

445 5748 549 5786 non
579 5732 883 5787 manufacta
904 5747 1029 5789 eum
1059 5733 1111 5788 in
1134 5729 1287 5789 caelis
1310 5727 1535 5799 suscipit
1560 5770 1574 5797 ,
1618 5731 1708 5786 hic
1753 5744 2015 5801 superare

2126 4638 2147 4670 ι
2182 4620 2277 4675 Dei
2312 4622 2417 4686 sui,
2440 4636 2603 4691 quam
2652 4621 2862 4677 dederit
2887 4621 2957 4676 ei.
2992 4639 3012 4673 ι
3056 4620 3114 4675 ln
3155 4628 3451 4691 conspectu
3493 4618 3709 4673 Domini

2121 4730 2324 4772 vacuus
2343 4723 2585 4786 apparet,
2610 4716 2701 4786 qui
2742 4716 2874 4771 nihil
2899 4731 3086 4771 secum
3119 4715 3186 4771 de
3212 4715 3392 4770 fructu
3423 4714 3509 4768 sui
3554 4713 3709 4766 labo-

2123 4806 2200 4861 ris
2244 4814 2449 4876 portat.
2499 4805 2651 4860 Alius
2701 4819 2938 4875 namque
2991 4804 3357 4876 adipiscendis
3410 4802 3711 4857 honoribus

2124 4895 2385 4961 exsudat;
2430 4895 2570 4950 alius
2617 4894 3039 4965 multiplicandis
3085 4893 3434 4950 facultatibus
3480 4902 3707 4957 aestuat;

2125 4986 2263 5042 alius
2286 4987 2658 5059 promerendis
2695 4985 2914 5043 anhelat
2932 4986 3155 5041 divitiis.
3190 4985 3297 5041 Sed
3337 4986 3464 5054 quia
3510 4993 3710 5039 cuncta

2125 5080 2242 5135 haec
2266 5080 2510 5149 quisquis
2529 5082 2768 5135 moriens
2785 5079 3007 5144 deserit,
3037 5087 3162 5133 ante
3191 5076 3480 5132 Dominum
3506 5090 3713 5129 vacuus

2124 5181 2368 5242 apparet,
2400 5171 2525 5242 quia
2566 5186 2750 5227 secum
2782 5180 2909 5226 ante
2942 5168 3179 5239 iudicem
3229 5168 3361 5223 nihil
3400 5166 3542 5222 tulit.
3571 5166 3713 5221 Hinc

2121 5276 2251 5333 ergo
2305 5278 2405 5334 per
2450 5262 2622 5335 legem
2678 5262 2970 5317 salubriter
3019 5261 3339 5316 admonetur
3387 5259 3710 5313 dicentem:
3750 5335 3760 5340 ‘

2129 5373 2148 5405 ι
2186 5354 2305 5411 Νοιι
2364 5354 2648 5426 apparebis
2694 5355 2751 5409 in
2815 5363 3107 5424 conspectu
3152 5350 3364 5407 Domini
3403 5366 3634 5405 vacuus.
3684 5368 3705 5403 ι

2122 5447 2222 5515 Qui
2247 5447 2390 5503 enim
2427 5446 2798 5517 promerendre
2839 5447 2964 5501 vita:
2994 5443 3299 5500 mercedem
3327 5444 3468 5499 bene
3499 5442 3711 5513 agendo

2121 5564 2228 5603 non
2254 5547 2509 5618 providit,
2531 5545 2586 5600 in
2615 5551 2909 5617 conspectu
2946 5542 3163 5598 Domini
3206 5555 3410 5596 vacuus
3455 5544 3705 5609 apparet.

2122 5638 2260 5695 llinc
2293 5654 2389 5709 per
2411 5637 2754 5693 Psalmistam
2784 5637 2982 5691 dicitur
3000 5634 3162 5706 justis
3187 5648 3202 5687 :
3238 5652 3257 5685 ι
3286 5631 3583 5689 Venientes
3606 5643 3706 5684 an-

2122 5737 2231 5786 tem
2265 5728 2481 5785 venient
2526 5726 2581 5783 in
2629 5725 3031 5797 exsultatione,
3074 5730 3353 5795 portantes
3403 5716 3707 5792 manipulos
