3964 6192
322 330 419 387 90!

1144 328 1538 386 ENARRATIO
1577 329 1803 386 SUPER
1845 330 2466 390 DEUTERONOMIUM.
2508 365 2575 375 —
2611 334 2739 389 LIB.
2780 335 2844 390 ll.

3469 304 3591 391 eos

320 459 451 500 suos
479 439 654 514 (Psal.
698 439 880 513 cxxv).
916 458 938 494 ι
973 440 1053 494 Ad
1080 454 1309 495 examen
1336 440 1531 510 quippe
1560 439 1750 508 judicii
1778 456 1905 511 por-
1934 454 1980 511 Α
2009 460 2129 501 mus
2157 447 2434 517 plautctur
2457 446 2511 500 in
2548 444 2764 514 templo.
2792 443 2995 499 Nemus
3027 436 3580 526 frondentesarhores

322 541 506 589 tantes
538 531 844 601 manipulos
884 531 1129 597 veniunt,
1173 532 1264 600 qui
1309 532 1363 585 in
1408 531 1712 600 semetipsis
1757 541 1903 587 recta

322 638 492 694 opera
517 621 712 693 quibus
733 629 1045 677 mereantur
1072 622 1263 687 vitam,
1294 621 1604 677 ostendunt.

907 730 1135 787 CAPUT
1184 732 1320 786 XIII.

322 826 407 880 De
434 825 806 879 constituendis
844 824 1110 894 magistris
1136 833 1303 894 atque
1335 822 1605 894 judicibus
1630 826 1685 878 in
1717 825 1901 894 portis,

397 905 445 949 et
474 912 575 948 non
600 893 914 964 accipiendis
939 893 1172 964 personis
1201 893 1354 964 atque
1382 893 1784 959 muneribus,“
1814 896 1910 964 ju-

398 966 493 1019 stis
512 964 733 1036 judiciis
770 962 1048 1031 faciendis.

398 1072 577 1145 (lam)
612 1090 630 1123 ι
665 1072 881 1128 Judices
907 1079 963 1127 et
1002 1071 1288 1143 magistros
1315 1073 1616 1128 constituas
1646 1074 1698 1128 in
1737 1073 1913 1127 omni-

331 1185 351 1220 ι
384 1168 491 1223 bus
527 1165 702 1236 portis
747 1164 878 1228 tuis,
907 1179 1045 1233 quas
1078 1164 1333 1220 Dominus
1379 1165 1521 1221 Deus
1549 1175 1674 1221 tuus
1701 1165 1910 1221 dederit

332 1276 350 1309 ι
392 1257 486 1312 tibi
510 1271 609 1327 per
636 1254 879 1324 singulas
908 1254 1077 1309 tribus
1101 1263 1240 1310 tuas.
1280 1275 1300 1308 ι
1332 1256 1405 1311 Ut
1440 1256 1788 1313 advenientes
1811 1272 1911 1310 un-

326 1346 515 1417 dique,
535 1345 718 1401 statim
759 1345 813 1399 in
864 1345 1086 1399 introitu
1125 1344 1360 1399 civitatis
1391 1346 1603 1415 judices
1634 1354 1690 1402 et
1735 1346 1909 1416 magi-

326 1448 471 1497 stros
498 1448 718 1511 paratos
740 1438 1036 1503 inveniant,
1065 1453 1096 1492 a
1130 1438 1327 1508 quibus
1371 1439 1515 1508 justa
1539 1437 1741 1506 judicia
1769 1438 1913 1493 acci-

327 1532 497 1602 piant.
524 1530 745 1602 Mystice
766 1536 945 1584 autem
965 1527 1330 1584 Ecclesiarum
1350 1529 1621 1599 principes
1633 1529 1910 1596 admonet,

327 1622 471 1677 utin
497 1621 691 1691 portis,
714 1620 819 1676 hoc
839 1629 942 1686 est,
971 1619 1337 1688 apostolorum
1364 1627 1420 1673 et
1451 1619 1503 1673 in
1525 1620 1911 1689 prophetarum

2002 546 2057 591 et
2082 537 2425 593 infructuosa:
2453 535 2726 600 sunt,sola
2752 533 3265 589 delectationevisus
3293 535 3573 604 plantatre.

2012 625 2163 680 Tales
2190 637 2318 680 sunt
2339 634 2394 681 et
2423 624 2673 696 gentiles,
2695 623 2785 693 qui
2813 622 3078 677 rationem
3109 637 3260 677 suam
3287 625 3577 680 verborum

2006 717 2198 773 decore
2230 725 2579 787 componunt,
2611 724 2668 770 ut
2704 731 2810 770 non
2859 720 3181 769 convertant
3224 729 3253 767 a
3298 716 3437 780 viis,
3486 713 3581 771 sed

2006 807 2289 873 delectent,
2319 817 2481 878 atque
2511 807 2810 863 istiusmodi
2860 807 3175 863 seductione
3202 809 3581 877 persuadeant.

2007 898 2115 954 Nos
2140 906 2321 953 autem
2368 900 2663 954 secundum
2710 908 3039 968 prmceptum
3093 898 3188 952 Dei
3223 897 3377 967 juxta
3414 897 3586 952 altare

2008 1005 2198 1045 nemus
2228 1005 2334 1044 non
2374 989 2703 1060 plantamus,
2735 990 2828 1043 sed
2867 991 3013 1044 circa
3063 988 3398 1043 Dominicam
3430 989 3587 1042 [idem

2008 1080 2143 1133 nihil
2171 1078 2519 1134 intruetuosis
2555 1080 2758 1145 verbis,
2794 1079 2925 1133 nihil
2976 1079 3263 1133 audientis:
3310 1079 3585 1133 saecularis

2008 1171 2382 1225 illecebrarum
2407 1170 2800 1240 componimus,
2823 1170 2915 1225 sed
2944 1170 3055 1224 sola
3080 1170 3313 1238 puritate
3342 1170 3587 1223 veritatis

2009 1261 2292 1315 scientiam
2339 1260 2735 1330 prtedicationis
2792 1269 3058 1315 tenemus.
3117 1260 3231 1315 lloc
3290 1274 3479 1315 nemus
3535 1260 3588 1314 in

2009 1351 2390 1421 praedicatione
2419 1351 2695 1420 sapientiae
2738 1351 2983 1420 plantare
3008 1350 3215 1404 vitabat
3266 1349 3588 1419 Apostolus,

2010 1457 2133 1496 cum
2159 1442 2374 1496 dicebat
2408 1458 2420 1495 :
2459 1460 2477 1493 ι
2510 1440 2579 1495 Et
2599 1441 2871 1512 loquimur
2897 1458 3002 1496 non
3028 1441 3081 1495 in
3113 1441 3285 1496 doctis
3316 1441 3593 1510 sapientia:

2010 1534 2259 1588 humanm
2286 1533 2486 1597 verbis,
2513 1532 2606 1587 sed
2638 1534 2691 1587 in
2742 1533 2986 1586 doctrina
3018 1531 3240 1602 Spiritus
3283 1541 3336 1586 et
3368 1532 3588 1584 virtute.

2010 1623 2129 1678 Non
2162 1622 2466 1678 immolabis
2489 1622 2717 1677 Domino
2741 1623 2850 1677 Deo
2877 1632 2970 1677 tuo
3000 1622 3189 1677 bovem
3216 1629 3269 1676 et
3299 1636 3453 1676 ovem
3480 1662 3495 1686 ,
3536 1621 3591 1675 in

328 1712 488 1768 dictis
513 1710 832 1772 consistant.
859 1709 1169 1779 iudiciaque
1213 1708 1357 1778 iusta
1399 1708 1694 1762 secundum
1720 1707 1914 1761 diVin'IB
2013 1729 2120 1783 quo
2147 1722 2230 1768 cst
2257 1713 2485 1777 macula,
2518 1721 2611 1767 aut
2657 1712 2931 1782 quidpiam
2966 1712 3110 1766 vitii:
3143 1712 3268 1781 quia
3314 1710 3593 1765 abomina-

326 1803 467 1875 legis
481 1802 726 1858 instituta
740 1798 1908 1871 singulisquibuSQueimpendaut,verilatem
1938 1787 1984 1845 Β
2014 1805 2089 1858 ιίο
2117 1811 2200 1858 est
2226 1803 2451 1857 Domino
2480 1791 2591 1857 Deo
2625 1810 2714 1857 tuo
2750 1802 2802 1872 (Ι
2831 1802 2953 1856 Cor.
2989 1801 3050 1873 ι).
3093 1822 3112 1855 ›
3148 1801 3373 1857 Omnem
3408 1817 3594 1854 macu-

326 1895 641 1957 observent,
657 1891 940 1945 avaritiam
964 1884 1214 1955 caveant,
1232 1904 1299 1943 ne
1324 1886 1484 1953 forte,
1507 1887 1551 1941 si
1576 1902 1675 1956 per
1690 1886 1912 1940 menda-

328 1984 474 2040 cium
500 1989 592 2037 aut
614 1980 965 2050 cupiditatem
989 1980 1089 2049 ipsi
1114 1995 1146 2034 a
1167 1994 1297 2034 vero
1317 1978 1671 2043 deviaverint,
1705 1977 1913 2032 abomi-

328 2062 546 2129 nobiles
575 2086 759 2127 coram
780 2070 952 2127 oculis
970 2071 1068 2126 Dei
1089 2071 1241 2125 ﬁant.
1268 2070 1421 2125 Unde
1446 2069 1721 2140 sequitur:
1745 2087 1764 2119 ι
1793 2067 1911 2122 Νοιι

328 2164 567 2234 accipies
587 2177 871 2234 personam
886 2178 986 2218 nec
1003 2177 1247 2228 munera,
1264 2162 1388 2231 quia
1403 2176 1627 2216 munera
1642 2166 1914 2215 excmcant

336 2275 358 2310 ι
403 2255 586 2311 oculos
628 2255 955 2325 sapientum,
996 2263 1052 2310 et
1089 2265 1301 2310 mutant
1354 2256 1517 2310 verba
1563 2252 1854 2323 justorum.
1888 2273 1907 2308 ›

332 2348 452 2405 Non
474 2350 580 2404 hoc
610 2348 744 2403 dicit
770 2348 916 2418 quod
944 2348 1209 2403 veraciter
1238 2347 1510 2417 sapientes
1559 2354 1613 2400 et
1638 2344 1771 2413 justi
1817 2359 1915 2413 per

332 2452 619 2493 munerum
647 2437 995 2507 cupiditatem
1011 2438 1415 2501 subvertantur,
1433 2436 1528 2492 sed
1555 2434 1807 2505 quodilli,
1822 2433 1915 2503 qui

332 2528 594 2583 videntur
614 2527 716 2582 sibi
741 2541 860 2582 esse
882 2527 1146 2597 sapientes
1168 2536 1223 2582 et
1238 2525 1393 2596 justi,
1417 2527 1615 2598 sacpius
1641 2533 1914 2582 corruant.

330 2619 417 2673 Ad
438 2634 577 2689 quos
609 2617 869 2688 prepheta
898 2617 1124 2687 loquens
1163 2619 1281 2673 ait:
1316 2636 1333 2667 ι
1366 2618 1472 2681 νει»,
1512 2618 1602 2686 qui
1648 2618 1919 2685 sapientes

334 2708 471 2761 estis
500 2707 552 2761 in
582 2706 754 2761 oculis
778 2706 970 2762 vestris
992 2745 1007 2772 ,
1049 2713 1106 2762 et
1148 2720 1331 2761 coram
1373 2705 1769 2777 vobismetipsis
1792 2720 1919 2774 pru-

335 2797 529 2851 dentes
583 2795 727 2868 (Isa.
771 2793 857 2867 v).
887 2815 907 2848 ι
968 2794 1107 2851 llinc
1150 2810 1247 2866 per
1304 2794 1627 2865 sapientiam
1679 2795 1915 2849 dicitur:

343 2907 363 2940 σ
402 2889 540 2944 Sunt
571 2889 672 2944 via:
695 2903 816 2959 quae
851 2888 1102 2943 videntur
1140 2890 1208 2943 ab
1241 2887 1546 2943 hominibus
1564 2885 1726 2955 justae
1769 2904 1782 2941 :
1816 2901 1919 2940 uu-

336 2980 561 3034 vissima
586 2987 769 3035 autem
797 2992 984 3033 eorum
1004 2978 1275 3033 deducunt
1311 2992 1482 3046 usque
1506 2976 1572 3030 ad
1598 2974 1920 3047 profundum

2010 1893 2119 1946 lam
2142 1891 2378 1961 intellige
2399 1906 2558 1945 omne
2583 1901 2890 1961 peccatum,
2919 1893 3058 1960 quod
3084 1891 3389 1960 ubicunque
3433 1890 3596 1944 fuerit

2013 1985 2313 2049 inventum,
2344 1983 2745 2039 deformitatem
2796 1984 2957 2053 parit.
3010 1984 3074 2037 Et
3105 1984 3223 2038 ideo
3254 1983 3454 2037 oblatio
3485 1982 3593 2034 Du-

2012 2077 2167 2142 mini,
2192 2076 2305 2130 sive
2342 2075 2393 2129 in
2426 2074 2665 2144 quolibet
2706 2073 2919 2129 fortiter
2946 2074 3209 2145 aperanti,
3236 2076 3392 2143 q’uem
3424 2073 3594 2143 signi-

2014 2165 2142 2220 ﬂeat
2179 2167 2299 2229 bos,
2329 2165 2443 2220 sive
2482 2165 2535 2218 in
2588 2164 2932 2234 simplicitate
2965 2164 3278 2227 ambulanti,
3317 2177 3476 2233 quem
3505 2164 3598 2217 de~

2015 2256 2193 2326 signat
2219 2255 2356 2320 ovis,
2387 2255 2586 2309 bonum
2611 2262 2714 2320 est,
2743 2262 2802 2308 ut
2827 2255 2944 2308 sine
2964 2253 3174 2325 peccati
3201 2253 3452 2322 contagio
3478 2252 3595 2317 fiat,

2016 2349 2142 2417 quia
2164 2362 2323 2402 omne
2352 2355 2632 2417 peccatum
2656 2346 2989 2402 contrarium
3016 2354 3101 2401 est
3138 2346 3376 2413 veritati,
3400 2360 3455 2400 et
3476 2344 3599 2415 ejus

2017 2441 2251 2497 societas
2278 2456 2380 2496 non
2414 2441 2645 2511 placebit
2669 2439 2913 2510 justiti-.0.

2614 2550 2840 2611 CAPUT
2887 2552 3003 2608 XV.

2017 2645 2094 2700 De
2114 2647 2362 2717 apostatis
2390 2646 2503 2717 qui,
2548 2645 3128 2717 Deumgreliuquentes,
3174 2644 3462 2717 servierunt
3493 2642 3596 2717 diis

2088 2714 2306 2779 alienis;
2338 2714 2631 2771 et'duobus
2662 2714 2737 2769 uel
2786 2715 2949 2768 tribus
2975 2714 3189 2767 testibus
3220 2714 3272 2768 in
3299 2731 3458 2767 causa
3483 2716 3599 2767 siit-

2088 2786 2332 2863 galerum
2373 2786 2680 2853 adhibendis
2715 2801 2933 2854 semper.

2093 2899 2269 2972 (ῐιιιυ.)
2303 2918 2321 2950 α
2355 2898 2488 2954 Cum
2541 2898 2739 2968 reperti
2768 2897 2966 2952 fuerint
3001 2897 3143 2968 apud
3170 2906 3224 2952 te
3269 2897 3408 2951 intra
3440 2913 3603 2951 unam

2027 3010 2045 3043 ι
2076 2998 2350 3060 portarum
2390 2999 2623 3055 tuarum,
2649 3004 2786 3057 quas
2822 2987 3083 3043 Dominus
3125 2990 3268 3044 Deus
3304 2997 3427 3044 tuus
3455 2988 3607 3042 dabit
3690 3048 3696 3053 ,

340 3068 538 3181 Effer":
566 3067 750 3169 (Ρξουι
909 3086 929 3120 ³
967 3067 1103 3123 "ille
1134 3066 1383 3181 Ξδινθιίῖις
1427 3067 1480 3122 in
1518 3066 1805 3181 Evangelio
1834 3075 1917 3169 ιεξ·
1952 3119 2001 3181 c
2034 3100 2053 3133 ‹
2092 3082 2212 3147 tibi,
2238 3082 2321 3136 vir
2354 3088 2447 3135 aut
2471 3080 2664 3135 mulier
2686 3080 2778 3150 qui
2811 3077 3014 3134 faciant
3056 3078 3258 3133 malum
3301 3078 3355 3132 in
3384 3093 3607 3148 conspe-

340 3160 486 3215 libus
521 3159 762 3229 loquitur
805 3159 1027 3214 dicens:
1064 3176 1083 3211 ι
1136 3158 1228 3215 Va:
1263 3159 1574 3228 vobis,_qui
1616 3158 1927 3228 justiticatis

342 3268 441 3307 vos
461 3267 646 3308 coram
683 3252 1031 3307 hominibus:
1065 3252 1206 3306 Deus
1230 3261 1411 3306 autem
1456 3253 1608 3307 novit
1644 3254 1808 3307 corda
1831 3267 1927 3306 ve—

342 3352 460 3399 stra
487 3342 639 3416 (Luc.
682 3345 816 3414 κη).
852 3363 872 3396 ι
920 3342 1055 3398 Nam
1084 3343 1178 3413 qui
1215 3359 1342 3399 vere
1389 3352 1513 3398 sunt
1552 3343 1822 3413 sapientes
1875 3348 1931 3396 et

340 3433 512 3502 justi,
536 3448 815 3502 nunquam
862 3441 1180 3505 praeponunt
1216 3449 1304 3491 res
1343 3434 1576 3489 caducas
1603 3433 1820 3487 veritati
1851 3442 1932 3486 at-

346 3538 456 3595 que
477 3522 722 3593 justitiae,
746 3524 841 3579 sed
871 3523 1096 3580 inomni
1144 3532 1386 3596 tempore
1422 3524 1640 3580 student
1676 3523 1730 3578 in
1759 3523 1929 3592 aequi-

349 3626 464 3674 tate
494 3631 836 3688 permanere.
866 3636 884 3668 ι
932 3615 1085 3672 Juste
1121 3618 1263 3687 quod
1285 3617 1491 3686 justum
1522 3624 1606 3671 est
1648 3629 1932 3685 perseque-

357 3726 379 3760 ι
410 3708 507 3774 ris,
532 3714 594 3761 ut
625 3707 780 3763 vivas
813 3715 866 3761 et
892 3706 1170 3775 possideas
1197 3714 1428 3771 terram,
1468 3720 1631 3775 quam
1675 3703 1934 3762 Dominus

359 3817 381 3852 ι
415 3798 562 3855 Deus
584 3806 709 3854 tuus
744 3800 970 3854 daturus
995 3806 1079 3853 est
1112 3797 1228 3852 tibi.
1262 3817 1282 3850 ι
1305 3795 1508 3877 lujuste
1549 3796 1690 3866 quod
1728 3795 1933 3865 justum

352 3903 440 3949 est
459 3893 791 3962 exsequitur,
819 3892 912 3963 qui
955 3892 1025 3948 ad
1061 3891 1427 3948 defensionem
1449 3889 1674 3960 justitiae
1699 3906 1805 3946 non
1826 3891 1935 3945 vir-

356 3985 490 4041 tutis
513 3984 877 4051 :emulatione,
901 3983 998 4040 sed
1044 3998 1230 4040 amore
1253 3982 1461 4054 praemii
1496 3983 1807 4054 mmporalis
1844 3997 1937 4038 ex-

356 4075 577 4131 citatur.
622 4074 824 4143 lnjuste
871 4076 1014 4146 quod
1055 4074 1265 4144 justum
1306 4084 1393 4129 est
1438 4074 1790 4145 exsequitur,
1844 4074 1937 4144 qui

357 4168 552 4239 ipsam,
575 4182 736 4238 quam
778 4168 1065 4239 praetendit
1101 4167 1396 4239 justitiam,
1442 4167 1676 4223 vendere
1716 4166 1939 4221 minime

357 4268 598 4315 veretur.
621 4257 771 4314 Juste
794 4273 924 4330 ergo
936 4258 1146 4327 justum
1170 4259 1416 4329 exsequi,
1444 4266 1529 4314 est
1554 4259 1611 4313 in
1639 4258 1939 4314 assertione

348 4347 578 4418 iustitia:
599 4348 844 4405 eamdem
869 4348 1042 4418 ipsam
1062 4348 1335 4416 justitiam
1355 4358 1618 4418 quterere.

584 4480 648 4517 ι)
939 4461 1169 4519 CAPUT
1206 4458 1371 4516 XIV.’
1876 4520 1891 4525 ,

360 4555 438 4611 De
458 4572 564 4610 non
589 4553 878 4625 plantandoﬁ
904 4553 1021 4607 luco
1057 4553 1216 4623 juxta
1251 4552 1419 4625 uitare
1448 4551 1799 4625 Dogmiui,_uec
1826 4561 1936 4625 sta-

430 4628 535 4681 tuis
555 4622 951 4690 constituendis,
995 4622 1086 4677 nec
1126 4622 1410 4677 maculosis
1446 4622 1798 4677 animantibus
1846 4623 1940 4676 im-

429 4694 714 4749 molaudis.

432 4805 610 4881 (ltum)
647 4823 665 4856 ι
701 4805 819 4861 Νοη
849 4805 1120 4877 plantabis
1149 4804 1329 4861 lucum
1361 4815 1416 4861 et
1441 4819 1657 4861 omnem
1690 4804 1942 4858 arborem

367 4917 385 4949 ι
414 4899 573 4970 juxta
604 4897 775 4952 altare
804 4897 1016 4953 Domini
1042 4897 1140 4952 Dei
1171 4898 1279 4960 tui;
1308 4912 1408 4952 nec
1456 4895 1625 4970 facias
1652 4894 1754 4949 sibi
1781 4902 1944 4963 atque

367 5007 386 5040 ι
415 4963 721 5045 constituas
746 4996 1138 5058 statuam,qua:
1157 4987 1274 5043 odit
1298 4987 1559 5052 Dominus
1573 4963 1726 5041 Deus
1753 4993 1892 5039 tuus.
1919 5004 1938 5038 ι

360 5079 466 5136 Per
492 5082 608 5136 haec
623 5079 738 5135 Duo
754 5078 1098 5135 Testamenta
1125 5086 1368 5148 amputat
1399 5078 1741 5133 occasionem
1771 5076 1944 5132 idolo-

360 5174 559 5239 latrizc,
587 5188 750 5243 quam
778 5180 967 5245 gentes
994 5171 1245 5227 solebant
1290 5186 1470 5242 agere,
1502 5171 1557 5225 in
1607 5170 1742 5225 lucis
1771 5179 1825 5224 et
1849 5169 1944 5224 de-

362 5265 531 5321 lubris
559 5265 849 5320 simulacra
875 5264 977 5319 sibi
999 5264 1415 5329 constituentes,
1446 5270 1503 5316 et
1542 5262 1682 5316 idola
1712 5261 1946 5315 adoran-

361 5365 465 5413 tes.
492 5356 714 5428 Mystice
740 5365 920 5411 autem
963 5356 1120 5428 juxta
1178 5355 1352 5410 altare
1401 5354 1523 5409 tidei
1552 5352 1799 5424 prohibet
1824 5367 1940 5406 om-

362 5466 488 5506 netu
516 5448 1009 5505 infructuosltatem
1030 5447 1191 5502 otiosi
1219 5446 1512 5512 sermonis,
1538 5459 1633 5500 seu
1656 5458 1947 5514 pravorum

362 5556 610 5615 operum,
633 5551 690 5597 et
743 5541 1130 5597 obscuritatem
1177 5538 1491 5616 ignorantia:
1540 5544 1812 5600 statuere;
1847 5548 1948 5588 nec

365 5634 639 5689 fictionem
668 5633 904 5703 aliquam
933 5630 1183 5685 falsitatis
1235 5637 1397 5697 atque
1424 5627 1629 5683 erroris
1679 5624 1946 5696 permittit

366 5724 583 5782 veritati
612 5723 735 5780 tidci
755 5721 1034 5802 catholica;
1061 5719 1353 5777 associare.
1379 5716 1724 5773 luterdicitur
1750 5730 1818 5771 ne
1847 5729 1950 5799 ne:

2035 3190 2054 3223 ε
2091 3179 2179 3226 ctu
2212 3171 2420 3225 Domini
2455 3170 2550 3224 Dei
2604 3168 2716 3234 tui,
2772 3176 2824 3222 et
2876 3166 3338 3238 transgrediantur
3392 3175 3609 3235 pactum

2034 3281 2053 3313 ι
2091 3262 2331 3325 illius,ut
2350 3261 2548 3315 vadant
2576 3267 2631 3313 et
2657 3257 2897 3313 serviant
2934 3257 3036 3312 diis
3065 3256 3272 3321 alienis,
3295 3263 3350 3309 et
3387 3256 3615 3310 adorent

2036 3373 2054 3406 α
2090 3368 2201 3419 eos,
2236 3362 2290 3407 et
2311 3353 2495 3406 lunam
2527 3360 2581 3406 et
2602 3365 2817 3405 omnem
2853 3348 3097 3403 militiam
3127 3348 3249 3403 θα)ιὶ
3275 3388 3290 3412 ,
3343 3363 3463 3417 qua:
3508 3362 3613 3400 non

2036 3464 2054 3494 ε
2093 3444 2354 3514 praecepi,
2384 3452 2489 3498 etc.
2527 3462 2545 3494 ι
2574 3442 2709 3497 Tota
2739 3442 2821 3494 lex
2843 3439 3054 3495 Domini
3103 3454 3346 3494 errorem
3373 3447 3429 3493 et
3452 3437 3618 3491 idolo-

2031 3537 2244 3589 latriam
2268 3535 2503 3588 maxime
2549 3535 2879 3595 detestatur,
2927 3539 2979 3584 et
3008 3530 3204 3599 ubique
3233 3544 3351 3584 eam
3379 3529 3573 3583 evertit
3599 3545 3614 3581 :

2032 3627 2157 3695 quia
2180 3624 2473 3679 maximum
2514 3622 2690 3677 scelus
2719 3631 2802 3680 est
2825 3621 3065 3675 divinum
3113 3621 3373 3673 honorem
3405 3618 3616 3687 impen-

2033 3716 2162 3770 dere
2191 3721 2470 3777 creaturaa,
2496 3712 2639 3782 quod
2663 3710 2869 3765 faciunt
2892 3708 3139 3780 gentiles,
3168 3708 3283 3762 sive
3306 3706 3469 3761 etiam
3492 3706 3618 3759 mali

2034 3803 2305 3868 catholici,
2335 3803 2427 3872 qui
2456 3801 2586 3856 licet
2633 3799 2954 3855 credulitate
2988 3799 3056 3852 ab
3108 3798 3315 3851 unitate
3367 3796 3621 3852 Ecclesia:

2035 3908 2144 3949 non
2176 3893 2453 3959 recedant,
2486 3898 2666 3945 tamen
2692 3889 2838 3944 vitiis
2871 3888 3039 3943 variis
3073 3888 3237 3943 dediti
3270 3927 3284 3953 ,
3327 3887 3502 3957 magis
3533 3886 3618 3940 iu-

2035 3984 2326 4037 veniuntur
2354 3997 2451 4053 per
2478 3981 2827 4053 cupiditatem
2873 3966 3146 4033 terrenam
3174 3977 3381 4033 servire
3402 3977 3616 4033 diabolo

2039 4091 2199 4145 quam
2247 4090 2342 4145 per
2388 4074 2654 4128 bonorum
2710 4086 2932 4141 operum
2966 4069 3352 4124 abundantiam
3391 4068 3621 4122 militare

2039 4165 2168 4220 Deo.
2199 4164 2309 4220 llos
2347 4164 2489 4220 enim
2518 4162 2783 4231 lapidibus
2810 4160 2963 4216 obrui
2998 4160 3262 4230 praecipit,
3286 4159 3410 4228 quia
3435 4158 3620 4210 distri—

2041 4267 2127 4313 cta
2173 4254 2439 4311 sententia
2491 4250 2824 4307 damnandos
2881 4264 3001 4305 esse
3048 4248 3328 4319 praevidit:
3366 4265 3384 4297 ε
3421 4247 3477 4311 In
3524 4262 3623 4302 ore

2043 4347 2268 4402 duorum
2294 4345 2382 4399 vel
2411 4344 2573 4398 trium
2621 4341 2859 4405 testium,
2888 4339 3121 4410 peribit,
3177 4338 3267 4408 qui
3319 4338 3615 4392 interﬁcie-

1964 4461 2020 4520 Β
2046 4445 2150 4490 tur.
2181 4454 2200 4487 ι
2244 4433 2382 4502 Quid
2427 4441 2511 4488 est
2558 4431 2701 4503 quod
2735 4432 2788 4485 in
2815 4446 2911 4485 ore
2944 4430 3173 4484 duorum
3208 4428 3294 4482 vel
3343 4428 3505 4482 trium
3534 4436 3613 4482 te-

2044 4526 2206 4581 stium
2235 4524 2415 4594 perire
2446 4523 2661 4587 dicitur,
2693 4523 2782 4592 qui
2813 4522 3029 4586 noxius,
3051 4528 3156 4585 est,
3197 4519 3301 4574 nisi
3330 4519 3455 4590 quia
3489 4528 3627 4574 atte-

2043 4617 2333 4673 stationem
2358 4614 2492 4686 legis
2537 4620 2593 4669 et
2621 4613 3005 4684 prephetarum
3034 4617 3196 4679 atque
3223 4609 3626 4679 evangeliorum

2043 4725 2165 4765 esse
2187 4706 2542 4769 convincitur,
2573 4705 2664 4774 qui
2695 4702 3139 4759 divinarcultura:
3189 4701 3472 4757 indevotus
3506 4718 3629 4761 esse

2045 4801 2332 4871 reperitur.
2363 4795 2517 4853 Unde
2545 4794 2795 4851 Salvator
2823 4795 2876 4848 in
2900 4792 3193 4864 Evangelio
3220 4792 3298 4868 ait
3322 4808 3338 4845 :
3376 4810 3394 4843 ε
3432 4790 3629 4847 Sermo

2046 4906 2205 4963 quem
2231 4891 2444 4946 locutus
2492 4902 2613 4942 sum
2640 4887 2815 4953 vobis,
2846 4884 3247 4957 ipsejudicabit
3286 4900 3409 4940 eum
3454 4884 3510 4939 in
3537 4900 3631 4938 no-

2045 4982 2267 5039 vissimo
2294 4981 2398 5038 die.
2435 4999 2456 5034 ι

2639 5070 2866 5128 CAPUT
2903 5069 3042 5127 XVI.

2051 5166 2203 5232 Quod
2218 5166 2427 5237 judicia
2458 5164 2691 5289 άὶιῖὶεὶιὶα
2717 5164 2785 5218 ad
2811 5164 3105 5218 sacerdotes
3128 5163 3398 5233 referenda
3429 5159 3559 5220 sint,
3581 5162 3631 5209 σι

2267 5236 2405 5289 auod
2434 5236 2522 5289 ina
2557 5236 2783 5289 edientes
2820 5243 2984 5289 morte
3012 5232 3271 5287 multandi
3294 5235 3416 5284 sint.

2267 5236 2405 5307 quod
2434 5232 2783 5291 imibedientes
2820 5243 2984 5289 morte
3012 5232 3271 5287 multandi
3294 5235 3416 5284 sint.

2125 5347 2273 5421 (CAP.
2305 5347 2462 5420 xvn.)
2497 5367 2515 5400 ι
2556 5347 2613 5403 Si
2661 5345 2873 5404 difﬁcile
2928 5358 2982 5402 ct
3037 5345 3344 5413 ambiguum
3390 5338 3528 5408 apud
3577 5345 3632 5391 te

2059 5459 2077 5490 ‹
2108 5438 2371 5509 judicium
2400 5454 2519 5494 esse
2539 5440 2882 5509 perspexeris
2911 5436 3051 5491 inter
3073 5432 3390 5503 sanguinem
3419 5436 3476 5482 et
3500 5443 3631 5482 sau-

2061 5548 2079 5578 ι
2110 5530 2345 5601 guinem,
2375 5544 2597 5583 causam
2618 5537 2673 5583 et
2697 5542 2939 5591 causam,
2966 5526 3169 5594 lepram
3191 5530 3375 5574 etnon
3403 5518 3632 5587 lepram,

2061 5639 2078 5670 ι
2113 5627 2167 5674 et
2205 5618 2447 5687 jndtcum
2488 5619 2627 5672 intra
2677 5625 2862 5687 portas
2918 5623 3037 5668 tuas
3087 5609 3287 5664 videris
3322 5610 3485 5663 verba
3534 5624 3629 5662 va-

2062 5731 2080 5765 ι
2114 5709 2269 5779 riari,
2300 5724 2459 5782 surge
2511 5717 2565 5765 et
2620 5706 2850 5763 ascende
2894 5705 2959 5759 ad
2994 5702 3166 5759 locum
3205 5713 3366 5772 queui
3409 5697 3636 5770 elegerit
