3978 6182
419 257 524 317 903

1049 245 1111 307 B.
1153 244 1405 305 RABANI
1444 240 1660 300 MAURI
1697 242 2017 299 ARCHIEP.
2055 236 2363 297 MOGUNT.
2405 230 2689 293 OPERUM
2731 232 2908 289 PARS
2938 233 2979 289 1.

3548 228 3651 290 9οι

422 391 445 425 ι
478 370 733 430 Dominus
758 366 900 422 Deus
944 372 1094 428 tuus;
1132 361 1420 430 veniesque
1462 359 1531 413 ad
1561 356 1868 413 sacerdotes
1895 355 1993 409 Le-
2020 355 2069 415 Α
2096 352 2204 407 ait:
2230 350 2346 407 Non
2374 348 2751 420 multiplicabit
2779 348 2880 402 sibi
2909 361 3137 411 uxores,
3175 355 3236 400 ut
3272 361 3382 401 non
3429 347 3657 402 discedat

424 479 444 512 ι
481 459 622 514 vitici
647 454 878 528 generis,
907 461 955 506 et
982 452 1048 506 ad
1082 449 1320 517 judicem
1346 447 1438 517 qui
1469 445 1631 501 fuerit
1654 445 1742 499 illo
1776 444 1830 498 in
1854 452 1989 497 tem-

424 567 444 601 ι
477 562 638 618 pore;
683 557 997 614 qumresquc
1030 542 1096 595 ab
1137 540 1217 593 eis
1263 539 1354 607 qui
1392 538 1704 592 iudicabunt
1732 536 1824 589 tibi
1848 534 1908 603 ju
1930 534 1991 588 ii-

427 659 444 689 i
477 640 549 692 cii
579 636 893 698 veritatem;
936 640 991 686 et
1025 628 1188 683 facies
1214 628 1572 696 quodcunque
1616 625 1853 690 dixerit,
1900 624 1992 694 qui

426 752 443 781 ι
481 737 718 800 praesunt
756 724 872 778 loco
915 736 1074 792 quem
1126 720 1347 791 elegerit
1372 719 1631 774 Dominus
1654 758 1669 782 ,
1717 727 1771 772 et
1800 718 1993 772 docue-

426 838 445 870 ι
481 825 606 872 runt
634 814 853 883 tejuxta
890 813 1060 882 legem
1110 809 1245 879 ejus,
1273 817 1375 865 etc.
1413 829 1431 861 ι
1487 808 1598 863 Hac
1625 808 1890 861 sententia
1921 807 1994 860 les

419 907 644 979 gislator
687 906 847 960 ritum
903 903 1055 957 docet
1085 900 1435 956 ecclesiastici
1483 898 1788 960 ministerii,
1821 906 1878 951 ut
1911 913 1996 951 sa-

419 997 668 1051 cerdotes
709 1003 762 1047 et
796 990 1053 1062 prmsules
1100 988 1464 1044 Ecclesiarum
1515 987 1632 1052 Dei,
1659 985 1859 1054 judicia
1902 1002 1993 1041 ec-

421 1084 721 1141 clesiastica
753 1081 1046 1136 secundum
1091 1087 1416 1150 potestatem
1467 1078 1569 1134 sibi
1596 1078 1778 1132 datam
1829 1092 1857 1131 a
1884 1076 1995 1131 Deo

422 1183 734 1232 reverenter
755 1181 918 1242 agant
938 1170 1189 1240 justeque
1214 1170 1525 1225 discernant
1554 1185 1745 1224 causas
1764 1176 1819 1223 et
1846 1179 1997 1224 actus

421 1264 774 1336 singulorum.
814 1260 925 1316 Hoc
955 1261 1190 1315 maxime
1218 1249 1580 1323 commendat,
1612 1269 1671 1313 ut
1700 1260 1812 1328 ipsa
1853 1259 1999 1328 judi-

421 1356 503 1409 cia
533 1368 637 1408 non
670 1352 961 1406 secundum
989 1366 1084 1405 sua
1108 1350 1275 1405 libera
1306 1350 1550 1419 quisque,
1582 1349 1674 1404 sed
1705 1350 1999 1404 secundum

423 1444 556 1515 legis
585 1442 793 1496 Domini
825 1456 984 1510 agere
1013 1441 1225 1495 studeat
1250 1441 1492 1504 decr-sta;
1528 1455 1625 1494 nec
1659 1442 1727 1494 ob
1770 1439 1999 1509 gratiam

424 1535 536 1588 sive
575 1530 824 1599 injuriam
854 1529 1139 1598 cujuslibet
1189 1531 1531 1599 suscipiendo
1577 1546 1860 1600 personam
1884 1547 2001 1585 mu-

427 1632 504 1676 tet
529 1621 873 1685 sententiam,
903 1621 996 1675 sed
1041 1620 1092 1674 in
1140 1621 1390 1675 omnibus
1430 1622 1590 1675 rebus
1623 1620 1754 1691 legis
1785 1621 1996 1677 Domini

2090 458 2186 498 cor
2232 441 2379 510 ejus;
2423 450 2478 497 et
2516 446 2796 511 argentum
2823 447 2881 493 et
2915 452 3106 491 aurum
3151 452 3257 491 non
3295 436 3658 506 multiplicabit

2091 535 2192 589 sibi
2226 534 2400 588 valde.
2445 533 2598 588 Unde
2632 531 2895 601 quaeritur
2935 538 3112 583 utrum
3138 528 3303 583 David
3348 535 3536 583 contra
3559 529 3655 585 hoc

2090 632 2417 696 prieceptum
2440 640 2547 677 non
2578 621 2786 687 fecerit,
2816 636 2920 675 non
2945 620 3088 674 enim
3121 634 3279 673 unam
3311 618 3505 673 habuit
3539 634 3658 674 uxo-

2092 732 2228 771 rem.
2261 716 2393 769 Nam
2424 716 2490 769 de
2518 714 2805 769 Salomone
2838 710 3185 766 manifestum
3213 719 3298 764 est
3320 710 3465 779 quod
3496 718 3659 765 trans-

2093 822 2311 877 gressus
2349 805 2509 859 fuerit
2537 806 2640 859 hoc
2670 814 3015 874 praeceptum,
3042 809 3096 855 et
3137 802 3193 858 in
3236 799 3472 864 feminis,
3510 808 3563 854 et
3614 802 3660 856 in

2094 911 2249 961 auro,
2279 906 2333 948 et
2357 895 2411 949 in
2442 903 2687 963 argento.
2712 883 2817 947 Sed
2842 892 2973 946 hinc
2997 892 3174 960 potius
3196 890 3514 960 intelligitur
3547 906 3663 961 per-

2095 988 2317 1043 missum
2335 987 2496 1041 fuisse
2509 985 2741 1055 regibus,
2758 991 2817 1036 ut
2836 982 3015 1053 plures
3031 982 3290 1036 haberent
3305 995 3473 1051 quam
3491 997 3659 1035 unam.

2097 1077 2452 1147 Multiplicare
2474 1077 2615 1130 enim
2638 1073 2893 1145 prohibiti
2919 1082 3079 1137 sunt;
3107 1086 3228 1140 qua:
3264 1070 3555 1139 prohibitio
3570 1086 3662 1124 non

2098 1169 2261 1223 habet
2290 1167 2795 1238 transgressionem,
2825 1163 2870 1218 si
2918 1176 3103 1233 pauca:
3133 1161 3357 1225 fuerint,
3406 1160 3541 1215 sicut
3573 1162 3665 1215 Da-

2097 1259 2189 1313 vid
2239 1260 2491 1321 fuerunt,
2551 1273 2656 1312 non
2717 1263 2898 1311 autem
2959 1254 3140 1308 multae
3196 1254 3338 1308 sicut
3385 1252 3662 1307 Salomon:

2099 1350 2345 1419 quamvis
2366 1365 2489 1407 cum
2512 1349 2736 1413 addidit,
2775 1366 2794 1398 ‹
2828 1356 2887 1402 ιιι
2929 1362 3035 1402 non
3074 1346 3319 1401 discedat
3349 1360 3448 1400 cor
3481 1343 3611 1412 ejus,
3645 1365 3663 1396 ι

2101 1442 2204 1495 hoc
2226 1441 2396 1511 magis
2422 1440 2632 1494 videtur
2658 1438 3006 1509 praecepisse,
3030 1436 3536 1505 nevmultiplicando
3560 1452 3670 1506 per-

2100 1532 2281 1585 veniat
2318 1529 2385 1584 ad
2421 1530 2750 1599 alienigenas
2796 1528 3049 1592 feminas,
3087 1542 3185 1597 per
3213 1542 3354 1596 quas
3381 1525 3574 1581 factum
3596 1535 3670 1581 est

2101 1620 2155 1674 in
2184 1619 2492 1685 Salomone,
2525 1628 2580 1673 ut
2604 1619 2904 1674 discederet
2924 1633 3020 1673 cor
3050 1617 3166 1686 ejus
3194 1633 3225 1671 a
3249 1618 3382 1673 Deo.
3431 1618 3669 1689 Multipli-

426 1713 677 1765 observet
728 1708 1015 1778 justitiam.
1060 1710 1125 1763 Et
1167 1710 1294 1780 quia
1342 1725 1564 1765 necesse
1593 1719 1675 1766 est
1702 1719 1761 1765 ut
1799 1710 2002 1766 subditi
2034 1703 2079 1760 B
2107 1709 2248 1764 eatio
2277 1716 2456 1763 tamen
2504 1708 2827 1777 generaliter
2850 1708 2921 1762 ita
2970 1708 3240 1777 prohibita
3275 1715 3392 1773 est,
3430 1717 3491 1763 ut
3520 1711 3668 1764 e‘.iam

428 1816 639 1870 quoque
683 1799 1059 1871 magistrorum
1106 1800 1447 1854 consentiant
1472 1800 1794 1868 disciplinae,
1823 1800 2007 1855 inube-

427 1892 696 1945 dicntibus
724 1906 786 1945 ac
809 1888 1242 1959 superbientibus
1266 1904 1388 1944 mox
1418 1905 1538 1959 qua:
1566 1905 1659 1945 eos
1680 1889 2008 1958 obsequatur

430 1996 608 2050 paena,
636 1980 1210 2035 demonstratdicens:
1251 1997 1270 2030 ι
1303 1978 1404 2045 Qui
1444 1989 1624 2033 autem
1682 1978 2008 2048 superbierit

436 2090 454 2122 ι
495 2071 682 2125 nolens
710 2070 929 2125 oLedire
958 2070 1253 2125 sacerdotis
1279 2069 1523 2139 imperio,
1548 2070 1637 2138 qui
1676 2086 1741 2123 eo
1770 2080 2008 2138 tempore

439 2182 456 2209 ι
492 2162 760 2216 ministrat
805 2159 1031 2213 Domino
1059 2159 1167 2213 Deo
1203 2167 1314 2223 tuo,
1344 2158 1558 2214 decreto
1593 2156 1787 2227 judieis
1815 2158 2010 2212 morie-

442 2270 460 2301 ι
496 2260 582 2305 tur
598 2252 711 2306 ille:
728 2259 781 2305 et
806 2252 1017 2305 auferes
1041 2251 1236 2304 malum
1263 2250 1326 2305 de
1350 2249 1526 2305 medio
1550 2252 1646 2314 tui,
1663 2259 1716 2304 ct
1738 2250 1961 2319 reliqua.
1985 2269 2001 2301 ι

436 2328 714 2412 Morietur,
742 2346 935 2415 inquit,
965 2346 1150 2412 homo,
1179 2347 1268 2416 qui
1296 2347 1514 2402 obedire
1542 2347 1775 2402 noluerit
1824 2362 2008 2402 sacer-

438 2439 578 2493 dotis
608 2439 874 2508 imperio:
905 2439 1072 2507 ipsius
1118 2439 1368 2494 videlicet
1408 2440 1703 2495 sacerdotis
1750 2438 2008 2509 imperio,

437 2530 529 2598 qui
560 2528 854 2583 secundum
876 2529 1121 2584 ordinem
1145 2529 1532 2585 Melchisedech
1562 2530 1814 2585 sacerdos
1836 2528 2011 2583 factus

438 2619 491 2670 in
531 2625 811 2682 :rternum,
836 2623 1082 2686 pastores
1103 2657 1117 2682 ,
1157 2619 1261 2673 hoc
1283 2629 1387 2685 est,
1417 2619 1645 2674 vicarios
1670 2635 1795 2675 suos
1814 2618 2013 2674 consti-

336 2772 343 2779 _
438 2708 540 2761 mit
581 2721 767 2778 regere
805 2693 1114 2762 'Ecelesiam
1175 2724 1334 2777 quam
1404 2709 1691 2779 acquisivit
1755 2709 2012 2780 sanguine

438 2813 558 2860 suo,
583 2807 642 2851 ut
667 2812 766 2867 pro
787 2797 903 2867 ipso
936 2795 1198 2867 legatione
1220 2796 1385 2852 functi
1416 2797 1758 2868 Evangelium
1805 2799 1861 2852 in
1900 2806 2012 2852 toto

437 2890 570 2941 orite
589 2886 965 2957 praedicarent.
1000 2886 1099 2953 Qui
1124 2897 1341 2957 quanta:
1368 2889 1705 2943 auctoritatis
1751 2889 1859 2944 sint
1899 2888 2013 2959 ipse

438 2978 770 3032 demonstrat
803 2979 986 3034 dicens
1015 2997 1027 3032 :
1073 2997 1092 3029 ‹
1138 2979 1239 3046 Qui
1282 2995 1378 3034 vos
1408 2980 1578 3044 audit,
1630 2995 1717 3033 me
1745 2980 1928 3045 audit;
1959 2988 2014 3035 et

2109 1801 2158 1855 si
2186 1816 2253 1855 ex
2292 1797 2531 1853 Hebraeis
2573 1797 2702 1852 solis
2728 1813 2820 1852 eas
2863 1797 3303 1868 multiplicasset,
3355 1807 3541 1854 contra
3581 1800 3670 1856 hoc

2108 1899 2436 1961 praeceptum
2467 1888 2658 1945 fecisse
2688 1889 2884 1944 merito
2910 1889 3062 1959 argui
3104 1895 3307 1958 posset.
3339 1891 3491 1954 Quod
3507 1898 3670 1946 autem

2108 1982 2294 2050 utique
2336 1980 2808 2035 Deuterouomium
2842 1980 2891 2034 ei
2944 1979 3104 2035 scribi
3130 1978 3305 2049 jubet,
3337 1989 3393 2036 et
3418 1981 3518 2052 legi
3564 1997 3670 2036 om-

2110 2073 2272 2127 nibus
2310 2071 2522 2135 diebus,
2553 2071 2789 2127 ostendit
2813 2086 2936 2125 eum
2966 2087 3070 2126 non
3102 2072 3467 2141 superbiendo
3489 2088 3578 2128 sua
3601 2089 3674 2127 se-

2110 2160 2201 2229 qui
2231 2160 2428 2216 debere
2477 2160 2648 2227 libita,
2673 2161 2767 2216 sed
2791 2161 3067 2216 humiliter
3093 2162 3274 2217 divina
3297 2176 3516 2219 servare
3551 2178 3673 2234 prte-

2111 2261 2287 2320 cepta.

2671 2344 2898 2401 CAPUT
2937 2345 3119 2454 I/iVlll.

2112 2456 2189 2510 De
2218 2458 2570 2512 sacerdotibus
2607 2467 2654 2512 et
2682 2457 2893 2522 Levitis,
2941 2460 3081 2530 quod
3123 2477 3225 2514 non
3250 2461 3474 2516 debeant
3508 2462 3674 2516 habere

2180 2530 2524 2596 possessiones
2575 2545 2635 2580 ac
2677 2539 2841 2582 sortes
2878 2545 3003 2583 suos
3051 2531 3187 2584 inter
3240 2540 3462 2586 ca’teras
3504 2533 3667 2593 tribus,

2182 2597 2273 2650 sed
2294 2597 2689 2651 dilatatiouibus
2714 2596 2920 2652 Domini
2949 2601 3251 2655 sustentari.

2146 2764 2147 2767 η
2192 2705 2343 2778 (Car.
2369 2706 2546 2769 xvlu.)
2580 2726 2599 2759 ι
2622 2707 2738 2766 Non
2781 2710 3056 2765 habebunt
3078 2711 3392 2768 sacerdotes
3420 2722 3473 2768 et
3501 2714 3676 2768 Levius

2118 2816 2138 2850 ι
2169 2813 2377 2865 omnes,
2405 2801 2494 2871 qui
2527 2803 2592 2857 de
2627 2801 2813 2857 eadem
2845 2801 2985 2855 tribu
3016 2811 3160 2867 sunt,
3186 2811 3406 2872 partem
3448 2813 3501 2859 et
3529 2806 3673 2861 haere-

2119 2908 2141 2946 ι
2175 2893 2400 2948 ditatem
2423 2909 2545 2949 cum
2584 2894 2792 2965 reliquo
2819 2894 3005 2961 Israel,
3031 2897 3156 2965 quia
3179 2896 3449 2952 sacrificia
3491 2893 3672 2949 Domini

2123 3002 2142 3036 ι
2184 2993 2239 3040 et
2263 2984 2566 3040 oblationes
2587 2985 2703 3055 ejus
2728 2985 3033 3049 comedent,
3085 2997 3141 3040 et
3185 2986 3325 3040 nihil
3375 2986 3513 3041 aliud
3554 2985 3674 3039 acci-

438 3069 530 3139 qui
559 3084 653 3124 vos
676 3069 901 3138 spernit,
939 3084 1024 3123 me
1062 3070 1286 3139 spernit.
1313 3069 1414 3136 Qui
1440 3078 1623 3123 autem
1669 3085 1756 3124 me
1790 3069 2011 3138 spernit,
2042 3048 2086 3109 (ἶ
2123 3088 2142 3121 ι
2179 3073 2327 3141 pient
2366 3072 2434 3127 de
2478 3075 2819 3142 possessione
2879 3071 3104 3129 fratrum
3154 3091 3402 3131 suorum.
3449 3074 3676 3130 Dominus

440 3162 649 3232 spernit
693 3177 817 3216 eum
845 3162 936 3231 qui
978 3178 1062 3217 me
1090 3163 1239 3218 misit
1274 3161 1436 3232 (Luc.
1483 3159 1572 3229 ι).
1622 3180 1641 3213 ι
1677 3161 1905 3229 Dignum
1934 3167 2018 3213 est

441 3268 593 3324 ergo,
617 3260 674 3305 ut
695 3268 804 3306 sine
831 3252 1188 3306 damnationis
1237 3251 1467 3320 accipiat
1514 3251 1833 3306 sententiam
1858 3289 1875 3315 ,
1925 3247 2016 3318 qui

444 3358 551 3396 non
578 3342 768 3397 metuit
797 3349 1142 3395 contemnere
1163 3340 1468 3394 Divinitatis
1489 3338 1806 3408 potentiam.

1032 3451 1259 3508 CAPUT
1299 3451 1460 3508 XVII.

444 3550 520 3604 De
551 3546 907 3603 cous:ituendo
951 3560 1073 3615 rege,
1109 3558 1265 3615 super
1311 3540 1659 3615 [Maelique
1705 3541 1927 3610 propriis
1969 3549 2018 3594 et

656 3634 758 3671 non
786 3617 848 3669 ob
880 3610 1122 3676 externis,
1151 3610 1195 3666 et
1212 3613 1334 3682 jure
1357 3613 1490 3681 regis
1517 3610 1765 3682 legitimo.

518 3706 693 3781 (Ιιιιυ.)
727 3725 743 3756 ‹
792 3705 923 3761 Cum
959 3705 1234 3775 ingressus
1275 3701 1442 3757 fueris
1497 3712 1692 3756 terram
1719 3715 1880 3770 quam
1917 3699 2020 3754 Do—

449 3819 470 3853 ‹
501 3801 678 3854 minus
706 3799 847 3851 Deus
878 3805 1000 3850 tuus
1027 3795 1174 3850 dabit
1204 3794 1318 3858 tibi,
1344 3802 1398 3847 et
1423 3792 1724 3863 possederis
1752 3807 1892 3855 eam,
1923 3791 2019 3845 ha-

451 3906 471 3942 ι
505 3888 867 3956 bitaverisque
915 3886 967 3939 in
997 3885 1105 3950 illa,
1144 3892 1201 3938 et
1221 3883 1462 3940 dixeris:
1493 3883 1829 3938 Constituam
1859 3897 2021 3951 super

453 4003 471 4033 ι
507 3998 592 4036 me
621 3995 819 4049 regem,
851 3978 989 4032 sicut
1015 3976 1216 4030 habent
1255 3990 1443 4028 omnes
1489 3989 1587 4043 per
1615 3973 1896 4028 circuitum
1924 3988 2020 4025 na-

453 4091 472 4122 ι
512 4072 708 4134 tiones,
733 4082 856 4123 eum
900 4067 1216 4131 constitues,
1241 4080 1401 4134 quem
1449 4064 1706 4119 Dominus
1734 4064 1875 4118 Deus
1899 4072 2021 4119 tuus

455 4186 474 4215 ι
508 4164 730 4233 elegerit
770 4162 835 4217 de
873 4175 1097 4215 numero
1136 4157 1362 4213 fratrum
1394 4166 1629 4211 tuorum.
1660 4155 1775 4211 Non
1820 4155 2022 4227 poteris

455 4279 475 4310 ι
516 4258 738 4312 alterius
776 4255 951 4327 gentis
1002 4254 1270 4309 hominem
1319 4265 1499 4320 regem
1546 4248 1726 4305 facere
1773 4249 1865 4319 qui
1915 4264 2022 4303 non

457 4371 475 4399 ι
515 4350 585 4403 sit
614 4348 780 4402 frater
810 4355 951 4400 tuus.
985 4364 1003 4397 ι
1034 4343 1208 4411 ρυίιινὶ
1246 4350 1423 4412 potest
1445 4356 1541 4395 cur
1568 4340 2021 4410 displicueritpo-

451 4439 607 4509 pulus
629 4438 757 4502 Deo,
795 4435 1008 4507 quando
1040 4449 1214 4505 regem
1252 4432 1575 4487 desideravit
1602 4472 1617 4499 ,
1667 4449 1789 4489 cum
1815 4433 1902 4487 hic
1940 4433 2021 4487 in—
2050 4412 2099 4469 D

453 4522 697 4581 veniatur
724 4542 843 4583 esse
899 4526 1210 4596 permissus.
1253 4522 1356 4577 Sed
1386 4524 1554 4594 magis
1603 4525 1689 4577 hic
1725 4523 2025 4592 intelligen-

455 4618 580 4670 dum
608 4625 689 4671 est
731 4616 954 4679 merito,
996 4632 1101 4670 non
1148 4614 1312 4668 fuisse
1356 4613 1649 4667 secundum
1692 4612 2022 4668 voluntatem

456 4710 571 4774 Dei,
601 4709 723 4779 quia
767 4708 880 4763 fieri
907 4709 1009 4764 hoc
1039 4723 1143 4763 non
1173 4705 1442 4777 praecepit,
1472 4705 1565 4760 sed
1591 4705 2025 4762 desiderantibus

452 4800 728 4872 permisit;
766 4808 1135 4854 verumtamen
1182 4798 1456 4868 praecepit,
1482 4814 1548 4853 ne
1603 4798 1756 4852 fieret
1786 4796 2023 4863 alienus,

453 4892 550 4946 sed
584 4891 770 4955 frater,
799 4889 853 4942 id
881 4898 980 4954 est,
1004 4906 1070 4944 ex
1116 4890 1302 4945 eodem
1341 4890 1535 4960 populo
1578 4890 1825 4959 indigena
1848 4928 1863 4953 ,
1914 4905 2025 4944 non

453 4981 772 5050 alienigena.
792 4979 942 5046 Quod
966 4996 1069 5033 non
1096 4980 1313 5050 poteris,
1344 4980 1745 5051 intelligendum
1774 4987 1855 5034 est
1886 5021 1898 5033 .
1921 4996 2025 5033 non

456 5072 695 5127 debebis.
736 5089 754 5120 ι
781 5069 1022 5140 Cumque
1067 5069 1228 5124 fuerit
1254 5072 1596 5136 constitutus,
1628 5088 1732 5126 non
1774 5071 2029 5141 multipli-

461 5180 482 5212 ε
513 5162 654 5216 cabit
681 5162 780 5217 sibi
802 5176 986 5231 equos,
1011 5177 1110 5215 nec
1140 5161 1358 5216 reducet
1380 5162 1633 5231 populum
1662 5162 1714 5215 in
1736 5161 2027 5233 [Egyptian

461 5270 482 5301 ο
518 5253 790 5321 equitatus
818 5265 1042 5305 numero
1062 5251 1391 5316 sublevatus,
1412 5252 1710 5321 priesertim
1744 5268 1867 5306 cum
1891 5268 2027 5322 prae-

461 5357 483 5390 c
513 5341 715 5409 ceperit
754 5340 927 5405 vobis,
950 5350 1009 5395 ut
1035 5356 1370 5410 nequaquam
1396 5340 1625 5409 amplius
1651 5357 1748 5412 per
1785 5344 2026 5397 eamdem

465 5448 486 5483 ι
516 5433 657 5485 viam
698 5434 1060 5488 revertamini.
1098 5433 1214 5489 Non
1259 5432 1479 5488 habebit
1510 5450 1704 5487 uxores
1734 5433 1988 5503 plurimas
2011 5474 2026 5499 ,

464 5540 487 5575 ι
518 5539 637 5593 qua:
666 5526 887 5579 illiriant
917 5526 1153 5579 animum
1185 5525 1301 5595 ejus
1326 5564 1341 5589 ,
1384 5538 1555 5593 neque
1579 5523 1786 5594 argenti
1832 5532 1888 5577 et
1910 5523 2029 5577 auri

463 5627 487 5664 ι
520 5612 776 5668 immensa
806 5617 1059 5684 pondera,
1084 5625 1188 5670 etc.
1222 5636 1238 5667 ι
1279 5615 1354 5689 De
1388 5630 1513 5685 rege
1558 5630 1679 5669 cum
1720 5615 2031 5683 loqueretur

2125 3178 2143 3209 ‹
2179 3160 2323 3214 enim
2358 3160 2474 3230 ipse
2524 3169 2605 3216 est
2639 3163 2924 3217 brereditas
2950 3179 3161 3229 eorum,
3192 3166 3340 3220 sicut
3373 3166 3572 3221 locutus
3607 3174 3676 3218 est

2130 3269 2147 3302 ι
2183 3251 2306 3305 illis.
2341 3272 2360 3304 ι
2392 3252 2460 3306 Et
2489 3253 2541 3307 in
2557 3252 2737 3309 Veteri
2760 3263 2815 3309 et
2835 3256 2884 3310 in
2902 3254 3050 3309 Novo
3067 3256 3418 3312 Testamento
3434 3255 3669 3311 ministris

2119 3340 2305 3396 altaris
2334 3351 2389 3397 et
2416 3344 2769 3399 servitoribus
2792 3346 2973 3415 templi
3005 3346 3216 3403 Domini
3246 3350 3555 3403 mandatum
3586 3355 3674 3409 est,

2120 3433 2186 3488 de
2212 3433 2542 3489 oblationum
2572 3434 2820 3506 largitate
2868 3445 2924 3491 et
2971 3435 3306 3493 decimarum
3358 3439 3481 3493 dato
3527 3437 3675 3491 nutri-

2120 3530 2359 3578 mentum
2381 3524 2601 3588 haherc,
2626 3540 2728 3579 nec
2753 3526 2983 3589 terrenis
3014 3528 3450 3596 possessionibus
3481 3540 3675 3582 conces-
3702 3588 3711 3594 _

2121 3628 2240 3668 sum
2260 3622 2342 3669 est
2370 3614 2450 3669 eis
2475 3613 2861 3684 adipiscendis,
2913 3616 3021 3669 ullo
3069 3615 3229 3670 modo
3276 3616 3506 3670 inhiare.
3549 3613 3678 3667 l‘nde

2119 3708 2379 3765 Dominus
2432 3712 2486 3764 in
2532 3710 2820 3780 Evangelia
2858 3708 3116 3779 apostolis
3161 3717 3216 3762 et
3254 3705 3676 3778 praedicatoribus

2121 3800 2398 3873 Evangelii
2449 3802 2725 3873 praecepit,
2759 3802 2979 3858 dicens:
3020 3820 3039 3852 ε
3073 3800 3275 3856 Euutes
3308 3809 3487 3855 autem
3513 3796 3676 3868 prndi-

2121 3900 2239 3948 cate
2260 3892 2518 3957 dicentes,
2542 3892 2669 3961 quia
2689 3891 3135 3962 apprOpinquavit
3163 3905 3394 3961 regnum
3419 3889 3671 3945 caelorum.

2122 3982 2368 4037 lnfirmos
2397 3992 2616 4045 curate,
2671 3990 2915 4038 mortuos
2943 3981 3229 4045 suscitate,
3278 3979 3517 4050 leprosos
3543 3990 3674 4029 ιιιιιιι-

2122 4075 2267 4138 date,
2291 4072 2562 4128 daemones
2591 4072 2769 4142 ejicite
2797 4092 2810 4127 :
2842 4072 3013 4144 gratis
3037 4071 3351 4142 accepistis,
3374 4071 3536 4142 gratis
3554 4067 3672 4120 date.

2121 4163 2297 4220 Nolite
2333 4158 2610 4233 possidere
2659 4179 2849 4218 aurum
2893 4171 2951 4219 et
2985 4171 3286 4234 argentum,
3331 4176 3501 4231 neque
3536 4171 3674 4227 pecu-

2123 4258 2266 4312 niam
2299 4258 2352 4311 in
2395 4257 2546 4312 zonis
2574 4257 2790 4320 vestris,
2822 4271 2929 4310 non
2954 4270 3139 4327 peram
3167 4255 3223 4308 in
3248 4254 3362 4319 via',
3376 4266 3542 4323 neque
3562 4249 3676 4302 duas

2125 4350 2355 4415 tunicas,
2381 4364 2555 4418 neque
2590 4348 2975 4411 calceamenta,
3009 4362 3184 4416 neque
3230 4345 3459 4416 virgam.
3503 4342 3673 4410 Dignus

2125 4448 2206 4495 est
2230 4441 2371 4495 enim
2395 4439 2674 4510 operarius
2700 4438 2946 4493 mercede
2970 4436 3184 4500 sua,vel
3204 4436 3328 4491 cibo
3353 4450 3450 4490 suo
3474 4428 3664 4502 (Matth.

2126 4527 2200 4600 χ).
2235 4549 2253 4581 ι
2310 4527 2447 4583 Hine
2489 4526 2686 4581 Paulus
2733 4523 3027 4580 Corinthiis
3069 4525 3339 4594 loquens:
3384 4542 3403 4573 ι
3440 4518 3671 4578 Nescitis,

2126 4620 2318 4689 inquit,
2347 4619 2600 4688 quoniam
2632 4616 2721 4687 qui
2747 4616 2801 4670 in
2851 4616 3092 4671 sacrario
3119 4623 3440 4686 operantur,
3488 4623 3595 4680 quae
3618 4605 3673 4659 de

2126 4712 2364 4767 sacrario
2392 4715 2518 4765 sunt
2560 4708 2761 4764 edunt?
2816 4716 2871 4762 et
2896 4707 2988 4776 qui
3034 4705 3192 4761 altari
3221 4705 3544 4765 deserviunt,
3570 4711 3669 4753 cum

2125 4802 2281 4857 altari
2313 4799 2739 4871 participantur?
2784 4799 2860 4853 lta
2914 4807 2970 4853 et
3014 4797 3274 4852 Dominus
3315 4793 3573 4850 ordinavit
3604 4788 3668 4841 bis

2110 4891 2220 4960 ‘qui
2244 4889 2590 4959 Evangelium
2639 4888 2976 4949 annuntiant,
3008 4888 3074 4942 de
3128 4885 3619 4957 Evangeliovivere.
3651 4894 3666 4926 ι

2129 4981 2264 5036 Hinc
2289 4989 2345 5036 et
2376 4981 2443 5033 ad
2472 4979 2813 5034 Timotheum
2874 4978 3117 5034 scribens
3158 4980 3266 5033 ait:
3301 4997 3320 5028 ι
3360 4976 3522 5031 Nemo
3554 4968 3674 5026 mili-

2130 5084 2249 5129 tans
2281 5072 2411 5133 Deo,
2441 5070 2676 5139 implicet
2710 5086 2768 5125 se
2789 5070 3016 5140 negotiis
3037 5069 3402 5131 szecularihus,
3428 5076 3483 5121 ut
3501 5063 3546 5117 ei
3573 5060 3669 5131 pla-

2128 5173 2247 5219 ceat
2285 5163 2370 5218 cui
2405 5177 2464 5216 se
2485 5162 2754 5230 probavit.
2806 5161 2940 5215 Nam
2986 5170 3038 5215 et
3069 5161 3158 5229 qui
3207 5169 3377 5216 certat
3415 5160 3465 5212 in
3498 5166 3669 5223 agone.

2130 5268 2236 5306 non
2271 5259 2583 5315 coronatur,
2608 5251 2711 5305 nisi
2744 5250 2982 5318 legitime
3008 5252 3317 5306 certaverit.
3347 5249 3669 5303 Laborantem

2128 5345 2272 5397 enim
2303 5342 2593 5413 agricolam
2642 5350 2854 5411 oportet
2887 5342 3119 5411 primum
3168 5343 3232 5397 de
3278 5339 3531 5395 fructibus
3556 5328 3672 5385 acci-

2130 5449 2257 5503 pere
2281 5433 2362 5504 (lI
2396 5433 2527 5487 Tim.
2559 5432 2640 5502 ιι).
2687 5455 2705 5484 ι
2740 5433 2848 5487 Nec
2882 5433 3208 5489 conveniens
3231 5433 3371 5488 enim
3400 5436 3499 5491 est,
3519 5432 3570 5478 ut
3596 5418 3675 5474 ille

2132 5538 2292 5593 quam
2316 5530 2527 5590 oportet
2547 5537 2762 5590 semper
2782 5530 2961 5577 astare
2984 5523 3186 5586 divino,
3213 5522 3351 5592 quod
3373 5507 3668 5587 acquirendo

2132 5622 2427 5685 occupetur
2479 5622 2693 5667 terreno
2748 5611 2914 5666 lucro.
2970 5613 3225 5668 Dominus
3268 5612 3408 5668 enim
3460 5608 3561 5677 ipse
3599 5603 3665 5653 εει
