3964 6192
365 353 476 413 905

1189 345 1589 404 ENARRATIO
1629 346 1850 404 SUPER
1893 344 2510 402 DEUTERONOMIUM.
2551 378 2620 387 —
2657 349 2784 403 LIB.
2824 350 2880 404 ll.

3525 348 3634 402 9M

368 465 681 529 haereditas,
709 465 802 534 qui
835 465 938 520 sibi
967 465 1159 520 devote
1205 473 1262 519 et
1300 465 1566 519 instanter
1612 463 1952 526 deserviunt,
1984 462 2034 521 Α
2060 463 2325 518 mationes
2357 474 2413 518 et
2456 466 2810 535 primogenita
2845 467 3196 520 debebantur.
3246 467 3307 521 Et
3335 467 3450 520 ideo
3500 467 3643 525 dixi".

366 572 472 612 nec
501 555 704 624 aliquid
735 555 810 609 illi
835 555 1022 610 deesse
1046 563 1241 625 potest,
1265 555 1355 623 qui
1389 555 1569 610 omnia
1590 553 1956 624 possidentem

364 647 628 717 possidet.
667 664 684 696 ε
720 645 834 700 Hoc
861 647 968 700 erit
1001 644 1265 714 judicium
1309 646 1652 700 sacerdotum
1700 661 1731 698 a
1761 643 1958 714 populo

369 757 391 788 ί
428 747 485 793 et
512 739 579 793 ah
603 739 691 793 his
720 738 812 809 qui
838 737 1071 793 oﬁ'erunt
1106 738 1354 793 victimas
1379 779 1392 804 ,
1447 737 1560 793 sive
1598 753 1812 802 novem,
1845 737 1958 791 sive

373 849 393 880 ι
430 846 581 886 ovem
633 830 1064 895 immolaverint,
1113 829 1315 884 dabunt
1359 830 1626 885 sacerdoti
1664 845 1875 883 armum
1903 836 1959 883 et

373 940 394 972 ι
435 922 808 988 ventriculum,
842 923 1111 993 primitias
1152 920 1451 986 frumenti,
1497 922 1607 975 vini
1636 931 1692 976 et
1730 921 1866 987 olei,
1906 928 1959 974 et

371 1033 392 1065 ι
430 1013 678 1069 lanarum
699 1025 908 1083 partem
931 1031 997 1069 ex
1023 1015 1204 1068 ovium
1232 1015 1500 1068 tonsione.
1530 1033 1550 1066 ι
1580 1012 1852 1084 Scriptum
1877 1021 1961 1069 est

365 1105 421 1158 in
450 1104 710 1170 Levitico,
741 1105 953 1160 dicente
991 1105 1218 1160 Domino
1249 1122 1262 1158 :
1299 1123 1318 1154 ε
1357 1104 1736 1159 Pectusculum
1779 1105 1959 1160 eleva-

365 1201 552 1262 tionis,
604 1209 659 1255 et
687 1215 895 1254 armum
931 1201 1288 1270 separationis
1325 1199 1420 1253 tuli
1470 1215 1501 1254 a
1533 1199 1654 1254 ﬁliis
1697 1199 1861 1253 Israel
1890 1199 1958 1253 de

368 1292 561 1346 hostiis
593 1293 922 1361 paciﬁcis,et
948 1292 1066 1346 dedi
1095 1291 1275 1346 Aaron
1301 1291 1567 1345 sacerdoti
1595 1306 1660 1344 ac
1688 1289 1812 1345 ﬁliis
1841 1289 1958 1358 ejus

364 1383 482 1450 lege
507 1392 768 1452 perpetua
786 1423 800 1446 ,
829 1384 897 1436 ab
925 1382 1072 1437 omni
1115 1381 1309 1451 papulo
1340 1381 1528 1438 Israel.
1566 1400 1584 1433 ι
1614 1379 1720 1435 Per
1742 1388 1958 1450 pectus-

363 1471 547 1524 eulum
572 1482 750 1527 autem
777 1473 933 1526 ﬁdem
957 1472 1270 1542 designans,
1294 1484 1350 1526 et
1383 1469 1766 1526 conﬁdentiam
1793 1485 1954 1540 quam

363 1561 550 1615 oﬁ'erri
595 1563 817 1616 Domino
847 1563 958 1614 vnit
979 1564 1045 1615 ab
1067 1578 1132 1616 eo
1153 1563 1243 1631 qui
1272 1563 1546 1617 desiderat
1573 1561 1792 1627 salvari,
1827 1562 1954 1631 quia

364 1654 481 1706 sine
505 1654 608 1707 ﬁde
638 1654 967 1722 impossibile
995 1663 1077 1707 est
1107 1653 1319 1722 placere
1346 1654 1472 1708 Deo.
1520 1653 1717 1707 Armus
1743 1667 1958 1722 quoque

365 1747 555 1800 dexter
594 1745 661 1800 de
690 1745 1037 1814 paciﬁcorum
1086 1747 1296 1811 hostiis,
1328 1747 1473 1802 cadit
1508 1747 1560 1801 in
1600 1747 1850 1817 primitiis
1871 1762 1956 1802 sa-

364 1837 620 1890 cerdotis.
648 1836 845 1890 Armus
878 1838 1066 1892 dexter
1107 1839 1349 1893 actiones
1373 1839 1527 1892 bona:
1549 1846 1693 1891 sunt.
1729 1837 1870 1907 Ergo
1897 1845 1953 1891 et

365 1927 525 1982 ﬁdem
563 1937 616 1982 et
663 1935 906 1982 actiones
934 1926 1131 1982 oﬁ'erre
1183 1936 1399 1996 oportet
1443 1941 1567 1982 eum
1614 1927 1707 1996 qui
1753 1925 1951 1981 salvari

363 2021 496 2076 vult.
531 2021 641 2076 Sed
685 2020 1055 2091 pectusculum
1107 2020 1232 2074 ﬁliis
1278 2019 1460 2073 Aaron
1498 2018 1812 2089 deputavit,
1859 2017 1952 2086 qui

363 2113 622 2168 sublimes
661 2113 769 2167 vita
811 2120 967 2177 sunt;
1003 2127 1214 2166 armum
1253 2119 1434 2166 autem
1477 2110 1728 2166 dextrum
1775 2122 1954 2164 sacer-

361 2207 499 2273 doti,
529 2208 621 2276 qui
655 2208 942 2278 imaginem
972 2214 1118 2262 tenet
1153 2206 1356 2261 Christi
1390 2223 1404 2260 :
1443 2213 1667 2275 prepter
1700 2204 1843 2273 quod
1866 2219 1954 2258 so-

363 2297 446 2352 lus
467 2299 724 2353 sacerdos
752 2298 852 2353 hoc
873 2297 1197 2354 sacriﬁcium
1234 2298 1494 2368 perlicere
1543 2305 1738 2366 potest,
1769 2295 1954 2351 oﬁ‘erri

365 2398 490 2458 apte
518 2389 795 2459 legislator
815 2389 1082 2454 ostendit;
1110 2389 1234 2458 quia
1257 2389 1475 2458 quidem
1498 2389 1722 2444 credere
1750 2395 1803 2443 et
1831 2402 1954 2457 pro-

361 2495 564 2549 ponere
591 2481 751 2545 bona,
781 2489 1024 2534 nostrum
1046 2489 1130 2534 est
1157 2495 1223 2535 ex
1254 2480 1348 2534 Dei
1395 2481 1557 2544 dono,
1589 2480 1681 2535 sed
1713 2480 1955 2550 incipere

358 2585 524 2640 opera
558 2578 650 2625 aut
679 2569 961 2640 perﬁcere,
995 2577 1050 2624 et
1097 2571 1163 2624 ad
1198 2569 1358 2624 ﬁnem
1386 2570 1684 2639 perducere
1729 2584 1792 2623 ea
1834 2585 1956 2639 qua:

361 2671 486 2715 sunt
516 2669 692 2731 carpta
719 2701 734 2727 ,
781 2662 882 2718 hoc
915 2661 1109 2716 divinre
1153 2670 1236 2716 est
1282 2662 1472 2732 gratia:
1505 2676 1518 2714 :
1552 2671 1780 2730 propter
1809 2663 1954 2730 quod

361 2755 498 2809 dixit
543 2754 740 2810 Paulus
786 2755 1097 2825 apostolus:
1137 2773 1156 2805 ι
1197 2753 1313 2807 Νοη
1342 2753 1571 2808 volentis
1613 2768 1789 2822 neque
1831 2769 1955 2809 cur-

363 2843 551 2904 rentis,
584 2845 678 2899 sed
702 2845 1010 2900 miscrentis
1035 2854 1121 2900 est
1148 2845 1242 2899 Dei
1268 2843 1445 2915 (Rom.
1481 2841 1578 2914 Ix).
1616 2864 1633 2896 ι
1673 2843 1768 2898 Dei
1805 2843 1954 2898 enim

361 2935 531 2990 solius
567 2945 650 2991 est
693 2937 926 3008 dirigere
957 2937 1230 3001 actiones,
1289 2945 1510 3006 propter
1539 2937 1683 3006 quod
1728 2945 1783 2991 et
1824 2937 1953 2992 bra-

363 3025 548 3080 chium
577 3026 690 3095 ipse
712 3027 806 3081 Dei
839 3028 1167 3082 nominatur.
1205 3027 1480 3080 Primitias
1527 3027 1808 3094 frumenti,
1843 3027 1952 3082 vini

362 3126 419 3172 et
453 3118 580 3184 olei,
620 3128 674 3173 et
707 3119 947 3174 lanarum
981 3128 1192 3189 partem
1227 3134 1293 3174 ex
1330 3120 1513 3173 ovium
1558 3119 1824 3185 tonsione,
1865 3119 1955 3190 ju-

2058 557 2352 610 secundum
2376 555 2648 611 ‘familiam
2679 559 2782 612 hoc
2807 557 2989 612 deberi
3017 557 3215 612 Levita:
3233 600 3247 623 ,
3288 563 3539 628 quoniam
3566 575 3634 614 ex

2058 647 2398 702 successione
2419 664 2523 717 qua
2549 647 2790 704 succedit
2815 649 3127 718 parentibus
3175 651 3286 704 suis
3303 692 3316 714 ,
3365 652 3467 706 hoc
3489 653 3635 707 circa

2057 753 2179 792 eum
2207 739 2412 792 servari
2440 747 2652 808 oportet
2684 739 2827 808 quod
2867 741 3180 808 parentibus
3209 741 3505 797 exhibitum
3531 750 3632 798 est.

2648 848 2874 904 CAPUT
2910 849 3049 904 XIX.

2058 934 2138 989 De
2172 933 2399 1011 malitiis
2428 938 2625 1011 cunctis
2665 938 3017 1011 prohibendis,
3077 949 3123 991 et
3146 939 3498 1011 deipropltcta
3546 943 3635 1011 qui

2128 1006 2198 1058 ad
2227 1007 2636 1128 ἆὶηιὶιὶιιιιίίηεηι
2664 1007 2834 1077 Moysi
2871 1009 2924 1062 in
2953 1019 3100 1078 gente
3126 1006 3436 1064 Judirorum
3467 1006 3640 1064 susci-

2135 1085 2223 1128 tan
2267 1093 2326 1128 us
2351 1087 2483 1130 erat.

2132 1166 2308 1238 (Imm)
2353 1187 2370 1219 ι
2418 1170 2644 1234 Quando
2680 1170 2958 1240 ingressus
3005 1152 3173 1226 l‘ueris
3226 1180 3424 1226 terrain
3476 1189 3639 1242 quam

2066 1275 2085 1308 ι
2129 1259 2388 1314 Dominus
2415 1261 2558 1314 Deus
2585 1269 2704 1315 tuus
2743 1261 2891 1316 dabit
2921 1262 3035 1326 tibi,
3061 1277 3192 1317 eave
3222 1278 3288 1318 ne
3321 1263 3520 1317 imitari
3551 1279 3640 1317 ve-

2065 1365 2084 1398 ‹
2132 1347 2198 1402 lis
2219 1348 2650 1406 abominationes
2692 1352 2931 1421 gentium
2963 1351 3175 1406 illarum
3204 1369 3305 1408 nec
3335 1353 3643 1407 inveniatur

2065 1457 2084 1490 ς
2129 1441 2183 1494 in
2222 1449 2274 1496 te
2304 1441 2395 1510 qui
2424 1442 2618 1497 lustret
2640 1443 2805 1498 ﬁlium
2830 1459 3007 1508 suum,
3046 1453 3139 1498 aut
3164 1444 3327 1498 ﬁliam
3358 1461 3510 1499 suam
3544 1446 3641 1499 du-

2066 1549 2084 1583 ‹
2131 1540 2218 1586 cat
2255 1547 2361 1601 per
2390 1533 2592 1603 ignem,
2631 1541 2683 1589 et
2715 1535 2914 1588 ariolos
2937 1535 3265 1600 sciscitetur,
3308 1543 3364 1590 et
3392 1535 3644 1589 observet
3719 1589 3728 1594 .

2067 1640 2085 1671 ι
2133 1624 2340 1678 somnia
2387 1633 2551 1694 atque
2589 1626 2834 1695 auguria.
2877 1625 2954 1678 Ne
2981 1626 3050 1680 sit
3074 1626 3369 1690 maleﬁcus,
3417 1641 3515 1680 nec
3565 1627 3645 1679 in-

2068 1730 2086 1762 ι
2135 1722 2398 1776 cantator,
2429 1729 2526 1770 nec
2563 1716 2830 1786 pythones
2851 1717 2972 1786 quis
3016 1716 3259 1772 consulat
3301 1732 3478 1788 neque
3507 1718 3644 1772 divi-

1983 1806 2030 1864 B
2064 1821 2082 1853 ‹
2128 1818 2248 1870 nos,
2279 1814 2339 1859 ut
2377 1815 2588 1875 quaerat
2636 1821 2666 1861 a
2699 1808 2927 1862 mortuis
2952 1808 3256 1869 veritatem,
3295 1819 3401 1863 etc.
3441 1829 3458 1860 ι
3505 1809 3647 1876 Quo-

2059 1897 2206 1950 niam
2244 1906 2622 1967 portentorum
2664 1899 2999 1970 inspectores
3021 1901 3273 1970 prohibet
3302 1916 3424 1956 esse
3454 1902 3505 1955 in
3548 1920 3644 1972 po-

2058 1987 2188 2058 pulo
2242 1989 2357 2068 Dei,
2394 1989 2742 2059 quarrendum
2789 1999 2871 2046 est
2911 1992 3182 2061 quomodo
3226 1991 3328 2046 ista
3368 2002 3640 2062 portenta,

2059 2095 2180 2150 qua:
2210 2079 2404 2150 inspici
2431 2081 2825 2151 prohibentur,
2880 2083 3258 2138 discernantur
3301 2083 3368 2138 ab
3405 2084 3484 2137 eis
3525 2100 3644 2152 qua:

2059 2172 2318 2226 divinitus
2347 2171 2421 2226 ita
2467 2173 2665 2227 dantur
2704 2181 2762 2227 ut
2787 2174 2916 2244 quid
2956 2173 3261 2245 signiﬁcent
3315 2174 3419 2230 dici
3453 2175 3645 2228 debeat

2059 2264 2202 2318 sicut
2235 2265 2416 2318 omnia
2446 2265 2706 2320 miracula
2738 2281 2857 2335 qua:
2885 2265 2940 2320 in
2973 2266 3270 2336 Scripturis
3301 2269 3646 2338 reperiuntur

2059 2353 2449 2424 signiﬁcantia,
2488 2357 2632 2426 quod
2664 2357 2936 2427 pertineat
2971 2359 3040 2413 ad
3086 2359 3326 2429 regulam
3358 2359 3502 2414 ﬁdei.
3529 2361 3645 2414 Sic-

2058 2453 2120 2499 ut
2159 2445 2420 2513 dicimus,
2458 2449 2602 2517 quod
2649 2449 3042 2518 signiﬁcaverit
3071 2450 3240 2504 vellus
3262 2451 3317 2504 in
3344 2467 3471 2505 area
3497 2467 3647 2506 com—

2058 2535 2207 2607 pluta
2227 2537 2456 2601 siccum,
2486 2538 2570 2593 vel
2593 2537 2644 2593 in
2671 2539 2815 2594 sicca
2845 2555 2974 2594 area
3002 2541 3358 2610 complutum,
3404 2549 3464 2594 ut
3492 2542 3643 2610 virga

2057 2627 2237 2682 Aaron
2263 2643 2385 2698 qua:
2419 2627 2602 2684 ﬂoruit
2635 2639 2689 2686 et
2711 2646 2878 2686 nuces
2905 2631 3124 2696 attulit,
3155 2643 3210 2686 et
3240 2641 3436 2687 uetera
3460 2633 3647 2703 hujus-

2058 2723 2223 2777 modi.
2260 2721 2410 2778 Sicut
2438 2735 2620 2777 autem
2649 2723 3036 2779 discernuntur
3072 2725 3455 2790 divinationes,
3508 2741 3645 2795 quas

2059 2822 2455 2882 consequenter
2501 2813 2754 2884 prohibet
2810 2830 2840 2869 a
2894 2815 3367 2884 praedicationibus
3411 2815 3494 2870 vel
3548 2832 3648 2870 an—

2059 2906 2490 2962 nuntiationibus
2542 2908 2949 2976 prophetarum,
3009 2911 3088 2962 sic
3147 2906 3647 2978 illminspectiones

2058 2995 2427 3066 prodigiorum
2458 3013 2486 3051 a
2519 2997 3000 3068 signiﬁcationibus
3021 2997 3326 3052 divinorum
3352 2999 3645 3053 miraculo-

2059 3103 2179 3142 rum
2210 3089 2578 3145 discernendae
2607 3097 2751 3144 sunt.
2787 3110 2806 3141 ‹
2836 3089 3166 3160 Prophetam
3191 3099 3369 3144 autem
3397 3089 3463 3145 dc
3486 3101 3647 3161 gente

362 3180 961 3263 bemur'sacerdotibus
981 3180 1135 3273 dare,
1163 3210 1288 3278 quia
1321 3209 1434 3264 sive
1488 3209 1543 3262 in
1583 3180 1955 3279 corporalibus
1983 3187 2029 3250 θ
2068 3196 2086 3230 ⁸
2130 3187 2229 3279 illa
2270 3187 2325 3279 Ῠί
2365 3180 2719 3279 “fratribus
2773 3182 2876 3279 “fis
2923 3183 3065 3238 Sicut
3201 3184 3508 3279 summm,
3549 3185 3645 3279 mli

362 3299 589 3362 solatiis,
621 3300 732 3354 sive
763 3300 816 3354 in
849 3300 1172 3370 spiritalium
1205 3316 1386 3356 rerum
1425 3299 1829 3368 emolumentis,
1859 3300 1965 3358 bu-

364 3389 568 3445 militer
594 3405 657 3445 ac
683 3391 874 3445 devote
900 3391 1232 3461 spiritalibus
1278 3392 1484 3447 solatiis
1513 3394 1828 3449 doctoribus
1869 3409 1962 3449 no-

364 3481 497 3536 stris
543 3495 758 3551 semper
811 3483 1213 3539 communicare
1275 3486 1568 3540 debemus:
1607 3486 1710 3541 hoc
1779 3486 1956 3555 ipsum

363 3573 534 3627 etiam
588 3574 911 3630 exhortante
965 3577 1211 3644 apostolo
1270 3576 1434 3632 Paulo
1492 3586 1654 3646 atque
1707 3579 1955 3632 dicente:

369 3682 388 3712 ι
421 3663 795 3720 Communicet
842 3665 890 3720 is
941 3667 1032 3734 qui
1075 3667 1445 3721 cateehizatur
1477 3667 1644 3721 verbo
1673 3668 1721 3721 ei
1763 3668 1854 3736 qui
1899 3683 1960 3721 se

363 3755 667 3808 cateebizat
699 3756 750 3808 in
780 3757 1031 3810 omnibus
1061 3757 1218 3810 bonis
1267 3755 1410 3827 (Gal.
1442 3756 1539 3828 vi).
1574 3777 1592 3809 ι
1628 3775 1646 3806 ι
1683 3755 1737 3811 Si
1765 3758 1960 3813 exierit

369 3862 388 3894 ι
428 3843 640 3900 Levites
664 3850 730 3900 de
778 3861 883 3900 una
921 3847 1134 3900 urbium
1166 3856 1377 3902 tuarum
1408 3864 1472 3902 ex
1519 3847 1665 3903 omni
1709 3849 1870 3902 Israel
1904 3849 1957 3903 in

368 3956 388 3988 ‹
425 3954 529 4008 qua
559 3938 784 4004 habitat,
828 3948 881 3994 et
929 3939 1160 3994 voluerit
1204 3939 1391 3992 venire
1437 3939 1750 3994 desiderans
1780 3940 1956 3994 locum

371 4046 390 4078 ‹
429 4043 588 4096 quem
640 4029 865 4098 elegerit
905 4029 1161 4084 Dominus
1195 4069 1209 4094 ,
1260 4029 1590 4084 ministrabit
1642 4029 1696 4083 in
1742 4029 1959 4084 nomine

369 4137 386 4168 ι
431 4117 636 4172 Domini
667 4118 762 4172 Dei
792 4119 907 4183 sui,
953 4121 1093 4174 sicut
1121 4135 1309 4174 omnes
1351 4119 1546 4176 fratres
1573 4119 1708 4188 ejus.
1759 4121 1960 4175 Levita:

370 4227 387 4258 ι
429 4209 652 4263 stabunt
673 4223 738 4262 eo
766 4217 1006 4278 tempore
1031 4225 1214 4264 coram
1265 4211 1511 4265 Domino.
1545 4211 1763 4264 Partem
1809 4212 1960 4265 cibo-

371 4317 389 4347 ι
436 4315 554 4352 rum
578 4299 824 4353 eamdem
863 4300 1093 4370 accipiet
1119 4316 1284 4368 quam
1323 4311 1378 4355 et
1402 4303 1604 4365 caueri,
1636 4311 1865 4372 excepto
1893 4315 1958 4356 eo

371 4407 391 4438 ‹
429 4389 574 4458 quod
605 4390 659 4444 in
681 4389 814 4444 urbe
840 4405 937 4443 sua
964 4406 1031 4444 ex
1055 4391 1230 4458 patria
1259 4391 1310 4445 ei
1338 4392 1680 4446 successione
1707 4393 1954 4446 debetur.

372 4497 390 4528 ι
432 4478 489 4531 Si
517 4489 695 4532 autem
723 4481 1094 4548 supervenerit
1121 4479 1332 4534 Levites
1351 4495 1417 4533 ex
1442 4480 1720 4533 civitatum
1737 4490 1955 4533 tuarum

372 4591 391 4623 ι
433 4589 562 4638 una,
593 4589 658 4628 ex
687 4573 942 4628 omnibus
972 4572 1096 4628 ﬁliis
1124 4573 1308 4637 Israel,
1341 4572 1431 4627 ubi
1486 4573 1599 4642 ipse
1639 4573 1844 4637 incolit,
1877 4588 1959 4628 se-

373 4683 394 4715 ι
426 4663 660 4718 cundum
683 4664 825 4733 quod
872 4664 1020 4734 cupit
1052 4665 1231 4718 anima
1257 4664 1376 4734 ejus
1405 4705 1418 4728 ,
1468 4664 1520 4717 in
1580 4663 1754 4717 locum
1795 4678 1954 4734 quem

374 4776 394 4808 ι
431 4758 951 4828 elegeritDominus,
979 4768 1086 4812 etc.
1134 4777 1152 4808 ι
1182 4757 1239 4811 ld
1265 4765 1369 4820 est,
1397 4757 1443 4811 si
1463 4756 1854 4811 desideraverit
1878 4757 1958 4811 ire

371 4848 440 4900 ad
469 4847 644 4902 locum
684 4847 773 4900 ubi
801 4847 1061 4902 Dominus
1091 4847 1393 4911 invocatur,
1424 4856 1480 4902 et
1517 4847 1828 4902 ministrare
1855 4863 1954 4902 nos

371 4940 503 4993 mini
537 4939 746 4992 Domini
779 4939 873 4993 Dei
901 4939 1006 5005 sui,
1036 4939 1175 4994 sicut
1195 4954 1383 4995 omnes
1431 4939 1630 4994 fratres
1654 4939 1804 5009 ejus,
1855 4939 1957 4995 Le-

371 5032 498 5085 vita:
526 5033 618 5101 qui
667 5040 844 5087 astant
893 5047 1078 5087 coram
1118 5031 1388 5095 Domino,
1445 5042 1653 5102 partem
1701 5033 1958 5102 partitam

373 5121 554 5186 edent,
587 5133 783 5192 praeter
809 5123 1173 5178 venditionem
1203 5139 1323 5193 quae
1351 5133 1435 5180 est
1476 5125 1768 5180 secundum
1805 5125 1961 5180 fami-

374 5213 524 5266 liam.
553 5212 723 5279 Quam
773 5213 917 5268 dicat
944 5213 1309 5269 venditionem
1339 5215 1630 5269 obscurum
1685 5223 1809 5281 est,
1852 5215 1956 5269 nisi

375 5311 520 5362 forte
541 5345 557 5372 ,
612 5305 742 5375 quia
791 5305 1178 5360 decimationes
1215 5315 1270 5360 et
1313 5305 1670 5376 primogenita
1700 5306 1958 5375 praecepit

373 5400 537 5454 vendi
562 5399 630 5452 ab
658 5397 738 5452 eis
770 5397 863 5467 qui
896 5397 949 5451 in
978 5397 1268 5468 longinquo
1294 5397 1602 5452 habitarent
1626 5436 1640 5461 ,
1682 5410 1752 5450 ne
1788 5395 1960 5450 multa

375 5497 700 5563 cogerentur
738 5497 959 5559 portare
997 5491 1066 5543 ad
1104 5488 1280 5544 locum
1309 5486 1666 5543 invocationis
1712 5485 1957 5552 Domini,

374 5581 463 5636 vel
487 5595 686 5652 pecora
714 5580 912 5635 ducere
937 5619 954 5645 ,
994 5587 1055 5633 ut
1098 5578 1207 5634 illic
1235 5579 1303 5633 ab
1327 5579 1408 5634 eis
1435 5578 1612 5633 denuo
1653 5583 1964 5631 emerentur

377 5689 443 5728 ex
469 5673 657 5728 eodem
686 5673 895 5743 pretio;
935 5681 990 5727 et
1011 5671 1250 5739 jusserat
1279 5673 1350 5726 ibi
1382 5681 1592 5740 partem
1637 5670 1836 5726 habere
1865 5669 1964 5726 Le—

379 5766 567 5829 vitam,
601 5765 691 5834 qui
733 5772 976 5818 maneret
1023 5764 1076 5816 in
1122 5779 1185 5818 ea
1215 5764 1456 5829 civitate,
1483 5763 1625 5818 unde
1673 5762 1776 5818 illa:
1818 5763 1964 5818 deci-

737 5861 1012 5918 I’.‘.Tn01..
1061 5856 1273 5917 CVIII.

2067 3288 2086 3320 ‹
2130 3269 2391 3326 Dominus
2420 3271 2562 3326 Deus
2615 3278 2758 3327 tuus.
2807 3273 2986 3342 Ipsum
3038 3275 3248 3340 audies,
3303 3282 3363 3328 ut
3403 3275 3584 3344 petisti
3615 3292 3646 3330 a

2065 3380 2084 3412 ‹
2134 3363 2360 3417 Domino
2392 3363 2503 3420 Deo
2535 3372 2628 3418 tuo
2666 3363 2720 3418 in
2747 3364 2911 3430 Oreb,
2945 3365 3163 3435 quando
3191 3367 3381 3421 concio
3423 3383 3650 3438 congre-

2067 3472 2084 3504 ι
2131 3465 2253 3524 gata
2280 3465 2363 3510 est
2407 3464 2570 3525 atque
2596 3455 2784 3512 dixisti
2816 3476 2828 3510 :
2862 3457 3016 3514 Ultra
3055 3474 3162 3514 non
3190 3459 3403 3514 audiant
3457 3476 3649 3515 vocem

2067 3562 2084 3594 ι
2133 3544 2345 3598 Domini
2374 3545 2468 3598 Dei
2492 3545 2622 3609 mei,
2647 3556 2703 3601 et
2729 3546 2908 3616 ignem
2935 3548 3080 3604 hunc
3098 3549 3394 3604 maximum
3415 3551 3648 3621 amplius

2066 3651 2084 3684 ι
2131 3649 2238 3687 non
2277 3634 2490 3700 videbo,
2540 3651 2608 3690 ne
2656 3638 2878 3690 moriar.
2923 3638 2990 3691 Et
3028 3639 3107 3692 ait
3155 3640 3286 3694 mihi
3326 3640 3590 3696 Dominus
3631 3661 3644 3694 :

2066 3746 2084 3778 ι
2131 3727 2275 3782 Bene
2303 3728 2487 3782 omnia
2516 3737 2644 3784 sunt
2672 3727 2860 3784 locuti.
2895 3730 3222 3800 Prophetam
3267 3734 3544 3789 suscitabo
3568 3735 3649 3789 eis

2067 3837 2084 3866 ι
2132 3817 2197 3870 de
2224 3817 2400 3872 medio
2430 3818 2659 3873 fratrum
2702 3835 2925 3876 suorum
2955 3821 3188 3877 similem
3217 3824 3316 3889 tui,
3368 3832 3422 3878 et
3446 3839 3646 3894 ponam

2067 3928 2085 3958 ‹
2133 3910 2296 3963 verba
2325 3925 2443 3964 mea
2485 3910 2540 3964 in
2565 3925 2661 3965 ore
2710 3911 2847 3980 ejus.
2889 3911 3270 3982 Loqueturque
3295 3914 3363 3968 ad
3401 3929 3495 3970 eos
3529 3930 3648 3969 om-

2067 4020 2085 4052 ‹
2133 4002 2220 4055 nia
2251 4017 2371 4070 quae
2393 4018 2700 4073 prmcepero
2727 4004 2822 4058 illi.
2853 4005 2955 4072 Qui
2985 4015 3166 4061 autem
3189 4008 3353 4062 verba
3383 4006 3500 4075 ejus
3525 4023 3647 4076 qua:

2066 4112 2084 4145 ι
2133 4093 2384 4164 loquetur
2407 4096 2462 4150 in
2493 4096 2710 4150 nomine
2736 4113 2856 4152 meo
2875 4098 3062 4153 audire
3082 4098 3338 4164 noluerit,
3367 4115 3470 4170 ego
3499 4099 3647 4155 ultor

2067 4206 2086 4236 ι
2132 4188 2383 4251 existam,
2415 4195 2519 4241 etc.
2557 4208 2575 4239 ι
2607 4187 2759 4242 Licet
2782 4190 3002 4258 quidam
3031 4191 3328 4246 secundum
3357 4191 3646 4252 historiam

2063 4280 2114 4332 in
2149 4281 2252 4333 hac
2295 4280 2564 4335 sententia
2606 4280 2853 4350 accipere
2907 4281 3077 4334 velint
3113 4281 3407 4351 prop-betas
3447 4297 3640 4338 omnes

2061 4378 2278 4424 sanctos
2305 4371 2399 4437 qui
2444 4370 2637 4438 spiritu
2685 4370 2779 4424 Dei
2831 4371 3022 4440 repleti
3061 4371 3526 4442 preplietaverunt
3584 4373 3642 4428 in

2063 4461 2187 4515 liliis
2221 4460 2404 4524 Israel,
2467 4476 2604 4530 quos
2633 4462 2706 4516 ita
2741 4461 2952 4532 Moyses
2983 4471 3042 4516 ut
3082 4478 3142 4518 se
3166 4462 3465 4519 audiendos
3509 4464 3648 4520 dixit

1985 4533 2036 4590 D
2059 4569 2201 4620 esse,
2230 4554 2355 4623 quia
2383 4552 2571 4608 eodem
2599 4554 2815 4624 spiritu,
2859 4569 2967 4623 quo
2991 4555 3104 4623 ipse
3131 4553 3323 4624 plenus
3354 4554 3527 4626 legem
3552 4556 3645 4612 de-

2064 4647 2306 4716 scripsit,
2368 4647 2472 4702 boc
2498 4648 2661 4701 etiam
2692 4647 2767 4700 illi
2798 4647 3111 4716 prophetias
3134 4661 3260 4701 suas
3281 4661 3378 4702 ore
3405 4648 3649 4705 veridico

2061 4738 2420 4809 protulerunt,
2465 4746 2645 4792 tamen
2678 4737 2881 4792 nullum
2907 4737 3101 4792 melius
3139 4752 3303 4806 quam
3327 4741 3504 4807 ipsum
3530 4738 3642 4793 Do-

2060 4833 2266 4887 minum
2295 4832 2704 4901 prophetarum,
2734 4831 2839 4886 hoc
2865 4839 2967 4896 est,
3017 4829 3201 4886 Jesum
3232 4830 3510 4887 Christum
3548 4833 3641 4890 hic

2064 4927 2378 4980 deuotatum
2408 4917 3040 4993 intelligere'possumus,
3095 4939 3255 4993 quem
3303 4925 3470 4979 etiam
3515 4925 3643 4979 libri

2072 5017 2280 5072 Veteris
2306 5015 2637 5070 Testamenti
2665 5030 2852 5069 verum
2881 5016 3204 5084 praphetam
3229 5016 3640 5088 etevangelium

2064 5110 2342 5179 propheta:
2361 5108 2579 5162 nomine
2607 5114 2904 5177 nuncupat.
2932 5106 3088 5162 Unde
3112 5107 3283 5162 turbae
3309 5109 3377 5161 ab
3402 5109 3518 5176 ipso
3546 5121 3641 5159 sa-

2067 5200 2242 5262 tiatze,
2284 5199 2529 5254 videntes
2553 5200 2765 5267 signum
2797 5196 2939 5267 quod
2964 5197 3200 5263 fecerat,
3238 5198 3381 5252 intra
3411 5213 3469 5253 se
3498 5197 3644 5250 dice-

2063 5294 2196 5348 bant
2231 5307 2246 5346 :
2285 5317 2304 5342 ι
2339 5291 2477 5358 Quia
2514 5292 2605 5346 hic
2637 5299 2722 5346 est
2761 5305 2887 5346 vere
2915 5293 3196 5361 propheta,
3237 5289 3330 5358 qui
3377 5297 3644 5343 venturus

2065 5391 2150 5439 est
2180 5383 2234 5438 in
2267 5381 2522 5437 mundum
2555 5381 2741 5452 (Joan.
2768 5380 2864 5454 vr).
2906 5401 2925 5434 ι
2954 5381 3022 5435 Et
3063 5381 3190 5435 alibi
3225 5378 3442 5448 quando
3465 5380 3642 5434 susci-

2068 5477 2204 5531 tavit
2247 5475 2417 5530 ﬁlium
2444 5475 2619 5529 viduae
2663 5475 2806 5530 idem
2844 5474 3111 5528 mediator
3136 5469 3232 5525 Dei
3259 5478 3316 5525 et
3340 5469 3644 5535 hominum,

2075 5592 2094 5625 ι
2138 5571 2361 5641 Accepit
2412 5577 2595 5625 autem
2650 5583 2840 5623 omnes
2883 5567 3067 5630 timor,
3119 5572 3176 5618 et
3223 5561 3647 5634 magniﬁcabant

2070 5665 2238 5720 Demn
2269 5664 2509 5717 dicentes
2541 5678 2553 5714 :
2585 5659 2719 5725 Quia
2748 5657 3011 5728 propheta
3048 5667 3278 5722 magnus
3323 5652 3563 5708 surrexit
3591 5653 3646 5706 in

2073 5758 2248 5824 nol-is,
2309 5766 2363 5809 et
2393 5753 2518 5823 quia
2567 5753 2708 5806 Deus
2734 5747 2975 5803 visitavit
3015 5747 3227 5819 plebem
3279 5763 3431 5802 suam
3487 5745 3639 5819 (Luc.

3176 5841 3252 5900 29
