3964 6192
392 326 518 385 ’907

1052 326 1118 383 Β.
1159 327 1413 385 RABANI
1451 328 1668 386 MAURI
1706 329 2025 386 ARCHIEP.
2067 326 2373 385 MOGUNT.
2417 325 2703 385 OPERUM
2739 325 2918 383 PARS
2950 326 2993 383 Ι.

3553 334 3643 392 903

414 441 535 507 vn).
578 458 599 494 ι
646 441 802 499 Hunc
853 456 984 513 ergo
1037 442 1355 513 prophetam
1403 422 1687 501 suscitavit
1735 446 1994 513 Dominus
2021 450 2070 509 Α
2098 444 2340 502 tentione
2365 459 2697 502 resecamus.
2735 443 2841 500 Sed
2871 444 3081 501 securis
3104 442 3242 515 fugit
3280 459 3516 511 manum,
3543 463 3650 505 eum

405 534 670 592 lsraditis
717 536 783 591 de
821 535 1000 591 medio
1035 534 1263 592 fratrum
1308 554 1549 604 suorum,
1608 542 1711 595 hoc
1763 549 1867 606 est,
1925 542 1993 599 de

412 624 621 681 semine
651 624 820 681 Davizl
874 626 1103 681 similem
1140 628 1329 701 Moysi,
1361 631 1485 699 quia
1531 647 1635 687 non
1660 633 1808 687 venit
1837 632 1994 688 Iesus

408 713 625 771 solvere
674 714 848 786 legem
875 755 891 782 ,
947 717 1042 772 sed
1097 718 1427 789 adimplere;
1485 729 1542 776 et
1599 722 1779 793 posuit
1829 724 1992 777 verba

414 805 468 857 in
521 817 615 858 ore
670 804 807 874 ejus,
868 803 1022 874 cujus
1077 807 1265 874 verba,
1320 825 1440 880 qua:
1483 810 1737 880 loquetur
1787 812 1841 867 in
1899 829 1995 868 no-

412 897 560 952 mine
590 896 826 962 Domini,
856 898 948 967 qui
971 898 1158 954 audire
1185 900 1439 968 noluerit,
1466 902 1583 972 ipse
1610 904 1870 960 Dominus
1909 906 1991 960 ul-

419 994 509 1041 tor
532 987 738 1051 existit,
782 1001 915 1042 eum
963 996 1222 1058 perpetua
1262 1005 1424 1060 ptena
1461 992 1607 1048 illum
1640 996 1991 1050 cruciandum

414 1079 821 1148 tnancipaverit.

1048 1172 1275 1230 CAPUT
1311 1174 1431 1230 XX.

414 1262 492 1318 De
513 1262 727 1317 urbibus
758 1248 946 1335 refugii
975 1265 1313 1340 decernendis
1330 1267 1425 1340 Altis
1454 1270 1544 1339 qui
1568 1286 1670 1324 non
1696 1280 1875 1340 sponte
1896 1274 1993 1326 ho-

938 1336 1210 1389 micidium
1233 1337 1456 1405 faciunt.

483 1446 635 1519 (CAP.
666 1445 807 1519 xxx.)
873 1465 892 1498 ι
944 1436 1079 1503 Cum
1121 1447 1506 1518 disperdiderit
1553 1450 1816 1507 Dominus
1852 1452 1994 1508 Deus

404 1545 437 1589 '1
485 1545 608 1592 tuus
646 1547 836 1609 gentes
886 1551 1118 1607 quarum
1151 1537 1246 1593 tibi
1274 1539 1569 1595 traditurus
1595 1550 1679 1596 est
1706 1549 1906 1597 terram
1939 1551 1996 1598 et

419 1648 438 1681 ι
495 1630 803 1702 possederis
831 1646 975 1696 eam,
1008 1630 1449 1703 habitaret-isque
1491 1648 1614 1688 cum
1666 1650 1728 1689 ea
1758 1635 1810 1688 in
1849 1635 1995 1689 urbi-

409 1738 436 1770 l
483 1720 585 1776 bus
610 1718 724 1789 ejus
740 1728 795 1776 et
824 1720 879 1775 in
919 1720 1143 1784 aedibus,
1172 1729 1282 1777 tres
1311 1722 1562 1778 civitates
1592 1725 1869 1795 Separabis
1895 1726 1990 1781 tibi

2093 550 2213 591 sese
2242 536 2540 606 increpatio
2571 536 2695 607 plus
2727 551 2890 606 quam
2929 550 3150 593 necesse
3176 544 3267 591 est
3295 535 3350 590 in
3385 539 3652 607 asperitate

2092 627 2402 697 protrahit;
2432 626 2767 696 -ferrumque
2817 627 2885 682 de
2913 628 3201 683 manubrio
3248 627 3500 696 prosiliit,
3544 646 3650 688 cum

2060 719 2161 773 .de
2211 718 2554 788 correptione
2603 732 2785 774 sermo
2825 718 3015 773 durior
3058 717 3299 784 excedit,
3342 727 3399 774 et
3442 720 3649 778 amicum

2092 808 2404 878 percutiens
2437 807 2657 875 occidit,
2708 808 2839 879 quia
2891 809 3199 864 auditorem
3258 824 3421 865 suum
3470 810 3654 880 prolata

2092 898 2421 954 Contumelia
2443 899 2511 954 ab
2535 898 2728 969 spiritu
2749 899 3055 955 dilectionis
3096 898 3362 955 interﬁcit
3379 940 3400 959 .
3430 899 3655 973 Correpti

2092 1004 2329 1060 namque
2360 1004 2516 1045 mens
2547 997 2769 1059 repente
2797 990 2866 1044 ad
2908 990 3092 1044 odium
3143 990 3379 1060 proruit,
3420 991 3509 1045 sed
3532 990 3656 1046 hanc

2090 1081 2453 1135 immoderata
2508 1079 2810 1150 increpatio
2855 1078 2977 1150 plus
2999 1094 3163 1150 quam
3192 1079 3408 1145 debuit,
3452 1080 3654 1137 addicit.

2098 1170 2204 1226 Sed
2246 1171 2336 1226 hic
2364 1171 2459 1241 qui
2485 1171 2702 1226 incaute
2745 1171 2951 1241 lignum
2996 1172 3237 1241 percutit
3276 1182 3334 1227 et
3376 1174 3655 1242 proximum

2094 1262 2409 1333 exstinguit,
2438 1263 2508 1318 ad
2525 1271 2640 1318 tres
2660 1277 2881 1318 necesse
2905 1271 2989 1318 est
3011 1264 3174 1319 urbes
3195 1263 3393 1334 fugiat,
3421 1275 3479 1317 ut
3499 1264 3656 1319 muni-

2096 1354 2242 1408 mine
2264 1366 2449 1408 earum
2478 1353 2755 1420 defensus,
2797 1353 2961 1415 vivat,
2996 1353 3127 1422 quia
3175 1354 3223 1409 si
3254 1354 3324 1408 ad
3350 1353 3657 1422 paenitentia:

2092 1441 2330 1498 lamenta
2359 1458 2658 1499 conversus
2703 1444 2757 1499 iu
2797 1443 3007 1497 unitate
3037 1444 3391 1507 sacramenti,
3436 1444 3531 1497 sub
3557 1456 3655 1512 spe,

2096 1532 2203 1587 ﬁde
2247 1541 2303 1589 et
2336 1534 2606 1589 charitate
2655 1534 3028 1597 absconditur,
3082 1546 3210 1587 reus
3256 1533 3545 1602 perpetrati
3574 1533 3658 1587 ho-

2094 1624 2300 1679 micidii
2322 1639 2429 1680 non
2458 1632 2694 1690 tenetur,
2716 1638 2949 1693 eumque
2970 1623 3229 1681 exstincti
3254 1624 3530 1692 proximus
3549 1638 3657 1677 cum

2096 1715 2382 1781 invenerit,
2426 1730 2532 1771 non
2559 1715 2781 1781 occidit,
2823 1714 2951 1785 quia
3003 1730 3126 1771 cum
3186 1716 3467 1770 districtus
3509 1713 3657 1783 iudex

419 1827 437 1860 ι
485 1809 538 1864 in
586 1810 764 1865 medio
796 1817 972 1875 terrai,
1011 1804 1171 1880 quam
1204 1810 1464 1867 Dominus
1490 1812 1632 1868 Deus
1685 1823 1807 1869 tuus
1846 1815 1996 1869 dabit
2023 1806 2069 1864 Β
2095 1808 2327 1875 venerit,
2356 1807 2451 1877 qui
2492 1820 2614 1863 sese
2657 1807 2814 1863 nobis
2847 1821 2947 1876 per
2973 1815 3183 1861 natura:
3230 1816 3429 1862 nostra:
3464 1822 3662 1861 consor-

417 1917 438 1952 ι
486 1900 582 1955 tibi
611 1900 663 1955 in
691 1901 1108 1971 possessionem,
1154 1908 1403 1956 sternens
1434 1901 1717 1973 diligenter
1741 1904 1906 1970 viam,
1936 1911 1992 1959 et

405 2010 434 2041 4
483 1991 536 2045 in
568 1998 677 2046 tres
711 1999 899 2061 partes
928 1990 1210 2060 aequaliter
1237 1998 1402 2046 totam
1434 2002 1595 2048 terrae
1634 2001 1738 2048 tua!
1769 1995 1993 2064 provin-

403 2100 435 2131 η
474 2080 623 2137 ciam
644 2080 870 2147 divides,
895 2088 956 2135 ut
981 2079 1179 2135 liabeat
1203 2095 1234 2135 e
1261 2080 1437 2136 vicino
1462 2081 1555 2151 qui
1577 2091 1801 2154 propter
1820 2082 1995 2138 homi-

414 2191 435 2223 ι
482 2172 681 2227 cidium
696 2169 955 2242 profugus
969 2179 1074 2237 est,
1088 2185 1196 2240 quo
1210 2172 1380 2241 possit
1394 2171 1642 2239 evadere,
1658 2180 1715 2227 et
1726 2173 1953 2243 reliqua.
1968 2190 1985 2226 ι

410 2263 545 2319 Tres
572 2263 821 2319 civitates
842 2260 1035 2333 refugii
1065 2260 1207 2316 ultra
1234 2260 1523 2318 Iordanem
1551 2262 1762 2335 Moyses
1792 2264 1995 2320 consti-

412 2353 517 2407 tuit
548 2352 857 2418 homicidia,
888 2353 976 2408 his
1003 2354 1096 2423 qui
1123 2366 1231 2408 non
1261 2361 1453 2423 sponte
1479 2352 1829 2411 homicidium
1852 2370 1996 2411 com-

412 2445 694 2513 miserunt,
716 2453 771 2500 et
799 2453 911 2501 tres
940 2445 1074 2501 alias
1101 2453 1292 2501 contra
1327 2442 1621 2502 Iordanem
1650 2446 1705 2502 in
1729 2454 1874 2502 terra
1904 2461 1995 2503 re-

410 2534 788 2606 promissionis
815 2536 972 2607 jubet
1015 2532 1180 2593 Iosue
1225 2536 1431 2593 eisdem
1474 2536 1734 2594 decerni:
1764 2540 1995 2611 mystice

413 2626 697 2681 insinuans
728 2626 871 2697 quod
902 2633 1028 2682 ante
1054 2627 1456 2698 perceptionem
1477 2628 1842 2699 baptismatis,
1872 2644 1995 2685 om-

412 2716 499 2771 nis
542 2716 633 2786 qui
674 2716 843 2772 vulta
877 2717 1125 2787 peccatis.
1141 2717 1340 2774 salvari
1379 2728 1435 2774 et
1462 2720 1529 2775 ab
1557 2720 1801 2776 hostibus
1825 2721 1992 2792 spiri-

414 2806 615 2862 talibus
653 2806 894 2873 liberari,
947 2816 1151 2864 sancta:
1198 2808 1483 2867 Trinitatis
1509 2809 1670 2866 ﬁdem
1698 2811 1861 2868 debet
1882 2813 1995 2868 sin—

411 2911 539 2955 cera
574 2908 755 2956 mente
793 2900 1062 2969 conﬁteri,
1092 2910 1149 2958 et
1196 2911 1320 2974 post
1345 2902 1676 2961 ablutionem
1706 2906 1847 2963 sacri
1876 2906 1996 2961 fon-

413 3001 504 3062 tis,
545 2996 599 3052 in
631 2994 754 3063 fide,
785 3003 840 3052 et
866 3012 978 3068 spe,
1008 3006 1064 3054 et
1090 2999 1357 3056 charitate
1386 3001 1591 3057 utiliter
1623 3002 1867 3074 operari;
1892 2999 1996 3059 sic-

413 3100 519 3157 que
548 3086 800 3157 religiose
830 3088 884 3143 in
912 3089 1015 3145 hoc
1042 3091 1241 3145 mundo
1280 3107 1632 3159 conversans,
1660 3094 1751 3164 qui
1779 3094 1994 3149 senario

2100 1899 2235 1954 tium
2255 1897 2467 1968 junxit,
2495 1897 2564 1953 ab
2589 1911 2657 1952 eo
2681 1896 2869 1967 procul
2899 1896 3063 1952 dubio
3091 1896 3388 1951 vindictam
3416 1896 3478 1952 de
3508 1895 3661 1966 culp:

2098 1998 2253 2045 reatu
2306 2004 2415 2045 non
2449 1988 2676 2059 expetit,
2734 2001 2898 2057 quem
2944 1986 3065 2056 eius
3110 1987 3294 2052 venia,
3342 2001 3483 2057 spes,
3522 1986 3660 2049 fides,

2098 2081 2366 2148 charitas,
2398 2081 2701 2138 abscondit.
2729 2079 2862 2149 Ejus
2888 2094 3020 2151 ergo
3038 2079 3198 2149 culpa
3230 2080 3535 2146 dimittitur,
3555 2094 3660 2150 quae

2096 2186 2442 2245 nequaquam
2474 2170 2697 2226 malitiae
2725 2170 2903 2225 studio
2924 2177 3294 2241 perpetratur.
3330 2188 3350 2221 ι
3399 2168 3528 2225 Cum
3574 2185 3661 2224 au-

2103 2281 2121 2314 σ
2168 2272 2276 2318 tem
2303 2263 2616 2319 dilataverit
2639 2262 2904 2318 Dominus
2927 2261 3070 2317 Deus
3098 2269 3229 2318 tuus
3276 2263 3533 2321 terminos
3557 2271 3659 2318 tuos

2101 2375 2123 2410 ο
2166 2357 2309 2412 sicut
2324 2355 2530 2426 iuravit
2552 2355 2803 2427 patribus
2832 2355 2958 2422 tuis,
2987 2363 3043 2410 et
3067 2355 3286 2411 dederit
3316 2354 3411 2410 tibi
3433 2363 3679 2410 cunctant'

2104 2468 2124 2502 ι
2170 2456 2376 2506 terram
2397 2462 2563 2519 quam
2584 2447 2665 2504 eis
2688 2446 2964 2517 pollicitus
2992 2454 3102 2512 est,
3132 2446 3179 2502 si
3203 2455 3392 2501 tamen
3419 2445 3660 2501 custodio.

2102 2558 2123 2592 ε
2165 2540 2243 2595 ris
2272 2539 2527 2595 mandata
2572 2538 2714 2609 eius,
2750 2547 2808 2594 et
2832 2537 3033 2595 feceris
3078 2552 3200 2609 quae
3225 2537 3390 2593 hodie
3423 2536 3662 2607 praecipio

2103 2651 2124 2686 ι
2168 2632 2289 2699 tibi,
2319 2631 2515 2703 diligas
2537 2630 2825 2687 Dominum
2846 2629 3020 2686 Deum
3047 2640 3222 2694 tuum,
3249 2638 3305 2684 et
3324 2626 3662 2683 ambulaveris

2105 2744 2126 2779 ο
2170 2727 2225 2782 in
2254 2726 2361 2782 viis
2386 2724 2507 2795 ejus
2550 2725 2698 2781 omni
2735 2734 3006 2795 tempore,
3045 2723 3215 2781 addes
3251 2723 3351 2778 tibi
3396 2731 3503 2777 tres
3546 2721 3661 2775 alias

2105 2837 2126 2870 ι
2169 2818 2422 2873 civitates
2441 2858 2454 2883 ,
2480 2824 2536 2872 et
2561 2817 2999 2888 supradictarum
3029 2816 3195 2871 trium
3226 2816 3445 2871 urbium
3493 2828 3663 2870 naute-

2109 2927 2130 2962 ι
2176 2924 2296 2964 rum
2327 2908 2647 2979 duplicabis,
2685 2915 2745 2962 ut
2774 2923 2882 2962 non
2907 2907 3219 2963 eflhndatur
3268 2906 3485 2977 sanguis
3533 2905 3664 2959 iuno

2107 3019 2127 3054 ι
2174 3001 2293 3056 xius
2321 3000 2377 3055 in
2417 2999 2596 3054 medio
2634 3007 2817 3064 terrae,
2865 3014 3029 3070 quam
3077 2997 3346 3053 Dominus
3389 2996 3525 3051 Deus
3557 3002 3662 3048 tutis

2108 3109 2128 3144 ι
2174 3090 2325 3156 dabit
2370 3090 2472 3145 tibi
2512 3090 2915 3160 possidendam,
2974 3103 3077 3145 nec
3100 3088 3179 3144 sis
3217 3085 3497 3159 sanguinis
3533 3098 3664 3147 reus,

415 3194 646 3235 numero
670 3180 922 3235 conditus
946 3179 1132 3251 pollet,
1162 3190 1283 3251 post
1311 3182 1703 3252 perfectionem
1734 3183 1998 3238 bonorum
2029 3184 2076 3248 C
2111 3202 2132 3236 ι
2176 3192 2284 3240 etc.
2326 3203 2346 3236 ι
2381 3182 2496 3239 Hoc
2523 3182 2794 3253 quomodo
2825 3183 3030 3238 factum
3056 3183 3150 3247 sit,
3183 3182 3326 3237 liber
3349 3182 3442 3253 qui
3488 3179 3665 3235 dicitur

416 3281 665 3336 operum,
695 3269 939 3338 requiem
961 3279 1221 3325 aatemam
1243 3279 1539 3341 exspectet,
1571 3271 1625 3327 in
1648 3272 1827 3341 quiete
1858 3270 2000 3327 felici

419 3367 732 3412 sanctarum
758 3359 1080 3413 animarum.
1111 3358 1262 3427 Quod
1281 3368 1459 3415 autem
1488 3361 1620 3416 dicit
1649 3362 1817 3417 sterni
1844 3376 2010 3431 opor-

425 3461 550 3508 tere
583 3447 865 3520 diligenter
887 3448 1051 3516 viam,
1084 3457 1141 3505 et
1164 3450 1217 3505 in
1248 3459 1358 3506 tres
1386 3450 1669 3521 tequaliter
1704 3459 1889 3522 partes
1926 3461 2011 3508 to-

426 3548 534 3593 tam
584 3546 744 3594 terrs:
795 3540 1129 3609 provinciam
1169 3541 1355 3609 dividi,
1404 3551 1671 3613 quatenus
1719 3544 2007 3600 salvandus

424 3630 636 3687 facilius
661 3632 849 3687 hostes
874 3633 1047 3703 possit
1078 3634 1333 3700 evadere,
1361 3634 1702 3691 demonstrat
1742 3637 2005 3707 praedica—

420 3730 567 3774 tores
617 3719 876 3789 plebium,
920 3722 1069 3776 omni
1129 3722 1427 3794 diligentia,
1469 3724 1661 3789 verbo,
1710 3726 1999 3796 exemplis,

419 3812 703 3868 consulere
734 3813 933 3869 debere
972 3815 1132 3869 saluti
1168 3817 1570 3885 :egrotantinm,
1613 3824 1667 3870 et
1721 3816 2006 3887 mqualiter

419 3906 472 3958 in
510 3912 622 3958 tota
672 3911 816 3958 terra
845 3904 1101 3961 Ecclesia:
1132 3917 1333 3962 sanctae
1363 3908 1610 3962 eamdem
1642 3908 1801 3962 fidem
1831 3910 2002 3963 omni-

421 3996 522 4049 bus
576 3992 878 4060 insinuare,
932 4004 1202 4065 quatenus
1234 3997 1374 4051 viam
1407 3998 1655 4053 veritatis
1684 4013 1747 4053 ac
1790 4007 2015 4070 portant

418 4083 758 4139 credulitatis
792 4084 893 4139 sibi
927 4093 1113 4154 patere
1158 4086 1354 4156 singuli
1392 4095 1706 4157 agnoscant.
1751 4087 1817 4141 Et
1845 4087 1888 4141 si
1921 4087 2003 4141 in-

420 4183 568 4228 trare
613 4172 906 4239 noluerint,
963 4190 1023 4229 se
1058 4175 1255 4230 merito
1302 4176 1638 4231 damnandos
1684 4192 1808 4232 esse
1866 4192 2003 4248 prte-

419 4264 613 4320 sciant.
648 4281 669 4314 ι
706 4261 833 4319 Haec
858 4265 964 4320 erit
993 4263 1077 4319 lex
1110 4265 1395 4321 homicidae
1420 4265 1691 4337 fugientis,
1714 4267 1868 4337 cujus
1892 4272 2000 4323 vita

425 4373 445 4403 ι
491 4355 755 4410 servanda
805 4364 888 4411 est
923 4373 936 4409 :
969 4357 1063 4427 qui
1108 4360 1441 4428 percusserit
1481 4361 1788 4430 proximum
1842 4376 2000 4417 suum

426 4467 445 4496 ι
493 4448 769 4513 nesciens,
795 4456 854 4503 et
878 4449 972 4519 qui
1004 4450 1397 4505 nudiustertius
1424 4459 1478 4507 et
1506 4452 1620 4507 heri
1645 4453 1847 4507 nullum
1871 4468 2001 4509 con-

2107 3270 2236 3328 Iesu
2263 3271 2432 3338 Nave,
2457 3271 2789 3337 manifestat,
2819 3288 2945 3327 cum
2966 3280 3366 3328 commemorat
3393 3270 3548 3326 Iosue
3575 3268 3661 3323 Do-

2107 3364 2253 3418 mino
2279 3362 2505 3434 jubente
2552 3377 2648 3419 sex
2677 3363 2929 3419 civitates
2955 3362 3149 3433 refugii
3185 3361 3485 3418 decernere
3512 3356 3666 3415 homi-

2105 3453 2261 3518 eidis,
2290 3453 2382 3523 qui
2417 3453 2769 3509 homicidium
2795 3469 2903 3509 non
2929 3463 3122 3524 sponte
3152 3452 3424 3517 fecerunt,
3455 3452 3551 3506 hoc
3574 3463 3665 3514 eat,

2106 3545 2282 3601 Gades
2317 3546 2370 3600 in
2413 3544 2632 3601 Galiltea
2657 3548 2858 3603 montis
2885 3545 3259 3617 Nephthalim,
3310 3556 3367 3602 et
3390 3546 3592 3601 Sichem
3619 3544 3665 3597 is

2104 3644 2290 3691 monte
2339 3636 2623 3707 Ephraim,
2668 3646 2725 3692 et
2778 3637 3137 3694 Catiatharhe
3171 3638 3335 3708 :ipsa
3363 3645 3447 3693 est
3475 3637 3666 3691 llebrou

2105 3726 2159 3781 in
2190 3736 2373 3783 monte
2400 3727 2539 3782 Iuda
2565 3744 2581 3793 ;
2629 3737 2785 3784 trans
2812 3728 3108 3785 Iordanem
3152 3742 3351 3786 contra
3382 3730 3666 3784 occidenta-

2106 3818 2208 3872 lem
2231 3817 2444 3888 plagam
2488 3817 2731 3884 Iericho,
2787 3821 2978 3876 urbem
3010 3820 3200 3885 Bosor,
3238 3833 3365 3890 qua!
3399 3820 3499 3875 sita
3520 3816 3665 3873 estin

2103 3908 2323 3977 regione
2347 3908 2663 3977 campestri,
2693 3909 2748 3963 in
2778 3909 3071 3966 solitudine
3092 3910 3160 3965 de
3189 3911 3339 3967 tribu
3383 3910 3582 3972 Ruben,
3615 3915 3662 3961 ct

2104 3996 2334 4051 Ramoth
2362 3998 2414 4051 in
2449 3998 2652 4054 Galaad
2671 4000 2738 4054 de
2767 4000 2910 4055 tribu
2934 4001 3075 4062 Gad,
3100 4000 3388 4057 etGaulon
3413 4001 3465 4056 in
3486 4000 3663 4060 Basso,

2101 4091 2170 4146 de
2217 4092 2361 4146 tribtt
2412 4091 2681 4148 Manasse.
2736 4093 2829 4149 lite
2905 4095 3157 4151 civitates
3201 4097 3509 4151 constituta:
3559 4101 3666 4148 sunt

2103 4184 2314 4239 cunctis
2339 4183 2464 4238 filiis
2492 4184 2677 4251 Israel,
2707 4193 2763 4241 et
2787 4186 3014 4241 advenis
3034 4187 3126 4255 qui
3150 4187 3407 4242 habitant
3437 4186 3664 4240 intercus

2102 4281 2160 4327 ut
2187 4273 2397 4344 fugeret
2426 4276 2492 4329 ad
2537 4289 2630 4329 eas
2660 4277 2753 4345 qui
2783 4278 3016 4331 animam
3050 4278 3273 4332 nescius
3309 4278 3666 4347 percussisset,

2102 4374 2290 4419 etnon
2321 4374 2628 4421 moreretur
2654 4367 2706 4421 in
2737 4382 2899 4422 manu
2922 4368 3179 4438 proximi,
3217 4368 3448 4425 eﬁ‘usum
3472 4364 3665 4437 sangui—

2104 4470 2230 4510 nem
2258 4454 2533 4511 vindicare
2559 4457 2849 4527 cupientis,
2872 4458 3046 4513 donec
3080 4466 3253 4514 staret
3281 4470 3410 4543 ante
3434 4455 3666 4529 populum

426 4556 446 4585 ι
494 4544 578 4591 tra
599 4548 722 4591 eum
743 4537 997 4593 habuisse
1020 4539 1203 4594 odium
1233 4542 1641 4611 comprobatur,
1688 4545 1785 4599 sed
1824 4544 2002 4599 abisse
2027 4528 2080 4586 Ι)
2107 4547 2457 4617 expositurus
2485 4562 2707 4602 causam
2746 4562 2922 4603 suam.
2977 4549 3201 4621 Mystiee
3239 4528 3448 4616 autem,
3496 4549 3539 4604 si
3558 4545 3666 4616 quis

429 4647 447 4675 ι
494 4626 812 4697 simpliciter
845 4643 968 4683 cum
1004 4630 1154 4685 eoin
1205 4630 1397 4684 silvam
1430 4631 1499 4686 ad
1534 4632 1680 4702 ligna
1723 4631 1998 4696 caedenda,

432 4736 448 4766 I
491 4726 550 4772 et
576 4717 630 4771 in
662 4719 966 4776 succisione
998 4720 1267 4793 lignon
1299 4722 1511 4777 securis
1532 4722 1733 4792 fugerit
1758 4737 1999 4787 manum,

426 4828 445 4855 ι
494 4805 808 4877 ferrumque
829 4810 1041 4880 lapsum
1066 4813 1133 4868 de
1152 4811 1439 4867 manubrio
1473 4812 1710 4867 amicum
1736 4813 1854 4883 ejus
1877 4828 2001 4884 per-

427 4925 443 4954 t
492 4900 724 4956 cusserit
754 4903 1109 4971 etocciderit,
1162 4906 1249 4960 hic
1274 4905 1343 4960 ad
1372 4920 1534 4960 unam
1562 4905 1997 4975 supradictarum

423 5019 444 5049 ι
489 4994 705 5049 urbium
733 4994 1007 5066 confugiet
1027 5006 1084 5052 et
1101 4998 1284 5053 vivet:
1317 5012 1383 5053 ne
1413 4997 1553 5054 forte
1574 4999 1855 5070 proximus
1879 4998 2001 5069 ejus

425 5108 443 5139 ς
490 5085 651 5157 cujus
667 5094 755 5141 est
774 5083 979 5141 effusus
1011 5090 1254 5159 sanguis,
1297 5089 1483 5145 dolore
1527 5089 1839 5145 stimulatus
1875 5107 2001 5161 per-

429 5202 447 5231 ι
491 5186 771 5253 sequatur,
798 5185 855 5232 et
873 5178 1245 5247 apprehendat
1276 5195 1405 5235 eum
1432 5181 1479 5235 si
1522 5181 1739 5253 longior
1773 5184 1859 5237 via
1889 5182 2000 5239 fue-

427 5301 446 5332 ι
492 5251 588 5338 rit,
632 5279 689 5327 et
716 5270 989 5343 percutiat
1034 5271 1273 5326 animam
1315 5270 1431 5340 ejus
1476 5274 1566 5343 qui
1615 5251 1719 5330 non
1747 5284 1833 5330 est
1871 5291 1998 5332 reus

432 5387 451 5419 ο
492 5365 683 5421 mortis
722 5383 737 5420 :
773 5362 901 5435 quia
928 5363 1134 5419 nullum
1179 5376 1369 5420 contra
1406 5380 1529 5420 eum
1551 5367 1642 5437 qui
1681 5368 1895 5423 occisus
1914 5363 1999 5423 est
2048 5355 2057 5367 ’

425 5475 446 5507 ι
488 5459 675 5513 odium
714 5459 865 5529 prius
920 5458 1175 5513 habuisse
1213 5468 1568 5514 monstratur.
1632 5481 1651 5514 ι
1685 5463 1765 5518 Ad
1806 5463 1998 5519 silvam

417 5563 540 5602 cum
564 5550 742 5605 amico
768 5550 938 5615 ἱιηιιε,
979 5549 1196 5620 quoties
1237 5564 1360 5605 eum
1396 5551 1637 5621 quolibet
1660 5555 1909 5624 proximo
1932 5557 2001 5612 ad

421 5638 675 5693 intuenda
711 5640 908 5696 delicta
936 5650 1122 5697 nostra
1155 5644 1547 5711 convertimur,
1573 5654 1627 5701 et
1652 5646 2001 5717 simplicitate

422 5730 577 5795 tigna-
598 5730 951 5795 snccidimus.
989 5748 1115 5789 cum
1166 5735 1592 5806 delinquentium
1622 5737 1751 5792 vitia
1791 5725 1878 5807 pia
1924 5738 2007 5792 in-

2110 4655 2208 4709 per
2242 4638 2499 4693 invidiam
2530 4646 2624 4692 aut
2650 4639 2834 4693 odium
2877 4656 3140 4697 mucrone
3188 4641 3412 4697 malitia:
3452 4640 3664 4708 aliquem

2108 4729 2457 4798 percusserit,
2492 4736 2548 4783 et
2591 4729 2643 4782 in
2678 4738 2908 4785 mortem
2936 4732 3132 4786 animae
3152 4733 3452 4796 seduxerit,
3473 4740 3665 4786 aeternae

2110 4821 2269 4877 morti
2322 4823 2437 4892 ipse
2480 4822 2748 4877 obnoxius
2780 4823 2908 4877 erit.
2964 4823 3119 4879 Unde
3157 4826 3274 4896 ipsa
3306 4826 3519 4882 Veritas
3551 4821 3659 4879 ait:

2111 4929 2131 4962 ι
2178 4911 2237 4965 Si
2263 4915 2389 4982 quis
2426 4912 2878 4968 seamlalizaverit
2913 4930 3081 4969 unum
3111 4916 3179 4970 de
3206 4916 3418 4985 pusillis
3439 4914 3554 4969 istis
3580 4908 3661 4980 Qui

2103 5003 2159 5058 in
2206 5018 2293 5059 me
2309 5005 2559 5070 credunt,
2584 5007 2808 5077 expedit
2843 5007 2895 5062 ei
2932 5016 2993 5062 ut
3019 5007 3161 5062 mola
3189 5009 3427 5064 asinaria
3456 5008 3662 5062 addatur

2104 5097 2241 5153 collo
2289 5098 2430 5168 ejus,
2476 5107 2535 5153 et
2594 5098 2943 5171 demergatur
2991 5099 3045 5153 in
3087 5100 3412 5171 profundum
3465 5096 3659 5170 (Matth.

2104 5186 2283 5256 xvtn).
2341 5207 2360 5240 ι
2396 5188 2463 5242 Et
2488 5186 2729 5244 Ioannes
2756 5191 2836 5244 ait
2863 5208 2876 5244 :
2908 5208 2926 5241 ι
2962 5189 3065 5257 Qui
3105 5193 3221 5246 odit
3248 5191 3470 5246 fratrem
3501 5201 3659 5242 suum.

2102 5278 2377 5333 homicida
2422 5287 2524 5334 est.
2562 5279 2628 5333 Et
2667 5281 2821 5336 scitis
2866 5284 2993 5351 quia
3046 5283 3227 5337 arenis
3269 5280 3533 5336 homicida
3566 5288 3660 5332 om

2106 5373 2268 5427 habet
2309 5373 2478 5429 vitam
2522 5382 2787 5430 aeternam
2842 5375 2895 5430 in
2960 5391 3020 5431 se
3068 5386 3374 5431 manentem
3424 5372 3475 5444 (Ι
3514 5370 3655 5425 Jour.

2104 5464 2207 5536 ιιι).
2244 5484 2262 5516 ι
2302 5463 2400 5521 ilic
2427 5465 2551 5520 talis
2570 5465 2641 5520 ab
2664 5465 2823 5521 altari
2854 5466 3068 5522 Domini
3102 5467 3265 5522 evelli
3286 5466 3521 5536 iubetur,
3547 5460 3658 5526 cuia

2104 5554 2358 5625 indignus
2401 5556 2758 5611 sacramentis
2814 5555 3133 5622 Dominicis,
3186 5573 3219 5611 a
3269 5552 3657 5627 participatione

2104 5648 2249 5702 sacri
2285 5647 2476 5702 altaris
2504 5648 2700 5703 merito
2730 5660 3060 5715 removetur,
3098 5664 3201 5704 nec
3227 5644 3464 5704 revocari
3492 5641 3555 5697 ad
3580 5655 3655 5688 ται

2106 5738 2251 5792 niam
2292 5738 2393 5794 nisi
2427 5755 2525 5808 per
2571 5740 2891 5810 condignam
2944 5740 3316 5808 paenitentiam
3361 5735 3470 5790 ullo
3511 5727 3651 5787 modo
