3964 6192
352 371 462 429 909

1171 370 1571 429 ENARRATIO
1610 372 1838 429 SUPER
1879 371 2501 431 DEUTERONOMIUM.
2542 362 2611 415 4
2649 378 2774 434 LIB.
2817 379 2877 434 ll.

3516 391 3619 445 9l0

346 493 618 541 meretur.
646 483 749 551 Qui
800 490 980 537 autem
1008 499 1113 538 non
1136 493 1264 539 voto
1304 488 1543 551 malitim,
1591 486 1685 543 sed
1716 502 1815 557 per
1848 488 1932 542 in-
1963 499 2011 558 Α
2042 504 2178 555 rem,
2198 498 2379 545 etnon
2400 490 2687 547 habentem
2718 493 3098 551 discretionem
3121 497 3369 555 subtilem
3400 503 3465 559 de
3487 504 3619 570 Deo,

347 577 559 633 curiam
594 586 686 630 aut
714 575 1075 646 ignorantiam
1123 576 1358 646 aliquem
1390 578 1613 645 laeserit,
1646 580 1813 635 habet
1844 595 1935 633 ur»

346 666 448 721 bes
472 665 690 736 refugii,
742 664 1045 722 Ecclesiam
1082 667 1336 723 videlicet
1364 670 1706 735 catholicam,
1759 671 1849 727 ubi
1879 685 1939 725 se

345 757 600 828 angustia
639 755 972 827 poenitentia:
1001 765 1307 824 coarctans,
1358 775 1458 835 per
1507 776 1671 817 omne
1722 770 1939 829 tempus

347 848 639 920 praesentis
668 849 793 903 vitae
824 848 982 904 bonis
1031 851 1289 921 operibus
1347 852 1584 908 studium
1617 854 1936 924 impendens

348 948 598 1005 maneat;
628 948 684 994 et
703 938 749 994 si
780 953 930 1008 spem
961 955 1117 1016 suam
1145 941 1398 998 inmorte
1420 944 1692 1013 pontificis
1715 945 1933 1012 summi,

352 1033 738 1103 Redemptoris
756 1033 1008 1088 videlicet
1028 1034 1136 1100 sui,
1158 1036 1422 1104 posuerit,
1445 1036 1535 1093 hic
1557 1037 1675 1093 sine
1696 1037 1858 1094 dubio
1882 1037 1937 1092 in

348 1135 616 1180 aaternum
647 1125 972 1182 salvabitur.

961 1238 1188 1297 CAPUT
1225 1238 1367 1293 XXI.

348 1310 428 1365 De
449 1311 664 1365 testibus
690 1309 840 1380 falsis
865 1310 1420 1390 nonrreeipiend‘ismed
1439 1310 1487 1363 si
1506 1310 1699 1365 intenti
1720 1309 1935 1380 fuerint,

910 1380 1007 1434 rite
1027 1380 1328 1451 puniendis.

418 1470 599 1543 (Ιιιιυ.)
631 1489 652 1521 ι
713 1469 829 1525 Non
864 1470 1033 1525 stabit
1068 1469 1224 1525 testis
1275 1484 1415 1524 umis
1450 1477 1646 1525 contra
1677 1469 1935 1541 aliquem,

352 1583 372 1612 ι
419 1561 683 1632 quidquid
718 1560 854 1615 illud
875 1559 1087 1629 peccati
1118 1567 1175 1615 et
1211 1558 1472 1615 facinoris
1504 1558 1701 1626 fuerit;
1761 1560 1857 1616 sed
1882 1560 1938 1615 in

354 1672 376 1702 1
421 1667 520 1707 ore
561 1652 792 1706 duorum
831 1657 925 1705 aut
965 1648 1128 1704 trium
1158 1649 1380 1704 testium
1426 1649 1594 1704 stabit
1629 1664 1791 1704 omne
1819 1665 1940 1705 vel»

354 1760 378 1794 σ
421 1741 567 1795 bum.
608 1760 628 1791 ι
660 1740 818 1795 Licet
857 1750 913 1796 et
942 1739 1312 1794 historialiter
1361 1740 1479 1793 haec
1515 1741 1589 1795 sit
1615 1741 1797 1795 divina
1821 1756 1939 1796 serv

347 1834 523 1889 vanda
558 1832 851 1898 sententia,
878 1840 1060 1887 tamen
1088 1840 1289 1887 etcum
1315 1841 1505 1886 contra
1530 1832 1805 1902 quoslibet
1828 1833 1932 1888 im—

344 1908 470 1996 plies
500 1924 582 1978 vel
630 1923 915 1983 bmreﬁcos
946 1923 1186 1992 agimus,
1219 1937 1446 1978 necesse
1464 1924 1628 1978 nobis
1673 1928 1759 1979 est
1780 1922 1933 1978 Seri-o

344 2028 537 2089 pturas
555 2026 774 2073 sanctas
806 2019 861 2075 in
880 2017 1260 2077 testimonium
1283 2032 1501 2072 vocare.
1544 2015 1750 2073 Sensus
1775 2018 1933 2088 quip.

343 2125 414 2179 pe
453 2110 627 2167 nostri
649 2117 706 2164 et
741 2109 1022 2164 attestatio
1047 2108 1168 2164 sine
1210 2107 1301 2163 his
1333 2107 1566 2163 testibus
1597 2122 1703 2161 non
1730 2107 1934 2162 habent

342 2200 530 2255 fidem.
588 2199 743 2256 Unde
786 2199 963 2270 magis
1009 2199 1265 2255 convenit
1291 2199 1359 2253 ad
1410 2197 1812 2269 probationem,
1871 2203 1935 2251 ut

342 2307 472 2347 cum
501 2290 764 2345 afﬁrmem
790 2291 1021 2345 verbum
1046 2289 1351 2345 intellectus
1380 2289 1511 2355 mei,
1540 2288 1774 2344 adhibeo
1799 2288 1935 2344 duos

343 2394 534 2449 testes,
584 2382 791 2441 Novum
839 2391 903 2439 et
976 2383 1142 2439 Vetus
1194 2382 1623 2437 Testamentum.
1687 2379 1934 2435 Adbibeo

344 2477 515 2532 etiam
541 2485 656 2531 tres
676 2516 693 2542 ,
720 2474 1069 2546 Evangelium
1088 2513 1103 2539 ,
1134 2473 1462 2543 Prophetam
1491 2479 1547 2528 et
1569 2471 1884 2542 Apostolum
1915 2488 1929 2524 :

344 2570 428 2624 sic
471 2568 641 2624 stabit
694 2582 858 2623 omne
891 2568 1138 2622 verbum.
1177 2583 1198 2616 ι
1244 2565 1488 2635 Cumque
1517 2564 1933 2635 diligentissime

346 2681 374 2714 α
417 2667 849 2734 perscrutantes,
887 2658 1194 2715 invenerint
1226 2657 1429 2713 falsum
1476 2665 1671 2714 testem
1729 2656 1935 2712 dixisse

352 2771 373 2804 ι
419 2760 611 2807 contra
642 2750 864 2805 fratrem
895 2766 1054 2805 suum
1070 2748 1433 2812 mendacium,
1465 2748 1694 2805 reddent
1714 2748 1765 2803 ei
1792 2747 1937 2802 sicut

351 2864 375 2897 ε
423 2845 577 2899 fratri
619 2859 718 2899 suo
744 2842 927 2898 facere
965 2841 1271 2914 cogitavit;
1325 2846 1381 2894 et
1405 2837 1624 2895 auferes
1643 2837 1846 2893 malum
1864 2835 1936 2892 de

346 2958 373 2990 4
419 2938 597 2993 medio
622 2936 722 3002 tui,
748 2943 806 2990 ut
827 2936 1111 2991 audientes
1125 2935 1374 2990 timorem
1392 2931 1576 2989 caeteri
1598 2932 1855 2996 habeant,
1880 2937 1938 2985 et

353 3047 374 3079 ι
422 3042 765 3099 nequaquam
796 3026 925 3081 talia
956 3026 1192 3081 audeant
1221 3024 1419 3082 facere.
1448 3021 1567 3079 Non
1589 3020 1937 3078 misereberis

352 3136 374 3170 ε
421 3117 562 3187 ejus,
614 3116 707 3172 sed
738 3116 976 3174 animam
1006 3130 1103 3189 pro
1127 3115 1334 3179 anima,
1376 3110 1593 3169 oculum
1622 3126 1724 3182 pro
1751 3108 1933 3175 oculo,

356 3230 376 3261 ι
423 3212 638 3264 dentem
667 3222 764 3278 pro
799 3207 979 3271 dente,
1020 3220 1238 3260 manum
1269 3219 1370 3274 pro
1399 3217 1585 3268 manu,
1616 3199 1812 3272 pedem
1833 3213 1935 3271 pro
1962 3202 2008 3265 C

356 3320 379 3353 ι
424 3301 563 3371 pede
615 3298 821 3370 exiges.
879 3317 898 3349 ι
953 3297 1031 3352 De
1080 3297 1187 3352 hoc
1232 3303 1288 3350 et
1316 3295 1370 3351 iu
1398 3292 1645 3349 chitieo
1670 3289 1937 3362 scriptum

350 3402 475 3450 est:
506 3411 527 3443 ‹
560 3392 662 3460 Qui
703 3391 969 3447 occiderit
987 3397 1043 3444 et
1069 3388 1408 3460 percusserit
1427 3385 1725 3447 hominem,
1761 3389 1939 3439 morte

330 3503 381 3534 πα
428 3484 711 3539 moriatur.
771 3480 874 3549 Qui
906 3481 1239 3551 percusserit
1267 3477 1492 3545 animal,
1553 3475 1744 3531 reddet
1791 3473 1941 3529 vica-

345 3569 379 3626 ἀ
428 3575 589 3638 rium,
621 3574 672 3628 id
708 3582 812 3638 est,
840 3572 1077 3626 animam
1112 3586 1211 3641 pro
1233 3571 1436 3625 anima.
1480 3568 1583 3636 Qui
1611 3564 1941 3636 irrogaverit

358 3684 378 3717 ι
424 3664 693 3720 maculam
724 3662 947 3718 cuilibet
980 3662 1181 3717 civium
1209 3674 1430 3715 suorum
1452 3699 1467 3723 ,
1509 3658 1652 3713 sicut
1678 3655 1807 3709 fecit
1847 3653 1943 3706 flat

359 3776 380 3809 ι
426 3758 475 3813 ei
511 3775 524 3811 :
556 3756 853 3811 fracturam
906 3769 1008 3825 pro
1062 3753 1322 3818 fractura,
1372 3750 1587 3807 oculum
1623 3763 1724 3819 pro
1759 3745 1938 3808 oculo,

360 3865 381 3899 ι
427 3846 644 3903 dentem
683 3862 783 3917 pro
815 3845 975 3901 dente
996 3843 1274 3900 restituet.
1300 3841 1526 3910 Qualem
1542 3837 1806 3894 indixerit
1833 3851 1942 3890 ma-

360 3955 382 3989 (
428 3937 625 4002 culam,
675 3935 837 3991 talem
877 3934 1152 3989 sustinere
1190 3939 1435 4003 cogatur.
1470 3929 1573 3997 Qui
1614 3925 1945 3999 percusserit

359 4047 383 4082 ι
428 4030 543 4085 sive
571 4017 834 4084 occiderit
860 4025 1163 4089 hominem,
1189 4023 1327 4089 sive,
1368 4020 1666 4077 secundum
1716 4017 1945 4088 Septua-

360 4134 384 4171 ι
427 4119 599 4191 ginta,
650 4117 744 4188 qui
799 4114 1133 4186 percusserit
1172 4113 1409 4167 animam
1454 4110 1712 4174 hominis,
1766 4116 1944 4163 morte

360 4228 383 4263 ε
430 4209 697 4265 moriatur
727 4205 914 4277 (Levii.
946 4203 1126 4275 xxxv).
1161 4223 1180 4256 δ
1212 4202 1279 4257 Et
1299 4202 1424 4273 quis
1450 4200 1686 4256 hominis
1707 4198 1943 4253 animam

352 4306 616 4380 percutit,
656 4303 762 4358 nisi
819 4303 914 4371 qui
954 4315 1080 4356 eum
1125 4299 1337 4355 illioitat
1361 4298 1429 4353 ad
1456 4297 1816 4366 impietatem,
1851 4292 1942 4364 qui

355 4396 573 4452 eumad
624 4394 975 4464 blasphemos
990 4390 1169 4446 trahit
1210 4403 1513 4453 sermones,
1538 4388 1590 4441 in
1614 4386 1811 4456 quibus
1836 4398 1946 4439 me-

2040 593 2227 635 errare
2252 580 2396 645 fecit,
2436 582 2593 652 quasi
2635 582 2788 637 venia
2815 584 3038 640 omnino
3071 587 3262 658 dignus
3287 600 3392 646 est.
3424 591 3483 647 Si
3526 612 3624 649 au-

2039 679 2147 724 tem
2178 673 2466 740 percussit,
2513 689 2619 729 non
2646 674 2724 729 sic
2759 681 2818 728 ut
2846 674 3089 744 perfecte
3132 693 3254 733 eum
3277 681 3344 737 ad
3369 682 3621 754 impieta-

2041 768 2148 815 tem
2173 761 2483 827 deduceret,
2507 772 2562 818 et
2589 777 2656 818 ex
2688 772 2802 819 toto
2827 779 2951 820 eum
2978 782 3166 824 errare
3190 769 3395 827 faceret
3425 790 3454 827 a
3486 774 3620 842 Deo,

2038 853 2262 908 omnino
2290 864 2469 909 autem
2501 856 2748 926 quaedam
2770 871 2833 912 ea
2866 857 3067 913 dixerit
3102 870 3195 915 aut
3214 864 3405 934 egerit,
3430 874 3483 921 et
3507 883 3625 922 ma-

2038 945 2215 1002 culam
2265 946 2472 1015 peccati
2518 946 2798 1019 irrogavit,
2846 951 3145 1007 secundum
3177 953 3281 1008 hoc
3314 963 3369 1010 et
3403 972 3621 1026 pmnam

2040 1037 2349 1092 sustinebit.
2399 1037 2490 1094 Ait
2541 1039 2689 1093 enim
2730 1058 2743 1094 :
2778 1059 2797 1092 ι
2833 1041 2935 1109 Qui
2980 1042 3307 1116 irrogaverit
3353 1048 3625 1104 maculam

2039 1128 2260 1183 cuilibet
2289 1127 2488 1183 civium
2536 1143 2783 1196 suorum,
2816 1131 2957 1187 sicut
2987 1131 3142 1199 fecit,
3172 1136 3222 1189 ei
3255 1135 3367 1191 fiat.
3400 1137 3626 1195 Fractu-

2042 1236 2156 1275 ram
2181 1236 2279 1295 pro
2303 1220 2571 1277 fractura:
2591 1223 2723 1287 sive,
2748 1233 2806 1277 ut
2833 1222 3208 1297 Septuaginta,
3238 1229 3620 1287 contritionem

2039 1328 2139 1382 pro
2155 1313 2500 1379 contritione,
2533 1313 2749 1369 oculum
2770 1330 2870 1386 pro
2892 1316 3069 1381 oculo,
3101 1317 3317 1374 dentem
3365 1336 3465 1390 pro
3496 1323 3623 1378 den-

2043 1414 2114 1458 te.
2156 1425 2174 1456 ι
2213 1404 2340 1459 Sive
2366 1404 2512 1459 enim
2542 1394 2799 1462 virtutem
2842 1421 3005 1477 quam
3041 1408 3252 1475 habuit,
3307 1412 3462 1482 cujus
3509 1413 3623 1468 sive

2039 1493 2319 1564 proximus
2346 1493 2435 1550 ille
2467 1495 2608 1550 mala
2637 1496 2835 1551 docens
2865 1505 2960 1552 aut
2985 1499 3241 1565 suadens,
3273 1510 3366 1555 aut
3399 1503 3624 1569 scanda-

2039 1582 2235 1650 lizans,
2268 1590 2361 1638 aut
2391 1584 2681 1640 detrahens
2707 1593 2801 1640 aut
2838 1586 3175 1644 calumnians
3209 1591 3483 1658 contrivit,
3509 1593 3623 1648 sive

2039 1673 2257 1730 oculum
2286 1673 2402 1745 ejus
2430 1674 2682 1732 videlicet
2725 1678 3101 1746 scientiarum,
3150 1696 3317 1736 unum
3348 1683 3625 1752 quodlibet

2040 1769 2425 1838 przedictorum
2455 1785 2622 1842 agens
2650 1772 2908 1839 czecavit;
2939 1781 3033 1827 aut
3058 1772 3297 1842 dentem,
3331 1776 3623 1833 verborum

1962 1853 2008 1913 Β
2035 1859 2314 1916 virtutem.
2347 1861 2547 1919 Dentes
2572 1863 2716 1918 enim
2740 1877 2838 1934 pro
2859 1864 3041 1921 verbis
3069 1864 3349 1938 Scriptura
3375 1868 3624 1940 accipere

2040 1952 2196 2021 solet,
2227 1955 2369 2026 quod
2388 1956 2632 2012 ostendit
2658 1957 2828 2012 David
2856 1957 3042 2013 dicens
3075 1976 3088 2012 :
3123 1976 3141 2009 ι
3170 1958 3291 2014 Filii
3316 1959 3620 2026 hominum,

2036 2050 2227 2105 dentes
2265 2063 2456 2104 eorum
2486 2064 2637 2104 arma
2659 2056 2715 2104 et
2744 2049 2974 2120 sagitta,
3003 2058 3057 2104 et
3079 2050 3260 2120 lingua
3292 2066 3478 2106 eorum
3507 2052 3615 2123 gla-

2037 2141 2157 2197 dius
2209 2149 2402 2197 acutus
2449 2139 2623 2215 (Psal.
2673 2140 2807 2212 va),
2841 2162 2858 2194 ι
2887 2141 2969 2196 vel
3003 2143 3271 2197 machmra
3315 2151 3497 2198 acuta.
3545 2143 3621 2198 De

2036 2233 2255 2289 Christo
2280 2241 2464 2289 autem
2491 2231 2657 2289 Jacob
2698 2233 3009 2304 patriarcha
3056 2233 3110 2288 in
3156 2234 3623 2290 benedictionibus

2038 2325 2255 2381 dicebat
2287 2343 2300 2377 :
2336 2343 2354 2377 ι
2392 2324 2741 2380 Pulchriores
2761 2332 2887 2379 sunt
2910 2324 3053 2380 oculi
3080 2323 3197 2395 ejus
3227 2325 3377 2391 vino,
3408 2333 3465 2380 et
3495 2325 3620 2380 den-

2037 2423 2119 2472 tes
2175 2416 2316 2472 lacte
2362 2415 2706 2472 candidiores
2747 2414 2901 2487 (Gen.
2945 2413 3114 2487 xtvi).
3153 2433 3172 2466 ι
3201 2414 3344 2469 Clari
3379 2415 3520 2469 enim
3568 2425 3623 2468 et

2037 2506 2210 2578 aperti
2243 2505 2540 2577 evangelici
2590 2505 2791 2561 Christi
2837 2519 3117 2561 sermones
3154 2512 3300 2569 sunt,
3338 2520 3501 2574 super
3538 2504 3625 2558 Lac

2037 2596 2255 2670 legales.
2288 2595 2606 2653 Necessarie
2650 2611 2780 2668 ergo
2820 2611 3009 2651 eorum
3044 2584 3165 2665 qua:
3193 2596 3336 2652 dicta
3363 2605 3490 2651 sunt
3525 2596 3622 2650 ali-

2039 2688 2167 2758 quid
2202 2702 2430 2755 nocens,
2459 2687 2692 2743 similem
2718 2695 2775 2741 et
2801 2686 2916 2756 ipse
2951 2686 3183 2742 sustinet
3234 2685 3522 2752 maculam,
3567 2688 3621 2741 in

2032 2777 2240 2855 judicio
2268 2778 2523 2839 videlicet
2551 2776 2754 2831 futuro.
2794 2774 2850 2830 Si
2881 2776 3026 2830 enim
3056 2775 3277 2829 alterius
3301 2774 3490 2828 virtuti
3523 2790 3620 2829 no-

2039 2870 2153 2925 cuit
2186 2878 2282 2925 aut
2316 2869 2592 2934 contrivit,
2643 2867 2810 2937 ipsius
2839 2874 3168 2922 conteretur.
3210 2864 3506 2921 Scientiam
3528 2866 3627 2921 ob-

2039 2960 2298 3025 scuravit,
2330 2957 2450 3029 ejus
2495 2958 2722 3013 scientia
2772 2971 2871 3026 pro
2903 2955 3047 3010 nullo
3075 2956 3326 3010 habetur.
3352 2953 3412 3009 Si
3439 2955 3629 3011 verbis

2040 3050 2407 3107 doctoralihus
2438 3049 2640 3113 nocuit,
2691 3055 2746 3103 et
2779 3045 2896 3115 ejus
2948 3060 3230 3102 sermones
3256 3044 3625 3105 infructuosos

2041 3144 2093 3201 ei
2125 3152 2286 3214 atque
2308 3141 2526 3197 inutiles
2544 3141 2708 3212 judcx
2750 3138 2966 3195 efﬁciet.

2609 3271 2839 3328 CAPUT
2877 3270 3036 3328 XXII.

2036 3368 2116 3423 De
2137 3366 2435 3422 ordinando
2450 3366 2576 3436 jure
2597 3364 2756 3428 belli;
2783 3373 2842 3436 et
2857 3363 2923 3436 de
2937 3363 3331 3436 formidolosa,
3352 3374 3403 3421 et
3420 3367 3626 3427 calari:

2180 3433 2499 3492 inhabilibus
2517 3437 2753 3507 personis
2774 3434 2843 3489 ad
2866 3433 3166 3489 bellandum
3187 3475 3203 3503 ,
3228 3437 3479 3492 remissis.

2111 3548 2262 3619 (CAP.
2298 3545 2412 3617 xx.)
2440 3564 2458 3596 ι
2491 3543 2652 3609 Audi,
2671 3544 2837 3601 Israel
2864 3562 2878 3597 ε
2907 3544 3018 3600 Vos
3045 3545 3206 3601 hodie
3230 3554 3423 3609 contra
3448 3547 3629 3604 inimi-

2042 3658 2066 3692 4
2095 3655 2189 3696 cos
2220 3647 2431 3695 vestros
2455 3651 2693 3709 pugnam
2722 3635 3068 3691 committitis
3096 3652 3112 3689 :
3144 3630 3255 3691 non
3278 3637 3629 3706 pertimescat

2046 3748 2068 3784 ι
2093 3746 2190 3786 cor
2229 3737 2468 3785 vestrum
2488 3768 2504 3794 ,
2541 3727 2710 3784 nolite
2749 3733 3027 3792 metuere,
3066 3725 3231 3781 nolite
3262 3725 3488 3794 cedere,
3526 3744 3629 3785 nec

2047 3841 2067 3877 ι
2096 3821 2401 3877 formidetis
2433 3835 2558 3885 eos,
2591 3818 2719 3890 quia
2751 3818 3010 3874 Dominus
3036 3819 3183 3872 Deus
3208 3825 3393 3873 vester
3425 3817 3482 3872 in
3514 3833 3629 3874 me.

2051 3930 2071 3965 ι
2100 3912 2191 3968 dio
2223 3918 2464 3967 vestrum
2493 3916 2610 3972 est,
2641 3916 2697 3963 et
2719 3921 2820 3978 pro
2851 3905 3006 3961 vobis
3033 3915 3223 3961 contra
3253 3905 3508 3963 inimicos
3539 3923 3630 3963 ve-

2050 4024 2070 4056 ι
2101 4013 2247 4060 stros
2272 4000 2584 4066 dimicabit,
2616 4008 2678 4055 ut
2700 4005 2858 4054 eruat
2887 4013 2986 4053 vos
3015 3997 3083 4052 de
3112 3996 3372 4068 periculo.
3404 4017 3423 4050 ι
3448 3997 3505 4052 In
3536 3996 3632 4053 Sc-

2044 4096 2325 4168 ptuaginta
2360 4109 2575 4165 quoque
2600 4094 2720 4148 haec
2748 4092 3022 4148 sententia
3051 4092 3129 4147 ita
3156 4091 3356 4163 legitur
3383 4109 3396 4144 :
3432 4110 3453 4143 ι
3483 4093 3630 4160 Quo-

2051 4207 2070 4241 ι
2102 4189 2247 4244 niam
2271 4187 2530 4243 Dominus
2550 4184 2693 4240 Deus
2715 4192 2898 4240 vester
2922 4183 3014 4253 qui
3038 4182 3309 4253 prtecedet
3330 4181 3626 4246 vobiscum,

2052 4300 2070 4332 ι
2100 4279 2261 4336 simul
2308 4277 2596 4335 debellabit
2638 4274 2919 4330 vobiscum
2971 4272 3221 4327 inimicos
3272 4279 3518 4337 vestros,
3571 4280 3630 4327 et

2052 4394 2070 4424 ι
2101 4373 2280 4427 salvos
2310 4369 2474 4424 faciet
2499 4382 2616 4422 vos.
2649 4385 2668 4418 ι
2692 4365 2836 4421 Ecce
2863 4363 3320 4433 quemadmodum
3350 4371 3408 4418 et
3435 4364 3488 4418 in
3518 4364 3630 4434 spi-

355 4498 510 4546 retur
550 4456 785 4559 pessima
831 4484 1040 4557 peccati
1088 4489 1265 4538 morte
1311 4480 1473 4544 mori,
1519 4494 1640 4549 quae
1686 4491 1817 4530 vera
1856 4481 1941 4529 est
1965 4549 2012 4559 _
2046 4463 2299 4559 ritalibus
2322 4458 2665 4559 conflictibus
2686 4456 3011 4559 ερθνθηάυπξξ
3032 4464 3127 4559 ,εξθξ
3148 4463 3205 4559 ei
3227 4456 3528 4559 Ρεῑθηάιιῐιξ
3544 4465 3631 4512 εει

358 4596 510 4639 mors
542 4546 781 4634 animae?
814 4546 1048 4647 Propter
1088 4573 1233 4644 quod
1270 4579 1446 4626 morte
1480 4546 1620 4623 mori
1646 4569 1813 4631 hunc,
1844 4565 1939 4636 qui
1965 4549 2019 4611 D
2044 4553 2372 4623 adjutorium
2412 4550 2544 4617 Dei,
2572 4559 2774 4647 nonut
2798 4563 2899 4647 nos
2932 4546 3067 4647 nihil
3102 4546 3393 4647 faciamus,
3415 4547 3529 4647 sed
3550 4556 3632 4647 ἰιι

354 4674 484 4729 talis
510 4681 614 4736 est,
644 4669 910 4742 praecipit.
942 4667 1041 4722 Hie
1070 4675 1251 4723 tamen
1279 4662 1517 4717 animam
1552 4660 1739 4715 dicens
1759 4656 1938 4712 homi-

356 4766 465 4829 nis,
517 4762 805 4819 animalem
837 4760 1072 4814 maxime
1100 4756 1375 4813 hominem
1416 4752 1567 4818 dicit,
1600 4750 1655 4806 id
1682 4757 1785 4811 est,
1814 4762 1938 4804 eum

356 4858 449 4928 qui
480 4872 587 4912 non
611 4861 792 4925 potest
820 4851 1124 4922 intelligere
1151 4863 1273 4919 quae
1299 4852 1426 4901 sunt
1458 4842 1703 4913 spiritus.
1732 4840 1812 4895 De
1833 4853 1942 4908 quo

355 4949 435 5003 ait
462 4945 741 5016 apostolus
783 4943 983 4998 Paulus
1012 4960 1026 4996 :
1062 4959 1084 4991 ι
1126 4937 1392 4994 Animalis
1422 4944 1602 5005 autem
1629 4933 1793 4988 homo
1830 4946 1940 4985 non

355 5038 586 5110 percipit
607 5053 671 5094 ea
696 5052 819 5107 qum
845 5043 971 5091 sunt
995 5033 1239 5103 spiritus.
1268 5029 1511 5086 Stultitia
1546 5026 1695 5083 enim
1728 5024 1801 5079 illi
1834 5031 1942 5090 est,

355 5142 413 5187 et
444 5147 550 5186 non
584 5139 765 5200 potest
803 5127 1125 5198 intelligere,
1158 5124 1287 5194 quia
1310 5120 1632 5193 spiritaliter
1664 5115 1946 5173 examina-

280 5263 288 5269 .
358 5233 449 5277 tur
473 5222 524 5292 (I
567 5220 694 5276 Cor.
725 5220 810 5291 ιι).
840 5239 860 5273 ι
893 5219 1065 5286 Quem
1103 5217 1196 5287 qui
1223 5212 1574 5285 percusserit,
1617 5219 1794 5265 morte
1831 5221 1947 5262 mo-

356 5314 553 5368 riatur.
582 5311 689 5368 Sed
728 5319 786 5367 et
813 5311 858 5367 si
892 5307 1225 5380 percusserit
1253 5304 1488 5368 animal,
1525 5301 1776 5357 videlicet
1818 5312 1944 5353 eum

355 5404 451 5475 qui
474 5405 636 5460 modo
665 5402 880 5473 pecoris
904 5401 1059 5456 vivit.
1093 5400 1169 5455 De
1213 5412 1322 5468 quo
1348 5395 1428 5450 ait
1469 5392 1639 5448 David
1666 5410 1680 5444 :
1716 5410 1737 5441 ‹
1768 5388 1943 5445 Homo

356 5511 484 5551 cum
532 5495 588 5549 in
621 5494 829 5549 honore
871 5500 1038 5557 esset,
1094 5505 1203 5546 non
1254 5486 1562 5544 intellexit:
1594 5488 1942 5553 comparatus

357 5597 444 5646 est
462 5588 727 5660 jumentis
767 5586 1168 5657 insipientibus,
1209 5591 1265 5639 et
1305 5581 1499 5635 similis
1525 5577 1701 5632 factus
1724 5584 1809 5630 est
1835 5572 1955 5633 illis-

359 5679 536 5751 (Psal.
562 5678 778 5750 xevm).
821 5696 840 5729 ι
874 5676 1086 5732 Reddet
1126 5674 1412 5737 vicarium,
1465 5669 1518 5725 id
1559 5676 1661 5733 est,
1709 5665 1950 5720 animam

360 5788 463 5843 pro
497 5772 700 5827 anima.
734 5770 846 5826 Nec
882 5769 1026 5824 enim
1058 5768 1184 5838 quia
1213 5773 1553 5835 peceatorem
1605 5768 1698 5816 aut
1729 5756 1953 5828 popula-

2047 4647 2217 4717 adjuti
2246 4658 2621 4715 cooperemur.
2648 4640 2747 4699 Sic
2772 4641 2920 4696 enim
2949 4640 3024 4694 ait
3053 4658 3066 4693 :
3104 4657 3123 4689 ι
3155 4637 3456 4695 Debellabit
3480 4639 3632 4695 vobi-

2053 4760 2074 4794 ί
2100 4755 2253 4797 scum
2273 4780 2289 4804 ,
2314 4759 2332 4791 ι
2362 4746 2423 4793 ιιι
2456 4736 2620 4793 etiam
2652 4735 2797 4803 ipsos
2826 4742 3045 4788 acturos
3077 4731 3208 4801 quid
3242 4731 3512 4804 agendum
3538 4747 3631 4789 es-

2049 4843 2163 4899 set,
2189 4831 2520 4889 ostenderet.
2548 4847 2570 4880 ι
2592 4828 2769 4884 Duces
2791 4841 3008 4896 quoque
3033 4840 3130 4895 per
3155 4825 3397 4898 singulas
3422 4834 3630 4882 turmas

2054 4946 2074 4979 ι
2101 4927 2355 4983 audiente
2400 4922 2646 4978 exemita
2695 4917 3109 4990 proclamabunt
3136 4935 3151 4971 :
3186 4916 3318 4984 Quis
3349 4925 3436 4974 est
3467 4917 3631 4973 homo

2054 5037 2073 5069 ι
2104 5017 2197 5087 qui
2232 5012 2519 5071 aiditieavit
2563 5011 2782 5066 domum
2829 5022 3060 5072 novam,
3100 5012 3156 5062 et
3198 5021 3307 5063 non
3358 5004 3633 5062 dedicavit

2055 5127 2074 5159 ι
2103 5106 2294 5162 illam?
2324 5103 2500 5159 Vadat
2532 5109 2590 5156 et
2633 5106 2941 5157 revertatur
2973 5098 3027 5152 in
3066 5097 3288 5153 domum
3325 5110 3478 5151 suam
3501 5135 3516 5159 ,
3558 5109 3628 5148 ne

2058 5222 2078 5254 ι
2108 5200 2247 5256 forte
2279 5196 2546 5253 moriatur
2575 5194 2633 5249 in
2665 5191 2809 5249 bello
2836 5232 2851 5254 ,
2891 5199 2948 5246 et
2980 5189 3121 5245 alius
3151 5189 3314 5245 homo
3348 5185 3465 5253 ejus
3514 5182 3632 5237 fun-

2058 5310 2078 5343 ι
2106 5298 2266 5363 gatur
2288 5285 2484 5343 oilicio.
2515 5283 2649 5352 Quis
2678 5285 2841 5340 homo
2871 5281 2965 5352 qui
2994 5277 3340 5349 de'sponsavit
3369 5288 3593 5329 tuon-em
3612 5313 3627 5336 ,

2058 5403 2075 5436 ι
2106 5392 2162 5439 et
2197 5397 2307 5438 non
2342 5378 2554 5449 accepit
2583 5376 2752 5437 eam?
2792 5373 2964 5430 Vadat
2995 5379 3051 5427 et
3087 5373 3395 5424 revertatur
3442 5364 3493 5417 in
3535 5363 3633 5418 do-

2056 5495 2075 5529 c
2104 5490 2250 5531 mum
2296 5487 2483 5536 suam,
2526 5485 2601 5526 ne
2640 5468 2779 5523 forte
2810 5465 3080 5522 moriatur
3112 5461 3170 5515 in
3199 5457 3371 5521 bello,
3404 5465 3458 5511 et
3493 5457 3632 5513 alius

2057 5587 2077 5621 ι
2107 5569 2271 5624 homo
2321 5564 2556 5634 accipiat
2596 5575 2753 5624 eam,
2786 5577 2807 5611 ι
2837 5564 2948 5614 etc.
2976 5553 3208 5608 Possunt
3239 5562 3460 5604 movere
3489 5546 3592 5602 ista
3613 5587 3628 5610 ,

2052 5660 2209 5731 quasi
2246 5656 2473 5713 meliore
2515 5650 2825 5709 conditione
2873 5641 3178 5731 moriantur
3223 5638 3277 5694 in
3328 5636 3502 5731 bello,
3539 5637 3631 5707 qui

2049 5728 2163 5821 jam
2197 5749 2586 5807 dedicaverunt
2606 5738 2831 5798 mditicia
2862 5750 2957 5791 sua
2982 5773 2997 5799 ,
3020 5730 3245 5802 jamque
3272 5728 3471 5800 epulati
3504 5734 3636 5783 sunt
