3964 6192
272 348 279 353 ”
362 350 467 407 Eli

1014 341 1073 395 B.
1117 336 1371 395 RABANI
1412 335 1631 393 MAIIRI
1670 332 1986 390 AllClllEP.
2029 333 2339 392 MOGUNT.
2380 332 2667 393 OPERUM
2705 331 2885 388 PARS
2922 332 2963 386 l.

3511 334 3623 388 illi!

371 465 435 519 de
462 459 718 524 novellis,
754 458 1023 513 duxerunt
1053 467 1283 525 sponsas
1312 467 1470 517 snas,
1500 464 1661 520 quam
1688 448 1780 518 qui
1809 462 1945 502 non-
1972 450 2017 512 Α
2047 457 2103 504 et
2153 449 2475 506 adversatur
2525 448 2759 519 spiritui.
2814 446 3041 514 Quando
3089 455 3272 502 autem
3326 445 3632 502 catholicus

371 554 521 609 dum.
554 549 663 605 Sed
689 548 944 618 quoniam
973 545 1061 601 his
1092 544 1252 599 rebus
1283 549 1497 596 tenetur
1524 541 1791 596 humanus
1818 535 1949 591 affe-

370 651 493 700 ctus
526 646 583 695 et
624 636 804 707 magni
850 634 1193 691 aestimantur
1227 631 1344 685 hinc
1377 629 1443 683 ab
1476 626 1816 689 hominibus,
1861 625 1949 679 in-

370 728 719 802 telligendum
760 735 844 781 est
885 725 953 779 ad
987 724 1090 777 hoc
1125 722 1225 775 ista
1272 719 1378 774 dici
1424 719 1476 772 in
1518 717 1720 773 bellum
1762 731 1951 786 proce-

371 820 663 883 dentibus,
694 824 755 871 ut
783 813 1028 885 quisquis
1054 810 1237 865 animo
1280 808 1364 863 his
1412 815 1646 871 tenetur,
1694 813 1951 876 appareat

374 925 500 965 cum
531 907 845 970 revertitur,
877 919 946 958 ne
974 910 1195 972 propter
1215 901 1319 956 hoc
1344 900 1523 955 minus
1549 898 1760 952 fortiter
1789 906 1951 967 agat,

374 1000 504 1055 dum
546 998 702 1053 timet
743 1011 812 1051 ne
853 1000 981 1050 ante
1025 992 1291 1046 moriatur
1333 1005 1495 1060 quam
1540 988 1759 1044 domum
1794 988 1949 1042 dedi-

375 1088 621 1155 eaverit;
652 1095 746 1141 aut
789 1085 857 1140 de
902 1082 1114 1138 novella
1155 1097 1254 1136 sua
1294 1080 1520 1144 biberit,
1564 1086 1661 1134 aut
1699 1092 1951 1149 sponsam

375 1180 606 1238 duxerit.
655 1178 791 1232 Nam
842 1175 1059 1245 utique,
1107 1168 1369 1244 quantum
1417 1173 1486 1227 ad
1530 1170 1787 1225 feminam
1832 1183 1955 1239 per-

374 1272 544 1335 tinet,
574 1267 767 1323 melius
794 1266 949 1320 alteri
980 1264 1136 1319 nubit
1166 1264 1369 1317 intacta
1398 1278 1563 1332 quam
1593 1261 1775 1317 vidua.
1808 1260 1950 1325 Sed,

373 1372 434 1416 ut
476 1360 618 1425 dixi,
667 1360 783 1413 lucc
826 1357 1071 1411 instituta
1120 1361 1245 1409 sunt
1290 1362 1512 1423 propter
1559 1353 1798 1406 virorum
1839 1350 1955 1403 ani-

373 1467 494 1507 mos
550 1450 930 1520 explorandos.
986 1466 1004 1497 ι
1042 1446 1173 1514 Quis
1229 1454 1312 1499 est
1358 1446 1521 1499 homo
1574 1442 1955 1498 formidolosus

379 1561 399 1593 ι
429 1553 485 1598 et
526 1541 692 1597 corde
729 1536 967 1610 pavido?
996 1536 1169 1591 Vadat
1207 1542 1262 1589 et
1302 1540 1605 1587 revertatur
1644 1532 1695 1585 in
1736 1531 1956 1585 domum

381 1652 399 1686 ι
432 1648 584 1688 suam
617 1651 629 1684 :
672 1646 740 1685 ne
780 1644 975 1699 pavere
1013 1627 1177 1682 corda
1222 1624 1448 1679 fratrum
1490 1637 1712 1677 suorum
1751 1618 1951 1685 faciat,

381 1745 399 1776 ι
432 1725 574 1780 sicut
593 1732 648 1778 et
681 1722 795 1792 ipse
818 1720 1011 1774 timore
1030 1716 1353 1788 perterritus
1376 1723 1479 1769 est.
1504 1733 1523 1766 ι
1550 1712 1756 1779 Quibus
1777 1708 1957 1763 verbis

2052 541 2210 610 quis,
2239 541 2330 610 qui
2369 549 2455 595 est
2492 540 2678 610 utique
2716 553 2879 593 verus
2917 536 3295 608 Jerosolymita
3317 576 3333 603 ,
3375 534 3632 607 hujusce»

2051 631 2198 686 modi
2248 630 2550 700 susceperit
2601 628 2801 684 bellum
2827 669 2842 693 ,
2892 627 3129 698 primum
3176 641 3368 696 pacem
3410 624 3632 694 jubetur

2052 722 2282 784 olferre,
2336 722 2442 776 hoc
2483 727 2598 786 est,
2639 719 2917 775 Christum
2960 718 3029 771 ad
3067 717 3402 772 credendum
3433 716 3635 785 prindi-

2054 828 2198 868 care.
2235 831 2253 864 ‹
2280 811 2398 883 ipse
2436 819 2521 867 est
2560 810 2737 876 enim,
2772 808 2926 878 juxta
2962 807 3114 863 Pauli
3145 820 3366 872 vocem,
3395 822 3504 878 pax
3534 822 3633 861 no-

2060 922 2079 955 (
2110 912 2254 970 stra,
2296 902 2387 972 qui
2427 901 2557 957 fecit
2596 910 2830 969 utraque
2869 914 3040 954 unum
3081 895 3313 968 (Ephes.
3341 896 3445 969 ιι).
3479 916 3499 948 ι
3534 895 3638 963 Qui

2054 1003 2234 1049 autem
2263 991 2531 1062 receperit
2558 991 2782 1045 verbum
2812 987 2937 1043 Filii
2967 987 3096 1052 Dei,
3138 995 3193 1041 ct
3232 986 3517 1057 aperuerit
3557 984 3635 1039 illi

2054 1091 2242 1155 portas
2268 1081 2551 1137 interioris
2576 1080 2791 1145 cordis,
2824 1086 2884 1133 ut
2910 1077 3144 1147 accipiat
3172 1076 3228 1131 in
3268 1091 3329 1131 se
3362 1076 3639 1146 hospitem

2056 1175 2364 1239 Christum,
2414 1172 2712 1227 salvabitur
2749 1185 2871 1226 cum
2913 1168 3044 1224 totis
3082 1168 3335 1223 sensibus
3374 1166 3546 1221 animi
3588 1175 3644 1221 et

2058 1265 2338 1321 all‘ectibus
2379 1265 2523 1320 illius
2548 1282 2561 1319 :
2593 1271 2649 1319 et
2675 1278 2773 1332 per
2798 1261 3145 1317 devotionem
3173 1267 3381 1315 rectam
3425 1258 3644 1315 solven-

2059 1358 2128 1411 do
2176 1373 2398 1412 censum
2444 1357 2708 1411 bonorum
2740 1365 2990 1419 actuum,
3021 1354 3252 1409 salutem
3290 1354 3493 1408 animae
3534 1368 3647 1408 suae

2060 1448 2337 1517 conquirit
2375 1454 2715 1518 perpetuam.
2758 1445 2899 1501 Hinc
2950 1444 3206 1499 Salvator
3249 1444 3306 1498 in
3353 1442 3650 1515 Evangelio

2060 1537 2318 1608 apostolis
2360 1538 2435 1592 ait
2477 1554 2490 1590 :
2532 1555 2551 1587 ε
2581 1537 2639 1591 ln
2681 1550 3060 1605 quamcunque
3099 1534 3376 1590 civitatem
3415 1542 3515 1587 aut
3559 1547 3652 1587 ca-

2065 1645 2084 1678 ι
2115 1627 2330 1682 stellam
2359 1626 2726 1690 intraveritis,
2759 1626 3094 1696 interrogate
3119 1624 3244 1694 quis
3273 1623 3330 1677 in
3356 1638 3421 1679 ea
3453 1623 3654 1694 dignus

2065 1737 2085 1770 ι
2115 1720 2187 1774 sit
2211 1736 2224 1772 :
2255 1730 2311 1773 et
2333 1718 2405 1772 ibi
2438 1726 2680 1783 manete,
2710 1717 2882 1772 donec
2907 1715 3134 1770 exeatis.
3164 1714 3431 1769 latrantes
3460 1721 3652 1768 autem

374 1816 569 1871 edocet
597 1827 705 1867 non
734 1826 892 1881 posse
934 1822 1257 1878 quemquam
1293 1802 1685 1875 professionem
1714 1806 1956 1855 contem—
1982 1804 2030 1864 Β
2064 1828 2082 1862 ε
2110 1811 2327 1866 domum
2351 1850 2367 1876 ,
2396 1809 2627 1865 salutate
2656 1823 2777 1863 eam
2805 1807 3049 1863 dicentes
3075 1824 3089 1860 ε
3124 1806 3237 1861 pa;
3266 1806 3393 1861 huic
3424 1805 3646 1861 domui,

374 1905 637 1978 plationis
676 1902 764 1959 vel
806 1900 1068 1972 spiritalis
1106 1898 1314 1953 militiae
1352 1896 1594 1965 arripere
1618 1893 1951 1957 exercitum,

377 2000 471 2069 qui
500 1997 681 2054 adhuc
708 1995 899 2051 nudari
929 1992 1162 2048 terrenis
1189 1990 1444 2061 operibus
1470 1985 1804 2059 pertimescit
1833 2002 1847 2038 :
1888 1997 1957 2038 ne

376 2103 568 2145 rursus
610 2085 930 2141 infirmitate
960 2083 1156 2137 mentis
1184 2088 1507 2145 revertatur,
1539 2092 1744 2147 suoque
1769 2090 1957 2130 exem-

376 2180 467 2253 plo
496 2178 631 2233 alios
660 2176 731 2231 ab
757 2174 1069 2247 evangelica
1110 2171 1441 2243 perfectione
1482 2175 1702 2223 revocet
1743 2175 1799 2221 et
1839 2162 1960 2219 inli-

378 2268 486 2325 deli
516 2276 726 2323 terrore
757 2263 1016 2320 infirmet.
1050 2260 1317 2317 Jubentur
1344 2260 1528 2329 itaque
1560 2257 1694 2313 tales
1725 2265 1814 2320 ut,
1846 2254 1957 2309 dis-

377 2360 630 2417 cedentes
677 2373 707 2412 a
755 2372 971 2429 pugna,
1021 2362 1368 2410 revertantur
1408 2353 1461 2407 in
1508 2351 1728 2405 domum
1776 2363 1957 2411 suam,

379 2452 511 2523 quia
550 2466 661 2506 non
689 2456 920 2521 possunt
956 2445 1158 2517 duplici
1202 2444 1368 2500 corde
1411 2441 1552 2497 bella
1583 2438 1799 2494 Domini
1828 2451 1955 2507 pra?

378 2544 525 2601 liari.
560 2561 577 2593 ι
607 2542 705 2597 Vir
733 2539 930 2610 duplex
960 2536 1143 2592 animo
1174 2537 1486 2591 inconstans
1514 2540 1597 2587 est
1626 2532 1680 2585 in
1709 2527 1967 2585 omnibus

379 2634 487 2689 viis
523 2632 637 2688 suis
664 2629 823 2703 (Jac.
852 2628 933 2701 1).
966 2648 984 2681 ι
1013 2627 1169 2682 Tales
1200 2627 1398 2696 quippe
1425 2632 1640 2695 oportet
1668 2630 1725 2675 ut
1764 2635 1831 2675 ne
1864 2619 1968 2676 ini-

384 2724 521 2779 tium
543 2721 764 2794 quidem
786 2717 1203 2775 renuntiationis
1231 2716 1520 2786 arripiant,
1552 2713 1747 2784 quibus
1775 2710 1970 2766 melius

381 2824 466 2871 est
516 2815 572 2870 in
613 2813 791 2869 activa
835 2811 945 2866 vita
988 2809 1291 2866 consistant
1327 2822 1489 2879 quam
1522 2804 1699 2877 tepide
1728 2812 1970 2858 contem-

380 2909 674 2981 plationem
722 2912 1116 2976 exsequentes,
1170 2901 1362 2973 majori
1411 2896 1714 2955 discrimini
1762 2901 1970 2951 semet-

381 3002 528 3070 ipsos
551 2998 850 3055 involvant.
877 3018 894 3049 ι
922 2997 1111 3052 Melius
1139 3004 1224 3051 est
1250 2995 1395 3050 enim
1423 3008 1528 3048 non
1556 3004 1774 3055 vovere,
1806 3001 1969 3059 quam

381 3105 583 3146 vovere
621 3096 676 3143 et
714 3103 824 3143 non
852 3085 1080 3142 reddere
1110 3084 1299 3157 (Eccl.
1329 3101 1359 3138 v
1382 3083 1422 3155 ).
1454 3103 1471 3135 ι
1509 3080 1770 3137 Similiter
1798 3086 1853 3133 et
1881 3076 1970 3131 ille

2064 1923 2083 1957 ι
2114 1905 2182 1959 Et
2211 1903 2478 1974 siquidem
2508 1917 2615 1958 non
2655 1900 2825 1956 fuerit
2859 1900 3056 1956 domus
3094 1900 3257 1971 digna
3282 1938 3298 1965 ,
3326 1913 3429 1969 pax
3464 1904 3657 1953 vostra

2066 2017 2084 2048 ‹
2119 1998 2187 2052 ad
2216 2012 2313 2051 vos
2339 2002 2647 2051 revertetur
2675 1992 2910 2067 (Matth.
2941 1991 3033 2065 ιι).
3063 2011 3083 2046 ι
3110 1992 3215 2060 Qui
3253 2000 3437 2046 autem
3470 1990 3661 2047 foedus

2060 2089 2211 2159 pacis
2252 2088 2391 2143 inire
2428 2086 2698 2152 noluerit,
2736 2086 2831 2142 sed
2869 2084 3100 2155 coeperit
3135 2097 3168 2139 e
3203 2084 3484 2139 contrario
3509 2097 3659 2152 prie-

2062 2180 2212 2245 liari,
2240 2179 2540 2251 oppugnari
2568 2178 2750 2242 debet,
2784 2177 2912 2247 quia
2939 2176 3072 2232 nulli
3098 2176 3264 2242 vitio,
3302 2175 3434 2230 nulli
3469 2176 3657 2231 errori

2072 2272 2315 2342 nullique
2354 2271 2610 2341 nequitiae
2650 2269 3098 2326 consentiendum
3137 2279 3270 2325 est:
3321 2284 3427 2324 nec
3471 2267 3658 2325 fmdus

2067 2377 2192 2417 cum
2225 2363 2305 2417 eis
2332 2362 2656 2426 ineundum,
2686 2361 2783 2417 sed
2823 2360 2999 2432 magis
3035 2375 3254 2415 omnem
3282 2360 3527 2430 vigorem
3563 2375 3663 2416 eo-

2067 2469 2224 2517 rum,
2274 2453 2417 2523 quod
2466 2451 2739 2523 significat
2784 2451 3142 2507 masculinum
3191 2466 3362 2522 genus
3386 2491 3402 2515 ,
3452 2451 3509 2505 in
3553 2465 3659 2506 ore

2072 2545 2233 2614 gladii
2265 2544 2557 2615 spiritalis,
2587 2544 2732 2614 quod
2771 2552 2855 2599 est
2892 2543 3116 2599 verbum
3160 2542 3290 2608 Dei,
3336 2542 3497 2599 decet
3534 2558 3664 2598 esse

2070 2638 2464 2693 mulctandum.
2509 2636 2569 2691 Si
2608 2636 2702 2707 qui
2742 2651 2874 2693 vero
2913 2636 3113 2691 cedunt
3151 2635 3660 2705 increpationibus,

2075 2742 2141 2781 ac
2165 2727 2233 2782 de
2261 2727 2446 2797 pravis
2473 2727 2684 2781 actibus
2709 2726 2825 2781 suis
2866 2725 3245 2795 paenitentiam
3292 2735 3465 2797 agunt
3510 2725 3665 2797 (hoc

2071 2816 2216 2870 enim
2247 2832 2479 2887 persona
2505 2815 2794 2871 mulierum
2823 2824 2880 2871 et
2910 2814 3201 2870 infantium
3239 2825 3405 2887 atque
3439 2815 3666 2885 jumen-

2076 2915 2251 2961 torum
2296 2905 2586 2977 notatur),
2638 2906 2695 2961 in
2741 2907 2982 2976 priedam
3027 2905 3365 2962 salutiferam
3420 2906 3663 2962 militum

2074 2997 2277 3053 Christi
2328 2997 2562 3053 feliciter
2588 2998 2943 3068 perveniunt,
2975 3008 3141 3070 atque
3169 2998 3225 3053 in
3254 3000 3665 3070 possessionem

2077 3095 2279 3142 sanctae
2308 3087 2565 3143 Ecclesiae
2600 3087 2891 3144 salubriter
2914 3089 3254 3161 rediguntur.
3283 3089 3441 3155 Quod
3471 3097 3659 3145 autem

384 3197 417 3234 a
449 3179 543 3235 tali
582 3176 776 3233 militia
822 3154 1165 3247 prohibetur,
1197 3174 1287 3243 qui
1319 3186 1545 3226 uxorem
1588 3167 1830 3232 duxerit,
1878 3165 1965 3233 qui

2077 3177 2395 3248 subjunxit:
2430 3196 2450 3229 «
2476 3177 2553 3234 De
2581 3178 2668 3235 his
2698 3180 3015 3236 civitatibus
3037 3154 3173 3250 quae
3207 3154 3484 3235 dabuntur
3529 3181 3663 3245 tibi,

382 3269 710 3340 plantaverit
739 3267 986 3329 vineam,
1025 3264 1173 3319 velut
1209 3262 1536 3332 propagines
1567 3259 1821 3315 filiorum.
1853 3256 1971 3311 Non

386 3360 534 3416 enim
571 3364 754 3429 potest
795 3355 1006 3411 servire
1051 3353 1247 3408 divinae
1277 3352 1487 3406 militize
1516 3364 1706 3405 servus
1742 3346 1967 3402 uxoris:

393 3469 496 3509 nec
543 3458 721 3523 potest
768 3447 984 3517 assequi
1038 3445 1277 3501 studium
1327 3440 1830 3513 contemplationis,
1879 3440 1969 3509 qui

386 3543 567 3597 adhuc
611 3541 667 3596 in
713 3538 1072 3595 delectatione
1116 3536 1300 3607 ﬁgitur
1348 3535 1549 3591 carnis.
1585 3552 1603 3585 ι
1632 3532 1802 3589 Nemo
1827 3573 1843 3597 ,
1884 3532 1971 3586 in-

381 3636 502 3706 quit
540 3633 861 3705 Apostolus,
915 3631 1156 3687 militans
1180 3629 1341 3695 Deo,
1376 3627 1616 3697 implicet
1656 3640 1715 3681 se
1740 3626 1973 3696 negotiis

383 3722 765 3790 saecularibus,
795 3729 857 3776 ut
884 3721 933 3777 ei
964 3721 1175 3792 placeat
1203 3719 1291 3774 cui
1320 3732 1379 3774 se
1407 3716 1674 3789 probavit.
1711 3735 1731 3770 ι

955 3828 1181 3889 CAPUT
1211 3830 1399 3886 XXIII.

386 3927 464 3983 De
492 3926 759 4049 ofercnda
782 3942 908 3997 pace
930 3924 1158 3995 privtum
1185 3921 1422 3976 hostibus
1447 3935 1464 3971 :
1492 3931 1537 3974 et
1563 3920 1609 3974 si
1641 3918 1809 3987 {trdus
1837 3918 1974 3973 inire

456 4016 524 4049 no
548 3998 717 4049 uen'm
737 4037 751 4049 .
776 3995 1012 4049 funditus
1032 3994 1352 4049 evertendis;
1378 4002 1425 4045 el
1448 3991 1512 4044 de
1534 3990 1799 4049 ponuferis
1821 3989 1974 4041 arbo-

456 3989 717 4052 no'fuerint
737 4037 751 4060 ,
774 3989 1012 4064 undi'lus
1032 3994 1352 4055 evertendis;
1378 4002 1425 4045 el
1448 3991 1512 4044 de
1533 3990 1799 4062 pomiferis
1821 3989 1975 4041 arbo-

457 4070 602 4122 ribus
634 4083 737 4121 non
767 4065 1087 4121 excidendis.

460 4178 633 4250 (lam.
658 4178 676 4251 )
705 4195 733 4227 -ί
764 4176 822 4232 Si
852 4175 1070 4246 quando
1108 4174 1405 4229 accesseris
1447 4174 1514 4229 ad
1560 4175 1972 4245 expugnandam

370 4291 414 4323 rc
445 4272 722 4327 civitatem
742 4310 758 4336 ,
791 4268 989 4325 offeres
1016 4269 1063 4323 ei
1094 4268 1331 4339 primum
1363 4282 1574 4335 pacem.
1621 4268 1679 4321 Si
1710 4268 1975 4336 receperit

369 4380 411 4413 ·ι
445 4372 501 4419 et
528 4362 804 4434 aperuerit
845 4362 942 4416 tibi
981 4368 1201 4430 portas,
1244 4367 1474 4414 cunctus
1516 4359 1747 4430 populus
1785 4360 1878 4430 qui
1917 4360 1973 4414 in

396 4474 415 4504 ι
452 4469 516 4510 ca
537 4463 622 4510 est
651 4453 973 4517 salvabitur,
1004 4460 1061 4506 et
1086 4451 1291 4506 serviet
1325 4450 1425 4505 tibi
1466 4452 1567 4507 sub
1610 4452 1831 4508 tributo.
1876 4451 1972 4507 Sin

393 4562 410 4591 ι
444 4552 627 4599 autem
664 4543 844 4598 foedus
883 4541 1022 4597 inire
1066 4540 1341 4596 noluerint
1378 4549 1435 4596 et
1476 4543 1742 4611 coeperint
1780 4550 1972 4597 contra

399 4651 418 4681 ι
451 4642 506 4687 te
549 4633 780 4697 bellum,
831 4632 1170 4704 oppugnabis
1211 4647 1355 4687 eam.
1402 4632 1650 4702 Cumque
1689 4633 1973 4687 tradiderit

399 4740 416 4769 ι
450 4721 711 4777 Dominus
747 4723 894 4778 Deus
935 4731 1061 4777 tuus
1100 4723 1248 4777 illam
1279 4723 1331 4777 in
1362 4738 1523 4778 manu
1542 4730 1675 4789 tua,
1704 4723 1977 4793 pereuties

399 4832 417 4863 ι
448 4825 611 4867 omne
636 4813 783 4880 quod
810 4814 866 4867 in
892 4826 955 4868 ea
985 4812 1275 4868 masculini
1300 4813 1520 4883 generis
1546 4822 1635 4867 est
1659 4813 1712 4867 in
1742 4827 1841 4867 ore
1866 4813 1977 4883 gla-

400 4924 418 4957 ι
451 4903 559 4969 dii,
588 4903 794 4972 absque
822 4904 1165 4969 mulieribus,
1194 4912 1252 4959 et
1279 4901 1597 4968 infantibus,
1626 4911 1674 4957 et
1695 4900 1972 4971 iumentis,

400 5020 419 5049 ι
451 5005 507 5054 et
533 4994 752 5052 caeteris
780 5010 901 5065 quia
928 4996 985 5051 in
1025 4997 1243 5052 civitate
1282 5004 1429 5051 sunt.
1473 4992 1699 5050 Omnem
1739 4995 1978 5066 praedam

401 5111 419 5143 ο
452 5086 718 5147 exercitui
744 5086 987 5152 divides,
1030 5096 1087 5142 et
1122 5088 1374 5143 comedes
1410 5088 1476 5143 de
1517 5086 1704 5157 spoliis
1741 5086 1977 5142 hostium

401 5202 420 5233 ι
455 5192 670 5238 tuorum
702 5192 825 5250 qua:
852 5176 1115 5233 Dominus
1144 5179 1289 5233 Deus
1318 5184 1443 5232 tuus
1467 5178 1678 5233 dederit
1701 5178 1816 5233 tibi.
1849 5198 1868 5231 ι
1895 5177 1981 5235 Ci-

400 5276 541 5330 vitas
587 5287 720 5344 ergo
763 5285 927 5340 quam
973 5270 1333 5341 expugnaturi
1377 5270 1635 5326 Israelita!
1675 5271 1976 5339 accedunt,

399 5368 702 5440 significat,
724 5366 880 5438 juxta
915 5363 1228 5435 allegoriam
1248 5404 1264 5430 ,
1295 5364 1669 5420 conventicula
1699 5365 1980 5422 haeretico-

399 5472 563 5523 rum;
613 5458 732 5522 vel,
782 5453 1129 5527 generaliter,
1178 5454 1439 5509 mundum
1461 5494 1477 5519 ,
1525 5453 1620 5525 qui
1663 5455 1982 5512 idololatriae

401 5549 645 5617 deditus,
680 5548 899 5604 obsistit
925 5545 1172 5618 religioni
1211 5542 1536 5601 Christianae
1565 5564 1579 5601 :
1626 5547 1739 5602 sive
1778 5547 1977 5615 etiam,

398 5642 694 5696 secundum
742 5632 1100 5712 trepologiam
1125 5682 1141 5708 ,
1192 5640 1520 5697 exteriorem
1565 5640 1839 5697 hominem
1884 5657 1983 5697 no-

401 5736 576 5783 strum
599 5770 613 5794 ,
642 5731 736 5798 qui
762 5732 1132 5803 corrumpitur
1156 5733 1452 5789 secundum
1481 5732 1748 5788 desideria
1777 5732 1981 5789 erroris

2083 3288 2102 3321 ι
2132 3268 2338 3323 nullum
2378 3268 2601 3324 omnino
2639 3270 2927 3339 permittes
2963 3271 3174 3336 vivere,
3220 3272 3316 3327 sed
3355 3270 3670 3328 interficies

2078 3378 2096 3411 ι
2128 3360 2183 3415 in
2212 3375 2305 3415 ore
2333 3360 2496 3431 gladii
2524 3379 2537 3415 :
2571 3360 2853 3417 Hethieum
2883 3362 3137 3418 videlicet
3163 3371 3221 3418 et
3244 3362 3668 3432 Amorrhaeum,

2079 3472 2099 3504 ι
2126 3460 2182 3507 et
2207 3453 2603 3520 Chananseum,
2633 3453 3012 3518 Pherezaeum,
3065 3454 3347 3510 Hethieum
3399 3465 3453 3511 et
3493 3455 3670 3511 Jebu-

2079 3561 2098 3594 ι
2126 3557 2291 3598 seum
2309 3583 2324 3607 ,
2355 3543 2493 3598 sicut
2516 3543 2774 3614 priceepit
2800 3544 2896 3599 tibi
2926 3544 3188 3600 Dominus
3216 3544 3361 3600 Deus
3390 3553 3519 3601 tuus
3544 3565 3557 3600 :
3596 3563 3668 3603 ne

2081 3651 2101 3683 ι
2133 3632 2275 3687 forte
2308 3634 2541 3689 doceant
2575 3648 2672 3689 vos
2704 3632 2890 3689 facere
2928 3643 3155 3690 cunctas
3191 3634 3666 3701 abominationes,

2082 3743 2099 3774 ι
2129 3739 2264 3793 quas
2308 3725 2412 3793 ipsi
2457 3724 2667 3795 operati
2718 3732 2846 3779 sunt
2896 3725 2949 3779 in
2998 3725 3105 3780 diis
3153 3724 3299 3791 suis,
3331 3744 3351 3781 ι
3391 3726 3672 3796 significat

2077 3815 2208 3870 nulli
2260 3816 2390 3871 vitio
2442 3815 2496 3870 in
2546 3824 2733 3871 nostra
2781 3818 3198 3872 conversatione
3249 3832 3372 3872 esse
3425 3833 3664 3888 parcen-

2076 3905 2237 3971 dum,
2283 3906 2380 3960 sed
2420 3905 2592 3977 magis
2627 3906 2746 3960 zelo
2776 3906 2962 3961 divino
2994 3907 3385 3973 resistendum,
3421 3923 3492 3964 ne
3526 3908 3667 3964 forte

2076 3999 2120 4053 si
2153 3998 2400 4053 hostibus
2425 3998 2756 4068 spiritalibus
2784 4014 3109 4068 parcamus,
3141 3999 3242 4070 ipsi
3274 4015 3462 4055 coram
3494 4003 3668 4058 oculis

2075 4084 2190 4153 ejus
2228 4088 2280 4141 in
2324 4088 2690 4158 voluptatibus
2731 4091 2933 4145 nostris
2973 4091 3245 4160 corrupti,
3287 4102 3345 4147 et
3384 4095 3667 4149 abomina-

2075 4178 2214 4234 biles
2262 4178 2423 4240 facti,
2467 4180 2600 4235 viles
2638 4196 3033 4250 appareamus;
3078 4189 3135 4237 et
3170 4182 3241 4236 ob
3286 4183 3394 4238 hoc
3435 4184 3506 4239 ab
3546 4186 3664 4255 ipso

2076 4270 2312 4334 deserti,
2357 4270 2409 4323 in
2451 4269 2706 4340 gaudium
2748 4271 3032 4326 veniamus
3073 4272 3309 4328 inimicis
3336 4276 3575 4342 nostris,
3607 4287 3665 4333 ut

2077 4359 2416 4414 exsultantes
2463 4361 2530 4415 de
2577 4361 2736 4417 ruina
2784 4370 2970 4418 nostra
2999 4403 3014 4428 ,
3069 4364 3255 4420 dicant
3305 4365 3359 4419 in
3410 4368 3668 4423 cordibus

2077 4453 2191 4508 suis
2222 4472 2235 4507 :
2269 4471 2288 4503 ι
2320 4453 2500 4523 Euge,
2551 4469 2691 4525 euge
2738 4455 2935 4510 animae
2980 4464 3221 4522 nostrae,
3280 4458 3665 4514 absorbuimus

2084 4563 2102 4594 ι
2133 4560 2252 4599 eam
2285 4544 2476 4617 (Psal.
2511 4562 2675 4601 xxxiv
2699 4548 2738 4619 ).
2772 4568 2792 4600 ο
2830 4567 2850 4599 ι
2884 4548 3112 4615 Quando
3151 4551 3432 4608 obsederis
3468 4553 3663 4608 civita-

2084 4652 2102 4683 ι
2132 4644 2242 4689 tem
2274 4636 2509 4706 aliquam
2551 4636 2720 4692 multo
2749 4647 2989 4708 tempore
3008 4680 3023 4705 ,
3055 4649 3110 4695 et
3136 4641 3534 4699 munitionibus
3559 4645 3663 4699 cir-

2085 4746 2104 4778 ι
2134 4729 2476 4784 cumdederis
2499 4741 2562 4785 ut
2579 4746 2860 4803 expugnes
2880 4748 3022 4800 eam,
3042 4750 3147 4789 non
3170 4735 3417 4790 succides
3441 4737 3663 4792 arbores

2086 4835 2104 4867 ι
2134 4819 2201 4873 de
2230 4818 2430 4888 quibus
2460 4820 2608 4875 vesci
2640 4830 2820 4891 potest
2844 4839 2859 4887 ;
2893 4838 2995 4879 nec
3023 4826 3307 4880 securibus
3333 4840 3432 4896 per
3461 4827 3660 4883 circui-

2087 4928 2105 4959 ι
2139 4917 2251 4963 tum
2279 4910 2443 4965 debes
2472 4921 2690 4968 vastare
2716 4915 2994 4984 regionem
3021 4933 3033 4968 :
3063 4917 3321 4985 quoniam
3350 4917 3559 4988 lignum
3584 4927 3665 4973 est

2087 5018 2107 5052 ι
2135 5010 2190 5056 et
2220 5017 2326 5056 non
2357 5003 2550 5071 homo,
2581 5019 2682 5060 nec
2708 5014 2889 5074 potest
2915 5016 3109 5061 contra
3135 5015 3189 5061 te
3215 5006 3544 5062 bellantium
3572 5024 3664 5063 au-

2086 5111 2106 5144 ι
2135 5108 2263 5164 gere
2292 5109 2597 5150 numerum.
2633 5095 2692 5151 Si
2721 5112 2827 5167 qua
2856 5107 3038 5153 autem
3071 5091 3217 5168 ligna
3247 5113 3356 5153 non
3400 5109 3533 5153 sunt
3571 5114 3667 5169 po-

2088 5201 2107 5233 ι
2139 5181 2361 5249 mifera,
2393 5186 2488 5240 sed
2514 5188 2784 5257 agrestia,
2815 5197 2871 5244 et
2902 5189 3044 5244 inter
3074 5198 3306 5245 caeteros
3335 5199 3462 5260 apta
3504 5207 3663 5252 usus.

2088 5292 2107 5324 ι
2137 5275 2356 5331 succidc
2397 5285 2454 5331 et
2480 5288 2701 5335 exstrue
2729 5282 3040 5348 machinas,
3069 5284 3243 5340 donec
3270 5285 3456 5354 capias
3481 5286 3660 5340 civita‘

2086 5387 2106 5420 ε
2136 5377 2243 5423 tem
2272 5385 2394 5439 qua:
2420 5379 2609 5426 contra
2640 5381 2693 5428 te
2720 5374 2965 5431 dimicat.
2997 5396 3017 5428 ι
3046 5376 3185 5444 Quid
3227 5385 3312 5432 est
3352 5378 3498 5447 quod
3541 5392 3666 5448 pro—

2084 5460 2234 5515 hibet
2275 5462 2501 5516 arbores
2540 5465 2835 5534 pomiferas
2877 5468 3117 5533 succidi,
3168 5468 3235 5523 de
3279 5470 3480 5539 quibus
3528 5468 3665 5523 vesci

2082 5556 2294 5620 potest,
2335 5552 2571 5622 agrestia
2621 5563 2801 5609 autem
2848 5556 3067 5625 praecidi
3106 5557 3175 5612 ad
3220 5558 3503 5612 machinas
3542 5572 3664 5612 con-

2083 5643 2407 5711 struendas,
2438 5645 2523 5700 vel
2552 5646 2619 5701 ad
2650 5647 2832 5703 varios
2870 5664 3034 5712 usus,
3080 5649 3183 5704 nisi
3225 5648 3367 5718 quod
3407 5648 3516 5702 illis
3553 5661 3667 5717 per-

2084 5733 2235 5789 sonis
2265 5733 2443 5803 aliqno
2472 5737 2631 5791 modo
2660 5738 2712 5792 in
2755 5738 3083 5795 discretione
3121 5739 3395 5808 judicandi
3440 5751 3660 5807 parcen-
