3964 6192
334 350 442 407 915

1122 342 1520 401 ENARRATIO
1558 342 1784 402 SUPER
1822 342 2441 403 DEUTERONOMIUM.
2481 373 2551 385 --
2581 343 2710 399 LIB.
2748 343 2807 399 ll‘.

3478 343 3584 399 9H

335 464 466 518 dum
505 465 622 524 est,
663 472 784 528 qua:
824 455 1031 512 habiles
1063 467 1187 511 sunt
1214 456 1280 511 ad
1312 457 1554 513 scientiae
1585 457 1827 529 germina
1860 463 1915 512 et
1942 458 1992 519 Α
2016 455 2364 529 Evangelium
2392 457 2566 522 dicat,
2598 476 2617 509 ι
2646 458 2788 528 quod
2816 464 2942 514 ante
2970 458 3115 514 diem
3142 456 3337 514 festum
3367 458 3587 530 pascha:

336 554 407 609 ad
434 552 696 605 virtutum
741 547 950 609 fructus
988 546 1371 618 proferendos,
1416 564 1486 604 ne
1527 549 1664 603 forte
1701 564 1800 619 per
1828 550 1913 602 in-

334 641 606 699 cautelam
653 637 843 709 judicii
894 637 1120 692 nimium
1176 637 1458 703 lzedantur,
1514 638 1587 693 ita
1638 646 1701 692 ut
1748 636 1915 692 futuri

334 731 601 805 germinis
646 744 779 786 usus
824 729 1041 799 penitus
1087 729 1156 784 ab
1211 728 1292 784 eis
1337 729 1706 784 abscindatur.
1762 728 1916 783 Unde

337 822 635 893 Apostolus
662 820 961 875 admonens
990 835 1090 874 nos
1119 819 1338 874 instruit
1366 819 1554 875 dicens
1580 838 1594 874 :
1618 838 1636 870 ‹
1660 818 1880 873 Fratres
1898 858 1914 883 ,

348 932 369 964 ε
396 914 443 968 si
480 918 777 981 occupatus
821 908 985 964 fuerit
1024 909 1185 964 homo
1228 908 1283 962 in
1326 908 1503 977 aliquo
1542 908 1763 973 delicto,
1798 923 1913 973 vos,

346 1021 368 1054 ι
394 1003 487 1073 qni
516 1000 792 1072 spiritales
819 999 956 1055 estis
976 1040 991 1064 ,
1022 999 1276 1054 instruite
1304 998 1610 1069 huiusmodi
1640 999 1695 1053 in
1726 999 1917 1069 spiritu

343 1112 368 1145 ι
398 1092 638 1148 lenitatis
666 1109 680 1145 :
715 1090 1067 1146 considerans
1101 1090 1332 1179 teipspm
1351 1129 1367 1156 ,
1399 1104 1466 1144 ne
1493 1097 1549 1144 et
1580 1099 1635 1143 tu
1669 1091 1916 1145 tenteris.

347 1202 369 1235 ι
399 1184 552 1237 Alter
588 1181 816 1237 alterius
856 1195 1026 1236 onera
1065 1188 1318 1250 portate:
1350 1188 1407 1235 et
1444 1182 1523 1235 sic
1561 1180 1921 1251 adimplebitis

346 1296 368 1327 ε
398 1276 569 1347 legem
594 1273 796 1329 Christi
829 1273 848 1345 (
872 1272 995 1328 Gal.
1023 1289 1075 1327 vi
1100 1275 1140 1344 ).
1173 1293 1191 1325 ι
1218 1272 1320 1340 Qui
1347 1280 1528 1327 autem
1557 1281 1796 1344 agrestes
1822 1271 1921 1325 ha-

340 1365 437 1421 bet
481 1380 675 1420 sensus
722 1373 777 1419 et
820 1379 999 1419 mores
1047 1364 1387 1419 inordinatos
1436 1372 1600 1433 atque
1644 1364 1923 1432 incompo-

343 1457 508 1513 sitos.
540 1457 615 1510 ita
646 1465 706 1509 ut
734 1455 863 1509 nulli
893 1456 1012 1510 usui
1042 1455 1305 1509 virtutum
1336 1455 1691 1518 conveniant,
1723 1455 1793 1509 ab
1820 1455 1924 1508 hac

343 1549 647 1604 intentione
690 1563 856 1618 prava
900 1557 955 1602 et
999 1547 1177 1603 studio
1220 1546 1452 1602 nefando
1491 1546 1647 1601 evelli
1690 1546 1921 1612 debent,

343 1652 510 1710 atque
543 1642 597 1696 in
628 1641 905 1696 meliorem
937 1656 1094 1695 usum
1124 1640 1384 1695 converti.
1419 1641 1572 1696 Unde
1600 1640 1744 1695 idem
1783 1640 1926 1711 Apo-

2023 565 2042 599 ‹
2071 547 2250 604 sciens
2278 545 2435 603 Jesus
2460 547 2765 618 quiavenit
2803 549 2938 603 hora
2978 547 3096 617 ejus
3134 556 3197 603 ut
3243 557 3482 604 transeat
3519 564 3584 604 ex

2022 655 2043 691 ι
2071 637 2174 694 hoc
2217 639 2423 694 mundo
2458 638 2526 693 ad
2563 637 2812 704 Patrem,
2855 653 2979 694 cum
3018 638 3297 694 dilexisset
3334 655 3460 694 suos
3496 641 3591 710 qui

2023 748 2044 782 ε
2073 737 2230 785 erant
2273 729 2327 783 in
2376 728 2607 795 mundo,
2657 729 2710 783 in
2754 728 2916 784 finem
2962 729 3152 785 dilexit
3195 745 3308 787 eos.
3339 729 3409 785 Et
3437 746 3617 787 erena.

2025 838 2044 870 ι
2076 818 2239 885 facta,
2262 834 2383 874 cum
2406 817 2649 874 diabolus
2664 817 2778 889 jam
2797 819 3033 875 misisset
3060 820 3113 873 in
3140 835 3256 885 cor,
3275 826 3337 873 ut
3358 820 3596 877 traderet

2026 928 2045 962 ι
2073 925 2195 965 eum
2233 908 2399 964 Judas
2439 908 2677 965 Simonis
2713 910 2987 965 lscariotce
3033 909 3236 981 (Joan.
3266 909 3442 983 xm),
3474 930 3492 963 )
3542 920 3599 966 et

2020 1011 2217 1058 caetera
2244 1019 2259 1067 ;
2291 1002 2386 1057 sed
2411 1003 2556 1072 quod
2587 1011 2781 1057 natura
2825 1001 3117 1057 invisibilis
3157 1002 3437 1057 hominum
3468 1016 3598 1056 con-

2021 1094 2293 1165 spectibus
2334 1109 2441 1149 non
2491 1103 2779 1165 appareat,
2829 1093 3060 1164 majores
3113 1103 3240 1149 natu
3289 1101 3344 1149 et
3388 1092 3602 1162 judices

2021 1185 2205 1256 egredi
2233 1184 2511 1256 jnbentur,
2544 1195 2604 1241 ut
2631 1187 2927 1242 metiantur
2962 1202 2992 1240 a
3032 1186 3151 1241 loco
3189 1185 3470 1240 cadaveris
3496 1186 3604 1240 sin-

2023 1276 2266 1348 gularum
2306 1291 2404 1346 per
2439 1278 2723 1333 circuitum
2766 1278 2938 1347 spatia
2979 1277 3291 1343 civitatum,
3334 1284 3603 1347 quatenus

2024 1367 2310 1437 explorent
2361 1383 2479 1437 qua:
2525 1368 2590 1423 de
2636 1368 2743 1423 illis
2772 1409 2783 1421 .
2812 1408 2827 1423 .
2860 1409 2874 1433 ,
2906 1380 2931 1407 α
2962 1367 3035 1422 sit
3078 1366 3281 1422 oceisio
3328 1365 3600 1421 cadaveri.

2027 1456 2182 1513 Unde
2224 1457 2451 1527 apostoli
2495 1466 2550 1512 et
2591 1457 2840 1512 doctores
2884 1458 3092 1522 sancti,
3138 1456 3230 1525 qui
3268 1456 3322 1510 in
3359 1456 3605 1527 judicum

2027 1545 2247 1601 nomine
2294 1556 2348 1601 et
2392 1547 2655 1617 majorum
2707 1557 2836 1601 natu
2887 1547 3269 1618 designantur,
3321 1562 3602 1601 sacrarum

2031 1635 2445 1706 Scripturarum
2483 1637 2831 1693 attestatione
2871 1646 3231 1708 perceperunt
3271 1638 3414 1709 quod
3459 1638 3609 1695 nulla

344 1731 523 1787 stolus
550 1732 814 1801 quosdam
843 1738 1135 1799 peccantes
1160 1728 1311 1797 iubet
1340 1729 1479 1782 tradi
1508 1727 1727 1783 Satanae
1757 1729 1809 1783 in
1843 1729 1927 1783 in-
2030 1740 2165 1797 gens
2183 1767 2199 1793 ,
2228 1726 2374 1781 nulla
2414 1728 2563 1783 natio
2596 1728 2674 1784 sic
2704 1738 2955 1799 prompta
2980 1743 3043 1783 ac
3068 1728 3148 1784 sic
3174 1743 3343 1799 prona
3368 1728 3471 1784 fuit
3509 1745 3610 1784 un-

344 1821 568 1875 teritum
597 1820 801 1882 carnis,
831 1827 893 1874 ut
916 1819 1141 1888 spiritus
1167 1818 1349 1873 salvus
1376 1817 1448 1872 sit
1477 1818 1530 1872 in
1556 1817 1644 1872 die
1671 1818 1924 1883 Domini,
1957 1803 2004 1863 Β
2032 1831 2196 1887 quam
2240 1816 2307 1871 ad
2350 1818 2551 1872 easdem
2594 1818 2965 1874 innocentium
3011 1817 3401 1875 conﬁciendam
3444 1834 3621 1889 quam

352 1925 457 1965 nec
482 1925 606 1964 cum
637 1908 946 1978 huiusmodi
972 1910 1155 1964 cibum
1185 1924 1430 1973 sumere,
1459 1924 1637 1979 neque
1667 1910 1718 1964 in
1749 1911 1929 1979 aliquo

345 2000 774 2064 communicare,
801 2008 859 2053 ut
888 1998 1099 2054 confusi
1128 1999 1503 2069 ptenitentiam
1533 2010 1714 2071 agant.

896 2107 1135 2163 CAPUT
1175 2107 1362 2162 XXIV.

597 2178 674 2234 De
708 2179 961 2233 cadavere
998 2180 1225 2233 hominis
1261 2179 1417 2233 occisi
1453 2181 1676 2235 invento.

420 2271 591 2345 (Car.
623 2271 782 2343 xxi.)
816 2291 835 2322 ι
867 2271 1092 2338 Quando
1140 2271 1305 2328 fuerit
1353 2272 1629 2328 inventum
1680 2273 1735 2327 in
1786 2283 1929 2329 terra

352 2381 373 2414 ι
399 2379 565 2433 quam
610 2362 870 2417 Dominus
914 2361 1057 2417 Deus
1102 2370 1227 2417 tuus
1269 2364 1493 2419 daturus
1535 2372 1618 2419 est
1659 2365 1789 2431 tibi,
1836 2366 1934 2420 ho-

354 2472 373 2504 ι
403 2451 570 2507 minis
616 2452 851 2506 cadaver
900 2450 1108 2516 occisi,
1150 2460 1207 2507 et
1248 2453 1529 2523 ignoratur
1569 2454 1733 2510 credis
1773 2471 1929 2521 reus,

353 2566 371 2597 ε
402 2546 757 2616 egredientur
799 2544 1036 2614 majores
1073 2553 1203 2600 natu
1249 2554 1306 2601 et
1338 2546 1555 2618 judices
1588 2549 1702 2614 tui,
1732 2557 1784 2603 et
1821 2564 1934 2603 me-

353 2656 373 2686 ‹
407 2637 614 2691 tientur
657 2652 688 2690 a
734 2636 856 2691 loco
903 2637 1217 2701 cadaveris,
1252 2637 1584 2708 singularum
1612 2654 1711 2709 per
1736 2638 1934 2694 circui-

354 2745 375 2778 c
411 2735 527 2781 tum
555 2726 731 2796 spatia
758 2727 1040 2782 civitatum
1060 2768 1076 2793 ,
1105 2736 1164 2782 et
1188 2743 1351 2796 quam
1379 2728 1695 2784 viciniorem
1721 2729 1934 2785 caeteris

357 2838 375 2869 ι
406 2834 531 2874 esse
575 2820 985 2889 prospexerint,
1016 2819 1263 2875 seniores
1303 2820 1541 2875 civitatis
1584 2820 1701 2891 ejus
1746 2821 1935 2877 tollent

357 2927 374 2957 ι
407 2905 633 2961 vitulam
679 2907 746 2962 de
785 2915 1033 2962 armento
1074 2922 1196 2976 qua:
1238 2922 1347 2962 non
1401 2908 1569 2963 traxit
1600 2907 1789 2981 jugum
1834 2925 1936 2966 nec

357 3016 378 3047 ι
413 3006 615 3051 terram
645 2998 852 3052 excidit
878 3012 1130 3064 vomere,
1159 3005 1216 3053 et
1242 2999 1440 3055 ducent
1467 3014 1587 3055 eam
1629 3001 1696 3056 ad
1740 3001 1933 3057 vallem

356 3106 377 3139 ι
408 3103 660 3143 saxosam
690 3096 852 3159 atque
881 3104 1125 3159 asperam
1147 3130 1162 3155 ,
1189 3105 1311 3160 qua:
1336 3107 1610 3161 nunquam
1640 3100 1791 3147 arata
1819 3102 1930 3157 est,

356 3199 377 3230 ι
411 3194 516 3234 nec
557 3190 855 3234 sementem
904 3180 1110 3251 recepit
1138 3199 1151 3235 :
1183 3190 1239 3236 et
1267 3182 1477 3237 caedent
1502 3183 1557 3236 in
1584 3196 1650 3237 ea
1693 3184 1935 3239 cervices

358 3289 380 3322 ι
409 3269 635 3325 γὶιιιίωε
680 3271 1048 3340 accedentque
1095 3273 1405 3328 sacerdotes
1451 3272 1544 3328 filii
1594 3272 1751 3338 Levi,
1799 3289 1935 3345 quos

357 3380 380 3412 c
408 3361 573 3432 elegit
605 3362 865 3417 Dominus
897 3362 1041 3417 Deus
1071 3370 1193 3417 tuus
1217 3372 1277 3417 ut
1303 3364 1617 3419 ministrent
1643 3366 1690 3421 ei
1714 3406 1729 3431 ,
1760 3373 1817 3420 et
1845 3366 1938 3422 be-

359 3470 383 3505 ¢
411 3452 669 3509 nedicant
696 3452 751 3505 in
789 3453 1011 3507 nomine
1046 3449 1197 3519 ejus,
1241 3462 1298 3507 et
1341 3452 1406 3507 ad
1450 3456 1673 3509 verbum
1715 3471 1937 3522 eorum,

361 3564 385 3598 α
415 3560 578 3602 omne
622 3545 934 3615 negotium,
981 3553 1037 3599 et
1079 3546 1339 3615 quidquid
1382 3547 1718 3603 immundum
1745 3557 1830 3603 est
1854 3549 1940 3603 vel

363 3655 384 3689 ι
414 3637 708 3703 mundum,
754 3637 1048 3705 judicetur.
1102 3638 1168 3692 Et
1212 3640 1431 3692 venient
1473 3655 1664 3695 omnes
1709 3640 1942 3709 majores

366 3746 387 3778 ‹
423 3735 551 3782 natu
594 3727 834 3783 civitatis
873 3727 1022 3783 illius
1062 3728 1129 3782 ad
1174 3727 1550 3793 interfectum,
1582 3729 1943 3800 lavabuntque

365 3836 385 3867 ‹
419 3833 614 3872 manus
641 3833 769 3872 suas
797 3832 960 3888 super
988 3817 1210 3872 vitulam
1251 3833 1375 3887 qua:
1413 3818 1466 3872 in
1508 3819 1645 3875 valle
1686 3836 1943 3890 percussa

364 3927 385 3957 α
418 3916 537 3970 est,
567 3915 624 3961 et
650 3907 834 3963 dicent
860 3926 873 3962 :
904 3907 1091 3963 Manus
1114 3917 1315 3964 nostra:
1339 3924 1445 3964 non
1473 3909 1775 3966 etl'oderunt
1804 3911 1946 3969 hunc

366 4019 387 4052 ι
422 3999 740 4068 sanguinem
760 4039 776 4063 ,
806 4014 908 4054 nec
933 3999 1076 4055 oculi
1111 4001 1381 4055 viderunt.
1407 4000 1683 4072 Propitius
1708 4011 1826 4059 esto
1854 4017 1949 4073 po-

366 4107 386 4139 ι
418 4088 546 4159 pulo
576 4096 668 4143 tuo
697 4088 862 4143 Israel
891 4104 1052 4158 quem
1083 4090 1394 4155 redemisti,
1439 4090 1700 4157 Domine,
1743 4100 1800 4146 et
1839 4107 1948 4148 non

368 4198 386 4227 ε
422 4188 641 4250 reputes
685 4179 1003 4250 sanguinem
1050 4180 1391 4237 innocentem
1439 4183 1494 4237 in
1544 4184 1725 4240 medio
1766 4184 1947 4257 populi

368 4291 388 4321 ι
423 4273 500 4326 tui
533 4271 726 4334 Israel,
760 4281 814 4326 et
845 4270 1123 4327 auferetur
1150 4273 1219 4328 ab
1246 4276 1328 4330 eis
1358 4284 1543 4331 reatus
1582 4278 1884 4347 sanguinis,
1924 4298 1942 4331 ι

362 4374 423 4419 et
473 4372 691 4418 caetera.
741 4363 856 4419 Hoc
905 4364 1234 4434 capitulum,
1283 4366 1329 4420 si
1376 4369 1672 4423 secundum
1712 4369 1950 4441 litteram

2033 1922 2166 1977 gens
2187 1905 2525 1962 Judeasorum
2545 1948 2561 1973 ,
2587 1924 2708 1978 quae
2734 1923 2840 1962 non
2870 1908 3043 1964 solum
3067 1910 3454 1979 prophetarum
3471 1950 3485 1974 ,
3514 1908 3610 1965 sed

2033 2007 2089 2055 et
2125 1999 2296 2071 ipsius
2320 1996 2531 2053 Domini
2568 1999 2888 2069 sanguinem
2924 2000 3208 2056 maculatis
3244 2000 3497 2055 manibus
3534 1998 3613 2053 fu-

2033 2087 2555 2157 dissedignoscitur.
2585 2088 2739 2145 Unde
2776 2090 2843 2145 ad
2880 2090 3256 2159 complendum
3292 2092 3612 2163 mysterium

2038 2180 2175 2235 sumi
2200 2180 2486 2234 mandatur
2507 2180 2672 2234 vitula
2714 2180 2784 2235 de
2818 2190 3097 2245 armento,
3140 2197 3261 2252 qua:
3298 2198 3405 2237 non
3447 2183 3614 2237 traxit

2029 2268 2218 2341 jugum
2257 2285 2360 2326 nec
2387 2279 2589 2325 terram
2614 2287 2832 2328 vomere
2858 2274 3036 2328 scidit.
3065 2273 3243 2329 Vitula
3271 2276 3471 2346 quippe
3494 2277 3612 2332 hzec

2035 2359 2305 2431 significat
2340 2376 2560 2417 carnem
2600 2362 2981 2433 Redemptoris
3015 2365 3219 2430 nostri,
3262 2366 3327 2421 de
3362 2376 3613 2422 armento

2035 2454 2467 2522 patriarcharum
2516 2463 2571 2511 et
2616 2457 3002 2527 prophetarum
3052 2458 3394 2529 progenitam
3424 2500 3440 2524 ,
3490 2474 3615 2529 qua

2035 2549 2309 2613 nunquam
2344 2543 2512 2598 traxit
2539 2544 2727 2616 jugum
2763 2546 3006 2617 peccati,
3045 2562 3145 2601 nec
3181 2548 3249 2602 de
3282 2547 3428 2602 virili
3465 2548 3635 2604 coitu.

2033 2632 2143 2688 ullo
2179 2635 2341 2689 modo
2377 2634 2524 2690 edita
2550 2643 2664 2703 est,
2693 2637 2787 2691 sed
2817 2637 2884 2692 de
2913 2636 3174 2709 virgineis
3203 2639 3508 2694 visceribus
3536 2637 3614 2694 fe-

2035 2724 2304 2780 cundante
2343 2723 2550 2796 Spiritu
2576 2734 2793 2793 sancto,
2822 2728 2939 2783 sine
2973 2728 3081 2782 ullo
3106 2729 3315 2797 peccati
3339 2730 3615 2800 contagio,

2035 2813 2105 2868 ad
2146 2813 2563 2885 Redemptorem
2595 2818 2817 2872 humani
2857 2820 3072 2887 generis
3110 2820 3235 2874 vitae
3271 2821 3524 2878 salutaris
3561 2822 3616 2881 in

2037 2904 2297 2959 mundum
2334 2906 2617 2975 processit.
2659 2906 2786 2963 Hzec
2819 2923 3036 2978 quoque
3067 2923 3167 2980 per
3200 2910 3449 2967 seniores
3483 2911 3619 2967 civi-

2039 2996 2195 3062 tatis,
2222 2996 2327 3052 hoc
2356 3006 2439 3051 est
2462 3013 2558 3068 per
2586 2998 2860 3068 apostolos
2883 3010 2937 3054 et
2963 2999 3291 3071 apostolicos
3315 3001 3460 3058 viros
3477 3042 3492 3068 ,
3517 3016 3643 3072 pro.

2038 3086 2346 3154 expiatione
2387 3096 2697 3143 nostrorum
2736 3098 3085 3160 peccatorum
3123 3093 3385 3149 cruciﬁxa
3426 3094 3624 3164 praedi-

2037 3183 2211 3231 catur.
2246 3194 2266 3228 ε
2296 3177 2364 3231 Ει
2405 3178 2632 3244 ducent,
2673 3180 2877 3250 inquit,
2904 3181 2963 3236 in
2989 3182 3186 3238 vallem
3221 3198 3341 3238 eam
3370 3199 3621 3255 asperam

2037 3274 2200 3336 atque
2238 3281 2523 3333 saxosum,
2566 3285 2687 3339 quae
2721 3287 2998 3341 nunquam
3037 3282 3201 3327 arata.
3227 3281 3338 3341 est,
3391 3289 3494 3329 nec
3535 3291 3621 3331 sc-

2037 3365 2273 3412 mentem
2309 3358 2545 3427 recepit,
2585 3368 2639 3413 et
2672 3361 2880 3415 caedent
2916 3362 2969 3416 in
3004 3363 3336 3419 ea‘cervices
3361 3364 3561 3419 vitulre.
3596 3386 3616 3419 ι

2039 3446 2170 3515 Qua:
2200 3458 2284 3504 est
2315 3465 2446 3520 ergo
2482 3450 2635 3505 vallis
2673 3451 2773 3506 ista
2808 3469 3002 3522 aspera
3044 3464 3208 3525 atque
3249 3471 3478 3522 saxosa,
3516 3457 3620 3512 nisi

2039 3538 2338 3595 Jerusalem
2379 3544 2686 3606 terrestris,
2719 3560 2880 3613 quam
2924 3545 3090 3600 Isaias
3118 3548 3381 3618 propheta
3428 3549 3620 3604 vallem

2042 3631 2269 3687 visionis
2310 3634 2689 3702 nuncupavit?
2732 3634 2838 3689 Sed
2887 3636 3001 3690 ltzec
3044 3636 3197 3691 vallis
3234 3653 3425 3707 aSpera
3462 3647 3626 3707 atque

2044 3735 2241 3776 saxosa
2267 3735 2388 3776 esse
2415 3721 2652 3793 legitur:
2678 3724 2803 3791 quia
2829 3723 2963 3777 dura
3004 3732 3060 3778 et
3102 3725 3363 3780 indomita
3407 3742 3624 3798 semper

2045 3822 2195 3877 erat,
2237 3828 2304 3867 ac
2340 3813 2567 3883 spinetis
2607 3814 2862 3868 vitiorum
2903 3817 3242 3885 asperrima;
3280 3835 3299 3866 ι
3325 3831 3447 3887 qua:
3488 3833 3627 3871 nun-

2045 3921 2210 3977 quam
2233 3915 2386 3961 arata
2407 3907 2681 3978 est,:quia
2703 3921 2977 3976 nunquam
3000 3907 3263 3963 doctrinis
3282 3909 3487 3964 sanctis
3505 3924 3627 3979 per-

2046 3998 2188 4055 fecte
2208 3999 2401 4065 cessit,
2420 4014 2520 4056 nec
2538 3999 2743 4070 recepit
2765 4008 3062 4056 sementem
3081 4001 3387 4072 Evangelii,
3411 4003 3506 4058 sed
3528 4017 3629 4073 pro

2048 4093 2294 4166 frugibus
2319 4092 2525 4164 spinas,
2542 4101 2597 4149 et
2615 4108 2715 4164 pro
2736 4092 2854 4148 uvis
2876 4092 3129 4163 gignebat
3148 4092 3450 4148 labruscas.
3475 4091 3630 4148 Unde

2054 4182 2308 4239 Salvator
2329 4184 2384 4237 in
2410 4183 2700 4255 Evangelio
2726 4184 2792 4237 ad
2817 4184 2989 4252 ipsam
3012 4183 3114 4237 ait:
3144 4200 3162 4233 ‹
3185 4181 3520 4247 Jerusalem,
3542 4180 3629 4236 Je-

2057 4294 2074 4328 ι
2105 4275 2361 4339 rusalem,
2389 4289 2509 4343 quze
2530 4273 2735 4329 occidis
2758 4274 3069 4343 prophetas,
3094 4282 3149 4329 et
3177 4272 3385 4341 lapidas
3409 4287 3505 4328 eos
3529 4274 3622 4343 qui

2056 4386 2076 4419 ι
2106 4366 2172 4421 ad
2211 4375 2264 4421 te
2299 4365 2450 4420 missi
2496 4373 2654 4428 sunt,
2691 4365 2904 4434 quoties
2939 4364 3085 4419 volui
3124 4379 3458 4435 congregare
3490 4364 3633 4420 ﬁlios

362 4456 703 4527 inspiciatur,
748 4456 931 4512 vilem'
960 4456 1126 4512 habet
1167 4473 1423 4522 sensum;
1468 4461 1515 4515 si
1555 4470 1735 4515 autem
1761 4477 1952 4517 secun-
1976 4498 2029 4558 Β
2059 4478 2079 4511 ‹
2109 4470 2258 4524 tuos,
2291 4456 2743 4527 quemadmodum
2769 4456 2963 4526 gallina
2990 4463 3283 4528 congregat
3306 4455 3481 4526 pullos
3505 4471 3634 4513 suos

362 4552 495 4605 dum
526 4552 824 4621 spiritalem
866 4553 1232 4621 intellectum,
1265 4570 1517 4626 magnum
1558 4556 1725 4611 habet
1764 4572 1950 4612 sacra-

360 4651 651 4697 mentum:
682 4663 702 4695 ί
729 4644 979 4711 Quando,
1006 4645 1499 4714 inquit,inventum
1528 4645 1694 4701 fuerit
1722 4647 1778 4701 in
1808 4655 1954 4702 terra

363 4751 533 4805 quam
566 4737 826 4793 Dominus
852 4738 996 4793 Deus
1027 4748 1154 4793 tuus
1182 4738 1414 4795 daturus
1454 4749 1542 4795 est
1581 4739 1679 4793 tibi
1719 4740 1956 4796 hominis

366 4829 603 4883 cadaver
624 4830 791 4885 occisi
811 4870 827 4893 ,
853 4838 908 4885 et
935 4830 1216 4901 ignoratur
1237 4830 1403 4886 caedis
1430 4846 1574 4886 reus.
1599 4850 1619 4883 ι
1648 4830 1953 4885 Notandum

367 4935 504 4976 vero
531 4921 677 4989 quod
705 4920 799 4975 alii
828 4922 973 4977 hunc
1002 4922 1277 4977 hominem
1316 4924 1558 4979 occisum
1576 4965 1590 4988 ,
1629 4922 1799 4977 Adam
1836 4923 1954 4992 pri-

369 5027 521 5066 mum
548 5013 822 5068 hominem
850 5013 1153 5084 intelligere
1176 5014 1480 5070 voluerunt.
1508 5014 1614 5071 Sed
1641 5015 1776 5070 mihi
1805 5013 1958 5068 vide-

371 5114 467 5158 tur
495 5106 881 5174 congruentius
909 5113 1218 5175 competere
1248 5108 1388 5163 hanc
1418 5107 1644 5176 ﬁguram
1686 5105 1754 5160 ad
1782 5104 1955 5158 Adam

369 5195 700 5260 secundum,
742 5195 846 5251 hoc
883 5203 996 5261 est,
1038 5196 1454 5267 Redemptorem
1496 5204 1771 5259 nostrum,
1804 5194 1894 5263 qui
1925 5208 1957 5246 a

372 5285 576 5356 populo
599 5285 909 5343 Judzeorum
950 5289 1005 5343 in
1045 5295 1189 5343 terra
1229 5288 1585 5359 possessionis
1622 5296 1727 5342 tua:
1769 5286 1961 5340 mortis

372 5378 701 5433 sententiam
741 5379 986 5448 accepit,
1025 5387 1082 5433 et
1121 5382 1417 5434 salutarem
1460 5377 1719 5431 universo
1750 5376 1953 5430 mundo

370 5469 599 5538 pertulit
627 5484 869 5525 crucem.
900 5468 1066 5540 Cujus
1096 5469 1259 5525 caedis
1287 5485 1412 5524 reus
1442 5470 1741 5539 ignoratur,
1770 5465 1958 5520 diabo-

372 5560 461 5617 lus
481 5559 767 5624 videlicet,
791 5561 883 5629 qui
904 5560 1230 5630 proditionis
1248 5560 1366 5628 ejus
1384 5567 1576 5613 auctor
1595 5564 1697 5610 est.
1724 5555 1826 5623 Qui
1851 5571 1955 5609 non

373 5651 500 5708 ideo
530 5652 765 5719 ignorari
795 5650 993 5706 dicitur
1022 5651 1165 5721 quod
1196 5651 1489 5715 nesciatur,
1523 5663 1651 5703 eum
1673 5645 1959 5702 manifesste

453 5757 477 5788 ο
529 5743 689 5802 liccat
726 5742 946 5812 aliquit

2063 4571 2082 4604 c
2112 4553 2213 4608 sub
2239 4550 2354 4605 alas
2375 4590 2390 4615 ,
2415 4557 2473 4605 et
2492 4547 2751 4603 noluisti!
2786 4569 2804 4602 ι
2836 4558 2891 4603 et
2927 4555 3123 4603 ezetera
3157 4546 3327 4621 (Luc.
3355 4545 3515 4620 xm).
3558 4547 3635 4603 lbi

2056 4645 2202 4701 enim
2238 4641 2518 4697 cadebant
2550 4640 2792 4697 cervices
2827 4639 3037 4703 vitulaa,
3082 4639 3209 4710 quia
3246 4639 3317 4695 ibi
3356 4639 3638 4696 crucifixe-

2058 4745 2183 4793 runt
2227 4750 2446 4791 carnem
2489 4733 2811 4790 Salvatoris.
2856 4731 3156 4804 Sequitur:
3205 4750 3224 4783 ‹
3251 4731 3635 4803 Accedentque

2056 4828 2367 4885 sacerdotes
2390 4825 2484 4880 lilii
2506 4826 2634 4881 Levi
2657 4841 2794 4895 quos
2814 4824 3038 4897 elegerit
3060 4824 3321 4880 Dominus
3342 4823 3487 4881 Deus
3511 4833 3638 4881 tuus

2057 4928 2120 4975 ut
2144 4919 2452 4974 ministrent
2472 4918 2550 4983 ei,
2578 4926 2633 4973 et
2655 4917 2981 4973 benedicant
3004 4917 3057 4971 in
3082 4918 3301 4974 nomine
3325 4916 3466 4987 ejus,
3490 4924 3545 4974 et
3568 4917 3638 4972 ad

2058 5013 2284 5067 verbum
2306 5025 2493 5066 eorum
2518 5025 2676 5065 omne
2697 5009 2995 5079 negotium,
3015 5017 3071 5064 et
3094 5008 3355 5081 quidquid
3376 5008 3637 5064 mundum

2057 5106 2144 5161 vel
2165 5106 2497 5160 immundum
2521 5114 2604 5161 est
2620 5103 2920 5174 juditzetur:
2945 5112 3000 5159 ct
3016 5104 3234 5158 venient
3256 5098 3487 5169 majores
3506 5104 3639 5152 natu

2060 5198 2293 5254 civitatis
2332 5198 2477 5252 illius
2519 5197 2584 5251 ad
2623 5196 2966 5263 interfectum
2991 5236 3007 5261 ,
3049 5195 3411 5261 lavabuntque
3443 5202 3641 5243 manus

2062 5303 2188 5343 suas
2211 5303 2374 5357 super
2399 5286 2620 5341 vitulam
2651 5301 2771 5355 quae
2795 5300 3053 5356 percussa
3081 5293 3165 5339 est
3190 5283 3245 5336 in
3269 5277 3407 5333 valle
3429 5317 3444 5340 ,
3478 5284 3535 5330 et
3559 5275 3641 5330 di-

2061 5389 2219 5435 cent:
2250 5378 2436 5433 Manus
2459 5386 2659 5432 nostne
2684 5393 2788 5431 non
2813 5375 3116 5430 effuderunt
3140 5373 3278 5426 hunc
3299 5365 3639 5434 sanguinem,

2063 5485 2165 5525 nec
2191 5469 2335 5525 oculi
2369 5469 2641 5524 viderunt.
2679 5467 2950 5537 Propitius
2982 5472 3100 5519 esto
3126 5457 3322 5531 populo
3351 5465 3444 5512 tuo
3474 5455 3639 5511 Israel

2065 5575 2226 5631 quem
2257 5559 2561 5624 redemisti,
2590 5557 2834 5623 Domine,
2866 5564 2920 5611 et
2949 5570 3054 5609 non
3082 5559 3298 5620 reputes
3324 5546 3639 5620 sanguinem

2068 5652 2408 5707 innocentem
2460 5650 2513 5704 in
2565 5648 2741 5704 medio
2777 5642 2955 5716 populi
2990 5640 3063 5695 tui
3093 5636 3280 5694 Israel.
3313 5656 3332 5690 ι
3361 5636 3462 5709 Qui
3515 5650 3655 5696 sunt
