3978 6182
462 291 567 347 915

1100 290 1160 346 Β.
1198 289 1450 345 RABANI
1490 288 1708 345 MAURI
1746 286 2066 343 ARCiilEP.
2111 285 2420 344 MOGUNT.
2455 285 2751 345 OPERUM
2783 285 2965 343 PARS
3000 286 3042 341 ι.
3559 292 3644 349 9l6

460 418 590 473 ergo
626 401 933 456 sacerdotes
968 402 1055 456 isti
1092 416 1153 457 ac
1190 399 1421 469 majores
1468 408 1598 454 natu
1621 439 1636 463 ,
1687 398 1882 467 quibus
1933 397 2038 451 tale
2064 402 2110 461 Α
2141 398 2220 453 sic
2263 412 2383 452 eam
2426 398 2478 453 in
2527 399 2704 454 studio
2747 398 2994 453 veritatis
3039 413 3331 454 assumere.
3371 399 3502 456 Nihil
3534 406 3651 459 enim

462 492 733 562 iiegotiuin
760 500 816 547 et
845 492 950 547 tale
979 491 1335 548 ministerium
1375 489 1686 560 iniungitur,
1728 488 1829 542 nisi
1864 487 2035 541 sancti

460 578 689 651 apostoli
725 590 779 637 et
813 580 1199 651 prmdicatores
1232 579 1550 649 Evangelii,
1588 576 1784 648 quibus
1820 590 2035 632 omnem

462 674 706 730 ordinem
740 670 1170 727 ecclesiasticum
1209 684 1398 740 regere
1432 668 1694 723 Dominus
1731 666 1845 736 ipse
1884 680 2035 720 com-

462 765 723 820 mendat?
750 763 814 819 Hi
841 779 968 834 ergo
996 777 1158 832 super
1183 776 1375 817 carnes
1397 760 1579 814 vitulae
1604 773 1794 813 manus
1822 757 2032 820 lavant,

460 872 583 912 cum
628 855 683 910 in
730 854 980 926 passione
1024 852 1225 908 Christi
1271 867 1367 907 sua
1419 850 1616 905 munda
1666 849 2039 904 demonstrant

458 962 580 1003 esse
604 961 788 1017 opera.
819 944 952 1013 Quia
978 944 1105 999 licet
1135 941 1373 1012 ejusdem
1398 940 1669 1011 passionis
1697 944 2035 995 sacramenta

458 1039 514 1094 in
542 1038 813 1094 oblatione
857 1035 1095 1106 quotidie
1149 1033 1428 1088 imitentur
1458 1030 1716 1102 mystica,
1758 1037 1936 1083 tamen
1967 1027 2036 1080 ab

460 1128 606 1184 omni
637 1128 824 1182 fraude
860 1136 915 1181 et
944 1125 1067 1181 dolo
1094 1123 1402 1179 Iudaeorum
1433 1123 1593 1176 corda
1626 1128 1681 1174 et
1707 1133 1873 1188 opera
1900 1116 2034 1171 reti-

458 1228 589 1275 nent
614 1218 969 1273 mundissima
994 1232 1009 1282 ;
1039 1214 1140 1287 ipsi
1168 1212 1465 1269 secundum
1493 1226 1648 1266 suum
1674 1206 2034 1263 ministerium

460 1323 645 1377 pacem
673 1321 885 1377 semper
914 1313 1102 1376 optant
1129 1312 1291 1373 atque
1320 1302 1617 1371 deposcunt
1647 1296 1844 1369 popqu
1874 1295 2034 1350 Chri-

460 1400 667 1462 stiano,
707 1406 977 1469 quatenus
1008 1395 1088 1450 eis
1121 1410 1227 1449 non
1263 1393 1501 1449 vindicta
1530 1406 1630 1462 pro
1668 1388 1871 1445 scelere
1891 1427 1906 1452 ,
1940 1386 2036 1441 sed

459 1506 558 1561 pro
597 1488 702 1543 ﬁde
739 1488 885 1543 salus
930 1485 1070 1541 dono
1112 1486 1426 1542 conferatur
1468 1482 1684 1547 divino,
1727 1478 1819 1548 qui
1858 1476 2035 1547 parati

460 1588 585 1637 sunt
613 1580 760 1635 omni
792 1588 1031 1649 tempore
1058 1576 1259 1634 Christi
1290 1576 1510 1631 obedire
1538 1571 1851 1642 Evangelio.

1029 1689 1255 1747 CAPUT
1303 1688 1451 1744 XXV

821 1784 899 1838 De
936 1783 1139 1852 captiva
1179 1780 1398 1834 muliere
1432 1777 1673 1849 pulchra.

529 1875 739 1948 (imm)
767 1894 785 1926 ί
816 1873 873 1930 Si
901 1889 1154 1945 egressus
1180 1871 1346 1927 fueris
1371 1870 1438 1925 ad
1462 1878 1695 1941 pugnam
1720 1874 1911 1925 contra
1936 1862 2038 1918 ini-

465 1989 483 2020 ι
515 1970 685 2024 unicos
725 1977 873 2034 tuos,
902 1975 959 2022 et
998 1965 1281 2021 tradiderit
1316 1980 1410 2019 eos
1450 1962 1711 2016 Dominus
1738 1961 1881 2013 Deus
1911 1965 2037 2012 tuus

465 2082 483 2113 ι
514 2063 569 2116 in
614 2076 779 2116 manu
825 2068 916 2113 tua
936 2099 951 2124 ,
984 2057 1335 2127 captivosque
1365 2052 1585 2109 duxeris
1605 2091 1619 2116 ,
1652 2059 1708 2105 et
1736 2048 1937 2104 videris
1981 2048 2034 2102 in

464 2173 481 2203 ι
515 2166 740 2207 numero
792 2150 1127 2220 Captivorum
1159 2144 1441 2200 mulierem
1485 2141 1803 2212 pulchram,
1843 2146 1900 2193 et
1935 2137 2035 2193 ad—

465 2266 481 2293 ‹
510 2241 780 2298 amoveris
799 2256 920 2297 eam
940 2280 956 2305 ,
982 2237 1323 2307 volucrisque
1346 2235 1546 2290 habere
1574 2246 1798 2287 uxorem
1820 2272 1837 2297 ,
1865 2231 2038 2285 intro-

466 2358 480 2382 ι
512 2335 678 2390 duces
705 2349 823 2389 eam
850 2334 904 2388 in
935 2333 1154 2388 domum
1185 2338 1351 2384 tuam.
1385 2327 1516 2395 Qua:
1541 2326 1697 2381 radet
1723 2325 1998 2381 aesariem
2018 2365 2033 2390 ,

466 2446 481 2473 α
513 2433 567 2479 et
596 2423 948 2479 circumcidet
976 2435 1212 2492 ungues,
1244 2428 1299 2475 et
1331 2419 1565 2490 deponet
1597 2425 1802 2473 vestem
1842 2417 1897 2471 in
1930 2432 2034 2487 qua

466 2536 482 2562 ι
513 2522 668 2584 capta
698 2521 810 2574 est,
842 2512 1141 2581 sedensque
1169 2511 1223 2564 in
1250 2510 1411 2565 domo
1442 2518 1533 2563 tua
1561 2507 1708 2564 ﬂebit
1734 2516 1943 2578 patrem
1981 2516 2037 2563 et

465 2627 482 2654 ι
519 2610 746 2659 matrem
791 2618 945 2658 suam
989 2616 1096 2656 uno
1131 2616 1356 2667 mense;
1401 2609 1456 2655 et
1486 2609 1671 2670 postea
1707 2600 1939 2655 intrabis
1967 2600 2035 2654 ad

466 2718 481 2745 ι
513 2711 631 2749 eazn
652 2730 667 2760 ,
696 2693 1039 2762 dormiesque
1068 2707 1191 2746 cum
1232 2690 1356 2756 illa,
1386 2698 1442 2745 et
1479 2690 1585 2744 erit
1614 2700 1753 2743 uxor
1781 2696 1900 2753 tua,
1930 2708 1949 2741 ι
1982 2696 2039 2743 et

457 2795 676 2842 caetera.
718 2785 911 2840 Dicant
948 2781 1119 2837 Judaei
1158 2781 1429 2852 quomodo
1472 2779 1615 2849 apud
1658 2793 1755 2835 eos
1789 2779 1888 2835 ista
1919 2792 2036 2835 ser-

455 2886 691 2944 vantur;
724 2876 851 2946 quid
878 2887 1078 2940 causae,
1102 2872 1234 2942 quid
1259 2870 1486 2926 rationis
1510 2878 1597 2925 est
1618 2868 1891 2925 decalvari
1924 2883 2039 2923 mu-

455 2968 647 3024 lierem
688 2973 745 3022 et
788 2963 1014 3036 ungulas
1060 2962 1237 3018 eidem
1285 2959 1574 3017 abscindi?
1629 2958 1790 3015 Verbi
1839 2972 2032 3024 causa,

454 3075 723 3132 ponamus
761 3056 901 3128 quod
942 3055 1017 3109 ita
1061 3054 1330 3109 invenerit
1370 3068 1491 3108 eam
1528 3052 1574 3107 is
1602 3051 1696 3122 qui
1728 3051 1927 3106 dicitur
1954 3051 2036 3105 in-

453 3112 702 3213 :enisse,
732 3112 796 3203 ut
822 3159 995 3217 neque
1023 3144 1281 3215 capillos,
1313 3157 1493 3213 neque
1533 3112 1762 3214 ungulas
1801 3143 2032 3205 habeat,
2066 3112 2109 3174 C

455 3241 589 3311 quid
616 3232 805 3294 habuit
832 3238 975 3306 quod
1005 3235 1300 3291 secundum
1331 3235 1505 3305 legem
1537 3234 1756 3288 demere
1776 3231 2036 3301 iubetur?

453 3330 624 3387 Nobis
647 3343 777 3382 vero
806 3327 1004 3397 quibus
1026 3326 1216 3380 militia
1245 3324 1506 3395 spiritalis
1529 3333 1641 3390 est,
1670 3332 1726 3378 et
1749 3339 1901 3378 arma
1927 3338 2034 3378 non

456 3418 699 3477 carnalia
724 3417 818 3473 sed
842 3416 1083 3487 potentia
1109 3415 1219 3470 Deo
1240 3454 1255 3480 ,
1283 3415 1329 3469 si
1354 3413 1608 3470 decoram
1637 3414 1919 3469 mulierem
1938 3455 1954 3479 ,
1982 3415 2039 3470 id

454 3523 558 3573 est.
583 3512 841 3578 animam,
865 3525 986 3578 qua:
1007 3524 1037 3563 a
1059 3509 1168 3564 Deo
1188 3507 1411 3578 pulchra
1436 3516 1618 3562 creata
1641 3515 1749 3571 est,
1774 3504 1827 3560 ἢ]
1849 3505 2038 3578 gentili

454 3604 868 3662 conversatione
909 3601 1308 3667 invenerimus,
1351 3606 1406 3654 et
1448 3599 1661 3654 sociare
1699 3597 2036 3654 voluerimus

456 3710 581 3751 eam
611 3694 828 3764 corpori
859 3692 1062 3748 Christi
1082 3731 1099 3757 ,
1125 3690 1375 3761 deposito
1401 3689 1718 3745 idololatria:
1742 3688 1889 3745 cultu
1908 3726 1924 3755 ,
1957 3688 2040 3745 in-

456 3785 643 3842 duitur
682 3784 999 3856 lugubribus
1037 3783 1370 3854 paenitentia:
1397 3781 1765 3847 indumentis;
1795 3780 2039 3851 deplora-

454 3878 645 3948 bitque
680 3884 890 3947 patrem
928 3884 986 3932 et
1011 3883 1239 3930 matrem
1261 3914 1277 3938 .
1301 3876 1406 3930 hoc
1429 3881 1549 3939 est,
1575 3888 1792 3930 omnem
1833 3887 2039 3928 memo-

456 3967 596 4023 riam
623 3967 808 4023 mundi
832 3965 1056 4037 eiusque
1079 3966 1326 4023 carnales
1365 3965 1670 4022 illecebras.
1713 3964 1920 4020 Deinde
1945 3974 2042 4019 no-

456 4059 649 4118 vacula
675 4059 827 4115 verbi
853 4059 950 4114 Dei
975 4065 1032 4114 et
1058 4058 1325 4123 doctrina,
1353 4071 1515 4112 omine
1540 4064 1825 4126 peccatum
1852 4052 2042 4109 inﬁde-

456 4152 628 4208 litatis
652 4151 769 4222 ejus
788 4190 803 4217 ,
828 4150 971 4221 quod
999 4158 1274 4205 mortuum
1301 4158 1355 4205 et
1380 4149 1540 4203 inane
1562 4156 1678 4214 est,
1704 4146 2042 4202 abscinditur

456 4256 476 4314 ς
495 4246 598 4301 hoc
621 4245 765 4299 enim
793 4253 921 4300 sunt
949 4243 1130 4313 capilli
1155 4242 1348 4312 capitis
1381 4249 1441 4296 et
1479 4241 1692 4310 ungulae
1732 4238 2037 4311 mulieris),

457 4345 620 4408 atque
644 4338 861 4393 demum
887 4337 1112 4392 salutari
1152 4336 1366 4393 lavacro
1390 4335 1646 4389 mundata
1672 4342 1729 4389 et
1752 4333 2041 4404 puriﬁcata

2140 487 2398 541 mundum
2444 487 2646 542 habent
2690 486 2989 556 disciplina:
3031 487 3339 557 gentilium,
3381 489 3497 558 quia
3536 491 3654 547 nulla

2140 576 2280 644 apud
2319 574 2565 629 infideles
2600 575 2865 645 sapientia
2901 583 2984 631 est
3019 575 3105 630 cui
3146 576 3469 633 immunditia
3510 578 3654 651 aliqua

2137 664 2222 719 vel
2266 664 2576 733 superstitio
2622 682 2728 720 non
2774 665 2844 719 sit
2888 666 3137 720 admista.

2699 775 2926 832 CAPUT
2966 776 3155 831 XXVI.

2186 865 2262 921 De
2289 866 2494 921 duabus
2520 867 2791 933 uxoribus,
2818 885 2927 922 una
2953 866 3164 933 dilecta,
3192 877 3240 923 et
3263 867 3423 923 altera
3451 871 3624 927 odiosa.

2215 978 2234 1011 ι
2272 959 2450 1031 (lam)
2480 958 2539 1014 Si
2567 960 2816 1015 habuerit
2839 959 3001 1014 homo
3032 974 3230 1014 uxores
3255 960 3402 1025 duas,
3425 977 3568 1016 unam
3597 963 3663 1017 dio

2144 1069 2163 1103 α
2205 1050 2400 1106 lectam
2425 1057 2482 1105 et
2515 1049 2741 1104 alteram
2775 1049 3038 1113 odiosam,
3070 1050 3417 1121 genueritque
3440 1065 3501 1104 ex
3535 1064 3588 1105 ea
3612 1052 3663 1105 li-

2147 1156 2165 1194 α
2207 1142 2389 1209 heros,
2414 1152 2470 1198 et
2503 1141 2664 1197 fuerit
2694 1138 2837 1197 ﬁlius
2859 1143 3060 1198 odiosa:
3082 1143 3493 1213 primogenitum:
3516 1143 3665 1200 volue-

2145 1254 2165 1287 ι
2207 1236 2384 1304 ritque
2421 1235 2776 1290 substantiam
2807 1235 2949 1290 inter
2983 1234 3122 1289 ﬁlios
3158 1249 3285 1290 suos
3312 1236 3554 1301 dividere,
3581 1251 3664 1291 non

2145 1344 2165 1377 ι
2209 1326 2406 1395 poterit
2428 1324 2596 1379 ﬁlium
2614 1325 2823 1380 dilectae
2842 1324 3020 1380 facere
3040 1325 3468 1396 primogenitum,
3494 1335 3543 1380 et
3559 1339 3668 1397 prai-

2144 1432 2164 1465 σ
2206 1415 2349 1470 ferre
2383 1413 2492 1469 ﬁlio
2517 1415 2737 1479 odiosaz,
2773 1414 2868 1471 sed
2897 1415 3065 1471 ﬁlium
3097 1415 3299 1470 odiosa:
3321 1426 3556 1486 agnoscet
3582 1416 3669 1485 pri-

2145 1522 2165 1554 σ
2211 1503 2562 1574 mogcnitum,
2587 1501 2845 1573 dabitque
2872 1504 2923 1559 ei
2949 1505 3017 1560 de
3045 1504 3134 1559 his
3156 1519 3276 1574 quae
3304 1504 3552 1570 habuerit,
3570 1498 3672 1560 cuu-

2146 1614 2164 1647 ι
2209 1603 2297 1651 cta
2319 1595 2566 1665 duplicia
2597 1612 2611 1648 :
2645 1595 2748 1651 iste
2778 1606 2862 1654 est
2901 1598 3045 1653 enim
3075 1597 3395 1668 principium
3422 1598 3670 1653 liberorum

2145 1710 2165 1743 ι
2213 1690 2351 1760 ejus,
2383 1696 2439 1744 et
2484 1690 2611 1745 huic
2655 1689 2921 1745 debentur
2962 1690 3343 1760 primogenita.
3385 1708 3405 1742 ι
3440 1688 3673 1744 Interdum

2062 1752 2111 1811 Β
2140 1752 2417 1850 Scriptura
2443 1794 2568 1836 cum
2587 1779 2897 1851 allegoriam
2920 1752 3075 1846 dicit,
3102 1752 3208 1835 alia
3233 1781 3303 1835 ad
3324 1780 3541 1849 speciem
3561 1778 3674 1849 Syn-

2137 1888 2353 1945 agogaa,
2399 1872 2505 1928 alia
2551 1875 2619 1929 ad
2664 1871 2960 1928 Ecclesium
2997 1871 3199 1935 refert,
3229 1873 3332 1927 alia
3357 1873 3419 1928 ad
3450 1872 3675 1935 animam,

2136 1966 2240 2022 alia
2274 1965 2342 2020 ad
2367 1967 2517 2023 verbi
2542 1965 2884 2038 mysterium,
2913 1964 3020 2019 alia
3057 1967 3126 2021 ad
3153 1965 3394 2021 diversas
3430 1964 3615 2035 species
3635 1971 3679 2016 et

2136 2058 2427 2129 qualitates
2451 2058 2752 2113 animarum
2780 2072 2902 2127 quae
2929 2057 3210 2123 discernit,
3242 2073 3359 2128 qua:
3378 2055 3567 2126 indicat
3591 2055 3680 2126 spi-

2136 2150 2266 2205 ritu.
2299 2149 2455 2205 Unde
2478 2149 2726 2219 sequenti
2746 2147 2985 2218 capitulo
3008 2147 3168 2218 legis,
3196 2163 3304 2204 non
3329 2149 3457 2203 duas
3482 2148 3677 2211 animas,

2137 2240 2231 2295 sed
2258 2240 2502 2294 diversas
2539 2238 2829 2307 qualitates
2868 2238 3033 2293 unius
3074 2238 3273 2294 animae
3308 2237 3680 2308 comprehensas

2135 2326 2437 2381 arbitreris.
2480 2326 2577 2381 Est
2617 2326 2763 2381 enim
2811 2325 3060 2381 amabilis
3100 2328 3312 2396 species
3349 2326 3549 2391 animae,
3583 2340 3681 2394 qua

2135 2417 2471 2487 concupiscit
2492 2416 2817 2487 voluptaria,
2849 2432 2975 2487 quae
3008 2417 3250 2473 laborem
3277 2418 3429 2490 fugit,
3456 2430 3679 2486 compun-

2136 2512 2344 2567 ctiones
2368 2511 2624 2575 declinat,
2637 2511 2899 2581 judicium
2922 2512 3016 2566 Dei
3040 2510 3285 2581 negligit.
3308 2511 3430 2567 Ideo
3454 2508 3680 2572 amabilis,

2136 2601 2263 2672 quia
2285 2601 2457 2656 dulcis
2490 2610 2545 2657 et
2584 2602 2767 2656 suavis
2811 2602 2880 2657 ad
2921 2609 3134 2671 tempus
3161 2601 3407 2666 videtur;
3428 2615 3538 2669 quae
3559 2612 3683 2652 men-

2139 2701 2246 2749 tem
2268 2709 2375 2749 non
2407 2690 2625 2756 alliciat,
2653 2692 2750 2747 sed
2787 2691 3043 2747 oblectet.
3071 2691 3143 2745 At
3167 2690 3261 2744 illa
3286 2690 3450 2744 altera
3489 2687 3684 2751 tristior,

2136 2796 2258 2852 quae
2285 2782 2403 2839 zelo
2429 2782 2524 2836 Dei
2556 2782 2877 2838 conﬁciatur
2901 2801 2915 2836 :
2946 2781 3091 2837 sicut
3116 2797 3260 2837 uxor
3284 2795 3467 2837 severa
3489 2776 3681 2834 scortari

2137 2890 2447 2947 comparem
2469 2891 2626 2931 suum
2654 2875 2809 2940 nolit,
2839 2890 2944 2930 non
2971 2875 3230 2945 patiatur,
3259 2888 3366 2930 non
3390 2873 3539 2935 sinat,
3575 2868 3686 2924 nihil

2138 2967 2412 3038 indulgeat
2437 2966 2683 3036 corpori;
2724 2964 2858 3019 nihil
2887 2964 3156 3033 voluptati
3195 2972 3255 3019 et
3287 2960 3602 3019 delectationi
3624 2974 3686 3013 re-

2140 3057 2309 3123 laxet,
2354 3057 2571 3111 abdicet
2615 3055 2826 3111 occulta
2863 3054 3164 3119 dedecoris,
3208 3054 3347 3108 dura
3375 3052 3599 3107 laborum
3621 3063 3689 3103 se-

2141 3157 2359 3217 quatur,
2398 3147 2582 3218 gravia
2628 3144 3011 3216 periculorum.
3044 3144 3102 3200 Si
3139 3145 3309 3215 igitur
3339 3140 3622 3214 pepererint
3648 3137 3689 3191 ei

2140 3241 2332 3306 ambae,
2367 3256 2472 3295 non
2512 3238 2730 3309 poterit,
2762 3238 2958 3307 inquit.
2985 3237 3325 3306 primitivum
3369 3236 3527 3290 ﬁlium
3566 3245 3692 3286 ama-

2139 3329 2265 3386 bilis
2289 3330 2341 3385 in
2368 3329 2702 3385 hmreditatis
2733 3328 3070 3383 institutione
3112 3342 3430 3397 prmponere
3455 3322 3691 3396 primitivo

2142 3422 2253 3477 ﬁlio
2295 3422 2530 3487 odihilis,
2578 3437 2702 3477 cum
2749 3421 2886 3476 sciat
2926 3419 3143 3475 odibilis
3183 3418 3357 3473 ﬁlium
3396 3415 3691 3488 primitivum

2141 3529 2279 3569 esse.
2306 3514 2363 3567 lu
2388 3528 2497 3584 quo
2525 3527 2632 3568 non
2659 3519 2772 3567 tam
2799 3511 3167 3582 praelationem
3207 3510 3523 3581 simpliciter
3551 3502 3691 3574 signi-

2142 3606 2291 3661 ﬁcari
2344 3612 2492 3675 puto,
2535 3604 2691 3675 quasi
2735 3603 2878 3658 inter
2916 3603 3221 3672 primitivos
3257 3603 3416 3666 duos,
3442 3612 3589 3670 quam
3612 3609 3691 3650 e1-

2139 3698 2472 3768 pressionem
2520 3696 2697 3752 solum
2738 3695 2955 3751 odibilis
3010 3695 3179 3750 ﬁlium
3224 3692 3485 3765 primitivi
3526 3689 3693 3745 habere

2140 3789 2579 3861 praerogativam.
2627 3787 2941 3842 Primitivus
2988 3786 3133 3841 enim
3174 3784 3562 3856 primogenitus
3592 3783 3692 3833 est:

2142 3880 2315 3935 sancti
2349 3887 2529 3934 autem
2557 3877 2901 3948 primogeniti
2932 3887 3076 3941 sunt,
3108 3893 3127 3926 ι
3165 3877 3293 3945 quia
3319 3874 3494 3930 omnis
3517 3884 3693 3927 mascu-

2142 3970 2227 4025 lus
2278 3969 2595 4040 adaperiens
2641 3968 2881 4031 vulvam,
2923 3974 3143 4023 sanctus
3183 3965 3419 4021 Domino
3454 3959 3695 4017 vocabitur

2143 4059 2295 4129 (Luc.
2330 4058 2412 4128 ιι).
2453 4078 2472 4112 ι
2500 4058 2620 4114 Non
2648 4067 2829 4113 tamen
2860 4059 3040 4114 omnis
3074 4064 3296 4111 sanctus
3321 4053 3691 4125 primogenitus.

2142 4150 2387 4219 Denique
2419 4150 2588 4204 habes
2613 4149 2668 4203 in
2694 4148 2984 4205 Numeris:
3025 4167 3043 4199 ι
3080 4148 3221 4203 Ecce
3256 4148 3359 4202 tuli
3392 4146 3594 4201 Levitas
3617 4152 3693 4210 pro

2140 4241 2517 4314 primogenitis
2554 4240 2825 4307 omnibus,
2856 4241 2922 4297 de
2946 4239 3127 4295 medio
3153 4239 3391 4294 ﬁliorum
3424 4234 3597 4298 lsrael,
3623 4230 3693 4300 qui

2142 4335 2398 4405 aperiunt
2422 4333 2638 4387 vulvam
2659 4347 2689 4386 a
2716 4332 2843 4386 ﬁliis
2864 4330 3051 4386 lsrael.
3089 4330 3223 4385 Mihi
3250 4330 3399 4385 enim
3426 4329 3480 4383 in
3512 4340 3606 4396 quo
3626 4321 3695 4376 die

455 4425 803 4498 coniungitur
826 4426 1032 4480 sanctis
1071 4423 1202 4488 Dei,
1244 4423 1455 4478 scilicet
1497 4438 1620 4478 cum
1653 4422 1770 4490 iam
1810 4422 1947 4478 nihil
1982 4421 2037 4474 in
2067 4461 2119 4521 Ι)
2144 4425 2384 4496 percussi
2431 4438 2593 4480 omne
2629 4422 3047 4494 primogenitum
3090 4419 3349 4492 Egypti,
3399 4411 3695 4475 sanctiﬁcavi

457 4517 633 4586 capite
673 4522 977 4579 mortuum,
1020 4513 1154 4569 nihil
1195 4513 1249 4567 in
1292 4511 1545 4567 manibus
1567 4528 1636 4567 ex
1662 4512 1770 4567 illis
1791 4526 1912 4580 quae
1939 4524 2039 4580 per

457 4606 831 4661 inﬁdelitatem
873 4606 1066 4661 mortis
1106 4603 1382 4668 dicuntur,
1429 4603 1717 4668 habuerit,
1762 4610 1823 4656 ut
1863 4616 2039 4670 neque

458 4694 708 4751 sensibus
731 4708 909 4764 neque
934 4695 1145 4757 actibus
1179 4693 1520 4748 immundum
1548 4692 1752 4763 aliquid
1777 4698 1873 4745 aut
1896 4706 2038 4746 mor-

457 4794 612 4840 tuum
651 4792 822 4854 gerat.
852 4784 1006 4852 Quod
1030 4798 1159 4839 vero
1187 4790 1312 4854 post
1336 4782 1553 4853 triginta
1577 4780 1695 4837 dies
1721 4781 1876 4852 iubet
1917 4796 2038 4835 eam

459 4877 584 4932 duci
613 4893 868 4941 uxorem,
897 4878 1136 4932 ternario
1160 4891 1397 4946 namque
1438 4891 1502 4931 ac
1541 4875 1766 4930 denario
1812 4891 2039 4930 numero

460 4967 596 5023 ﬁdes
620 4980 862 5037 opusque
888 4966 1243 5037 signiﬁcatur.
1285 4966 1389 5022 Per
1416 4966 1575 5021 ﬁdem
1600 4981 1730 5036 ergo
1755 4965 2039 5021 Trinitatis

460 5069 623 5130 atque
665 5073 800 5129 opus
843 5058 978 5129 legis
1017 5068 1165 5114 recte
1206 5060 1444 5115 sociatur
1483 5073 1817 5128 quascumque
1857 5058 2038 5112 anima

458 5166 592 5207 vero
636 5149 917 5213 lsraelitaz,
961 5149 1176 5218 corpori
1223 5150 1433 5205 scilicet
1476 5149 1709 5214 Christi,
1752 5149 2039 5204 adhaerens

461 5245 537 5300 illi
564 5245 683 5301 sine
706 5242 919 5298 macula
945 5240 1279 5297 sinceritatis
1302 5242 1426 5299 ﬁdei
1455 5250 1510 5296 et
1534 5250 1751 5296 actuum
1780 5241 2032 5312 puritate.

459 5334 566 5389 Alii
609 5340 938 5406 putaverunt
981 5332 1123 5387 hanc
1167 5330 1453 5388 mulierem
1501 5333 1809 5388 decoratam
1854 5332 2036 5402 specie

461 5424 836 5479 rationabilem
877 5422 1113 5494 aliquam
1154 5423 1498 5494 disciplinam
1537 5421 1875 5493 signiﬁcare,
1917 5436 2039 5492 qua

461 5514 734 5582 sapienter
761 5515 904 5571 dicta
934 5512 1207 5571 invenitur
1230 5515 1370 5585 apud
1399 5512 1647 5584 gentiles.
1693 5512 1846 5569 Hanc
1874 5513 2039 5585 igitur

463 5617 494 5653 ιι
520 5603 676 5658 nobis
704 5615 973 5674 repertam
991 5645 1005 5673 ,
1032 5614 1247 5676 oportet
1270 5607 1339 5661 de
1364 5622 1428 5661 ea
1467 5606 1704 5676 primum
1744 5606 1959 5662 auferre
1983 5614 2040 5661 et

462 5702 710 5745 resecare
733 5708 949 5750 omnem
977 5697 1376 5767 superstitionis
1401 5696 1516 5766 eius
1543 5697 1956 5763 immunditiam,
1983 5706 2040 5751 et

2143 4530 2305 4570 omne
2325 4514 2742 4584 primogenitum
2774 4512 2959 4568 lsrael.
2997 4531 3017 4565 ι
3049 4511 3192 4584 Ergo
3231 4527 3333 4582 pro
3360 4503 3696 4582 primogenitis

2116 4607 2359 4673 .Levitas
2395 4607 2549 4678 quasi
2592 4610 2829 4662 sanctos.
2876 4603 3108 4660 Sanctus
3151 4606 3299 4660 enim
3345 4599 3698 4675 primogenitos

2143 4714 2264 4754 esse
2281 4697 2653 4769 cognoscimus
2671 4712 2740 4752 ex
2765 4694 3005 4765 Epistola
3035 4694 3105 4750 ad
3144 4695 3406 4751 Hebraeos
3428 4693 3631 4761 scripta,
3651 4687 3695 4740 in

2145 4803 2251 4858 qua
2280 4788 2541 4842 habemus
2576 4804 2590 4840 :
2626 4805 2644 4837 ι
2690 4784 2800 4841 Sed
2836 4785 3311 4856 appropinquastis
3356 4785 3523 4840 moirti
3569 4780 3697 4839 Sion.

2144 4887 2201 4932 et
2228 4876 2433 4931 civitati
2458 4876 2778 4942 Jerusalem,
2807 4885 2864 4931 et
2888 4884 3201 4946 sanctorum
3236 4874 3480 4930 millibus
3514 4868 3698 4941 angelo-

2144 4984 2266 5023 rum
2294 4969 2548 5025 Ecclesiae
2575 4968 2972 5040 primitivorum
3003 4966 3191 5040 (Hebr.
3222 4966 3349 5032 xu).
3373 4987 3395 5019 ι
3422 4965 3561 5035 Ergo
3582 4960 3701 5016 sicut

2144 5061 2483 5131 primogeniti
2517 5061 2773 5117 Ecclesia:
2801 5061 2994 5136 sancti,
3028 5060 3110 5114 sic
3137 5067 3192 5113 et
3220 5058 3449 5123 Levita,
3476 5052 3698 5126 quoniam

2141 5151 2243 5219 ipsi
2265 5165 2480 5219 Quoque
2516 5150 2880 5221 primogeniti.
2913 5149 3030 5205 Non
3071 5150 3214 5204 enim
3244 5148 3506 5204 nascendi
3540 5142 3703 5199 ordine

2141 5243 2335 5305 sancti,
2364 5242 2456 5297 sed
2481 5242 2928 5298 sanctiﬁcationis
2951 5254 3194 5297 munere.
3216 5239 3349 5294 Levi
3370 5240 3517 5295 enim
3539 5234 3702 5291 tertius

2138 5335 2282 5390 ﬁlius
2311 5334 2410 5388 fuit
2436 5334 2566 5399 Lina,
2595 5350 2701 5389 non
2730 5335 2938 5403 primus
2966 5334 3172 5402 utique.
3195 5332 3296 5399 Qui
3323 5340 3510 5387 autem
3535 5322 3705 5385 sancti-

2140 5424 2355 5488 ﬁcatur,
2386 5423 2501 5493 ipse
2530 5424 2706 5493 aperit
2732 5423 2965 5478 vulvam.
2997 5423 3169 5489 Quam
3207 5421 3463 5477 vulvam?
3489 5418 3617 5475 Audi
3640 5414 3704 5467 di-

2141 5523 2353 5569 centem
2387 5532 2399 5567 :
2437 5532 2455 5564 ι
2493 5514 2825 5569 Erraverunt
2872 5524 3187 5584 peccatores
3236 5511 3306 5568 ab
3353 5521 3514 5568 utero
3557 5503 3704 5581 (Ptol.

2140 5610 2293 5675 Lvu).
2335 5624 2354 5656 ι
2393 5604 2529 5672 Quia
2578 5604 2887 5660 intellexisti
2940 5604 3365 5675 primogenitqu
3418 5602 3512 5673 qui
3559 5596 3706 5669 aperi!

2140 5694 2377 5759 vulvam,
2412 5694 2646 5766 intellige
2685 5703 2898 5750 uterum
2938 5695 3091 5751 bona:
3132 5693 3346 5759 matris,
3400 5708 3431 5747 a
3479 5706 3583 5761 quo
3620 5697 3707 5740 nun
