3978 6182
363 296 468 357 917
1149 297 1547 355 ENARRATIO
1587 297 1812 356 SUPER
1855 296 2475 358 DEUTERONOMIUM.
2510 331 2583 342 —
2618 299 2746 356 LIB.
2789 301 2852 356 ll.
3530 308 3656 364 918v

361 417 553 470 errant
574 409 754 469 sancti
783 412 878 468 sed
906 420 1238 483 peccatores.
1263 415 1463 471 Levita:
1495 425 1673 470 autem
1701 416 1947 472 auferun—
1973 417 2023 477 Α
2049 413 2250 468 odiosa:
2299 411 2740 484 primogenitum,
2774 415 3027 485 dabitque
3064 418 3115 470 ei
3148 419 3212 473 de
3251 419 3336 475 bis
3369 436 3490 491 qum
3531 421 3630 479 ιιι..

364 519 454 562 tur
475 506 542 561 de
567 504 746 560 medio
770 503 954 570 Israel,
980 506 1104 575 quia
1135 507 1269 561 nihil
1292 508 1491 564 habent
1516 522 1800 562 commune
1821 523 1944 562 cum
2045 504 2227 560 buerit
2263 513 2454 561 cuncta
2483 505 2717 576 duplicia
2744 547 2758 560 .
2789 507 2913 576 quia
2949 508 3124 578 primo
3157 509 3232 563 illi
3258 511 3404 566 dedit
3429 516 3630 587 populo

360 597 579 669 populo,
633 597 788 667 cujus
827 597 1180 668 primogenita
1231 599 1512 656 smcularia
1551 599 1940 657 distrahuntur.

361 687 714 758 Primcgeniti
734 686 875 741 enim
903 687 1082 742 saaculi
1106 687 1328 744 alterius
1351 689 1542 744 matris
1565 698 1708 755 sunt,
1736 706 1766 744 a
1793 690 1946 757 cujus

364 787 523 833 utero
550 784 864 847 segregatus
896 784 976 832 est
1005 777 1224 844 Paulus,
1265 794 1390 834 cum
1435 781 1502 834 ad
1535 780 1761 850 gratiam
1787 795 1946 834 voca-

364 877 516 923 retur
551 868 675 934 Dei;
716 877 772 923 et
805 867 925 924 ideo
961 868 1027 923 de
1057 870 1234 926 medio
1272 871 1451 941 populi
1481 880 1792 942 segregatus
1819 888 1942 928 ver-

361 957 490 1014 bum
517 959 742 1028 recepit,
763 959 906 1028 quod
927 967 1010 1014 est
1031 960 1265 1014 medium
1293 961 1348 1014 in
1372 961 1533 1016 corde
1554 970 1760 1016 nostro.
1793 961 1945 1016 Unde

361 1048 492 1104 illud
518 1048 723 1104 dictum
743 1058 828 1104 est
853 1065 867 1103 :
904 1067 923 1100 ί
957 1047 1163 1105 Medius
1183 1057 1363 1104 autem
1389 1060 1627 1105 vestrum
1650 1060 1759 1106 stat
1781 1067 1944 1122 quem

358 1155 455 1196 vos
483 1155 589 1196 non
612 1138 810 1196 videtis
835 1138 1020 1210 (Joan.
1050 1138 1110 1206 ι).
1153 1160 1170 1192 ι
1206 1140 1322 1195 Νοη
1348 1142 1556 1196 otiosus
1585 1142 1768 1212 itaque
1790 1142 1946 1197 nobis

359 1248 391 1286 a
415 1231 530 1302 lege
557 1230 611 1286 in
634 1229 807 1300 legem
841 1245 1100 1286 excursus
1129 1229 1230 1286 fuit
1257 1248 1274 1285 :
1301 1239 1362 1285 ut
1383 1230 1797 1301 primogenitum
1836 1248 1941 1286 non

355 1340 480 1380 esse
506 1324 753 1380 amabilis
777 1324 937 1390 illius,
966 1325 1018 1380 id
1040 1333 1148 1390 est,
1175 1325 1505 1380 remissioris
1532 1334 1586 1380 et
1608 1325 1939 1394 voluptariae,

356 1415 526 1470 ﬁlium
573 1416 916 1480 doeeremus,
961 1417 1210 1484 quamvis
1255 1416 1464 1486 praefati
1515 1417 1734 1485 capituli
1778 1419 1941 1473 verba

357 1507 462 1562 hoc
505 1507 830 1576 exprimant,
886 1506 1096 1562 dicente
1145 1506 1422 1576 Scriptura
1460 1524 1472 1559 :
1519 1525 1536 1556 ι
1574 1505 1686 1562 Non
1740 1507 1943 1576 poteris

354 1599 524 1654 lilium
553 1599 801 1654 amabilis
831 1598 1163 1668 primitivum
1194 1613 1416 1664 ponere,
1447 1614 1568 1653 cum
1599 1599 1741 1653 scias
1773 1599 1940 1656 lilium

351 1691 572 1746 edibilis
600 1692 930 1760 primitivum
963 1705 1102 1745 esse.
1151 1709 1174 1744 ι
1210 1690 1302 1745 llle
1345 1698 1429 1746 est
1469 1705 1594 1744 vere
1633 1690 1942 1760 primitivus

2046 595 2217 667 legem
2246 606 2302 651 et
2327 595 2638 666 prophetas,
2678 605 2736 652 et
2776 597 3025 652 notitiam
3069 600 3304 656 nominis
3331 604 3444 668 sui;
3475 613 3530 660 et
3560 606 3629 662 de

2044 702 2111 741 eo
2139 687 2280 742 idem
2317 686 2565 742 Salvator
2594 696 2772 754 natus,
2806 696 3047 760 tempore
3086 688 3470 748 incarnationis
3492 711 3625 762 suae,

2043 777 2315 850 prmeipue
2353 777 2701 848 Evangelium
2737 778 2808 833 ibi
2848 778 3197 850 praedicavit:
3227 781 3330 836 iste
3369 784 3514 840 enim
3552 795 3633 841 et

2045 869 2438 940 primogenitus
2463 871 2754 926 liberorum
2779 871 2986 941 ejus..et
3002 873 3128 928 huic
3150 873 3416 930 debentur
3438 877 3634 948 primo-

2045 960 2246 1031 genita.
2278 960 2379 1028 Qui
2406 970 2587 1016 autem
2610 961 2821 1032 plenius
2848 962 2965 1018 hazc
2988 979 3150 1019 nosse
3172 958 3464 1035 desiderat,
3493 967 3634 1040 legat

2044 1049 2342 1120 Epistolam
2372 1051 2518 1106 beati
2545 1051 2695 1106 Pauli
2724 1052 2951 1122 apostoli
2992 1053 3062 1107 ad
3107 1052 3399 1123 Romanos,
3425 1064 3482 1114 et
3505 1064 3662 1112 tunc.-

2045 1152 2337 1215 cognoscet
2359 1158 2456 1214 per
2478 1145 2662 1200 omnia
2689 1159 2820 1200 vera
2849 1159 2969 1200 esse
2997 1160 3122 1216 quae
3143 1146 3416 1204 dicuntur.

2597 1301 2826 1358 CAPUT
2864 1302 3078 1358 XXVII.

2043 1412 2122 1466 De
2143 1413 2269 1486 ﬁlio
2305 1423 2609 1486 contunmee
2641 1424 2796 1486 atque
2824 1423 3062 1486 protervo
3086 1415 3440 1486 ,‘rdehomine
3476 1416 3632 1486 adju-

2115 1484 2290 1536 dicato
2322 1484 2500 1548 morti,
2545 1485 2598 1537 in
2638 1484 2872 1551 patibulo
2900 1485 3284 1553 suspendenda,
3329 1485 3424 1539 sed.
3457 1484 3656 1539 tamen-

2114 1555 2168 1607 in
2195 1555 2376 1607 eadem
2403 1554 2488 1607 die
2516 1553 2830 1623 sepeliendo.

2121 1704 2144 1735 ι-
2185 1685 2362 1757 (Imm)
2413 1685 2469 1741 Si
2498 1686 2744 1757 genuerit
2777 1687 2938 1742 homo
2969 1687 3135 1742 filium
3174 1698 3546 1743 contumacem
3577 1699 3631 1742 ct

353 1781 446 1850 qui
479 1789 679 1836 sanctae
719 1781 908 1835 matris
937 1789 1160 1836 sanctus
1194 1789 1277 1836 est
1301 1789 1486 1850 pater;
1520 1780 1661 1836 sicut
1687 1781 1774 1835 illa
1809 1797 1938 1836 vera
1968 1777 2014 1836 B
2049 1796 2066 1828 ι
2111 1787 2442 1847 protervum,
2483 1779 2573 1849 qui
2611 1794 2718 1833 non
2764 1779 2945 1835 audiat
2980 1780 3150 1849 patris
3185 1787 3291 1833 aut.
3313 1780 3503 1835 matris
3530 1781 3630 1834 im-

353 1880 530 1927 maler
567 1887 598 1924 a
626 1872 783 1941 cujus
817 1880 972 1926 utero
1002 1886 1106 1926 non
1133 1880 1290 1926 erant
1330 1871 1443 1925 veri
1485 1869 1598 1936 lilii,
1632 1871 1723 1927 sed
1748 1887 1939 1942 pecca-

349 1971 518 2016 tores.
551 1961 692 2032 Lrgo
721 1961 808 2016 ille
839 1976 942 2016 non
971 1975 1111 2015 verte
1156 1962 1344 2016 matris
1383 1961 1547 2026 ﬁlius,
1576 1978 1681 2017 non
1709 1963 1937 2032 primiti-

350 2069 449 2107 vus
482 2068 662 2118 verus,
707 2052 988 2122 sedquasi
1022 2053 1329 2122 primitivus
1352 2051 1574 2121 juvatur
1613 2061 1830 2124 sumptu
1870 2067 1938 2108 ne

344 2152 539 2215 egeat;
570 2159 675 2198 non
703 2153 765 2198 ut
789 2145 939 2200 dives
965 2145 1057 2209 sit,
1086 2146 1404 2200 honoratur.
1431 2144 1530 2200 llic
1567 2154 1746 2203 autem
1778 2146 1934 2216 dupla

344 2249 414 2287 ex
445 2234 696 2288 omnibus
723 2235 952 2304 accepit,
982 2245 1042 2290 ut
1080 2235 1354 2290 abundet:
1388 2235 1528 2292 sicut
1555 2235 1720 2292 etiam
1749 2236 1804 2290 in
1831 2235 1938 2292 Ge-

348 2325 466 2379 nesi
497 2325 664 2380 babes
698 2327 1035 2394 patriarchas
1073 2331 1103 2380 a
1135 2326 1303 2383 fratre
1344 2343 1443 2384 suo
1484 2327 1682 2399 Ioseph
1722 2329 1935 2399 gemina

346 2415 559 2483 singula
612 2416 749 2471 stola
802 2418 1030 2476 donatos
1081 2433 1324 2484 munere,
1369 2436 1492 2476 cum
1532 2420 1936 2476 remitterentur

346 2506 416 2559 ad
447 2515 653 2574 patrem
679 2516 735 2561 ut
758 2507 1127 2576 signiﬁcarent
1150 2509 1375 2566 fratrem
1413 2522 1688 2582 repertum
1711 2511 1932 2582 Josepb,

346 2614 510 2667 quem
541 2598 853 2654 defunctum
873 2616 997 2656 esse
1016 2601 1319 2662 crediderat
1343 2611 1515 2670 pater.
1539 2602 1936 2673 Primogenitus

346 2690 534 2760 itaque
585 2691 912 2748 liaereditatis
963 2693 1172 2762 accepit
1223 2694 1668 2764 praerogativam,
1725 2695 1935 2752 dicente

345 2787 674 2856 Scriptura:
709 2807 726 2839 ι
771 2787 869 2843 Hic
913 2796 998 2843 est
1030 2788 1243 2844 initium
1284 2789 1539 2854 ﬁliorum,
1580 2798 1635 2844 et
1678 2790 1802 2846 huic
1843 2791 1935 2845 de-

344 2879 546 2936 bentur
587 2879 964 2950 primogenita.
1003 2899 1022 2933 »
1055 2879 1101 2933 A
1132 2880 1492 2951 primogenito
1526 2881 1690 2958 igitur
1718 2881 1809 2936 Dei
1845 2881 1934 2936 Fi-

345 2968 443 3032 lio,
485 2969 828 3040 primogeniti
872 2969 1076 3035 sancti;
1106 2978 1164 3024 et
1199 2971 1267 3025 ab
1304 2970 1395 3024 illo
1435 2970 1610 3034 initio,
1649 2970 1776 3040 quia
1821 2971 1934 3041 ipse

343 3072 432 3117 est
475 3063 686 3117 initium
734 3070 792 3118 et
839 3062 980 3127 ﬁnis,
1034 3063 1246 3117 initium
1300 3073 1521 3119 sanctus
1569 3071 1930 3134 nuncupatur.

2045 1887 2065 1921 ι
2110 1871 2340 1940 perium,
2369 1871 2722 1926 et-coercitus
2748 1871 2969 1926 obedire
3003 1871 3405 1941 contempserit,
3439 1885 3630 1942 appre-

2045 1981 2062 2012 ι
2110 1962 2348 2016 bendent
2384 1977 2530 2027 eum,
2576 1971 2633 2017 et
2673 1962 2870 2017 ducent
2891 1963 2958 2016 ad
3005 1963 3249 2018 seniores
3291 1963 3527 2018 civitatis
3566 1963 3630 2018 il-

2044 2070 2062 2104 ι
2107 2051 2229 2117 lius,
2259 2060 2315 2108 et
2338 2052 2404 2107 ad
2427 2050 2864 2124 portamjudicii,
2893 2054 3182 2124 dicentque
3214 2055 3279 2108 ad
3302 2071 3396 2110 eos
3421 2073 3432 2108 :
3460 2055 3630 2110 Filius

2043 2163 2061 2197 ι
2109 2156 2293 2202 noster
2320 2145 2424 2200 iste
2453 2154 2738 2215 protervus
2765 2153 2820 2200 et
2849 2157 3139 2202 contumax
3169 2154 3274 2214 est,
3306 2147 3507 2200 monita
3533 2162 3629 2201 no-

2039 2255 2061 2286 ,ι
2108 2248 2218 2291 stra
2255 2237 2442 2292 audire
2487 2237 2808 2303 contemnit,
2859 2238 3342 2294 comessationibus
3385 2247 3544 2294 vacat
3573 2248 3628 2293 et

2042 2347 2060 2378 ι
2104 2328 2330 2382 luxurire
2381 2336 2544 2396 atque
2593 2328 2854 2384 conviviis
2893 2346 2904 2381 :
2946 2327 3213 2398 lapidibus
3259 2329 3453 2382 obruet
3501 2344 3623 2383 eum

2043 2439 2061 2472 ι
2107 2421 2333 2491 populus
2369 2421 2606 2476 civitatis
2635 2429 2690 2475 et
2719 2421 2996 2485 morietur,
3041 2429 3097 2475 et
3134 2419 3390 2477 auferetis
3425 2420 3625 2482 malum

2039 2531 2060 2564 ι
2108 2515 2172 2568 de
2208 2513 2384 2566 medio
2414 2513 2602 2576 vestri,
2635 2519 2694 2564 ut
2719 2512 3007 2566 universus
3033 2511 3197 2566 Israel
3227 2512 3474 2576 audiens,
3501 2527 3628 2583 per—

2041 2623 2060 2655 c
2109 2606 2375 2658 timescat.
2427 2624 2448 2656 ι
2482 2603 2633 2671 Quod
2663 2604 2970 2658 obedientia
3001 2619 3215 2673 semper
3252 2605 3363 2659 Deo
3408 2604 3628 2673 placue-

2033 2700 2128 2764 rit,
2161 2709 2322 2769 atquc
2351 2697 2690 2754 contumacia
2739 2705 2795 2752 et
2835 2698 3162 2767 protervitas
3201 2712 3415 2767 semper
3442 2696 3628 2767 displi-

2033 2789 2231 2852 cuerit,
2277 2795 2544 2841 testantur
2581 2787 2702 2840 libri
2746 2785 2956 2840 Veteris
3001 2786 3330 2842 Testamenti
3377 2794 3432 2839 et
3465 2785 3620 2851 Novi,

2033 2877 2176 2931 unde
2204 2877 2476 2946 scriptum
2506 2884 2591 2930 est
2627 2892 2642 2932 :
2690 2894 2708 2925 ι
2755 2875 2942 2934 Melior
2985 2885 3072 2931 est
3109 2875 3416 2930 obedientia
3460 2890 3641 2946 quam.

2033 2967 2252 3021 victima
2292 2965 2490 3036 (Eccle.
2531 2965 2630 3036 iv),
2677 2985 2694 3017 ι
2731 2974 2788 3021 et
2821 2965 3127 3024 auscultare
3155 2967 3328 3038 magis
3357 2981 3520 3041 quam
3544 2966 3626 3023 ef—

2033 3057 2177 3112 ferre
2215 3057 2426 3128 adipem
2460 3057 2712 3121 arietum,
2743 3057 2994 3126 quoniam
3025 3057 3181 3128 quasi
3210 3067 3492 3130 peccatum
3529 3057 3624 3113 ba-

340 3153 562 3208 lnitiuln
590 3153 750 3220 ﬁlius,
779 3154 866 3209 cui
894 3154 1119 3208 debetur
1151 3154 1517 3223 primitiarum
1549 3155 1924 3225 praerogativa,
1955 3144 2000 3207 C
2033 3150 2269 3206 riolandi.
2302 3161 2384 3204 est
2435 3165 2754 3221 repugnare,
2791 3158 2844 3205 et
2883 3150 3036 3221 quasi
3079 3149 3259 3207 scelus
3305 3149 3626 3206 idololatria:

335 3248 642 3301 secundum
681 3245 810 3301 illud
845 3246 912 3301 ad
945 3246 1220 3301 Abraham
1250 3246 1452 3302 dictum
1480 3263 1492 3299 :
1527 3264 1546 3296 ‹
1578 3243 1727 3313 Ejice
1761 3243 1930 3300 ancil-

341 3339 453 3394 lam
481 3349 537 3394 et
564 3340 732 3394 filium
771 3339 924 3408 ejus:
958 3354 1064 3394 non
1096 3339 1240 3393 enim
1283 3338 1459 3393 haeres
1503 3337 1610 3392 erit
1656 3337 1801 3394 ﬁlius
1834 3353 1931 3392 an-

339 3431 481 3486 cilla:
507 3445 629 3485 cum
655 3431 764 3486 lilio
792 3445 916 3486 meo
933 3429 1084 3484 lsaac
1112 3427 1266 3500 (Gen.
1283 3428 1420 3499 xxi).
1447 3447 1466 3479 ι
1485 3427 1639 3494 Quod
1664 3427 1836 3498 magis
1863 3427 1931 3482 ad

341 3522 715 3577 bacreditatem
763 3523 1019 3576 virtutum
1065 3535 1227 3590 quam
1265 3519 1506 3590 pecuniae
1561 3527 1807 3588 spectare
1848 3518 1929 3572 di-

341 3614 475 3669 vino
523 3613 744 3668 oraculo
785 3614 1073 3677 docemur,
1118 3613 1335 3667 dicente
1363 3611 1592 3666 Domino
1629 3629 1642 3664 :
1685 3627 1704 3660 ι
1735 3608 1932 3666 Omnia

339 3721 682 3776 qumcunque
706 3705 906 3761 dixerit
931 3706 1027 3762 tibi
1066 3705 1219 3769 Sara,
1252 3706 1375 3760 audi
1412 3719 1600 3759 vocem
1637 3703 1773 3773 ejus,
1799 3718 1935 3772 quo-

339 3797 490 3851 niam
519 3797 574 3850 in
603 3797 752 3851 lsaac
780 3797 1064 3852 vocabitur
1085 3797 1182 3851 tibi
1207 3812 1390 3851 semen
1416 3795 1603 3867 (llud)
1627 3794 1792 3862 DQIIIB
1816 3803 1934 3850 erat

341 3885 449 3942 alia
479 3886 536 3940 in
567 3885 715 3941 Isaac
740 3886 844 3940 nisi
877 3886 1163 3942 baereditas
1187 3885 1507 3948 sanctitatis,
1537 3901 1658 3954 quae
1685 3884 1933 3940 nobilita-

341 3985 431 4032 rct
459 3977 700 4046 patrem?
721 3975 789 4030 Et
819 3975 987 4030 filium
1017 3975 1234 4044 quidem
1264 3975 1473 4030 ancilla:
1493 3990 1654 4046 super
1685 3976 1934 4030 nationes

341 4069 495 4131 fecit,
523 4067 674 4137 quasi
707 4065 973 4136 simplicia
997 4065 1284 4121 conferens
1311 4065 1644 4135 patrimonii.
1671 4066 1810 4122 Filio
1843 4081 1936 4124 au-

340 4166 455 4213 tem
480 4158 631 4212 Sarm
659 4157 818 4227 dupla
849 4157 1016 4219 dedit,
1047 4172 1171 4210 eum
1215 4171 1325 4212 non
1369 4157 1544 4212 solum
1593 4160 1932 4229 temporalia,

341 4250 440 4306 sed
462 4249 626 4304 etiam
653 4263 883 4318 superna
909 4256 965 4302 et
987 4256 1248 4318 perpetua
1277 4249 1474 4304 collata
1501 4258 1647 4304 sunt.
1669 4250 1824 4316 Item,
1851 4266 1935 4306 se-

343 4343 582 4400 cundum
626 4341 956 4411 allegoriam,
993 4341 1156 4395 homo
1193 4341 1282 4395 hic
1308 4341 1401 4410 qui
1433 4343 1568 4397 duas
1597 4357 1796 4398 uxores
1840 4344 1936 4397 ha-

340 4436 474 4490 bere
511 4434 743 4498 dicitur,
783 4432 1020 4504 ﬁgurare
1067 4440 1246 4502 potest
1291 4434 1577 4488 Dominum
1622 4435 1929 4498 Christum,

2031 3241 2174 3295 nolle
2203 3240 3004 3310 acquiescere.,lnobedientem
3032 3255 3162 3310 ergo
3187 3239 3354 3295 lilium
3387 3247 3442 3295 et
3467 3239 3628 3296 vitio-

2031 3348 2152 3388 sum
2177 3341 2331 3387 vetus
2357 3331 2440 3384 lex
2469 3331 2626 3387 obrui
2654 3331 2920 3400 lapidibus
2942 3329 3097 3400 jubet
3121 3343 3180 3386 ut
3205 3331 3489 3385 moriatur.
3517 3328 3627 3394 Sed

2031 3433 2089 3478 et
2113 3423 2464 3494 Evangelium
2501 3439 2607 3478 non
2636 3423 2812 3494 parcit
2848 3423 3184 3487 bicorrectis,
3225 3423 3334 3478 imo
3361 3423 3512 3478 duris
3544 3423 3626 3478 in-

2033 3519 2434 3589 crepationibus
2462 3530 2627 3589 atque
2656 3519 3122 3590 castigationibus,
3145 3517 3292 3587 quod
3319 3515 3626 3586 significant

2031 3608 2262 3679 lapides,
2315 3624 2411 3679 per
2455 3612 2744 3681 magistros
2781 3623 3012 3678 arguere
3048 3609 3271 3666 mundat
3305 3608 3624 3678 delinquen-

2034 3707 2156 3754 tes:
2190 3699 2314 3770 quia
2339 3699 2487 3755 nullo
2515 3701 2673 3755 modo
2708 3701 2889 3770 parcit
2923 3699 3089 3763 vitiis,
3117 3699 3210 3753 sed
3245 3697 3391 3752 favet
3413 3699 3626 3754 virtuti-

2032 3791 2134 3848 bus
2159 3809 2172 3845 :
2210 3810 2228 3843 ‹
2257 3791 2482 3858 Quando
2504 3793 2813 3863 peccaverit
2838 3792 3001 3848 homo
3025 3792 3170 3862 quod
3197 3801 3370 3852 morte
3390 3780 3626 3862 plecten?

2040 3901 2059 3935 ι
2105 3885 2232 3941 dum
2259 3895 2363 3950 est,
2391 3893 2446 3940 et
2482 3883 2817 3953 adjudicatus
2864 3887 3025 3941 morti
3067 3902 3338 3956 appensus
3378 3887 3542 3942 fuerit
3569 3888 3643 3942 inv

2039 3993 2059 4028 ι
2107 3976 2366 4045 patibulo,
2412 3993 2518 4032 non
2548 3977 2888 4047 permanebit
2914 3978 3144 4032 cadaver
3179 3977 3295 4047 ejus
3341 3979 3398 4033 in
3442 3978 3619 4050 ligno;

2039 4085 2059 4120 ι
2103 4075 2160 4122 et
2199 4083 2541 4138 nequaquam
2583 4069 2976 4124 contaminabis
3016 4077 3216 4126 terram
3263 4079 3415 4128 tuam
3458 4087 3620 4140 quam

2042 4177 2060 4210 ι
2105 4159 2366 4213 Dominus
2392 4158 2536 4215 Deus
2558 4167 2680 4214 tuus
2706 4159 2918 4214 dederit
2943 4159 3036 4218 tibi
3061 4161 3117 4215 in
3147 4162 3563 4231 possessionem.
3598 4183 3616 4212 ι

2034 4249 2135 4304 Hic
2180 4251 2340 4305 homo
2385 4251 2753 4321 unusquisque
2800 4252 3107 4320 baptizatus
3147 4260 3329 4323 potest
3372 4253 3618 4325 intelligi.

2035 4341 2125 4409 qui
2154 4343 2370 4410 quando
2398 4343 2726 4410 peccaverit,
2758 4341 3149 4412 adjudicandus
3185 4352 3270 4400 est
3296 4345 3478 4409 morti,
3519 4345 3620 4400 hoc

2035 4440 2120 4486 est
2162 4433 2357 4496 reatui,
2395 4447 2495 4501 pro
2522 4447 2632 4501 quo
2660 4442 2833 4488 morte
2873 4441 3261 4496 tormentorum
3303 4433 3637 4504 plectendas.

339 4529 437 4599 qui
473 4529 609 4583 duas
642 4527 844 4597 plebes,
890 4527 996 4580 hoc
1038 4533 1141 4588 est,
1179 4524 1487 4580 Judmorum
1523 4541 1588 4580 ac
1627 4517 1934 4596 gentilium,
1958 4504 2010 4563 Ῑ)
2035 4529 2139 4576 est.
2181 4521 2488 4590 Suspensus
2516 4523 2660 4576 enim
2700 4523 2806 4580 erit
2845 4524 2898 4578 in
2937 4524 3214 4595 patibulo,
3249 4523 3401 4594 cujus
3447 4526 3623 4583 scelus

341 4620 451 4675 sibi
495 4617 725 4689 coniugii
768 4617 984 4672 nomine
1028 4616 1316 4687 copulavit.
1369 4615 1476 4671 Sed
1526 4616 1711 4670 odiosa
1756 4625 1934 4687 potest

344 4710 454 4766 dici
481 4707 763 4780 Synagoga
791 4707 1121 4772 Iudaeorum,
1147 4723 1266 4777 quae
1291 4707 1586 4762 secundum
1608 4706 1932 4778 legislatoris

344 4801 770 4864 attestationem,
801 4813 1014 4868 semper
1035 4798 1370 4854 contentiose
1398 4799 1590 4870 agebat
1617 4806 1804 4852 contra
1833 4799 1936 4853 Do-

344 4891 575 4955 minum,
603 4898 658 4943 et
671 4889 761 4943 cui
781 4888 1094 4959 Stephanus
1114 4889 1170 4943 in
1195 4888 1422 4944 Actibus
1447 4887 1810 4958 apostolorum
1839 4904 1934 4944 ex-

341 4981 570 5052 probrat
616 4980 800 5036 dicens
840 4997 854 5034 :
904 4997 923 5032 c
975 4980 1102 5036 Duri
1147 4982 1385 5044 cervice,
1439 4989 1494 5036 et
1534 4981 1927 5038 incircumcisis

342 5073 602 5127 cordibus
627 5081 682 5128 et
709 5072 930 5128 auribus
955 5089 968 5126 :
1003 5087 1099 5128 vos
1130 5087 1342 5142 semper
1369 5071 1592 5142 Spiritui
1620 5081 1808 5128 sancto
1842 5089 1928 5133 re-

345 5163 591 5228 stitistis;
621 5163 758 5218 sicut
791 5172 973 5232 patres
1015 5164 1202 5228 vestri,
1248 5163 1321 5218 ita
1358 5172 1414 5217 et
1445 5179 1542 5218 vos
1571 5162 1710 5235 (Act.
1737 5163 1856 5235 vn).
1900 5183 1919 5216 ι

347 5256 553 5310 Dilecta
590 5264 768 5310 autem
801 5254 1042 5311 Ecclesia
1065 5265 1150 5311 est
1176 5257 1244 5310 de
1273 5256 1539 5325 gentibus.
1571 5255 1675 5311 Sed
1701 5272 1807 5310 non
1834 5270 1928 5326 po-

347 5353 454 5400 test
477 5345 564 5399 liic
593 5345 756 5400 homo
784 5345 950 5399 filium
980 5345 1188 5400 dilecta:
1213 5346 1394 5401 facere
1423 5345 1840 5415 primogenitum
1873 5355 1929 5403 et

343 5439 604 5510 praeferre
645 5440 757 5494 ﬁlio
792 5439 1012 5500 odiosae,
1041 5439 1166 5508 quia
1197 5454 1305 5492 non
1337 5437 1452 5491 vult
1487 5437 1746 5492 Dominus
1775 5435 1934 5492 Chri-

345 5545 468 5586 stus
493 5531 784 5587 Ecclesiam
819 5532 885 5586 de
917 5531 1176 5600 gentibus
1213 5528 1472 5598 praeferre
1514 5529 1804 5597 primitiva:
1841 5546 1932 5586 ec-

345 5627 528 5679 clesiae
573 5640 686 5679 suae
728 5639 849 5694 quae
887 5623 989 5678 fuit
1021 5623 1074 5678 in
1123 5621 1444 5686 Jerusalem,
1475 5637 1539 5676 ex
1573 5637 1678 5692 qua
1716 5620 1934 5678 fuerunt

347 5715 574 5784 apostoli
604 5725 657 5770 et
681 5716 839 5787 primi
868 5715 1119 5773 doctores
1137 5715 1326 5771 nostri.
1354 5713 1459 5770 Sed
1486 5719 1741 5784 agnoscet
1763 5715 1928 5770 lilium

2029 4625 2126 4680 per
2147 4610 2439 4664 vindictam
2468 4611 2846 4668 manifestatur
2873 4614 2927 4667 in
2957 4613 3174 4684 papula.
3205 4613 3357 4671 Unde
3386 4614 3619 4686 Aposto.«

2031 4701 2114 4758 lus
2155 4712 2440 4772 peccantes
2481 4720 2664 4759 coram
2698 4706 2949 4762 omnibus
2982 4703 3140 4774 jubet
3183 4721 3437 4778 arguere,
3476 4718 3535 4764 ut
3568 4720 3623 4764 et

2031 4796 2208 4850 caeteri
2257 4804 2458 4850 metum
2512 4795 2766 4858 habeant.
2809 4796 2963 4864 Quod
3015 4806 3198 4854 autem
3240 4799 3394 4867 dicit,
3432 4817 3452 4853 ι
3501 4800 3620 4855 Non

2028 4885 2370 4955 permanebit
2409 4887 2641 4942 cadaver
2667 4886 2785 4957 ejus
2827 4888 2896 4942 in.
2929 4886 3094 4959 ligno,
3127 4889 3223 4946 sed
3249 4889 3543 4961 sepelietur
3566 4891 3620 4946 in

2032 4977 2220 5032 eadem
2258 4979 2344 5033 die
2365 5018 2380 5044 ,
2427 4979 2698 5048 signiﬁcat
2745 4980 2889 5049 quod
2919 4996 3026 5036 non
3049 4989 3138 5037 est
3163 4981 3230 5040 de
3260 4983 3352 5038 die
3394 4983 3450 5038 in
3477 4982 3618 5038 diem

2032 5067 2324 5125 differenda
2345 5070 2658 5139 ptenitentia
2683 5079 3055 5142 peccatorum,
3081 5073 3176 5130 sed
3193 5082 3317 5144 post
3335 5081 3618 5143 peccatum

2031 5174 2157 5213 mox
2188 5160 2414 5230 agenda,
2446 5168 2502 5213 ut
2533 5169 2659 5215 ante
2697 5159 2866 5216 linem
2892 5161 3018 5220 vitae
3049 5163 3332 5234 praesentis
3363 5177 3460 5232 per
3482 5177 3610 5216 con-

2032 5249 2319 5304 fessionem
2349 5266 2413 5305 ac
2449 5252 2821 5320 pcenitentiam
2852 5262 3015 5323 atque
3041 5254 3182 5310 bona
3210 5268 3374 5322 opera
3399 5253 3616 5308 studeat

2033 5343 2366 5398 abscondere
2403 5359 2589 5398 coram
2623 5344 2797 5399 oculis
2834 5347 2931 5400 Dei
2961 5345 3217 5404 delictum
3263 5359 3422 5398 suum
3449 5362 3462 5398 :
3491 5345 3617 5414 quia

2035 5432 2352 5490 maledictus
2373 5449 2404 5487 a
2431 5434 2541 5488 Deo
2565 5443 2648 5489 est
2678 5435 2768 5506 qui
2796 5436 2994 5504 pendet
3025 5436 3077 5488 in
3104 5435 3267 5506 ligno,
3295 5434 3400 5488 boc
3434 5443 3538 5500 est,
3563 5435 3617 5490 in

2033 5533 2259 5594 peccato
2295 5524 2389 5594 qui
2435 5535 2765 5596 perseverat.
2807 5526 2964 5595 Ligni
3004 5541 3152 5579 enim
3183 5525 3399 5580 nomine
3425 5541 3618 5597 pecca-

2037 5625 2146 5670 tum
2189 5624 2368 5686 potest
2407 5617 2657 5688 intelligi,
2695 5619 2823 5688 quia
2857 5618 2909 5670 in
2939 5617 3083 5686 ligno
3113 5616 3477 5687 protoplastus
3521 5634 3617 5674 no-

2037 5725 2148 5769 ster
2174 5712 2407 5783 primum
2437 5714 2702 5782 peccavit.
2739 5731 2756 5764 ι
2795 5712 2858 5766 Ει
2878 5727 3238 5783 nequaquam,
3262 5713 3469 5784 inquit,
3489 5729 3630 5771 cono-
