3964 6192
439 297 544 353 91.9

1077 309 1139 364 Β.
1181 309 1434 365 RABANI
1474 310 1692 367 MAURI
1729 307 2047 367 ARCHIEP.
2084 306 2395 366 MOGUNT.
2436 305 2723 363 OPERUM
2761 303 2943 364 PARS
2976 304 3016 361 Ι.
3573 308 3663 365 920

434 424 726 485 tatuiuabis
774 434 973 481 terram
1016 436 1184 481 tuam.
1226 449 1244 480 ι
1282 428 1421 499 Ergo
1468 428 1591 497 quia
1643 436 1786 483 terra
1837 427 2021 483 carnis
2049 429 2096 487 Α
2124 398 2340 496 ingenio
2369 438 2490 479 meo
2516 423 2617 478 ista
2642 420 2896 487 dixerim,
2918 421 2964 476 si
2992 435 3098 475 non
3117 416 3404 489 Apostolus
3426 419 3570 474 toties
3587 422 3672 477 huc

434 525 635 575 nostra:
678 515 913 573 foedatur
967 518 1218 574 sordibus
1271 527 1639 589 peccatorum,
1696 516 2021 572 omnimodis

437 611 656 668 studere
702 610 981 677 debemus,
1026 619 1085 665 ut
1111 626 1229 666 eam
1272 611 1593 666 mandemus
1617 626 1712 680 per
1754 610 2021 680 poeniten-

433 707 569 759 tiam
618 710 675 759 et
720 701 1036 758 effusionem
1087 703 1472 774 lacrymarum,
1521 719 1588 757 ne
1644 701 1859 757 fceditas
1904 700 2020 768 ejus

438 794 559 850 aliis
583 793 919 859 scandalum,
966 802 1020 848 et
1057 795 1211 850 nobis
1253 793 1432 865 pariat
1472 795 1525 848 in
1556 795 1661 848 line
1695 792 2013 848 cruciatum.

438 886 545 941 Sed
575 885 751 940 oritur
779 884 867 938 hic
893 882 1206 939 didicillima
1244 884 1472 954 quaestio
1502 884 1556 938 in
1587 898 1652 938 eo
1690 881 1834 952 quod
1865 881 2016 945 dicit,

441 993 461 1024 ι
508 974 879 1029 Maledictusa
907 972 1018 1026 Deo
1063 972 1241 1027 cumis
1292 973 1385 1043 qui
1432 971 1629 1041 pendet
1684 972 1738 1025 in
1778 970 1943 1040 ligno.
1992 990 2011 1021 ο

435 1063 571 1129 Quia
600 1063 817 1133 quidam
853 1061 1094 1116 haeretici
1122 1062 1187 1116 ad
1212 1062 1539 1117 calumniam
1560 1060 1830 1131 passionis
1857 1058 2016 1114 Chri-

435 1152 502 1207 sti
541 1153 680 1208 hanc
703 1154 1029 1208 sententiam
1065 1153 1332 1209 tranferre
1360 1152 1646 1217 voluerint,
1679 1168 1784 1206 non
1816 1151 2016 1206 intelli-

433 1251 622 1313 gentes
673 1243 816 1313 quod
863 1257 1009 1297 mors
1062 1228 1297 1299 hominis
1339 1259 1406 1298 ex
1454 1258 1611 1311 poena
1659 1242 1866 1312 peccati
1913 1250 2015 1307 est,

432 1330 573 1387 unde
593 1341 649 1389 et
670 1332 785 1403 ipsa
806 1339 1087 1403 peccatum
1112 1332 1308 1388 dicitur
1333 1353 1345 1386 :
1372 1349 1478 1387 non
1501 1332 1625 1402 quia
1646 1339 1835 1401 peccat
1859 1330 2019 1387 homo

430 1423 558 1477 dum
594 1425 842 1491 moritur,
872 1424 965 1479 sed
1002 1424 1128 1493 quia
1165 1440 1229 1478 ex
1263 1433 1483 1494 peccato
1513 1424 1714 1477 factum
1749 1431 1832 1477 est
1873 1422 2019 1492 quod

432 1514 714 1571 moriatur.
767 1515 922 1571 Sicut
973 1515 1077 1571 alio
1125 1517 1283 1571 modo
1331 1515 1531 1571 dicitur
1570 1515 1748 1586 lingua
1800 1514 2019 1584 proprie

431 1623 562 1662 caro
585 1623 705 1677 quae
730 1607 872 1662 intra
899 1609 1087 1663 dentes
1125 1609 1226 1662 sub
1268 1608 1448 1677 palato
1493 1615 1777 1671 movetur;
1814 1614 1869 1660 et
1913 1605 2018 1660 alio

432 1695 592 1751 modo
635 1696 831 1751 dicitur
873 1696 1076 1767 lingua,
1117 1698 1259 1767 quod
1292 1712 1389 1767 per
1432 1698 1669 1768 linguam
1699 1698 1758 1752 tit
1786 1716 1798 1751 :
1827 1712 2020 1753 secun-

2123 518 2374 581 inculcat,
2409 527 2464 573 ut
2505 524 2561 572 et
2607 517 2942 572 dormientes
2969 515 3188 580 excitet,
3232 522 3290 569 et
3317 514 3672 573 calumniantes

2122 609 2365 665 suil‘ocet.
2406 629 2423 661 ι
2460 609 2603 665 Misit
2629 611 2791 675 Deus,
2823 609 3016 679 inquit,
3045 607 3245 663 Filium
3290 623 3447 662 suum
3483 609 3531 663 in
3550 613 3673 665 simi-

2122 700 2401 756 litudinem
2442 701 2622 756 carnis
2662 700 2903 769 peccati,
2952 708 3009 753 ut
3054 700 3119 754 de
3158 708 3382 768 peccato
3430 700 3673 757 damnaret

2119 800 2402 861 peccatum
2434 791 2488 846 in
2515 806 2680 845 carne
2706 790 2889 861 (Rom.
2916 789 3059 860 vm).
3095 808 3112 841 ι
3140 789 3259 844 Νοιι
3290 805 3417 860 ergo
3452 798 3575 853 erat,
3601 792 3672 845 illa

2121 898 2249 937 caro
2270 882 2500 951 peccati,
2538 882 2665 951 quia
2712 895 2818 935 non
2860 880 2926 935 de
2983 880 3206 934 traduce
3257 879 3589 935 mortalitatis
3631 882 3673 936 in

2123 971 2347 1025 Mariam
2375 985 2470 1040 per
2490 970 2789 1025 masculum
2818 977 3060 1024 venerat.
3091 968 3198 1023 Sed
3245 977 3424 1023 tamen
3472 971 3583 1039 quia
3620 974 3675 1026 de

2120 1071 2344 1134 peccato
2392 1073 2477 1118 est
2524 1077 2695 1128 mors,
2747 1062 2839 1116 illa
2890 1076 3037 1127 caro,
3082 1062 3334 1131 quamvis
3377 1074 3443 1115 ex
3480 1062 3671 1132 virgine,

2120 1153 2364 1207 mortalis
2395 1161 2572 1206 tamen
2598 1150 2721 1235 κΐιιὶι
2747 1169 2760 1205 :
2792 1168 2857 1208 eo
2886 1152 3004 1222 ipso
3048 1166 3159 1221 quo
3208 1150 3452 1205 mortalis
3475 1162 3583 1206 erat
3611 1154 3674 1207 si-

2118 1242 2477 1297 militudinem
2515 1243 2699 1297 carnis
2756 1244 2963 1313 peccati
3013 1242 3265 1297 habebat.
3318 1241 3431 1296 Hoc
3476 1243 3675 1311 appellat

2119 1333 2283 1386 etiam
2325 1341 2605 1402 peccatum
2633 1340 3030 1402 consequenter
3063 1331 3291 1387 dicens:
3327 1350 3346 1382 ι
3384 1330 3452 1387 Ut
3490 1333 3550 1387 de
3570 1349 3673 1403 pec-

2119 1431 2243 1478 cato
2291 1424 2573 1479 damnaret
2617 1432 2901 1494 peccatum
2946 1424 3000 1477 in
3040 1437 3226 1478 carne.
3268 1441 3289 1475 ι
3324 1422 3453 1477 Item
3503 1423 3551 1477 in
3589 1422 3675 1477 alio

2120 1512 2276 1569 loco:
2314 1532 2333 1565 ι
2382 1514 2540 1580 Ειιιιι,
2591 1514 2785 1583 inquit,
2835 1513 2926 1584 qui
2972 1528 3080 1567 non
3132 1520 3362 1569 noverat
3407 1523 3672 1583 peccatum,

2117 1615 2400 1674 peccatum
2428 1620 2526 1675 pro
2552 1606 2708 1661 nobis
2735 1604 2879 1668 fecit,
2914 1612 2975 1659 ut
2996 1620 3097 1660 nos
3118 1619 3363 1660 essemus
3382 1603 3577 1671 justitia
3597 1605 3675 1659 Dei

2120 1696 2174 1750 iu
2205 1696 2321 1766 ipso
2357 1695 2442 1767 (II
2471 1694 2594 1750 Cor.
2629 1696 2704 1767 v).
2737 1716 2756 1749 ι
2799 1695 2909 1751 Cur
2947 1710 3076 1766 ergo
3119 1696 3334 1750 timeret
3373 1695 3569 1766 Moyses
3606 1694 3676 1750 di-

431 1788 558 1842 dum
608 1804 771 1859 quem
810 1790 1029 1844 modum
1078 1790 1277 1844 dicitur
1322 1790 1498 1860 lingua
1529 1789 1737 1854 Graeca,
1773 1789 1878 1843 alia
1916 1787 2019 1843 La—
2047 1780 2093 1839 Β
2121 1800 2247 1842 cere
2282 1805 2300 1837 ι
2334 1787 2702 1852 maledictum,
2736 1805 2755 1839 ι
2783 1789 2925 1857 quod
2954 1785 3155 1841 Paulus
3179 1805 3198 1838 ι
3228 1795 3499 1856 peccatum
3526 1807 3545 1838 ι
3584 1802 3674 1841 non

429 1876 568 1930 tina.
596 1876 663 1931 Et
693 1894 883 1934 manus
907 1879 1013 1934 alio
1039 1880 1198 1934 modo
1226 1880 1423 1934 dicitur
1448 1880 1623 1951 ipsum
1652 1880 1873 1950 proprie
1898 1894 2021 1935 cor-

428 1970 578 2039 poris
608 1971 907 2025 membrum
934 1974 1079 2041 quod
1106 1973 1430 2027 movendum
1451 1981 1535 2027 est
1567 1973 1633 2027 ad
1662 1974 2017 2042 operandum,

430 2069 487 2115 et
524 2061 630 2116 alio
680 2066 839 2119 modo
889 2081 1078 2121 manus
1132 2066 1329 2122 dicitur
1375 2068 1641 2137 scriptura
1675 2084 1795 2139 quae
1829 2068 1890 2124 lit
1922 2082 2022 2140 per

429 2167 671 2206 manum.
716 2153 954 2211 Dicimus
999 2158 1164 2222 enim,
1214 2157 1449 2213 Probata
1497 2168 1583 2215 est
1631 2176 1823 2216 manus
1879 2159 2017 2229 ejus,

432 2241 616 2299 llabeo
650 2246 793 2301 enim
829 2264 1049 2303 manum
1082 2259 1250 2317 tuam,
1296 2250 1497 2323 Recipe
1540 2268 1758 2307 manum
1811 2262 1958 2307 tuam
2001 2272 2015 2307 :

430 2350 622 2392 manus
653 2338 841 2408 utique
875 2342 1092 2411 proprie
1140 2344 1440 2401 membrum
1479 2354 1562 2400 est
1602 2346 1856 2401 hominis.
1900 2345 2019 2401 Non

428 2434 611 2481 autem
642 2429 837 2499 opinor
872 2430 1017 2485 illam
1052 2433 1377 2504 scripturam
1414 2450 1534 2490 esse
1565 2436 1822 2501 hominis,
1853 2445 1911 2491 et
1937 2444 2020 2490 ta-

428 2531 551 2570 men
594 2518 795 2574 dicitur
838 2536 1052 2587 manus,
1080 2539 1145 2579 eo
1172 2526 1317 2594 quod
1359 2526 1649 2582 manifesta
1686 2527 1774 2582 sit.
1825 2527 1917 2583 Sic
1964 2536 2020 2583 et

425 2615 735 2677 peccatum,
787 2626 893 2665 non
954 2621 1162 2668 tantum
1208 2630 1345 2685 opus
1387 2617 1559 2687 ipsum
1613 2618 1812 2673 malum
1873 2620 2017 2689 quod

425 2714 587 2769 poena
623 2701 842 2773 dignum
873 2712 985 2771 est;
1037 2707 1130 2761 sed
1177 2707 1340 2762 etiam
1385 2709 1499 2780 ipsa
1537 2726 1704 2776 mors,
1745 2727 1865 2782 quae
1889 2727 2017 2783 pec-

425 2798 550 2847 cato
593 2790 732 2849 facta
782 2804 885 2863 est,
912 2806 1195 2865 peceatum
1225 2799 1488 2871 appellata
1534 2810 1633 2857 est.
1664 2802 1796 2857 Illud
1833 2804 2017 2873 itaque

426 2888 733 2950 peccatum,
783 2899 890 2955 quo
947 2901 1071 2943 reus
1123 2897 1269 2944 esset
1328 2891 1541 2957 mortis,
1589 2909 1696 2948 non
1743 2895 2016 2950 commisit

426 2972 708 3044 Christus;
745 2976 875 3034 illud
910 2988 1089 3037 autem
1115 2981 1367 3050 alterum,
1401 2984 1453 3039 id
1493 2994 1597 3051 est,
1635 2996 1865 3053 mortem
1898 3002 2019 3058 qua:

427 3077 651 3136 peccato
696 3069 897 3127 inﬂicta
939 3080 1023 3129 est
1071 3074 1321 3130 humana:
1361 3084 1589 3143 naturae,
1640 3079 1878 3149 suscepit
1916 3094 2015 3148 pro

427 3156 604 3212 nobis.
638 3156 754 3214 Hoc
784 3163 1064 3232 suspendit
1109 3164 1163 3218 in
1211 3164 1380 3235 ligno,
1411 3166 1517 3221 hoc
1544 3167 1888 3222 maledictum
1933 3178 2019 3223 est

428 3264 529 3319 per
552 3249 770 3321 Moysen
800 3271 813 3306 :
854 3253 946 3308 ubi
977 3270 1124 3309 mors
1154 3255 1409 3311 damnata
1450 3266 1534 3312 est
1561 3272 1628 3312 ne
1668 3267 1937 3329 regnaret,
1964 3266 2020 3313 et

430 3340 719 3395 maledicta
756 3330 841 3396 est
884 3351 944 3398 ut
998 3344 1226 3413 periret.
1278 3345 1616 3416 Quapropter
1668 3361 1766 3417 per
1816 3347 2019 3403 Christi

428 3428 537 3483 tale
565 3438 842 3498 peccatum
875 3434 1185 3489 damnatum
1217 3444 1302 3491 est
1334 3430 1579 3492 nostrum
1625 3445 1925 3509 peccatum,
1960 3448 2020 3495 ut

429 3534 531 3576 nos
558 3520 933 3590 liberaremur,
961 3540 1031 3581 ne
1065 3535 1327 3597 regnante
1364 3535 1588 3597 peccato
1629 3544 1730 3585 nos
1778 3530 2019 3585 damnati

428 3624 854 3670 remaneremus.
895 3615 1034 3683 Quid
1078 3633 1207 3691 ergo
1250 3619 1481 3675 miratur
1524 3621 1758 3678 Faustus
1797 3622 2021 3679 maledi-

425 3710 576 3761 ctum
605 3720 723 3763 esse
752 3717 1055 3779 peccatum,
1082 3710 1424 3767 maledictam
1466 3728 1586 3769 esse
1614 3723 1866 3780 mortem,
1900 3729 2019 3770 ma-

428 3795 680 3855 ledictam
704 3813 828 3856 esse
858 3801 1242 3859 mortalitatem
1271 3804 1454 3860 carnis
1475 3805 1593 3860 sine
1617 3814 1841 3876 peccato
1862 3804 2021 3861 Chri-

429 3890 521 3954 sti,
557 3903 624 3944 ex
666 3899 893 3960 peccato
921 3900 1105 3948 tamen
1135 3894 1371 3950 hominis
1419 3895 1474 3950 in
1516 3895 1733 3952 Christo
1782 3895 2022 3951 factam?

430 3976 509 4031 Ex
531 3977 704 4033 Adam
734 3980 932 4050 quippe
956 3997 1153 4051 corpus
1200 3986 1517 4056 assumpsit,
1565 3987 1692 4057 quia
1741 4002 1807 4041 ex
1847 3987 2019 4043 Adam

427 4070 581 4139 virgo
616 4068 784 4125 Maria
824 4085 945 4140 qua:
990 4074 1199 4142 peperit
1235 4074 1528 4130 Christum.
1579 4076 1800 4132 Dixerat
1839 4086 2020 4133 autem

431 4158 576 4216 Deus
599 4160 654 4215 in
680 4160 936 4231 paradiso
965 4179 979 4216 :
1022 4180 1042 4215 ι
1077 4161 1194 4229 Qua
1224 4163 1313 4219 die
1338 4165 1644 4236 tetigeritis.
1668 4175 1867 4222 'morte
1905 4183 2021 4223 mo-

429 4252 645 4308 riemini
675 4248 827 4325 (Gen.
879 4253 963 4325 ιι).
1006 4274 1025 4306 ι
1061 4252 1176 4310 Hoc
1222 4261 1308 4310 est
1351 4255 1697 4311 maledictum
1745 4258 1889 4329 quod
1927 4273 2022 4329 pe-

430 4342 620 4413 pendit
662 4346 716 4400 in
767 4344 931 4416 ligno.
984 4346 1080 4401 Ille
1115 4357 1275 4415 negat
1322 4347 1602 4404 Christum
1648 4349 2018 4415 maledictum,

431 4435 527 4505 qui
553 4442 716 4506 negat
746 4445 802 4491 ει
831 4445 1127 4494 mortuum.
1169 4439 1273 4506 Qui
1318 4448 1496 4513 autem
1548 4442 1841 4496 conﬁtetur
1875 4458 2021 4497 mor-

431 4533 608 4591 tuum,
631 4534 688 4582 et
718 4542 917 4598 negare
941 4543 1049 4584 non
1075 4537 1252 4599 potest
1278 4540 1508 4586 mortem
1536 4531 1602 4587 de
1627 4541 1848 4602 peccato
1876 4549 2015 4598 esse,

434 4624 492 4670 et
535 4618 605 4673 ob
649 4620 754 4674 hoc
795 4621 958 4675 etiam
1005 4620 1179 4690 ipsum
1230 4632 1510 4691 peccatum
1565 4625 1778 4687 vocari,
1837 4624 2023 4679 audiat

433 4707 750 4777 Apostolum
775 4711 1044 4766 dicentem
1074 4727 1089 4766 :
1123 4730 1143 4763 ι
1176 4712 1441 4779 Quoniam
1468 4723 1624 4768 vetus
1650 4716 1813 4770 homo
1836 4724 2023 4770 noster

438 4799 598 4855 simul
636 4816 757 4856 eum
791 4802 881 4858 illo
930 4805 1222 4861 cruciﬁxus
1263 4814 1348 4862 est
1373 4805 1517 4877 (Gal.
1558 4807 1667 4879 ιιι),
1705 4828 1724 4860 ι
1765 4817 1819 4863 ει
1858 4808 2018 4863 intel-

438 4892 569 4963 ligat
594 4908 755 4962 quem
785 4895 1128 4952 maledictum
1156 4911 1276 4952 esse
1305 4896 1515 4968 Moyses
1544 4898 1762 4953 dixerit.
1794 4898 2025 4969 Ideoque

436 4991 660 5041 secutus
695 4983 987 5053 Apostolus
1012 4987 1090 5041 ait
1121 4988 1189 5043 de
1225 4989 1476 5043 Christo:
1513 4986 1713 5043 Factus
1752 5004 1846 5060 pro
1877 4990 2024 5045 nobis

436 5075 749 5134 maledicta:
778 5074 998 5149 (Ibid.);
1026 5079 1167 5135 sicut
1191 5095 1299 5135 non
1331 5082 1509 5135 timuit
1530 5081 1709 5136 dicere
1739 5100 1759 5133 ι
1791 5097 1889 5152 pro
1909 5098 2025 5136 om-

438 5169 598 5225 nibus
632 5175 880 5223 mortuus
905 5174 1010 5233 est,
1043 5189 1062 5221 ι
1089 5172 1230 5240 quod
1255 5179 1339 5225 est
1360 5170 1696 5237 maledictus,
1726 5172 1853 5243 quia
1876 5187 2024 5228 mors

439 5262 555 5334 ipsa
598 5278 664 5319 ex
693 5261 979 5318 maledicto
1007 5271 1113 5325 est,
1141 5273 1198 5318 et
1226 5264 1567 5320 maledictum
1596 5273 1680 5320 est
1704 5279 1864 5320 omne
1895 5280 2024 5335 pec-

433 5362 641 5421 catum,
669 5354 785 5410 sive
814 5354 986 5425 ipsum
1015 5356 1157 5425 quod
1185 5355 1265 5421 ﬁt,
1292 5365 1353 5411 ut
1389 5364 1648 5427 sequatur
1682 5357 2024 5429 supplicium,

441 5444 558 5501 sive
581 5446 758 5516 ipsum
785 5445 1130 5517 supplicium,
1155 5447 1297 5517 quod
1329 5447 1436 5502 alio
1461 5447 1620 5504 modo
1651 5456 1876 5504 vocatur
1902 5463 2027 5518 pec-

442 5542 642 5602 catum,
670 5538 814 5609 quod
861 5538 922 5593 lit
966 5554 1033 5596 ex
1077 5548 1321 5610 peccato.
1371 5538 1619 5609 Suscepit
1652 5548 1832 5595 autem
1872 5539 2028 5595 Chri-

2047 4484 2098 4544 D

2120 1878 2302 1932 timuit
2330 1878 2553 1933 dicere?
2577 1878 2742 1933 Plane
2787 1879 2889 1934 hoc
2926 1879 3185 1948 propheta
3216 1887 3272 1933 et
3296 1878 3575 1948 praevidere
3598 1878 3676 1934 de-

2119 1970 2236 2023 buit
2272 1979 2327 2024 et
2356 1970 2672 2040 prmdicere,
2721 1978 2944 2039 paratus
2991 1970 3059 2023 ab
3100 1969 3372 2023 haereticis
3410 1984 3527 2023 cum
3549 1968 3674 2037 Apo-

2119 2059 2262 2115 stolo
2299 2061 2643 2130 reprehendi.
2675 2059 2932 2130 Quisquis
2956 2058 3103 2113 enim
3140 2059 3542 2128 reprehenderit
3571 2074 3677 2130 pro-

2118 2151 2337 2219 phetam
2386 2151 2589 2206 dixisse
2631 2169 2650 2202 ι
2693 2151 3060 2215 maledictum,
3101 2170 3119 2202 ι
3157 2158 3381 2220 cogetur
3425 2151 3677 2220 reprehen-

2119 2238 2249 2294 dere
2289 2239 2607 2309 Apostolum
2647 2240 2851 2295 dixisse
2891 2258 2909 2289 ι
2941 2248 3223 2309 peccatum
3254 2257 3267 2292 :
3310 2260 3329 2292 ι
3361 2255 3480 2293 nam
3517 2240 3675 2308 utique

2118 2329 2464 2386 maledictum
2492 2345 2677 2387 comes
2706 2339 2789 2386 est
2815 2331 3043 2400 peccati.
3084 2330 3195 2385 Nec
3221 2331 3343 2386 ideo
3369 2331 3533 2400 major
3560 2332 3674 2384 imu-

2119 2425 2205 2480 dia
2249 2433 2332 2480 est
2365 2425 2509 2494 quod
2547 2424 2818 2480 addiderit
2850 2442 2869 2475 ι
2903 2423 3033 2489 Deo,
3069 2444 3089 2477 ι
3125 2433 3181 2479 ιιι
3208 2423 3448 2479 diceret:
3484 2442 3503 2475 ι
3544 2422 3675 2477 Πειρι-

2118 2514 2295 2570 dictus
2329 2514 2439 2569 Deo
2486 2514 2664 2570 omnis
2706 2515 2798 2583 qui
2860 2514 3177 2584 pependerit
3225 2514 3281 2568 in
3322 2514 3481 2583 ligno.
3522 2534 3539 2566 ι
3578 2512 3673 2568 Nisi

2117 2608 2264 2662 enim
2312 2607 2455 2663 Deus
2487 2608 2694 2663 o-.!isset
2738 2616 3023 2679 peccatum
3071 2617 3127 2664 et
3167 2617 3400 2664 mortem
3444 2618 3672 2673 nostram,

2119 2714 2225 2754 non
2272 2700 2339 2754 ad
2385 2715 2506 2755 eam
2550 2700 2946 2769 suscipiendam
2990 2710 3156 2771 atque
3196 2701 3474 2756 delendam
3507 2699 3673 2755 Filium

2118 2808 2274 2848 suum
2302 2792 2562 2847 mitteret.
2590 2791 2728 2858 Quid
2763 2808 2894 2863 ergo
2924 2793 3121 2847 mirum
3157 2793 3202 2848 si
3244 2792 3573 2848 maledictum
3606 2797 3675 2845 est

2118 2883 2228 2936 Deo
2257 2882 2400 2952 quod
2424 2882 2539 2957 odit
2567 2881 2751 2937 Deus?
2778 2882 2951 2937 Tanto
2969 2882 3116 2937 enim
3144 2881 3405 2937 libentius
3430 2879 3571 2934 nobis
3591 2879 3671 2934 do-

2120 2983 2215 3028 nat
2235 2972 2718 3037 immortalitatem,
2747 2989 2867 3043 qua:
2887 2971 3068 3028 futura
3088 2982 3175 3029 est
3195 2972 3414 3028 Christo
3434 2972 3671 3037 veniente,

2118 3072 2325 3133 quanto
2348 3063 2758 3118 misericordias
2799 3062 2915 3118 odit
2953 3073 3184 3119 mortem
3213 3072 3473 3129 nostram,
3503 3076 3608 3132 qua:
3627 3060 3673 3114 in

2043 3135 2087 3196 ε
2119 3154 2268 3224 ligno
2296 3154 2550 3223 pependit
2577 3153 2796 3210 Christo
2828 3154 3114 3209 moriente.
3146 3153 3306 3221 Quod
3343 3163 3514 3210 autem
3551 3150 3676 3206 addi-

2122 3255 2235 3299 tum
2275 3254 2382 3310 est,
2418 3264 2438 3297 ι
2476 3246 2675 3311 omnis,
2711 3266 2730 3299 ι
2767 3255 2827 3301 ιιι
2864 3246 3145 3302 videretur
3172 3265 3193 3298 ι
3237 3246 3543 3303 maledicto:
3576 3257 3673 3299 om-

2121 3336 2204 3390 nis
2231 3336 2322 3407 qui
2352 3336 2405 3390 in
2437 3336 2586 3407 ligno
2610 3337 2885 3408 pependit,
2922 3356 2942 3390 ι
2976 3353 3085 3394 ιιοιι
3115 3353 3251 3395 sane
3287 3338 3488 3410 Moyses
3522 3335 3673 3390 minus

2119 3426 2380 3497 prcevidet
2398 3427 2563 3481 etiam
2578 3425 2756 3493 justos
2782 3427 2838 3482 in
2865 3441 3028 3483 cruce
3052 3429 3290 3494 futuros,
3312 3428 3404 3484 sed
3420 3427 3545 3483 bene
3563 3437 3675 3495 prte-

2119 3519 2266 3574 videt
2294 3520 2577 3575 haereticos
2604 3533 2788 3574 veram
2820 3528 3051 3575 mortem
3077 3520 3296 3575 Domini
3322 3528 3606 3591 negaturos,
3624 3523 3672 3569 et

2122 3612 2245 3667 ideo
2289 3611 2532 3667 volentes
2560 3612 2629 3666 ab
2659 3612 2763 3666 hoc
2786 3611 3074 3667 maledicto
3106 3610 3383 3668 Christum
3407 3609 3671 3680 seiungere.

2123 3710 2238 3756 uta
2263 3701 2455 3757 mortis
2480 3701 2644 3756 etiam
2688 3700 2920 3757 veritate
2961 3700 3332 3773 sejungerent.
3368 3701 3424 3758 Si
3450 3700 3581 3755 enim
3600 3696 3672 3751 illa

2120 3809 2250 3849 vera
2293 3808 2444 3850 mors
2489 3809 2596 3849 non
2618 3816 2619 3819 η
2645 3802 2784 3859 erat,
2843 3793 3051 3848 nullum
3105 3794 3446 3850 maledictum
3491 3790 3673 3848 Christo

2121 3884 2384 3941 crucitlxo
2416 3885 2671 3955 pependit
2719 3885 2774 3939 in
2822 3884 2989 3956 ligno,
3019 3885 3147 3955 quia
3179 3902 3283 3942 nec
3308 3885 3580 3942 cruciﬁxus
3605 3886 3674 3934 est

2120 3993 2268 4034 vere.
2301 3978 2407 4034 Sed
2449 3987 2639 4035 contra
2668 3978 2827 4049 longe
2863 3976 3074 4034 futuros
3100 3979 3405 4044 haereticos,
3436 3989 3580 4047 quam
3618 3972 3672 4025 de
3720 4031 3737 4049 κ

2122 4069 2278 4140 longe
2299 4069 2498 4125 clamat
2516 4067 2728 4140 Moyses
2755 4088 2767 4124 :
2801 4086 2822 4121 ι
2858 4068 2991 4124 Sine
3016 4084 3182 4123 causa
3208 4063 3631 4142 tergiversamini,
3648 4079 3665 4114 I

2121 4159 2318 4229 quibus
2351 4159 2597 4229 displicet
2622 4160 2825 4215 veritas
2861 4160 3053 4215 mortis
3082 4158 3312 4227 Christi,
3348 4178 3368 4210 ι
3399 4155 3671 4212 Maledictis

2121 4251 2300 4305 omnis
2341 4251 2432 4319 qui
2470 4250 2728 4319 pependit
2751 4253 2805 4306 in
2833 4251 2998 4323 ligno.
3035 4270 3053 4304 ι
3085 4251 3204 4306 Non
3232 4252 3324 4308 ille
3348 4260 3439 4305 aut
3465 4249 3561 4313 ille,
3594 4242 3670 4301 sed

2121 4340 2300 4395 omnis
2337 4340 2590 4395 omnino!
2634 4341 2884 4398 Etiamne
2907 4350 2965 4396 et
2989 4341 3159 4397 Filius
3189 4341 3326 4396 Dei?
3350 4341 3517 4396 Etiam
3541 4349 3670 4406 pror-

2124 4447 2237 4487 sus.
2284 4430 2419 4486 Nam
2461 4433 2565 4487 hoc
2595 4440 2683 4487 est
2708 4432 2853 4501 quod
2880 4447 2989 4488 non
3031 4432 3231 4487 vultis:
3270 4432 3395 4487 inde
3437 4424 3669 4497 satagilist

2128 4523 2253 4579 inde
2282 4524 2561 4579 seducitis.
2606 4524 2864 4594 Displicet
2892 4525 3036 4581 enim
3076 4525 3233 4580 vobis
3266 4524 3566 4579 maledictus
3590 4531 3670 4587 pro

2128 4617 2300 4682 nobis,
2330 4616 2456 4686 quia
2491 4616 2739 4686 displicet
2764 4624 3008 4671 mortuus
3032 4632 3131 4687 pro
3170 4616 3347 4671 nobis.
3381 4614 3523 4669 Tunc
3548 4609 3668 4665 enim

2125 4716 2279 4762 extra
2305 4708 2649 4764 maledictum
2669 4709 2812 4764 illius
2835 4709 3028 4773 Adam,
3050 4708 3097 4763 si
3118 4717 3277 4764 extra
3296 4708 3435 4764 illius
3452 4712 3665 4761 mortem.

2127 4798 2262 4853 Cum
2291 4814 2419 4853 vero
2452 4814 2518 4853 ex
2549 4799 2767 4855 homine
2803 4809 2859 4855 et
2896 4814 2996 4869 pro
3014 4800 3243 4855 homine
3271 4808 3494 4855 mortem
3517 4806 3675 4850 susce-

2127 4889 2224 4956 pit,
2251 4904 2317 4944 ex
2349 4889 2441 4944 illo
2471 4897 2528 4945 et
2562 4904 2661 4960 pro
2702 4890 2795 4944 illo
2819 4891 2984 4945 etiam
3018 4890 3364 4947 maledictum
3393 4887 3528 4959 quod
3549 4896 3667 4939 mor.

2129 4994 2234 5040 tom
2261 4987 2569 5051 comitatur,
2603 4987 2880 5056 suscipere
2923 5001 3031 5041 non
3077 4986 3395 5058 dedignatus
3430 4990 3508 5038 est
3530 4978 3666 5036 etiam

2129 5076 2239 5139 ille,
2269 5091 2496 5145 prorsus
2535 5076 2698 5131 etiam
2738 5077 2828 5131 ille
2868 5076 3035 5133 Fili-us
3071 5076 3189 5142 Dei,
3222 5090 3432 5147 semper
3456 5074 3593 5127 vivus
3622 5066 3666 5119 in

2125 5182 2223 5222 sua
2260 5165 2491 5235 justitia,
2535 5177 2782 5222 mortuus
2808 5175 2989 5221 autem
3032 5176 3257 5238 propter
3298 5165 3482 5222 delicta
3510 5166 3666 5215 nostra

2129 5259 2183 5313 in
2211 5272 2376 5312 carne
2394 5265 2648 5328 suscepta
2672 5274 2738 5313 ex
2767 5272 2927 5328 poma
2952 5266 3156 5313 nostra.
3186 5256 3278 5313 Sic
3299 5264 3354 5312 et
3379 5265 3575 5322 semper
3596 5247 3668 5299 be-

2128 5350 2376 5406 nedictus
2411 5351 2466 5404 in
2501 5366 2597 5405 sua
2627 5349 2861 5420 justitia,
2904 5348 3225 5404 maledictus
3268 5356 3441 5403 autem
3480 5344 3667 5415 ιποριθτ

2127 5441 2324 5496 delicta
2352 5451 2557 5506 nostra,
2605 5441 2658 5496 in
2694 5449 2871 5496 morte
2896 5450 3148 5510 suscepta
3190 5454 3257 5494 ex
3294 5451 3447 5509 paena
3489 5439 3663 5490 nostra-

2128 5533 2206 5589 Ac
2236 5546 2330 5603 per
2350 5533 2453 5589 hoc
2479 5532 2716 5589 additum
2739 5540 2840 5594 est,
2871 5551 2891 5585 ι
2918 5532 3116 5599 omnis,
3136 5551 3156 5585 ι
3178 5546 3248 5587 ne
3265 5530 3501 5587 Christus
3521 5523 3576 5579 ad
3595 5533 3665 5574 ve-

443 5632 561 5680 ctus
585 5628 702 5683 sine
730 5638 885 5685 reatu
908 5630 1230 5702 supplicium
1259 5639 1530 5696 nostrum,
1561 5638 1621 5685 ut
1649 5629 1773 5684 inde
1795 5629 2033 5685 solveret
2131 5639 2247 5679 ram
2282 5633 2509 5679 mortem
2537 5639 2643 5679 non
2669 5625 2941 5694 pertinere
2967 5625 3265 5689 diceretur,
3292 5622 3336 5677 si
3363 5635 3393 5673 a
3420 5612 3665 5707 maledicto

442 5712 662 5769 beatum
697 5729 959 5786 nostrum,
1000 5732 1059 5778 ut
1088 5724 1244 5779 iteret
1278 5720 1597 5793 supplicium
1638 5729 1901 5775 nostrum.
1952 5720 2031 5774 Ex
2132 5716 2272 5786 quod
2296 5717 2459 5772 morti
2490 5715 2840 5785 conjunctum
2868 5724 2974 5786 est,
3008 5715 3283 5786 insipienti
3303 5704 3665 5770 honoriﬁce!“la
