3964 6192
333 319 433 375 93!

1117 316 1514 377 ENARRATIO
1549 320 1775 377 SUPER
1814 323 2435 384 DEUTERONOMIUM.
2477 361 2543 371 —
2576 334 2702 388 LIB.
2742 333 2803 390 ll.
3472 336 3586 394 illi

331 441 700 503 separaretur.
724 429 826 498 Qui
856 436 1033 485 autem
1060 445 1123 486 ex
1148 433 1378 490 veritate
1403 435 1710 506 evangelica
1738 435 1907 491 ﬁdelis
1936 441 1981 498 Α
2010 439 2265 507 praecepit
2287 439 2472 494 dicens
2497 456 2510 492 :
2547 459 2565 490 ι
2593 441 2783 496 Omnia
2819 460 2939 514 quae
2971 447 3135 503 vultis
3161 448 3220 503 ut‘
3252 451 3457 508 faciant
3494 470 3585 508 vo-

328 537 437 594 est,
485 526 748 596 intelligat
783 532 963 580 tamen
1002 524 1107 580 non
1151 539 1270 583 esse
1296 528 1677 584 contumeliam
1710 529 1911 584 Christi

325 637 397 677 ex
420 636 516 675 ore
542 619 731 690 Moysi,
763 634 886 673 cum
931 633 1056 673 eum
1096 619 1229 673 dixit
1278 620 1643 685 maledictum,
1691 637 1793 676 non
1842 639 1910 678 ex

326 711 613 766 divinitate
648 707 945 775 maiestatis
989 722 1120 770 sum,
1161 708 1254 762 sed
1292 723 1360 762 ex
1391 709 1699 765 conditione
1736 725 1911 779 poena:

325 811 554 865 nostrae,
582 815 646 854 ex
673 814 778 868 qua
813 800 866 853 in
900 799 1045 869 ligno
1071 814 1364 869 suspensus
1390 809 1500 859 est:
1531 801 1656 870 quia
1693 815 1799 855 non
1828 810 1912 856 est

326 893 450 947 laus
475 891 673 947 Christi
698 905 767 943 ex
796 906 889 946 ore
919 889 1354 956 Manichaeorum,
1390 907 1510 946 cum
1552 907 1675 946 eum
1711 905 1909 962 negant

326 996 548 1036 carnem
582 980 835 1036 habuisse
878 981 1182 1046 mortalem,
1216 983 1268 1036 in
1308 997 1416 1052 qua
1450 999 1633 1037 veram
1679 993 1907 1038 mortem

321 1084 647 1146 pateretur:
685 1077 812 1146 quia
863 1089 929 1129 ex
978 1075 1069 1129 illo
1113 1076 1427 1145 prophetico
1463 1076 1748 1131 maledicto
1790 1077 1908 1132 laus

322 1166 642 1237 intelligitur
683 1166 1026 1231 humilitatis,
1069 1182 1135 1221 ex
1181 1167 1286 1222 isto
1315 1168 1572 1222 haeretico
1613 1168 1766 1238 quasi
1814 1169 1908 1223 ho-

320 1276 456 1313 nore
482 1261 685 1314 crimen
713 1261 964 1330 oltjicitur
1004 1260 1272 1315 falsitatis.
1308 1259 1366 1315 Si
1395 1276 1523 1331 ergo
1554 1278 1715 1332 negas
1742 1262 1908 1315 malc-

319 1350 545 1414 dictum,
582 1367 749 1421 negas
799 1361 1071 1405 mortuum
1107 1370 1120 1405 :
1164 1353 1209 1406 si
1262 1368 1430 1424 negas
1468 1364 1761 1414 mortuum,
1798 1370 1903 1407 non

311 1439 428 1510 jam
459 1450 648 1495 contra
664 1443 918 1517 Moysen,
955 1443 1047 1496 sed
1083 1450 1271 1497 contra
1310 1443 1623 1513 Apostolum
1657 1444 1901 1499 dimicas.

318 1532 379 1589 Si
434 1544 612 1591 autem
655 1536 929 1592 conﬁteris
968 1548 1262 1603 mortuum,
1304 1538 1563 1593 conﬁtere
1604 1539 1904 1607 suscepisse

315 1640 536 1696 poenam
568 1628 770 1696 peccati
797 1629 970 1683 nostri
999 1630 1116 1684 sine
1141 1636 1362 1699 peccato
1390 1638 1595 1682 nostro.
1628 1628 1745 1683 lam
1775 1645 1903 1685 vero

314 1715 411 1769 ubi
434 1715 586 1769 audis
629 1729 843 1784 pmnam
880 1718 1107 1787 peccati.
1133 1726 1226 1771 aut
1254 1733 1318 1771 ex
1347 1718 1717 1773 benedictione
1743 1720 1901 1773 crede

2016 526 2099 580 bis
2129 527 2404 590 homines,
2446 529 2563 586 haec
2603 533 2880 589 eademet
2921 553 3015 592 vos
3050 539 3211 595 facite
3239 542 3342 597 illis
3365 543 3579 603 (Matth.

2012 618 2130 690 vn).
2162 639 2180 671 ι
2227 619 2532 676 Secundum
2580 624 2893 695 allegoriam
2941 645 3068 683 vero
3122 637 3435 702 mysterium
3488 655 3583 694 ve-

2014 713 2309 766 nerandum
2338 716 2593 768 ostendit.
2640 716 2832 772 Frater
2875 720 3017 773 enim
3063 731 3248 776 noster
3284 728 3580 783 secundum

2010 809 2219 855 natura:
2248 805 2641 873 susceptionem
2664 805 2915 862 Christus
2937 817 3042 873 est,
3073 812 3163 880 qui
3188 812 3240 865 in
3267 813 3578 886 Evangelia,

2010 899 2131 958 post
2176 895 2628 948 resurrectionem
2673 911 2850 962 suam,
2893 912 2991 968 per
3029 901 3280 957 mulieres
3311 908 3583 964 mandavit

2009 981 2287 1050 discipulis
2314 985 2426 1038 suis
2452 985 2674 1040 dicens:
2707 1006 2725 1037 ι
2748 988 2847 1051 Ite,
2880 991 3126 1046 nuntiate
3164 992 3419 1051 fratribus
3450 1000 3583 1055 meis

2008 1076 2068 1122 ut
2109 1079 2235 1124 eant
2296 1073 2348 1125 in
2407 1072 2715 1141 Galilaeam;
2768 1078 2839 1131 ibi
2892 1094 2979 1132 me
3039 1081 3300 1138 videbunt
3360 1086 3578 1157 (Matth.

2009 1160 2262 1231 πυγμὴ.»
2297 1161 2466 1232 Hujus
2505 1173 2683 1219 autem
2737 1166 2920 1222 fratris
2965 1171 3060 1225 hos
3107 1181 3200 1226 aut
3248 1176 3365 1229 ovis
3411 1186 3578 1240 errat,

2008 1266 2129 1304 cum
2172 1253 2294 1320 quis
2334 1253 2400 1305 de
2444 1254 2576 1325 legis
2615 1257 2743 1327 jugo
2787 1260 2852 1312 ad
2900 1242 3057 1314 ﬁdem
3107 1273 3451 1329 convocatus,
3500 1269 3579 1322 vel

2006 1340 2231 1411 simplex
2272 1343 2499 1410 quilibet
2544 1349 2844 1403 catholicus
2880 1365 2979 1418 per
3012 1352 3295 1407 haereticos
3336 1356 3388 1409 in
3425 1372 3579 1411 erro-

2005 1447 2117 1485 rem
2142 1433 2431 1488 inducitur.
2460 1435 2564 1490 Sed
2595 1438 2709 1492 htec
2733 1441 2985 1494 animalia
3005 1440 3260 1509 jubemur
3280 1446 3331 1499 in
3359 1447 3577 1502 domum

2004 1532 2245 1577 nostram
2274 1525 2641 1593 introducere,
2672 1531 2774 1586 hoc
2794 1534 2947 1586 estin
2975 1534 3391 1592 sollicitudinem
3416 1551 3578 1610 atque

2003 1629 2190 1668 curam
2227 1626 2470 1671 nostram
2504 1623 2801 1690 suscipere,
2832 1633 2884 1678 et
2920 1625 2972 1678 in
3004 1626 3163 1680 domo
3201 1627 3452 1683 Ecclesiae
3480 1646 3581 1699 per

2005 1705 2265 1759 unitatem
2313 1706 2435 1763 ﬁdei
2480 1719 2536 1764 et
2576 1713 2727 1781 pacis
2776 1715 3057 1769 nobiscum
3108 1732 3346 1783 servare,
3407 1721 3578 1777 donec

313 1806 646 1871 venientem,
676 1817 769 1861 aut
804 1824 866 1861 ex
896 1809 1269 1865 male'iictione
1304 1828 1316 1863 :
1356 1810 1398 1865 si
1431 1826 1497 1864 ex
1529 1810 1900 1865 benedictione
1933 1808 1974 1867 Β
2002 1795 2289 1860 Ρνῖεάίοίυε
2328 1797 2500 1853 “me?
2547 1810 2733 1856 ηοειοτ
2763 1805 2830 1858 ad
2861 1805 3123 1873 iudieium
3170 1810 3413 1875 Veniens.
3454 1827 3576 1867 eum

309 1893 465 1947 venit
492 1909 651 1963 pmna
682 1897 912 1964 peccati,
953 1907 1076 1965 opta
1119 1913 1239 1952 esse
1268 1914 1483 1968 semper
1511 1899 1562 1953 in
1590 1915 1746 1969 pmua
1780 1915 1898 1970 pec-

309 1986 455 2050 cati;
491 1985 535 2038 si
568 1995 748 2039 autem
784 1996 939 2056 optas
979 1989 1101 2043 inde
1127 1990 1365 2053 liberari,
1398 1990 1558 2044 crede
1585 2005 1683 2059 per
1706 1991 1900 2045 divina:

310 2076 599 2130 sententia:
623 2076 889 2145 justitiam
933 2096 997 2133 ex
1040 2080 1418 2135 maledictione
1457 2080 1685 2135 venisse.
1722 2080 1901 2135 Conﬁ—

308 2176 431 2222 tere
479 2183 610 2239 ergo
654 2171 994 2226 maledictum
1034 2175 1338 2244 suscepisse
1376 2190 1475 2243 pro
1522 2174 1695 2237 nobis,
1735 2191 1896 2244 quem

308 2260 591 2315 conﬁteris
625 2272 895 2339 mortuum
926 2279 1046 2319 esse
1084 2281 1180 2335 pro
1210 2266 1396 2330 nobis;
1432 2281 1535 2321 nec
1562 2265 1704 2319 aliud
1734 2267 1896 2335 signi-

312 2348 477 2403 ﬁcare
506 2350 740 2407 voluisse
772 2352 988 2424 Moysen
1016 2370 1136 2409 eum
1167 2356 1370 2411 diceret
1396 2376 1409 2411 :
1441 2356 1753 2411 Maledictus
1782 2376 1895 2412 om-

308 2441 394 2493 nis
444 2442 536 2510 qui
580 2442 634 2495 in
680 2441 822 2511 ligno
869 2445 1195 2515 pependerit,
1248 2447 1382 2509 nisi,
1430 2447 1670 2503 Mortalis
1722 2450 1897 2503 onluis

304 2538 365 2583 et
400 2532 641 2587 moriens
677 2534 854 2589 omnis
886 2537 978 2604 qui
1023 2536 1075 2591 in
1118 2537 1261 2607 ligno
1301 2538 1631 2608 pependerit.
1678 2539 1896 2593 Poterat

301 2621 452 2673 enim
478 2621 693 2674 dicere:
727 2621 1038 2680 Maledictus
1075 2628 1252 2681 omnis
1294 2628 1557 2691 mortalis,
1588 2638 1699 2690 aut,
1729 2628 1886 2683 Male-

300 2712 483 2767 dictus
505 2714 682 2767 omnis
711 2716 950 2771 moriens
984 2736 995 2771 :
1029 2718 1122 2771 sed
1152 2720 1254 2772 hoc
1281 2728 1363 2773 est
1388 2720 1530 2790 quod
1550 2720 1745 2773 asserit
1772 2737 1896 2789 pro-

297 2803 488 2872 pheta,
533 2804 661 2872 quia
707 2806 914 2860 sciebat
956 2808 1157 2863 Christi
1197 2818 1425 2864 mortem
1477 2810 1529 2863 in
1562 2826 1721 2864 cruce
1765 2826 1893 2880 pen-

299 2907 513 2958 suram,
536 2902 592 2947 et
620 2893 831 2950 futuros
874 2898 1155 2953 haereticos
1197 2899 1289 2967 qui
1321 2900 1561 2953 dicereut
1589 2921 1600 2953 :
1631 2899 1893 2969 Pependit

297 2981 521 3051 quidem
552 2983 606 3037 in
638 2984 807 3055 ligno,
856 2987 950 3040 sed
989 2987 1171 3057 specie
1213 2990 1464 3057 quadam,
1508 3004 1615 3043 non
1664 2998 1721 3042 ut
1764 3006 1891 3043 vere

298 3080 626 3127 moreretur.
673 3072 966 3131 Clamando
1009 3092 1172 3147 ergo,
1222 3095 1241 3128 ι
1292 3077 1625 3143 Maledictus,
1680 3099 1698 3131 ι
1754 3081 1886 3134 nihil

2003 1885 2339 1952 repetiverit,
2368 1904 2398 1943 a
2428 1905 2537 1959 quo
2573 1895 2871 1949 recedendo
2906 1898 3181 1952 aberravit
3218 1902 3385 1968 prius.
3424 1902 3579 1970 Quod

2001 1983 2180 2030 autem
2232 1980 2523 2049 sequitur:
2558 2003 2576 2033 ‹
2609 1984 2875 2040 Similiter
2920 1990 2985 2043 de
3035 1991 3211 2055 asino,
3255 1994 3399 2047 etde
3428 1996 3576 2050 omni

2006 2082 2025 2115 «
2058 2069 2400 2137 vestimento,
2440 2081 2493 2125 et
2519 2074 2584 2128 de
2615 2077 2763 2130 omni
2794 2093 2851 2131 re
2880 2077 3062 2133 fratris
3086 2081 3158 2135 tui
3188 2098 3306 2146 qua:
3331 2084 3574 2153 perierit,

2006 2181 2024 2212 ι
2055 2161 2100 2216 si
2141 2161 2412 2217 inveneris
2462 2178 2609 2228 eam,
2670 2180 2777 2220 non
2826 2168 3065 2240 negligas
3110 2174 3265 2240 quasi
3320 2173 3572 2230 alienam.

2005 2270 2023 2302 ι
2054 2251 2110 2306 Si
2151 2252 2354 2307 videris
2388 2254 2599 2308 asinum
2630 2254 2813 2311 fratris
2844 2259 2918 2311 tui
2951 2268 3046 2312 aut
3083 2261 3274 2315 bovem
3309 2263 3575 2335 cecidisse

2005 2361 2023 2391 ε
2054 2343 2105 2395 in
2147 2344 2254 2406 via,
2303 2359 2410 2397 non
2455 2344 2739 2414 despicies,
2791 2349 2886 2401 sed
2929 2350 3237 2405 sublevabis
3275 2368 3399 2406 eum
3430 2368 3516 2408 eo.
3547 2373 3568 2407 ο

1996 2429 2197 2485 Asinus
2229 2430 2320 2484 hic
2341 2432 2594 2501 gentilem
2641 2434 2915 2490 hominem
2955 2437 3247 2507 signiﬁcat,
3277 2439 3428 2507 cujus
3456 2442 3577 2495 vili-

1999 2529 2163 2575 tatem
2208 2530 2371 2592 atquc
2421 2523 2816 2580 immunditiam
2848 2542 2953 2581 non
2980 2528 3241 2583 debemus
3275 2531 3573 2600 despicere,

1996 2614 2109 2679 sed,
2136 2623 2395 2683 quantum
2426 2631 2730 2685 possumus,
2760 2618 2826 2672 ad
2853 2618 3008 2673 ﬁdem
3031 2635 3153 2673 eum
3175 2635 3238 2675 ac
3260 2621 3576 2692 religionem

1995 2718 2339 2758 communem
2381 2706 2562 2774 potius
2596 2720 2916 2774 provocare.
2950 2707 3344 2764 Vestimentum
3391 2719 3574 2764 autem

1995 2794 2262 2847 exteriora
2291 2809 2454 2863 opera
2498 2805 2643 2861 sunt,
2691 2812 2812 2865 qua:
2848 2798 2892 2852 si
2930 2798 3224 2854 viderimus
3255 2801 3306 2853 in
3336 2799 3515 2869 aliquo
3539 2816 3573 2857 ι

1995 2883 2336 2939 rectitudinis
2379 2887 2595 2940 tramite
2632 2888 2867 2953 deviare,
2918 2888 2973 2942 in
3004 2888 3144 2943 viam
3185 2888 3409 2957 justitiaa
3441 2891 3575 2946 diri-

1993 2988 2122 3043 gere
2149 2975 2425 3030 debemus.
2469 2974 2583 3031 llue
2611 2978 2753 3031 enim
2803 2987 2930 3033 ante
2977 2979 3156 3033 omnia
3190 2982 3344 3035 nobis
3373 2996 3574 3038 caven-

1992 3063 2120 3119 dum
2169 3074 2254 3121 est
2296 3082 2363 3122 ue
2402 3068 2668 3137 quoslibet
2712 3069 2909 3125 fratres
2949 3080 3166 3126 nostros
3195 3081 3441 3128 errantes
3477 3084 3571 3130 aut

298 3160 449 3215 aliud
491 3163 767 3228 clamavit,
813 3166 917 3220 nisi
962 3167 1087 3235 quia
1129 3183 1256 3223 vere
1292 3181 1537 3224 mortuus
1573 3179 1673 3235 est,
1710 3172 1888 3226 sciens

1997 3160 2364 3230 delinquentes
2390 3177 2489 3231 per
2524 3162 2722 3217 fastum
2754 3165 3019 3233 superbiae
3046 3166 3434 3236 despiciamus,
3475 3171 3571 3224 sed

300 3260 535 3306 mortem
594 3254 828 3308 hominis
889 3258 1191 3326 peccatoris
1220 3299 1235 3323 ,
1286 3250 1444 3328 quam
1491 3261 1605 3316 sine
1671 3271 1893 3331 peccato

298 3342 418 3413 ipse
440 3345 693 3414 suscepit,
717 3346 783 3400 de
806 3345 895 3401 illo
916 3347 1202 3403 maledicto
1221 3351 1524 3404 venientem
1550 3367 1657 3420 quo
1687 3354 1892 3407 dictum

295 3449 383 3491 est
408 3456 421 3491 :
450 3457 469 3488 ‹
510 3438 566 3493 Si
598 3441 917 3508 tetigeritis,
955 3452 1129 3498 morte
1171 3446 1477 3500 moriemini
1516 3447 1668 3518 (Cen.
1711 3448 1817 3520 ιιι).
1867 3470 1885 3501 ι

294 3528 381 3583 Ad
407 3529 512 3585 hoc
537 3546 760 3600 serpens
795 3532 884 3588 ille
912 3536 1146 3602 pertinet
1175 3539 1227 3591 in
1259 3539 1403 3609 ligno
1433 3556 1750 3611 suspensus,
1783 3558 1891 3612 quo

296 3623 637 3691 signiﬁcatur
682 3641 786 3681 non
835 3627 1026 3682 falsam
1060 3640 1286 3685 mortem
1318 3631 1594 3687 Christum
1645 3633 1887 3697 ﬁnxisse,

295 3716 392 3767 sed
430 3715 576 3769 illam
604 3732 788 3771 veram
826 3720 880 3773 in
912 3721 1055 3790 ligno
1087 3723 1353 3791 passionis
1388 3739 1498 3777 sua:
1523 3724 1887 3792 suspendisse,

295 3804 353 3857 iu
386 3820 492 3874 qua
520 3821 746 3878 serpens
781 3810 870 3865 ille
899 3813 1039 3865 male
1068 3814 1340 3867 suadendo
1368 3813 1639 3867 hominem
1671 3813 1885 3882 dejccit.

295 3895 471 3962 Quam
494 3891 677 3954 v’eram
718 3910 948 3957 mortem
977 3904 1161 3959 nolunt
1206 3905 1294 3959 isti
1326 3907 1659 3976 conspicere,
1690 3915 1745 3961 ct
1771 3908 1890 3963 ideo

296 4005 404 4045 non
433 4001 697 4046 sanantur
719 4009 748 4047 a
773 4011 980 4050 veneno
1008 3999 1298 4068 serpentis,
1323 3998 1462 4052 sicut
1485 3999 1537 4052 in
1562 4012 1745 4053 eremo
1773 4000 1891 4070 qui-

297 4096 513 4150 cunque
563 4082 712 4137 illum
760 4088 1100 4141 attendercnl
1141 4088 1496 4143 sanabantur.
1539 4089 1724 4160 Itaque
1748 4090 1886 4146 fate-

300 4185 424 4224 mur
455 4172 525 4226 ab
565 4173 829 4243 imperitis
858 4178 960 4233 dici
1007 4178 1150 4233 aliud
1188 4195 1310 4235 esse
1337 4183 1479 4253 alligi
1528 4183 1694 4254 ligno,
1744 4184 1888 4238 aliud

298 4261 352 4314 in
378 4262 529 4333 ligno
553 4265 805 4334 pendere.
836 4268 894 4322 Si
926 4270 1069 4323 enim
1098 4271 1314 4339 quidam
1341 4282 1535 4341 putant
1578 4275 1887 4329 solvendam

298 4366 422 4406 esse
475 4356 633 4409 istam
681 4359 1053 4427 quaestionem,
1094 4371 1153 4414 ut
1181 4360 1372 4416 Judam
1409 4364 1592 4419 dicant
1638 4381 1669 4419 a
1708 4365 1890 4436 Moyse

298 4444 646 4547 maledictum
691 4451 782 4519 qui
832 4451 1023 4552 laqueo
1068 4468 1127 4507 se
1176 4455 1477 4523 suspendit,
1515 4458 1668 4525 quasi
1706 4459 1884 4527 primo
1908 4493 1960 4552 D

297 4538 549 4592 noverint
578 4548 757 4594 utrum
791 4556 856 4595 ex
886 4541 1031 4612 ligno
1058 4558 1126 4596 an
1155 4559 1218 4597 ex
1250 4544 1424 4615 lapide
1454 4546 1540 4600 ille
1572 4562 1629 4601 se
1654 4562 1880 4616 suspen-

299 4629 462 4683 derit.

840 4725 1067 4781 CAPUT
1106 4725 1333 4781 XXVIII.

298 4814 380 4868 De
406 4832 511 4869 non
536 4816 881 4888 prtrteriendo
912 4816 1036 4871 bove
1068 4827 1223 4888 atque
1245 4834 1333 4871 ove
1354 4827 1579 4881 errante,
1604 4819 1696 4873 sed
1722 4819 1879 4888 fratri

371 4902 468 4938 suo
508 4886 836 4950 reducendo;
874 4888 1114 4942 similiter
1137 4886 1204 4943 de
1234 4890 1384 4943 asino
1408 4898 1456 4942 et
1487 4886 1805 4944 vestimento.

372 4997 525 5068 (CAP.
552 4998 708 5071 xm.)
747 5019 766 5051 ‹
790 5000 905 5055 Non
948 5001 1158 5056 videbis
1187 5002 1377 5056 bovem
1416 5000 1602 5056 fratris
1645 5002 1744 5068 tui,
1790 5007 1885 5055 aut

307 5105 328 5139 ι
356 5103 515 5143 ovem
559 5100 831 5143 errantem
864 5098 919 5144 et
959 5074 1283 5161 praeteribis,
1326 5092 1418 5145 sed
1459 5090 1686 5145 reduces
1722 5089 1878 5143 fratri

310 5199 331 5233 ε
359 5188 476 5247 tuo,
518 5181 682 5235 etiam
717 5181 763 5236 si
802 5198 909 5237 non
936 5191 1020 5237 est
1050 5182 1384 5253 propinquus
1415 5180 1583 5236 frater
1608 5189 1752 5243 tuus,
1781 5195 1884 5235 nec

311 5289 332 5322 σ
360 5272 509 5327 nosti
546 5287 670 5327 eum
698 5290 711 5326 :
746 5273 910 5328 duces
942 5274 996 5327 in
1029 5274 1246 5327 domum
1284 5281 1450 5337 tuam,
1477 5280 1532 5326 et
1556 5280 1717 5326 erunt
1742 5270 1884 5340 apud

310 5378 332 5414 ι
360 5369 437 5428 te,
460 5363 701 5432 quandiu
723 5372 929 5433 quzerat
951 5379 1015 5417 ea
1039 5362 1207 5417 frater
1226 5371 1349 5417 tuus
1370 5370 1425 5415 et
1451 5362 1693 5430 recipiat.
1709 5381 1727 5413 ι
1754 5360 1879 5415 Haec

303 5455 595 5521 sententia,
633 5455 929 5511 secundum
974 5455 1231 5519 litteram,
1258 5454 1562 5523 aequitatem
1590 5462 1752 5522 atque
1782 5450 1877 5507 be-

298 5546 647 5616 nignitatem,
682 5549 841 5604 docet
867 5557 926 5602 ut
956 5548 1327 5617 unusquisque
1362 5544 1703 5601 commodum
1733 5545 1879 5613 quod

301 5637 404 5693 sibi
431 5639 501 5693 ab
527 5639 634 5693 alio
661 5639 898 5708 impendi
945 5630 1176 5707 oportet,
1219 5636 1374 5690 alteri
1417 5634 1729 5703 impendere
1768 5648 1875 5686 non

302 5727 556 5801 deneget,
586 5730 879 5784 secundum
912 5727 1058 5783 illaut
1090 5726 1409 5782 sententiam
1441 5723 1736 5780 Salvatoris
1770 5738 1875 5795 qua

1992 3265 2183 3305 eorum
2216 3253 2363 3306 casui
2398 3260 2577 3307 mente
2614 3254 2702 3323 pia
2748 3255 2920 3325 magis
2966 3257 3371 3323 condoleamus,
3410 3268 3573 3328 atque

1991 3357 2090 3412 per
2141 3343 2235 3396 Dei
2286 3344 2516 3413 gratiam
2566 3345 2757 3399 melius
2812 3360 2939 3410 eos,
2992 3357 3255 3416 quantum
3305 3349 3569 3416 valemus,

1992 3444 2301 3488 restaurare
2329 3443 2617 3489 certemus.
2664 3436 2907 3505 Denique
2944 3436 2990 3489 si
3028 3436 3230 3514 videris
3276 3438 3574 3507 quemlibet

1992 3539 2057 3577 ex
2079 3522 2302 3587 Iudaeis,
2332 3525 2445 3576 sive
2469 3539 2534 3577 ex
2566 3526 2833 3591 gentibus,
2862 3525 3132 3580 indoctum
3155 3527 3269 3598 lege
3288 3543 3382 3582 seu
3408 3529 3573 3583 hebe-

1992 3621 2100 3666 tem
2144 3626 2326 3675 scnsu,
2374 3613 2656 3681 repentino
2695 3629 2821 3667 casu
2850 3615 2905 3667 in
2935 3615 3019 3667 via
3050 3618 3331 3683 praesentis
3358 3619 3483 3673 vita:
3512 3620 3566 3673 in

1989 3713 2270 3775 peccatum
2328 3719 2604 3769 corruere,
2658 3720 2756 3775 per
2800 3706 3230 3774 compassionem
3278 3707 3353 3761 illi
3405 3718 3570 3777 atque

1987 3796 2413 3850 misericordiam
2442 3795 2732 3850 subvenire
2757 3796 3034 3860 debemus,
3060 3797 3323 3865 quamvis
3334 3799 3566 3867 gratiam

1988 3886 2191 3941 Christi
2230 3902 2329 3956 per
2368 3886 2740 3956 paenitentiam
2771 3901 2836 3941 ac
2862 3886 3099 3941 studium
3135 3885 3333 3942 bonum
3370 3890 3566 3943 iterum

1988 3981 2212 4050 adipisci
2242 3995 2569 4034 mereamur.
2616 3978 2753 4034 Hinc
2781 3978 2926 4033 enim
2955 3979 3175 4035 instruit
3215 3996 3312 4035 nos
3347 3990 3567 4051 aposto-

1989 4071 2074 4125 lus
2115 4070 2314 4126 Paulus
2355 4071 2543 4126 dicens
2571 4088 2583 4122 :
2620 4090 2637 4122 ι
2666 4071 2908 4137 Fratres,
2941 4072 2988 4126 si
3016 4080 3421 4141 praeoccupatus
3450 4071 3566 4126 fuec

1990 4161 2063 4214 rit
2096 4162 2259 4216 homo
2292 4161 2345 4214 in
2383 4160 2574 4230 aliquo.
2590 4160 2803 4222 delicto,
2835 4174 2955 4223 vos,
2982 4161 3075 4230 qui
3102 4160 3370 4229 spiritales
3402 4160 3555 4222 estis,

1988 4253 2240 4308 instruile
2277 4252 2584 4321 huiusmodi
2613 4253 2666 4307 in
2697 4253 2889 4320 spiritu
2918 4252 3174 4317 lenitatis,
3212 4251 3563 4305 considerans

1991 4346 2239 4413 teipsum,
2279 4359 2347 4398 ne
2371 4352 2428 4399 et
2460 4353 2516 4399 tu
2548 4344 2789 4399 tenteris.
2815 4343 2966 4396 Alter
2988 4342 3215 4397 alterius
3243 4356 3410 4396 onera
3439 4357 3566 4411 por-

1991 4444 2124 4501 tate,
2149 4445 2204 4492 et
2223 4437 2304 4491 sic
2325 4436 2688 4506 adimplebitis
2710 4436 2882 4505 legem
2913 4433 3114 4491 Christi
3143 4433 3286 4506 (Gal.
3312 4434 3408 4506 v1).
3434 4453 3455 4486 ι

2545 4546 2774 4603 CAPUT
2813 4547 3005 4603 XXIX.

1984 4638 2141 4706 Quod
2184 4638 2428 4693 mulieres
2466 4656 2570 4693 non
2607 4640 2790 4693 debent
2831 4651 2968 4695 veste
3006 4641 3145 4696 virili
3181 4641 3287 4707 uti,
3331 4658 3423 4697 nec
3466 4644 3564 4700 viri

2569 4720 2705 4765 veste
2729 4710 2981 4780 feminea.

2056 4802 2234 4875 (1310.)
2267 4821 2287 4854 I
2312 4802 2431 4858 Non
2471 4802 2724 4858 induetur
2749 4801 2944 4857 mulier
2979 4811 3130 4858 veste
3156 4803 3317 4868 virili,
3351 4820 3453 4861 nec
3478 4806 3565 4861 vir

1990 4903 2219 4950 «utetur
2266 4901 2418 4949 veste
2467 4892 2699 4948 feminea
2740 4910 2753 4946 :
2797 4892 3176 4948 abominabilis
3224 4897 3368 4950 enim
3421 4896 3561 4966 apud

1993 5006 2012 5039 ι
2043 4987 2332 5043 Dominum
2364 4993 2450 5040 est
2472 4985 2563 5055 qui
2594 4983 2725 5039 facit
2750 4985 2885 5039 haec.
2913 5004 2932 5036 ι
2966 4984 3087 5039 Alia
3120 4985 3285 5040 editio
3316 4986 3431 5041 haec
3462 4988 3561 5041 ha-

1985 5082 2079 5136 bet
2107 5081 2218 5135 sie:
2251 5097 2269 5129 ι
2296 5076 2410 5132 Νοη
2455 5084 2617 5131 erunt
2660 5092 2793 5131 vasa
2840 5076 2945 5131 viri
2993 5091 3155 5146 super
3204 5076 3505 5131 mulierem.
3531 5095 3553 5128 ι

1987 5171 2129 5226 Vasa
2165 5168 2360 5224 bellica
2398 5166 2515 5221 vult
2556 5165 2803 5236 intelligi,
2848 5166 2902 5221 id
2933 5174 3035 5230 est,
3072 5180 3242 5220 arma.
3276 5164 3409 5219 Nam
3434 5163 3558 5231 qui-

1986 5259 2112 5314 dam
2157 5259 2318 5313 etiam
2370 5258 2474 5312 hoc
2516 5256 2857 5326 interpretati
2906 5265 3055 5311 sunt.
3102 5256 3328 5326 Mystiee
3377 5261 3556 5307 autem

1987 5352 2132 5421 quod
2185 5350 2336 5415 dicit,
2396 5367 2415 5401 α
2443 5363 2550 5404 non
2599 5349 2853 5404 induatur
2902 5350 3098 5404 mulier
3143 5355 3294 5401 veste
3337 5344 3501 5407 virili,
3531 5364 3552 5396 ›

1984 5442 2219 5497 ostendit
2265 5440 2397 5495 illud
2440 5439 2582 5508 quod
2615 5438 2905 5508 Apostolus
2951 5440 3064 5493 ait:
3095 5436 3251 5491 «Non
3299 5435 3558 5504 permitto

1984 5533 2199 5589 mulieri
2248 5533 2445 5587 docere
2487 5530 2542 5584 in
2577 5530 2819 5584 Ecclesia
2878 5529 2931 5597 (Ι
2949 5527 3072 5582 Cor.
3116 5527 3250 5595 xlv).
3287 5543 3306 5576 ι
3371 5524 3558 5594 Neque

1982 5628 2128 5682 enim
2167 5625 2527 5681 sacerdotium
2558 5638 2731 5691 neque
2756 5622 3004 5677 doctrina
3035 5618 3250 5673 feminis
3278 5618 3333 5671 iu
3362 5617 3555 5672 Eccle-

1983 5724 2062 5779 sia
2097 5720 2430 5778 couceditur.
2475 5716 2580 5771 Sed
2628 5731 2725 5769 nec
2755 5714 2838 5768 vir
2868 5711 3013 5766 indui
3043 5710 3203 5768 debet
3224 5720 3372 5767 veste
3401 5709 3556 5769 femi-
