3964 6192
519 304 624 361 99.3

1158 295 1218 350 Β.
1256 292 1509 350 RABANI
1549 287 1768 347 MAUlll
1813 284 2129 343 ARCillEP.
2170 281 2478 338 MOGUNT.
2521 279 2804 336 OPERUM
2843 279 3022 334 PARS
3060 278 3098 333 l.
3643 285 3737 340 θέε

520 435 641 476 nea.
670 417 773 485 Qui
803 429 949 470 enim
972 413 1057 468 vir
1076 421 1160 468 est
1182 421 1237 468 et
1262 410 1622 482 principatum
1649 407 1788 478 gerit
1811 402 2088 465 Ecclesiae,
2117 401 2168 461 Α
2194 406 2281 450 tur
2307 409 2321 448 :
2375 412 2394 445 ι
2425 393 2627 448 Deinde
2667 392 2848 461 posuit
2888 391 3107 485 iterum,
3136 405 3325 446 manus
3375 405 3535 485 super
3575 397 3742 452 oculos

521 526 628 566 non
674 509 834 562 debet
873 503 1077 574 aliquid
1111 502 1405 557 femineum
1445 499 1526 554 vel
1561 498 1720 553 molle
1764 497 1818 550 in
1857 509 1955 550 sua
2002 494 2094 548 do—

522 599 700 653 ctrina
738 593 955 649 habere.
1001 591 1278 646 Moraliter
1316 597 1494 642 autem
1537 587 1695 641 docet
1721 585 1865 654 quod
1897 597 2094 636 unum-

521 701 791 758 quemque
831 699 1020 737 sexum
1066 681 1238 735 induit
1268 688 1459 734 natura
1501 675 1829 731 indumentis
1858 673 1924 726 ad
1962 687 2094 725 usus

521 779 760 831 diversos
783 773 1012 828 diversis
1042 789 1055 825 :
1088 771 1303 840 utrique
1331 768 1483 823 sexui
1509 768 1754 821 diversus
1778 764 1950 829 color,
1980 779 2094 817 mo-

523 878 628 930 tus,
653 869 912 930 incessus,
945 865 1087 918 vires
1112 863 1356 916 diversre.
1387 879 1404 911 ι
1436 860 1638 914 Docere
1669 865 1868 919 autem,
1898 855 2092 924 inquit,

523 961 735 1015 mulieri
775 975 883 1012 non
929 956 1201 1026 permitto,
1243 968 1417 1022 neque
1462 952 1726 1007 dominari
1753 951 1806 1004 in
1839 950 2036 1003 virum.
2069 968 2086 1000 ι

522 1051 692 1116 Quam
735 1047 974 1102 deforme
1018 1053 1198 1099 autem
1244 1044 1419 1097 virum
1467 1041 1644 1097 facere
1691 1056 1856 1110 opera
1905 1040 2096 1095 mulie-

520 1141 666 1195 bria!
700 1139 840 1208 Ergo
871 1145 926 1192 et
949 1135 1182 1205 pariant,
1214 1149 1342 1204 ergo
1371 1135 1695 1203 parturiant,
1725 1134 1815 1202 qui
1853 1133 2096 1202 criSpant

522 1246 731 1286 comam
781 1231 921 1284 sicut
971 1237 1025 1282 et
1067 1223 1393 1282 fe'minzezct
1441 1235 1619 1280 tamen
1674 1225 1778 1280 illa:
1827 1225 2092 1289 velantur,

522 1322 611 1375 isti
666 1320 1068 1388 belligerantur.
1129 1316 1324 1371 Verum
1374 1317 1645 1370 habebant
1690 1316 2093 1369 excusationem

522 1413 614 1482 qui
645 1412 850 1481 patrios
877 1417 1178 1478 sequuntur
1205 1424 1353 1470 usus,
1388 1408 1480 1462 sed
1513 1417 1690 1461 tamen
1729 1407 2010 1470 barbaros,
2039 1414 2097 1459 ut

520 1506 720 1568 Persae,
752 1512 810 1557 ut
835 1501 1018 1566 Gothi,
1049 1510 1107 1554 ut
1132 1499 1393 1554 Armenii.
1431 1499 1597 1566 Major
1627 1499 1841 1567 quidem
1878 1506 1960 1552 est
1999 1514 2096 1552 na-

532 1606 651 1651 tura
708 1610 868 1664 qnam
924 1593 1119 1663 patria.
1175 1591 1314 1658 Quid
1369 1591 1434 1644 de
1495 1591 1614 1644 aliis
1670 1591 1938 1655 dicimus,
1998 1591 2090 1659 qui

521 1687 624 1740 hoc
684 1684 749 1737 ad
801 1683 1071 1736 luxuriam
1127 1681 1476 1735 derivandum
1533 1689 1765 1749 putant,
1836 1689 1896 1734 ut
1950 1681 2095 1736 cala-

2199 487 2334 558 ejus,
2365 497 2421 542 et
2455 485 2622 556 cmpit
2647 485 2832 540 videre
2856 501 2869 538 :
2898 492 2954 538 et
2984 483 3269 538 restitutus
3294 492 3399 546 est,
3430 483 3502 538 ita
3531 495 3586 539 ut
3608 487 3738 541 viden

2196 589 2280 634 ret
2326 579 2472 635 clare
2507 579 2709 634 omnia.
2740 599 2757 630 ι
2789 576 2956 646 ,Ριιὶιιε
2991 578 3172 646 itaque
3209 591 3305 646 per
3335 577 3605 646 speculum
3626 581 3739 634 vidit

2196 689 2263 728 ex
2289 672 2661 735 similitudine,
2690 677 2749 724 ut
2776 669 3118 738 postmodum
3147 667 3353 722 videret
3382 667 3526 721 clare
3559 683 3617 721 ex
3642 685 3742 738 per-

2195 762 2446 819 fectione.
2480 761 2560 816 Ad
2585 760 3055 830 contemplativam
3095 775 3225 830 ergo
3251 759 3417 813 vitam
3450 759 3501 814 in
3531 760 3610 815 his
3633 778 3736 815 ver-

2195 855 2279 911 bis
2306 863 2479 909 mater
2510 855 2626 908 ovis
2663 853 2900 914 incubat,
2927 851 3052 921 quia
3099 867 3254 906 sacra
3287 852 3515 906 historia
3542 854 3639 907 hoc
3672 855 3738 907 in-

2196 945 2443 1014 cipiendo
2466 945 2520 998 in
2549 943 2833 1014 :enigmate
2869 942 3108 995 insinuat
3138 958 3235 1012 per
3266 942 3410 1011 quod
3439 942 3627 1012 aliquid
3653 945 3742 998 for-

2198 1033 2306 1087 tius
2347 1032 2690 1102 postmodum
2727 1031 3129 1094 demonstrans,
3166 1029 3338 1100 pullos
3381 1030 3616 1086 viventes
3639 1048 3745 1100 pro-

2195 1123 2375 1177 ducat.
2399 1121 2599 1178 Paulus
2637 1136 2850 1190 quoque
2881 1120 3178 1190 apostolus,
3223 1136 3348 1176 cum
3397 1121 3645 1190 quosdam
3673 1123 3740 1176 in-

2195 1211 2534 1266 continenter
2580 1211 2761 1264 vivere
2811 1210 3174 1279 cognovisset,
3223 1210 3507 1264 admonuit
3544 1211 3744 1265 dicens:

2205 1324 2220 1354 σ
2251 1305 2476 1376 Propter
2517 1304 2928 1360 fornicationem
2977 1304 3158 1372 itaque
3210 1304 3576 1372 unusquisque
3615 1319 3741 1358 suam

2196 1416 2420 1454 uvorem
2462 1399 2678 1463 habeat,
2716 1408 2772 1453 et
2799 1411 3135 1468 unaquaeque
3173 1411 3330 1449 suum
3369 1394 3542 1448 virum
3578 1395 3746 1448 habeat

2198 1492 2250 1562 (I
2274 1490 2398 1546 Cor.
2425 1492 2544 1563 vn).
2577 1511 2596 1544 ι
2651 1492 2866 1546 Etcum
2911 1505 3048 1544 uxor
3093 1487 3338 1542 habenda
3385 1501 3491 1539 non
3535 1486 3627 1551 sit,
3657 1486 3746 1540 nisi

2195 1585 2485 1638 liberorum
2507 1583 2964 1653 procreandorum
2998 1579 3192 1650 gratia,
3225 1592 3292 1631 ne
3319 1576 3443 1646 quis
3467 1577 3517 1630 in
3548 1577 3745 1630 fornica-

2198 1673 2358 1728 tionis
2397 1674 2552 1743 culpa
2582 1673 2878 1735 laberetur,
2907 1670 3179 1725 concessit
3207 1668 3524 1738 coniugibus
3548 1668 3742 1736 aliquid,

521 1777 801 1831 mistratos
827 1783 881 1828 et
910 1781 1190 1842 torquatos
1235 1773 1466 1826 habeant
1508 1774 1560 1826 in
1611 1774 1942 1835 ministerio,
1993 1773 2091 1842 ipsi
2123 1781 2170 1838 Β
2202 1765 2342 1820 unde
2369 1765 2542 1818 adhuc
2573 1779 2795 1833 surgere
2818 1763 2886 1817 ad
2913 1763 3132 1816 meliora
3164 1761 3485 1829 potuissent.
3517 1759 3614 1826 Qui
3638 1776 3744 1830 ergo

518 1865 732 1937 prolixa
772 1865 962 1928 barba,
1002 1863 1120 1917 illos
1154 1863 1378 1917 remissa
1402 1863 1592 1917 coma?
1629 1863 1818 1917 Merito
1850 1863 1958 1918 illic
1987 1880 2093 1917 non

520 1964 772 2010 servatur
811 1955 1149 2016 castimonia,
1194 1954 1284 2007 ubi
1322 1970 1427 2007 non
1460 1963 1674 2008 tenetur
1707 1970 1870 2009 sexus
1899 1955 2093 2009 distin-

519 2046 660 2111 ctio;
714 2045 767 2098 in
807 2061 915 2114 quo
959 2046 1228 2100 evidentia
1259 2055 1466 2099 natura:
1512 2047 1820 2117 magisteria
1862 2054 1988 2101 sunt
2018 2047 2098 2100 di-

521 2146 680 2192 cente
723 2136 982 2205 Apostolo
1009 2155 1021 2190 :
1053 2155 1073 2186 ‹
1106 2137 1337 2192 Dedecet
1383 2136 1662 2191 mulierem
1707 2152 1815 2190 non
1865 2137 2097 2190 velatam

518 2244 678 2284 orare
709 2230 875 2283 Deum
909 2247 920 2281 :
954 2245 1094 2283 anne
1121 2230 1237 2299 ipsa
1269 2237 1462 2282 natura
1487 2229 1588 2283 hoc
1613 2230 1770 2283 docet
1795 2243 1922 2292 vos,
1956 2229 2098 2298 quod

518 2319 605 2372 vir
642 2320 859 2388 quidem
908 2319 954 2374 si
1003 2335 1218 2374 comam
1269 2320 1485 2384 habeat,
1540 2319 1832 2388 ignominia
1864 2327 1948 2373 est
1987 2319 2099 2372 illi?

522 2410 716 2464 mulier
758 2426 890 2466 vero
929 2412 974 2465 si
1018 2411 1241 2481 capillos
1273 2411 1489 2475 habeat,
1521 2411 1690 2482 gloria
1717 2419 1805 2464 est
1829 2411 1928 2476 illi,
1963 2425 2099 2479 quo—

525 2503 671 2558 niam
692 2504 908 2572 quidem
931 2520 1028 2574 pro
1054 2504 1318 2558 velamine
1346 2515 1471 2558 sunt
1496 2504 1546 2575 (l
1570 2503 1690 2558 Cor.
1718 2503 1801 2573 ιι).
1834 2522 1854 2555 ι

1085 2679 1312 2735 CAPUT
1364 2681 1531 2736 XXX.

664 2811 740 2865 De
770 2810 928 2882 pullis
951 2821 999 2865 et
1022 2813 1225 2878 avibus,
1251 2823 1298 2867 et
1322 2815 1450 2880 ovis,
1485 2814 1539 2867 in
1566 2815 1689 2868 nido
1716 2815 1955 2869 inventis.

589 2947 768 3019 (lnto.)
821 2965 839 2999 ι
873 2946 930 3002 Si
959 2947 1242 3003 ambulans
1273 2963 1372 3017 per
1398 2948 1564 3013 viam,
1598 2949 1651 3003 in
1679 2949 1876 3003 arbore
1920 2947 2004 3002 vel
2041 2948 2094 3002 in

523 3058 543 3090 ι
577 3048 720 3094 terra
765 3039 951 3093 nidum
999 3040 1115 3094 avis
1160 3040 1449 3105 inveneris,
1488 3049 1542 3093 et
1570 3047 1797 3094 matrem
1829 3039 1990 3108 pullis
2013 3039 2096 3092 vel

2198 1858 2469 1912 concessit
2509 1858 2651 1912 unde
2693 1859 2906 1911 animus
2943 1855 3228 1925 coniugum
3253 1871 3423 1924 usque
3450 1856 3516 1909 ad
3550 1855 3743 1926 legalem

2197 1947 2404 2016 capiam
2431 1947 2652 2015 perduci
2682 1945 2966 2015 potuisset,
2997 1945 3152 2014 quasi
3182 1953 3356 1998 mater
3383 1945 3498 1999 avis
3523 1945 3571 1998 in
3601 1957 3743 2008 terra,

2199 2041 2252 2094 id
2279 2047 2384 2103 est,
2423 2039 2673 2103 historia,
2704 2038 2758 2091 in
2788 2037 2964 2092 activa
3007 2037 3115 2090 vita
3156 2035 3337 2104 posuit
3367 2051 3487 2091 ova.
3521 2035 3617 2106 Ipsi
3641 2052 3747 2105 quo-

2201 2147 2306 2200 que
2333 2131 2718 2201 prtedicatores
2746 2129 2922 2184 sancti
2963 2128 3084 2198 plus
3134 2127 3317 2182 volunt
3355 2128 3522 2182 Deum
3552 2128 3746 2197 diligere

2203 2237 2366 2290 quam
2413 2221 2634 2285 timere;
2685 2220 2778 2274 sed
2825 2219 2870 2273 si
2923 2219 3170 2274 timorem
3217 2234 3321 2272 non
3370 2218 3651 2282 insinuant,
3691 2218 3747 2271 ad

2201 2327 2442 2366 amorem
2486 2311 2706 2364 minime
2747 2309 3065 2379 perducunt.
3114 2307 3264 2363 Unde
3313 2309 3466 2378 prius
3509 2307 3740 2361 terribilia

2198 2410 2252 2457 et
2294 2403 2634 2471 postmodum
2677 2402 2858 2456 dulcia
2895 2401 3039 2471 loqui
3075 2401 3270 2466 solent,
3315 2403 3461 2456 sicut
3499 2417 3590 2471 per
3623 2401 3748 2455 Psal-

2199 2495 2414 2550 mistam
2463 2495 2700 2548 dicitur:
2740 2513 2757 2545 ι
2784 2495 3049 2548 Virtutem
3093 2493 3420 2549 terribilium
3456 2503 3656 2548 tuorum
3681 2492 3746 2546 di-

2200 2593 2358 2649 cent,
2418 2592 2473 2639 et
2533 2584 2957 2655 magnitudinem
3027 2591 3174 2637 tuam
3232 2585 3530 2637 narrabnnt
3587 2579 3744 2655 (Psal.

2199 2676 2400 2746 cxuv).
2424 2695 2441 2728 ι
2481 2677 2560 2730 Ac
2585 2673 2777 2729 deinde
2805 2675 3149 2745 subjungitur
3175 2693 3188 2728 :
3229 2693 3246 2725 ι
3279 2673 3586 2730 Memoriam
3606 2675 3754 2729 abun-

2201 2766 2398 2820 dantiae
2431 2765 2714 2819 suavitatis
2744 2774 2852 2819 tuae
2876 2764 3223 2829 eructabuut,
3260 2765 3541 2835 ctjustitia
3567 2773 3646 2817 tua
3669 2779 3747 2817 ex-

2201 2857 2481 2911 sultabunt
2511 2855 2754 2928 (lbid.).o
2789 2855 3014 2921 Quando
3057 2870 3189 2926 ergo
3215 2855 3334 2910 ideo
3375 2864 3574 2910 terrent
3613 2862 3662 2907 ut
3691 2850 3746 2906 ad

2201 2965 2444 3004 amorem
2503 2957 2832 3018 provocent,
2884 2963 2985 3002 ova
3034 2955 3263 3018 ponunt.
3322 2945 3603 3001 «Perfecta
3639 2957 3745 3014 ergo

2200 3043 2441 3099 Charitas
2483 3042 2628 3097 foras
2663 3041 2830 3096 mittit
2857 3041 3104 3096 timorem
3130 3039 3179 3112 (ι
3207 3039 3372 3094 Jean.
3395 3038 3487 3110 tv).
3511 3058 3528 3090 ι
3561 3037 3620 3090 Et
3641 3044 3747 3089 tunc

525 3150 546 3182 ς
575 3132 692 3186 ovis
717 3130 948 3201 desuper
985 3131 1350 3196 incubantem,
1401 3147 1507 3186 non
1559 3131 1764 3186 tenebis
1804 3146 1922 3184 eam
1969 3145 2094 3184 cum
2124 3129 2168 3191 C
2199 3133 2328 3202 pulli
2377 3134 2560 3188 vivere
2610 3132 2897 3201 incipiunt,
2937 3131 3156 3200 quando
3197 3131 3308 3200 jam
3351 3128 3617 3184 formidini
3658 3139 3744 3179 non

523 3242 543 3273 ι
575 3222 715 3287 filiis,
750 3222 844 3276 sed
893 3223 1042 3276 abire
1089 3223 1332 3290 patieris,
1375 3231 1562 3289 captos
1608 3230 1798 3274 tenens
1835 3221 1993 3282 filios,
2036 3227 2095 3274 ut

525 3330 543 3361 ι
573 3313 708 3366 bene
739 3312 810 3365 sit
837 3312 952 3377 tibi,
989 3321 1045 3366 et
1079 3312 1238 3381 longo
1275 3313 1426 3366 vivas
1463 3321 1720 3381 tempore.
1749 3333 1770 3364 ο
1810 3312 1915 3368 Per
1953 3313 2095 3366 viam
2137 3371 2147 3392 θ

519 3401 660 3456 imus
685 3401 900 3470 quando
931 3417 1030 3470 per
1053 3410 1375 3470 prmsentem
1403 3403 1570 3457 vitam
1599 3403 1894 3473 pergimus,
1929 3413 1984 3458 et
2009 3406 2093 3458 ni-

517 3491 619 3546 dus
650 3492 767 3546 avis
807 3493 860 3547 in
903 3493 1098 3548 arbore
1139 3494 1222 3548 vel
1252 3495 1488 3549 in-terra
1529 3505 1632 3560 est,
1670 3496 1885 3564 quando
1927 3498 2091 3551 verba

517 3583 760 3638 historia:
813 3593 906 3638 aut
952 3584 1006 3638 in
1051 3585 1463 3656 contemplativa
1508 3595 1651 3651 sunt,
1697 3596 1791 3641 aut
1825 3587 1877 3642 in
1920 3589 2096 3643 activa

518 3676 626 3730 vita
657 3695 669 3730 :
701 3692 824 3732 nam
850 3686 1115 3747 praecepta
1139 3678 1348 3745 activae,
1378 3680 1492 3734 avis
1529 3679 1687 3734 nidus
1716 3679 1769 3733 in
1795 3691 1940 3734 terra
1965 3689 2050 3734 est
2077 3697 2092 3734 :

518 3775 786 3836 praecepta
836 3768 1294 3840 contemplativa},
1347 3769 1504 3824 nidus
1552 3770 1605 3824 in
1657 3771 1870 3826 arbore.
1928 3770 2097 3826 Mater

521 3875 650 3930 vero
677 3861 834 3928 pullis
867 3861 953 3915 vel
1007 3863 1123 3917 ovis
1172 3863 1415 3930 incubat,
1464 3866 1682 3934 quando
1722 3865 1837 3934 ipsa
1867 3864 2095 3919 historia

521 3947 851 4002 intellectum
886 3951 1182 4018 spiritalem
1210 3952 1358 4006 fovet
1388 3970 1401 4006 :
1433 3959 1488 4006 et
1517 3953 1760 4022 quaedam
1791 3953 1950 4021 plano
1978 3953 2089 4008 elo-

518 4038 646 4106 quio
667 4039 817 4107 quasi
841 4037 1014 4108 pullos
1027 4039 1250 4108 profert,
1275 4042 1518 4109 quaedam
1543 4057 1672 4096 vero
1691 4041 1764 4095 ita
1789 4041 2088 4104 insinuans,

520 4137 582 4182 ut
605 4144 669 4182 ex
700 4129 780 4183 eis
809 4130 986 4184 adhuc
1024 4129 1252 4202 legentis
1282 4132 1520 4186 animum
1561 4133 1626 4186 ad
1673 4131 1866 4187 altiora
1893 4133 2094 4201 perdu-

519 4228 629 4283 cat,
667 4221 820 4289 quasi
849 4221 1023 4275 adhuc
1047 4223 1146 4276 sub
1175 4237 1234 4277 se
1261 4237 1364 4277 ova
1391 4223 1629 4278 continet
1649 4239 1718 4278 ex
1744 4225 1940 4293 quibus
1976 4224 2096 4294 pul-

517 4307 599 4362 los
619 4311 903 4378 producat.
949 4310 1061 4367 Ova
1104 4313 1246 4367 enim
1292 4314 1493 4368 idcirco
1521 4315 1805 4384 pariuntur
1835 4325 1893 4370 ut
1919 4332 1986 4370 ex
2015 4317 2096 4372 eis

517 4402 645 4471 pulli
689 4404 919 4458 debeant
946 4404 1089 4459 duci.
1132 4406 1197 4459 Et
1236 4416 1362 4462 sunt
1389 4408 1635 4477 quadarn
1661 4409 2095 4478 contemplativa:

517 4495 642 4547 vitm
671 4512 788 4564 quae
816 4511 914 4564 per
944 4497 1204 4565 quasdam
1235 4499 1393 4552 modo
1421 4500 1684 4570 imagines
1715 4501 1989 4566 videntur,
2030 4511 2091 4555 ut

513 4587 856 4662 postmodum
911 4587 1052 4642 sicut
1099 4596 1226 4642 sunt
1267 4589 1380 4658 ipsa
1427 4606 1522 4644 sua
1570 4591 1769 4644 virtute
1803 4601 1858 4645 et
1898 4601 2091 4646 natura

515 4675 818 4730 videantur.
882 4676 1017 4731 Nam
1070 4678 1270 4734 Paulus
1311 4681 1424 4733 ait:
1457 4699 1474 4730 ι
1504 4681 1760 4735 Videmus
1808 4697 1953 4734 nunc
1995 4697 2093 4750 per

515 4767 789 4835 speculum
813 4769 867 4822 in
891 4770 1195 4839 :enigmate,
1236 4781 1363 4826 tunc
1399 4784 1581 4827 autem
1620 4773 1757 4828 facie
1793 4774 1860 4828 ad
1898 4773 2092 4830 faciem

516 4858 569 4930 (I
593 4860 715 4914 Cor.
742 4863 881 4933 xm).
904 4884 922 4916 ι
958 4865 1025 4918 Et
1054 4880 1229 4920 caecus
1259 4882 1379 4921 cum
1417 4880 1516 4936 per
1547 4867 1944 4938 impositionem
1974 4883 2091 4922 ma-

515 4967 681 5006 nuum
731 4952 1106 5023 Redemptoris
1144 4958 1256 5027 jam
1305 4958 1484 5013 lumen
1520 4959 1759 5030 recipere
1805 4961 2094 5029 cepisset,

515 5043 808 5112 requisitas
833 5053 918 5098 est
942 5046 1068 5114 quid
1089 5048 1294 5101 videret
1317 5056 1372 5102 et
1397 5049 1532 5103 dixit
1555 5067 1566 5102 :
1606 5067 1624 5100 ι
1656 5050 1823 5104 Video
1849 5051 2096 5105 homines

515 5135 662 5191 velut
675 5135 895 5190 arbores
911 5137 1246 5192 ambulantes
1261 5137 1658 5210 (Matthxvm).
1673 5159 1691 5190 ο
1714 5138 1884 5193 Homo
1898 5141 2095 5216 quippe

514 5238 706 5282 natura
739 5227 1014 5281 rationalis
1045 5237 1160 5292 est,
1186 5229 1349 5282 arbor
1371 5238 1550 5283 autem
1576 5244 1675 5283 nec
1699 5229 1968 5283 sensibilis
1994 5245 2096 5282 nec

513 5320 720 5373 vivens.
745 5319 811 5372 Et
829 5317 956 5388 quid
982 5319 1083 5372 iste
1113 5318 1444 5371 illuminatus
1470 5333 1644 5373 caecus
1673 5317 1964 5386 signiﬁcat,
1989 5317 2092 5371 nisi

515 5424 685 5480 genus
722 5410 1052 5464 humanum?
1087 5410 1171 5464 cui
1199 5424 1321 5464 cum
1343 5409 1601 5463 Dominus
1623 5407 2097 5477 contemplationis

515 5501 703 5557 oculos
725 5503 928 5572 aperit,
957 5502 1105 5572 prius
1131 5501 1374 5571 quaedam
1407 5502 1458 5555 in
1489 5503 1775 5572 aenigmate
1801 5501 2093 5569 conspicit,

518 5600 580 5645 ut
599 5595 940 5660 postmodum
964 5595 1051 5649 illa
1075 5610 1203 5650 vera
1225 5603 1275 5650 et
1304 5593 1643 5648 rationabilia
1674 5593 1975 5649 caelestium
2005 5609 2097 5662 ag-

519 5684 664 5739 mina
691 5685 830 5744 sicut
866 5696 990 5744 sunt
1019 5687 1192 5759 possit
1220 5686 1478 5755 aspicere.
1516 5685 1668 5740 Unde
1693 5695 1746 5739 et
1774 5683 1879 5758 illic
1912 5683 2098 5738 subdi-

2202 3223 2577 3278 succumbunt.
2613 3221 2733 3292 Ipsa
2759 3236 2973 3292 quoque
3007 3221 3095 3276 lex
3119 3235 3220 3274 ova
3250 3219 3432 3289 posuit
3461 3233 3578 3272 cum
3601 3214 3742 3270 dicit:

2207 3335 2225 3366 ι
2251 3314 2474 3370 Oculum
2495 3330 2592 3384 pro
2613 3314 2791 3378 oculo,
2816 3315 3028 3369 dentem
3053 3327 3152 3381 pro
3174 3311 3332 3368 dente
3363 3309 3547 3381 (Leuit.
3569 3305 3740 3374 xm)»

2202 3405 2310 3460 Sed
2335 3404 2509 3476 pullos
2551 3405 2808 3474 produxit
2852 3403 3216 3473 postmodum,
3262 3416 3388 3456 cum
3428 3399 3588 3453 dicit:
3621 3394 3745 3448 «Nec

2200 3513 2412 3567 quzeras
2458 3496 2739 3562 ultionem,
2789 3511 2890 3551 nec
2938 3510 3147 3549 memor
3187 3496 3294 3548 eris
3335 3490 3542 3561 injurize
3577 3488 3745 3544 civium

2200 3598 2437 3644 tuorum.
2469 3608 2486 3640 ι
2532 3585 2639 3642 Sed
2674 3589 2970 3642 notandum
3005 3585 3149 3656 quod
3177 3586 3245 3640 de
3278 3584 3384 3638 hac
3412 3593 3577 3637 matre
3603 3577 3745 3650 pullo-

2202 3695 2322 3734 rum
2345 3679 2546 3733 dicitur
2572 3693 2587 3732 :
2621 3697 2640 3729 ‹
2662 3677 2779 3733 Non
2809 3678 3016 3733 tenebis
3039 3693 3158 3732 eam
3182 3691 3305 3731 cum
3334 3674 3482 3738 filiis,
3509 3671 3595 3728 sed
3621 3669 3748 3724 abire

2200 3773 2446 3842 patieris,
2487 3779 2676 3843 captos
2719 3783 2910 3826 tenens
2939 3769 3100 3834 filios,
3136 3769 3264 3838 quia
3311 3766 3520 3821 scilicet
3556 3763 3604 3818 in
3643 3759 3744 3828 qui.

2199 3863 2426 3917 busdam
2471 3861 2604 3916 locis
2641 3860 3105 3932 przetermittcnda
3148 3866 3234 3914 est
3271 3856 3523 3918 historia,
3567 3860 3621 3906 ut
3663 3846 3741 3903 soli

2200 3951 2359 4021 hujus
2406 3951 2594 4006 matris
2631 3950 2799 4020 pulli,
2846 3948 2898 4003 id
2946 3958 3053 4014 est,
3105 3948 3369 4020 spiritalis
3418 3939 3744 4012 intelligentia;

2199 4043 2356 4096 nobis
2394 4056 2587 4096 sensus
2615 4041 2670 4095 in
2708 4056 2862 4095 esum
2907 4040 3121 4104 veniat;
3172 4053 3274 4093 nec
3308 4053 3410 4092 nos
3449 4044 3628 4097 mater,
3667 4029 3741 4084 seel

2200 4132 2462 4202 spiritalis
2487 4131 2792 4185 intellectus
2828 4130 3080 4184 sensibus
3110 4129 3289 4183 satiet.
3319 4127 3455 4182 Cum
3475 4125 3607 4181 enim
3631 4118 3740 4187 legi-

2200 4239 2321 4278 mus
2361 4237 2554 4276 aurum
2584 4230 2639 4277 et
2673 4229 2958 4291 argentum
3001 4219 3384 4290 IEgyptiorum
3419 4217 3485 4272 ab
3510 4211 3742 4282 Jerosoly-

2199 4317 2386 4373 mitico
2424 4316 2620 4387 populo
2660 4317 2919 4386 petitione
2954 4314 3266 4384 deceptoria
3310 4315 3649 4382 subreptum,
3697 4312 3740 4359 et

2203 4426 2419 4467 rursum
2452 4425 2574 4464 cum
2603 4409 2832 4480 legimus
2859 4407 3100 4463 carnalia
3127 4405 3394 4460 sacrificia
3428 4395 3740 4470 omnipotenti

2120 4471 2173 4529 Β
2200 4503 2309 4558 Deo
2332 4501 2593 4570 subjecta,
2619 4501 2747 4570 quid
2777 4501 2830 4554 in
2853 4501 2956 4554 hoc
2981 4501 3269 4554 verborum
3295 4499 3446 4562 nido,
3473 4495 3572 4550 nisi
3601 4500 3740 4547 mater

2197 4593 2518 4648 dimittenda
2537 4599 2638 4654 est,
2664 4599 2719 4644 et
2749 4590 2843 4643 lilii
2870 4590 3126 4644 tenendi?
3147 4588 3256 4643 Nos
3277 4588 3424 4642 enim
3455 4601 3571 4642 cum
3598 4599 3625 4635 a
3649 4579 3742 4649 qui-

2197 4685 2421 4739 busdam
2465 4682 2813 4738 sccularilius
2857 4680 3190 4751 vigilantiam
3233 4679 3436 4749 ingenii
3491 4677 3544 4732 in
3587 4672 3741 4727 defen-

2198 4775 2350 4830 sione
2378 4774 2624 4828 veritatis
2645 4773 2926 4836 trahimus,
2943 4780 3201 4826 eteorum
3229 4770 3499 4839 eloquium
3537 4768 3584 4820 in
3610 4775 3736 4817 usum

2199 4864 2538 4919 rectitudinis
2558 4864 2840 4927 vertimus,
2877 4863 3007 4932 quid
3040 4862 3186 4916 aliud
3214 4875 3375 4930 quam
3402 4861 3469 4914 ab
3498 4850 3732 4925 Egypliis

2199 4969 2393 5008 aurum
2425 4962 2478 5006 et
2518 4961 2802 5022 argentum
2833 4952 3090 5017 tollimus,
3120 4960 3178 5004 ut
3204 4967 3268 5006 ex
3297 4965 3362 5005 eo
3382 4958 3436 5004 et
3454 4963 3548 5002 nos
3575 4942 3740 4998 divites

2199 5045 2360 5111 ellici,
2412 5055 2466 5100 et
2495 5046 2567 5099 illi
2611 5045 2823 5099 valeant
2871 5051 3136 5114 pauperes
3170 5041 3413 5097 ostendi?
3453 5039 3586 5094 sicut
3623 5030 3736 5087 scri-

2197 5147 2346 5207 ptum
2376 5146 2484 5191 est:
2511 5155 2528 5187 ι
2550 5137 2608 5191 in
2635 5136 3004 5205 captivitatem
3037 5133 3343 5203 redigentes
3377 5143 3580 5184 omnem
3610 5117 3738 5177 intel-

2197 5229 2420 5292 lectum,
2454 5228 2506 5281 in
2543 5226 2863 5296 obsequium
2897 5223 3098 5280 Christi
3141 5222 3190 5293 (1
3199 5221 3225 5275 I
3253 5220 3376 5275 Cor.
3406 5219 3481 5290 ι).
3506 5239 3522 5269 ι
3552 5214 3606 5268 Et
3637 5222 3739 5296 cum

2198 5329 2381 5375 nostra
2433 5333 2662 5387 corpora
2713 5314 3045 5369 abstinentia
3098 5313 3400 5372 domamus,
3450 5305 3569 5377 quid
3615 5293 3732 5352 aliud

2199 5429 2360 5483 quam
2404 5411 2643 5466 carnalia
2689 5408 2956 5464 sacriﬁcia
2999 5403 3356 5474 omnipotenti
3401 5400 3508 5454 Deo
3543 5391 3734 5484 exhibe-

2200 5479 2354 5559 mus?
2385 5503 2538 5558 Sicut
2573 5516 2789 5556 rursum
2830 5515 2926 5568 per
2950 5497 3180 5552 Paulum
3217 5494 3448 5548 dicitur:
3481 5507 3498 5540 ι
3527 5486 3591 5543 Ut
3613 5479 3752 5568 exlIF

2199 5593 2373 5648 beatis
2394 5608 2623 5662 corpora
2646 5567 2841 5645 vestra
2855 5588 3092 5643 hostiam
3119 5586 3386 5638 viventem
3409 5577 3577 5649 (Rom.
3609 5567 3732 5665 min

2202 5684 2426 5739 Matrem
2473 5661 2638 5754 igitur
2679 5679 3036 5743 dimittentcs,
3067 5675 3241 5748 pullos
3269 5673 3498 5735 edimus,
3538 5678 3649 5721 cum
3667 5661 3735 5712 ιιίο
