3964 6192
358 233 469 289 925

356 349 545 404 storia:
578 352 824 424 exempla
852 355 1196 427 dimittimus,
1230 365 1326 419 sed
1360 381 1426 421 ex
1457 383 1521 423 ea
1554 370 1937 444 allegoriarum

354 454 552 496 sensus
584 440 640 496 in
672 453 854 500 mente
880 448 1196 507 retinemus.
1230 452 1365 519 Quia
1395 457 1554 531 longo
1583 440 1824 533 tempore
1843 466 1933 522 ille

356 585 1539 617 ———.._.__._..__._________

1549 609 1916 625 ᾑ-

1145 246 1545 310 ENARRATIO
1582 254 1811 314 SUPER
1851 262 2470 325 DEUTERONOIIIUM.
2511 304 2578 315 -
2615 276 2745 333 LIB.
2777 279 2863 336 III.

3520 294 3626 353 9‘26

1966 384 2012 443 Α
2043 378 2177 432 vivit
2223 381 2316 449 qni
2360 397 2458 452 per
2499 386 2796 454 spiritalem
2847 392 3257 465 intelligentiam
3303 405 3625 485 aeternitatis

2042 487 2214 529 annos
2243 479 2617 547 apprehendit.

1920 615 3607 665 MM“

1564 712 1861 790 LIBER
1936 717 2414 801 TERTIUS.

868 942 1097 1002 CAPUT
1149 947 1439 1007 PRIMUM.

343 1045 429 1102 De
450 1048 799 1123 wdi/icatione
820 1053 1007 1109 domus
1040 1074 1203 1123 name,
1233 1070 1290 1114 ut
1315 1079 1500 1117 murus
1525 1082 1618 1123 per
1649 1067 1926 1122 circuitum

418 1121 540 1201 tecti
567 1131 816 1190 ponatur,
852 1140 915 1177 ne
944 1121 1252 1195 effundatur
1273 1134 1491 1202 sanguis
1520 1121 1722 1190 labente
1750 1121 1925 1208 aliquo

415 1199 464 1241 et
494 1189 547 1242 in
566 1189 795 1262 princeps
814 1189 1026 1249 ruente.

416 1297 597 1370 (Ιβιυ.)
633 1298 800 1354 «Cum
851 1303 1204 1360 aadiﬁcaveris
1248 1309 1467 1365 domum
1515 1321 1703 1381 tuam,
1757 1315 1926 1373 facies

343 1404 365 1436 ι
400 1401 616 1440 murum
647 1389 772 1443 tecti
799 1406 900 1461 per
932 1392 1239 1460 circuitum,
1271 1414 1339 1454 ne
1375 1399 1682 1458 eﬁ‘undatur
1706 1409 1927 1478 sanguis

344 1494 365 1525 ι
398 1476 455 1529 in
486 1476 649 1532 domo
679 1488 790 1545 tua,
830 1488 885 1534 et
916 1482 991 1535 sis
1032 1499 1157 1539 reus
1208 1485 1424 1544 labente
1472 1490 1579 1547 alio
1617 1494 1754 1549 etin
1788 1476 1924 1566 prm-

340 1587 362 1618 ι
394 1583 523 1639 eeps
548 1580 757 1627 ruente.
783 1591 801 1625 ι
846 1572 1164 1646 Hujusmodi
1200 1591 1380 1637 autem
1409 1582 1626 1642 fabrica:
1654 1589 1709 1644 in
1739 1593 1921 1663 templi

331 1659 698 1718 aediﬁcatione
733 1665 938 1721 mentio
977 1663 1118 1723 facta
1142 1679 1249 1737 est,
1278 1673 1369 1728 ubi
1400 1675 1473 1729 ita
1502 1679 1764 1749 scriptum
1793 1659 1875 1738 est
1903 1705 1915 1739 :

341 1769 363 1801 ι
397 1751 466 1805 Et
520 1753 806 1810 aediﬁcavit
855 1759 1154 1816 tabulatum
1204 1779 1369 1835 super
1423 1783 1639 1827 omnem
1699 1775 1919 1832 domum

331 1841 580 1912 quinque
605 1845 803 1901 cubitis
830 1847 1129 1908 altitudinis
1161 1852 1281 1926 (III
1302 1856 1432 1929 Reg.
1457 1861 1555 1933 γι).
1587 1883 1606 1916 ι
1638 1863 1920 1923 Luriculas

330 1932 650 2001 signiﬁcans
677 1951 797 2005 qua:
827 1937 881 1993 in
906 1955 1161 2010 supremo
1199 1945 1391 2004 domus
1432 1932 1575 2008 tecto
1602 1970 1699 2024 per
1726 1956 1922 2013 circui-

329 2029 452 2076 tum
494 2032 652 2079 erant
682 2025 857 2094 factae,
900 2046 969 2086 ne
994 2033 1117 2102 quis
1144 2035 1211 2090 ad
1240 2037 1435 2095 altiora
1460 2047 1803 2114 perveniens,
1834 2064 1921 2103 re-

326 2121 496 2181 pente
530 2112 808 2171 laberetur
832 2119 899 2174 ad
936 2120 1065 2176 ima.
1103 2124 1331 2196 Myslice
1370 2112 1551 2188 autem
1590 2112 1827 2192 insinuat
1862 2140 1917 2194 in

329 2203 483 2257 omni
522 2212 767 2276 tempore
805 2217 994 2267 nostro
1030 2217 1330 2297 munimine
1360 2232 1522 2278 recta:
1557 2224 1678 2282 ﬁdei
1705 2243 1768 2282 ac
1794 2244 1918 2298 pro-

331 2292 571 2348 teetione
614 2296 795 2352 divina
838 2316 939 2356 nos
986 2304 1218 2374 erigere,
1262 2292 1319 2363 et
1358 2322 1622 2380 quantum
1662 2332 1728 2372 ex
1759 2321 1916 2377 nobis

324 2391 435 2449 est,
479 2386 783 2442 custodiam
831 2390 1152 2451 humilitatis
1190 2400 1349 2455 docet
1377 2402 1613 2460 habere:
1644 2422 1712 2462 ne
1741 2409 1787 2464 si
1817 2410 1915 2465 ali-

325 2485 470 2540 quas
513 2476 775 2532 virtutum
833 2483 1046 2551 species
1100 2486 1154 2540 in
1204 2489 1437 2547 aediﬁcio
1489 2500 1916 2556 conversationis

323 2568 552 2631 nostrae,
604 2565 689 2620 vel
734 2568 789 2623 in
840 2572 1280 2640 praedicationem
1323 2581 1552 2638 aliorum
1581 2601 1914 2660 congregare

320 2651 615 2721 videmur,
670 2673 769 2726 per
815 2660 1082 2739 incuriam
1132 2676 1296 2738 atque
1353 2672 1616 2729 desidiam
1670 2687 1911 2736 nostram

320 2742 665 2813 dispereunt;
697 2751 848 2818 quia,
879 2762 939 2808 ut
967 2756 1184 2824 quidam
1211 2762 1429 2831 sapiens
1458 2765 1617 2831 dixit,
1656 2767 1823 2834 Quasi
1852 2772 1907 2826 in

319 2841 543 2889 ventum
573 2839 848 2908 pulverem
873 2853 1073 2914 portat,
1101 2850 1193 2919 qui
1214 2851 1331 2906 sine
1356 2853 1660 2912 humilitate
1686 2858 1910 2918 virtutes

318 2938 637 2999 congregat.
666 2930 923 3004 Quisquis
962 2952 1092 3009 ergo
1132 2939 1256 2996 ﬁdei
1292 2944 1684 3003 munimentum
1726 2950 1778 3006 in
1812 2952 1907 3009 do-

2037 965 2269 1024 Fatuum
2316 974 2549 1043 sapienti
2598 977 2652 1031 in
2700 981 3085 1050 praedicatione
3128 1004 3235 1044 non
3290 992 3489 1059 socies,
3546 1012 3617 1053 ne

2035 1073 2134 1126 per
2157 1074 2281 1114 eum
2310 1065 2401 1131 qui
2430 1080 2542 1119 rem
2575 1068 2797 1139 implere
2826 1088 2933 1127 non
2963 1075 3125 1142 valet,
3158 1088 3213 1133 et
3239 1079 3314 1134 illi
3345 1083 3437 1152 qui
3470 1101 3615 1154 prm-

2034 1147 2177 1203 valet
2216 1150 2470 1209 obsistas.
2512 1156 2708 1214 Bovem
2734 1162 2931 1233 quippe
2958 1175 3013 1220 et
3037 1167 3270 1234 asinum,
3318 1172 3363 1226 si
3392 1188 3617 1233 necesse

2034 1238 2127 1304 sit,
2156 1244 2523 1316 unusquisque
2569 1249 2686 1305 sine
2724 1252 3053 1310 detrimento
3080 1260 3259 1327 operis
3287 1259 3465 1333 jungit
3492 1282 3506 1318 :
3533 1280 3617 1320 sa-

2031 1328 2268 1397 pientem
2314 1349 2444 1389 vero
2467 1345 2523 1391 et
2544 1338 2785 1406 stultum,
2836 1360 2944 1400 non
2974 1354 3032 1400 ut
3057 1364 3196 1404 unus
3240 1328 3521 1423 praecipiat
3557 1364 3615 1411 et

2030 1419 2169 1476 alter
2203 1423 2558 1496 obtemperet,
2611 1433 2707 1486 sed
2750 1442 2808 1488 ut
2851 1438 3056 1505 pariter
3096 1419 3288 1509 mquali
3339 1419 3612 1513 potestate

2028 1515 2348 1570 annuntient
2387 1519 2610 1574 verbum
2641 1521 2760 1591 Dei,
2807 1526 2925 1586 sine
2951 1530 3212 1585 seandalo
3243 1534 3471 1604 quisque
3510 1552 3606 1593 co-

2028 1602 2190 1658 mites
2216 1604 2366 1660 facit.

2628 1680 2856 1740 CAPUT
2893 1685 2986 1744 III.

2020 1759 2099 1816 De
2128 1780 2229 1851 nqn
2249 1767 2515 1851 induendo
2532 1774 2841 1851 uestimento
2863 1793 2927 1830 ea:
2948 1778 3071 1832 lana
3093 1779 3302 1851 linoque
3328 1795 3603 1851 contexto;

2089 1844 2137 1972 ἵει
2161 1834 2226 1916 d_e
2245 1836 2497 1960 igniculis
2524 1841 2579 1895 in
2598 1842 2822 1911 ﬁmbriis
2849 1863 2944 1917 per
2962 1860 3191 1920 quatuor
3210 1834 3603 1926 Anglici;

2117 1920 2266 1959 acien
2308 1924 2353 1962 ιε

2117 1920 2353 1962 αειεηαιε

2091 2015 2269 2090 (ιθιυ.)
2291 2019 2436 2078 «Non
2460 2025 2699 2083 indueris
2720 2031 3059 2097 vestimento,
3080 2033 3224 2102 quod
3244 2049 3307 2089 ex
3328 2034 3449 2089 lana
3470 2035 3601 2092 lino-

1981 2148 2008 2186 ᾧ
2025 2124 2044 2158 ι
2072 2122 2177 2177 que
2199 2119 2510 2169 contextum
2531 2125 2631 2171 est.
2657 2139 2676 2171 ι
2704 2117 2809 2202 Per
2830 2119 3009 2175 lanam
3032 2122 3231 2192 quippe
3258 2124 3594 2195 simplicitas,

2015 2214 2114 2270 per
2160 2200 2330 2258 linum
2349 2220 2479 2263 vero
2518 2200 2793 2267 subtilitas
2837 2213 3170 2284 designatur.
3221 2215 3289 2271 Et
3339 2218 3629 2289 nimirum‘

2014 2291 2182 2346 vestis
2205 2307 2326 2362 quae
2347 2310 2413 2351 ex
2444 2296 2554 2353 lino
2573 2299 2804 2371 lanaque
2828 2303 3135 2371 conﬁcitur,
3164 2305 3334 2360 linum
3367 2308 3597 2364 interius

2012 2381 2175 2449 celat,
2216 2384 2269 2439 in
2306 2388 2594 2457 superﬁcie
2622 2392 2800 2448 lanam
2829 2394 3188 2452 demonstrat.
3221 2397 3440 2454 Vestem
3465 2415 3596 2473 ergo

2016 2487 2084 2526 ex
2116 2473 2238 2529 lana
2270 2476 2487 2558 linoque
2508 2491 2817 2539 contextam
2856 2486 3047 2552 induit,
3077 2490 3167 2558 qui
3196 2491 3297 2545 sub
3326 2491 3597 2549 locutione

2011 2554 2511 2626 innocentize'intus
2535 2573 2890 2630 subtilitatem
2922 2578 3064 2631 celat
3085 2554 3322 2633 malitiae.
3357 2580 3471 2635 Hoc
3509 2596 3597 2639 se-

2011 2656 2243 2710 cundum
2294 2661 2554 2717 moralem
2594 2680 2835 2721 sensum.
2886 2669 3174 2736 (tatarum,
3210 2671 3365 2742 juxta
3388 2674 3593 2745 allego.

2012 2741 2172 2809 riam,
2222 2744 2378 2803 lineis
2426 2752 2667 2810 vestibus
2694 2755 2913 2812 misceri
2945 2760 3122 2814 lanam
3161 2760 3245 2815 vel
3269 2776 3587 2832 purpuram,

2008 2837 2065 2885 et
2090 2830 2233 2888 linea
2262 2835 2526 2909 laneaque
2551 2850 2701 2898 veste
2729 2844 2899 2912 indui,
2946 2857 3031 2903 est
3054 2849 3357 2907 inordinate
3377 2830 3583 2919 vivere,

2005 2930 2063 2976 et
2087 2922 2282 2979 diversi
2313 2929 2528 2998 generis
2553 2931 2920 3000 professiones
2948 2937 3089 2994 velle
3118 2940 3349 2998 miscere
3378 2961 3391 2997 :
3418 2953 3477 2997 ut
3501 2946 3587 3000 vel

316 3016 501 3071 ctrina
544 3034 638 3074 sua
681 2999 763 3077 vel
797 2999 851 3078 in
882 2999 1145 3099 exemvplis
1184 3045 1391 3101 ponere
1435 3036 1751 3107 neglexerit,
1787 3058 1904 3097 om-
1933 2999 1977 3063 Ο
2008 3022 2197 3068 sancta
2224 3017 2477 3074 monialis
2512 3021 2709 3077 habeat
2751 3038 3071 3083 ornamenta
3107 3031 3457 3100 nuptiarum;
3492 3044 3588 3090 aut

316 3105 471 3161 nium
511 3109 606 3178 qui
641 3110 766 3167 inde
800 3115 1182 3184 periclitantur
1206 3137 1492 3194 sanguine,
1512 3105 1626 3182 “hoc
1650 3138 1754 3196 est,
1785 3132 1900 3188 vita

318 3213 451 3254 reus
474 3209 579 3266 est,
614 3204 740 3274 quia
768 3221 862 3263 eos
887 3224 1022 3279 quos
1043 3226 1264 3270 servare
1288 3217 1466 3285 potuit
1495 3234 1595 3289 per
1625 3237 1782 3278 suam
1801 3238 1897 3281 ne-

317 3289 633 3361 gligentiam
664 3299 919 3366 perdidit.

926 3392 1153 3452 CAPUT
1201 3396 1265 3453 II.

311 3471 393 3528 De
420 3490 524 3528 non
551 3479 771 3533 serenda
803 3480 951 3557 vinea
992 3484 1157 3557 altero
1197 3490 1424 3557 semine,
1462 3509 1557 3548 nec
1595 3495 1651 3551 in
1685 3496 1808 3552 bove
1844 3509 1893 3555 et

811 3554 962 3608 asino
984 3555 1142 3609 simul
1167 3559 1392 3615 arando.

384 3633 562 3709 ante.)
619 3655 638 3690 σ
670 3638 789 3694 Non
834 3657 985 3699 seres
1027 3645 1243 3701 vineam
1270 3656 1420 3705 tuam
1462 3652 1634 3708 altero
1664 3656 1892 3724 semine,

315 3746 346 3810 ι.
366 3743 436 3783 ne
461 3739 517 3784 et
537 3733 798 3790 sementis
820 3750 984 3806 quam
1020 3738 1229 3805 scvisti,
1257 3751 1315 3796 et
1343 3758 1465 3812 qua:
1504 3756 1802 3803 nascuntur
1824 3764 1892 3804 ex

311 3803 540 3887 (vinea,
569 3823 779 3893 pariter
807 3803 1238 3885 sanctiﬁcentur.
1261 3846 1281 3884 ι
1315 3803 1544 3889 Vineam
1572 3835 1663 3894 hic
1689 3838 1892 3895 doctri-

305 3923 433 3963 nam
469 3924 758 3979 possumus
796 3914 1116 3989 intelligere,
1163 3920 1279 3976 sive
1319 3922 1530 3993 plebem
1575 3928 1890 3987 doctoribus

302 4001 673 4069 commissam,
698 4006 790 4060 ubi
813 4008 997 4063 vinum
1020 4012 1209 4081 gratiae
1235 4015 1498 4084 spiritalis
1522 4020 1669 4092 gigni
1705 4024 1882 4081 debet.

301 4089 409 4145 Sed
435 4091 547 4148 illic
569 4094 801 4151 alterum
831 4114 1014 4156 semen
1052 4118 1235 4160 serere
1258 4089 1546 4177 prohibet,
1563 4089 1689 4183 quia
1713 4114 1887 4173 haere-

299 4183 401 4237 sim
436 4184 788 4257 interponere
809 4192 1030 4248 omnino
1051 4211 1157 4251 non
1183 4203 1473 4257 consentit.
1507 4203 1708 4261 Semen
1736 4208 1882 4264 enim

297 4272 499 4329 bonum
522 4285 609 4331 est
630 4280 855 4335 verbum
892 4283 1010 4339 Dei.
1054 4285 1248 4344 Semen
1284 4302 1467 4351 autem
1492 4312 1753 4369 nequam,
1794 4315 1884 4356 er-

2003 3117 2068 3157 ea
2109 3119 2230 3174 quae
2266 3121 2326 3162 se
2366 3123 2477 3164 non
2516 3111 2807 3171 continens
2850 3118 3055 3187 nupsit,
3083 3122 3319 3190 speciem
3360 3124 3587 3195 virginis

1998 3202 2157 3264 gerat
2183 3212 2198 3249 :
2231 3198 2380 3252 omni
2405 3200 2569 3255 modo
2600 3203 2705 3258 hoc
2728 3216 3009 3272 peccatum
3037 3216 3138 3264 est.
3176 3210 3242 3264 Et
3268 3212 3313 3266 si
3342 3215 3471 3283 quid
3500 3215 3587 3269 in-

2000 3287 2388 3344 convenienter
2423 3306 2490 3345 ex
2537 3292 2754 3357 diverso
2782 3311 2984 3367 genere
3025 3299 3112 3354 vel
3152 3302 3371 3372 regione
3386 3304 3444 3359 in
3471 3305 3582 3361 vita

1998 3375 2261 3446 cujusque
2308 3382 2638 3437 contexitur.
2678 3382 2884 3441 Verum
2919 3387 3053 3444 illud
3089 3398 3218 3447 tunc
3246 3392 3584 3464 ﬁgurabatur

1996 3465 2053 3520 in
2081 3468 2352 3535 vestibus,
2379 3473 2524 3539 quod
2550 3489 2695 3530 nunc
2724 3476 3034 3534 declaratur
3054 3480 3108 3535 in
3137 3483 3397 3539 moribus.
3436 3503 3455 3535 ι
3473 3485 3576 3542 Fu‘

1995 3554 2201 3611 niculos
2230 3556 2282 3610 in
2312 3556 2542 3615 ﬁmbriis
2570 3561 2768 3628 facies,
2797 3579 2896 3633 per
2916 3577 3154 3636 quatuor
3186 3571 3411 3642 angulos
3431 3574 3578 3644 pallii

1994 3643 2069 3698 tui
2088 3659 2197 3714 quo
2225 3647 2471 3717 operiris.
2491 3649 2782 3709 “iusserat
2799 3670 3014 3726 quoque
3045 3657 3253 3730 Moyses
3272 3669 3333 3715 ut
3365 3662 3420 3716 in
3437 3643 3578 3733 qua-

1994 3746 2120 3793 tuor
2157 3740 2371 3811 angulis
2419 3743 2705 3812 palliorum
2745 3747 3129 3819 hyacinthinas
3160 3751 3404 3809 ﬁmbrias
3432 3754 3577 3811 face-

1993 3838 2118 3884 rent
2144 3830 2211 3886 ad
2237 3831 2405 3887 lsrael
2436 3834 2692 3905 populum
2729 3837 3189 3911 dignoscendum;
3221 3851 3283 3898 ut
3304 3847 3575 3915 quomodo

1991 3920 2047 3975 in
2090 3924 2409 3991 corporibus
2459 3927 2809 3993 circumcisio
2850 3933 3030 4001 gentis
3073 3932 3313 3993 Iudaicae
3355 3938 3572 4009 signum

1990 4013 2165 4081 daret,
2214 4016 2291 4071 ita
2334 4026 2392 4073 et
2426 4020 2593 4076 vestis
2639 4022 2878 4094 aliquam
2913 4025 3139 4083 haberet
3186 4029 3568 4089 differentiam.

1990 4104 2095 4162 Sed
2123 4108 2257 4164 etin
2283 4108 2576 4182 Evangelio
2596 4126 2897 4186 arguuntur
2921 4120 3281 4190 superstitiosi
3300 4124 3567 4194 magistri,

1987 4200 2130 4268 quod
2150 4210 2436 4272 captantes
2459 4221 2649 4261 auram
2681 4209 3019 4278 popularem,
3063 4221 3228 4281 atque
3256 4229 3323 4268 ex
3349 4214 3570 4271 mulier-

1985 4289 2123 4345 culis
2153 4301 2429 4349 sectantes
2454 4295 2626 4361 lucra,
2650 4298 2923 4355 faciebant
2951 4301 3183 4371 grandes
3206 4303 3470 4371 ﬁmbrias,
3510 4316 3566 4361 et

296 4382 388 4421 ror
406 4383 569 4438 quem
593 4371 843 4432 inimicus
866 4378 1027 4435 homo
1050 4384 1340 4442 seminavit
1359 4389 1412 4443 in
1434 4405 1564 4461 agro
1576 4392 1875 4460 υοωίηίοο,
1904 4376 1959 4436 D
1984 4383 2327 4440 acutissimas
2354 4387 2408 4441 in
2436 4389 2518 4444 eis
2558 4391 2742 4460 spinas
2775 4392 3051 4463 ligabant:
3083 4402 3142 4449 ut
3170 4395 3422 4452 videlicet
3450 4413 3566 4452 am-

292 4457 436 4513 sicut
483 4460 538 4514 in
583 4461 876 4536 Evangelio
913 4469 1110 4540 legitur
1146 4474 1362 4545 (Matth.
1394 4457 1494 4551 x1):
1544 4481 1650 4538 Sed
1680 4457 1878 4539 caven;

290 4549 419 4604 dum
446 4562 531 4606 est
555 4556 702 4609 omni
734 4559 893 4614 modo
921 4576 990 4617 ne
1024 4563 1227 4635 aliquid
1274 4549 1637 4628 intermistum
1682 4575 1739 4630 in
1777 4576 1876 4632 do—

289 4642 468 4697 ctrina
494 4659 590 4700 sua
620 4646 930 4706 inveniatur
952 4656 1174 4722 erroris,
1212 4674 1280 4713 ne
1315 4660 1456 4718 forte
1497 4676 1877 4737 corrumpatur

289 4733 420 4788 vitio
463 4746 654 4793 nostro
696 4739 752 4795 id
796 4744 937 4810 quod
978 4760 1042 4800 ex
1095 4746 1237 4804 dono
1280 4751 1437 4808 nobis
1486 4733 1745 4812 collatum
1790 4769 1869 4817 est

287 4825 491 4881 divino.
548 4829 709 4887 «Non
754 4836 938 4892 arabis
964 4838 1020 4892 in
1049 4838 1186 4895 bove
1230 4842 1390 4899 simul
1434 4854 1491 4901 et
1528 4848 1702 4904 asino.
1735 4871 1753 4903 ι
1808 4852 1871 4908 In

287 4917 441 4973 bovis
484 4923 703 4979 nomine
755 4928 986 4996 populus
1042 4947 1110 4987 ex
1160 4935 1609 5007 circumcisione,
1661 4943 1873 5013 positus

284 5010 386 5064 sub
407 5010 540 5081 jugo
569 5012 721 5085 legis,
764 5020 1061 5090 accipitur;
1108 5024 1163 5077 in
1208 5026 1362 5082 asino
1400 5039 1604 5097 autem,
1642 5010 1871 5103 populus

281 5099 523 5167 gentium
566 5105 846 5171 pertinens
888 5109 955 5163 ad
998 5110 1372 5183 Evangelium.
1404 5119 1462 5173 In
1489 5099 1868 5194 bove—quippe

282 5188 444 5245 simul
470 5201 527 5247 et
560 5195 715 5251 asino
762 5209 901 5267 arat,
940 5203 1030 5272 qui
1077 5206 1156 5259 sic
1201 5210 1392 5279 recipit
1426 5188 1778 5285 Evangelium
1800 5188 1869 5273 ut

277 5277 631 5341 Iudaicarum
670 5293 1137 5363 superstitionum,
1187 5314 1308 5368 quae
1337 5301 1390 5355 in
1424 5304 1613 5359 umbra
1648 5317 1701 5360 et
1731 5308 1867 5362 ima-

280 5374 406 5444 gine
463 5393 875 5450 praecesserant,
939 5391 1291 5447 caeremonias
1341 5409 1449 5448 non
1502 5396 1860 5468 derelinquat.

278 5462 432 5535 Item,
462 5486 851 5544 nonnunquam
877 5478 933 5532 in
959 5480 1098 5537 bove
1124 5483 1262 5539 bene
1283 5487 1622 5554 operantium
1647 5490 1778 5555 vita,
1807 5492 1863 5546 in

279 5559 436 5615 asino
473 5562 764 5622 stultorum
810 5570 1068 5625 vecordia
1110 5573 1396 5644 ﬁguratur.
1431 5575 1570 5643 Quid
1594 5587 1677 5635 est
1711 5595 1858 5652 ergo,

282 5663 299 5696 ι
326 5645 447 5705 Non
477 5654 657 5709 arabis
677 5656 731 5711 in
761 5655 896 5713 bove
923 5658 1084 5715 simul
1112 5669 1167 5716 et
1191 5663 1412 5719 asino?»
1441 5663 1521 5719 Ac
1545 5665 1590 5721 si
1620 5645 1853 5726 dicerett

1980 4475 2231 4531 halantes
2249 4485 2306 4533 et
2324 4479 2592 4547 sedentes,
2616 4482 2888 4538 interdum
2915 4495 3304 4557 pungerentur,
3335 4498 3390 4543 et
3406 4492 3562 4559 quasi

1978 4568 2082 4624 bac
2126 4572 2571 4640 commonitione,
2622 4577 3035 4633 retraherentur
3073 4578 3143 4634 ad
3173 4577 3352 4636 ofﬁcia
3381 4579 3477 4638 Dei
3506 4591 3562 4638 et

1977 4662 2283 4718 miniswria
2309 4665 2592 4722 servitutis
2617 4667 2756 4737 ejus.

2581 4776 2814 4834 CAPUT
2853 4778 2941 4834 IV.

1973 4860 2055 4917 De
2083 4879 2142 4918 eo
2170 4865 2261 4935 qui
2305 4866 2568 4943 uituperat
2609 4885 2830 4943 uxorem
2877 4887 3028 4924 suam
3073 4872 3364 4943 objiciendo
3390 4877 3439 4930 ei
3463 4892 3562 4930 no—~

2041 4950 2160 4989 men
2184 4937 2466 5006 pessimum
2489 4938 2853 5008 fornicationis
2881 4951 3001 4995 ante
3033 4937 3243 5014 nuptias
3266 4956 3479 5017 cceptus.

2047 5043 2067 5075 ‹
2095 5025 2272 5098 (Ιωυ.)
2305 5027 2365 5083 Si
2389 5030 2603 5085 duxerit
2630 5032 2715 5085 vir
2741 5048 2988 5099 uxorem,
3008 5044 3064 5091 et
3092 5048 3276 5105 postea
3305 5039 3431 5093 odio
3456 5040 3554 5095 ha-

1975 5136 1997 5167 (
2029 5116 2227 5183 buerit,
2269 5121 2653 5193 quaesieritque
2706 5126 3025 5183 occasiones
3070 5129 3269 5199 quibus
3313 5129 3553 5186 dimittat

1974 5227 1994 5259 ι
2027 5223 2170 5275 eam,
2197 5210 2459 5280 objiciens
2487 5215 2538 5269 ei
2581 5231 2778 5272 nomen
2834 5220 3133 5288 pessimum
3165 5260 3180 5284 ,
3208 5224 3264 5275 et
3300 5219 3495 5274 dixerit
3531 5238 3549 5277 :

1972 5317 1991 5349 ι
2039 5299 2275 5357 Uxorem
2301 5303 2442 5358 hanc
2495 5307 2713 5375 accepi,
2741 5316 2799 5364 et
2847 5313 3126 5380 ingressus
3156 5310 3223 5363 ad
3259 5322 3402 5373 eam,
3434 5324 3545 5366 non

1971 5410 1990 5442 ‹
2035 5392 2216 5448 inveni
2244 5394 2508 5464 virginem
2534 5414 2548 5462 ;
2576 5399 2769 5455 tollent
2785 5416 2907 5457 eam
2938 5411 3094 5472 pater
3122 5409 3178 5455 et
3207 5408 3380 5454 mater
3404 5400 3543 5470 ejus,

1969 5501 1989 5535 ‹
2034 5494 2090 5539 et
2116 5484 2297 5541 ferent
2323 5502 2506 5543 secum
2529 5488 2683 5560 signa
2705 5491 3034 5562 virginitatis
3062 5493 3180 5562 ejus
3204 5492 3270 5545 ad
3292 5492 3544 5549 seniores

1968 5593 1987 5625 ‹
2031 5575 2185 5631 urbis
2208 5576 2301 5645 qui
2343 5576 2397 5631 in
2448 5586 2604 5647 porta
2634 5587 2794 5644 sunt,
2841 5587 2898 5634 et
2925 5580 3069 5634 dicet
3119 5591 3316 5649 pater:
3349 5580 3546 5638 Filiam

1967 5686 1987 5720 ι
2032 5682 2209 5723 meam
2238 5669 2359 5727 dedi
2392 5670 2520 5725 huic
2555 5685 2802 5727 uxorem.
2841 5670 3013 5738 Quam
3042 5672 3169 5745 quia
3199 5672 3336 5743 odit,
3371 5674 3545 5746 impo-
