3978 6182
504 294 615 355 927

507 518 526 551 ι
570 499 751 572 ginem
782 496 1039 552 familiam
1068 505 1233 561 tuam,
1263 504 1320 552 et
1344 510 1470 551 ecce
1499 497 1614 552 haec
1636 503 1763 551 sunt
1786 496 1938 565 signa
1960 496 2077 549 vir-

505 608 525 641 ί
569 590 810 662 ginitatis
839 589 963 643 tilia:
978 603 1129 643 meae.
1154 588 1473 659 Expandent
1497 589 1877 643 vestimentum
1893 604 2079 643 coram

506 700 525 731 ‹
571 681 877 736 senioribus
919 682 1179 746 civitatis,
1237 683 1749 752 apprehendentque
1804 698 1961 738 senes
1988 699 2080 737 ur-

509 791 527 825 ‹
575 773 659 827 bis
692 774 835 829 illius
883 774 1088 837 virum,
1137 782 1193 829 ct
1234 776 1599 829 verberabant
1628 791 1771 841 eum,
1824 777 2081 830 condem-

504 882 526 913 ε
570 871 763 917 nantes
805 864 1025 933 insuper
1054 870 1271 918 centum
1301 864 1449 918 siclis
1486 865 1715 933 argenti,
1765 881 1900 934 quos
1924 862 2081 919 dabit

506 974 527 1007 ι
568 955 778 1026 puellm,
802 955 1052 1024 quoniam
1067 954 1567 1010 diﬂ‘amavitnomen
1598 956 1890 1025 pessimum
1920 971 2083 1026 super

506 1062 527 1095 ς
573 1045 836 1115 virginem
868 1043 1055 1109 Israel,
1108 1044 1435 1116 habebitque
1463 1062 1581 1101 eam
1614 1063 1858 1109 uxorem,
1881 1056 1935 1101 et
1973 1064 2077 1100 non

504 1152 527 1186 ι
572 1135 772 1205 poterit
799 1135 1070 1189 dimittere
1095 1137 1239 1189 omni
1270 1145 1510 1206 tempore
1545 1139 1669 1192 vita:
1698 1154 1827 1192 sure.
1860 1138 2010 1205 Quod
2034 1139 2079 1193 si

502 1241 527 1274 c
573 1238 762 1278 verum
779 1231 860 1277 est
887 1223 1029 1294 quod
1043 1224 1250 1294 objicit,
1273 1236 1327 1280 et
1354 1236 1561 1281 nonest
1582 1228 1797 1282 inventa
1828 1229 1879 1281 in
1903 1228 2080 1297 puella

509 1329 529 1363 ι
570 1312 876 1383 virginitas,
906 1312 1126 1381 ejicient
1153 1330 1271 1368 eam
1315 1326 1471 1370 extra
1522 1316 1662 1371 fores
1690 1318 1882 1372 domus
1908 1319 2080 1388 patris

502 1420 528 1454 ε
573 1403 676 1468 sui,
699 1412 754 1458 et
777 1403 1046 1475 lapidibus
1077 1405 1310 1461 obruent
1335 1407 1437 1461 viri
1452 1408 1688 1464 civitatis
1715 1410 1850 1479 ejus,
1883 1419 1936 1464 et
1967 1428 2083 1466 mo—

504 1512 527 1545 ι
572 1493 765 1560 rietur,
799 1495 1055 1564 quoniam
1088 1495 1214 1550 fecit
1245 1497 1398 1553 nefas
1443 1499 1496 1553 in
1524 1500 1708 1565 Israel,
1756 1510 1816 1555 ut
1844 1503 2082 1557 fornica-

503 1604 528 1637 ‹
575 1593 725 1641 retur
776 1587 830 1640 in
861 1587 1021 1643 domo
1047 1589 1217 1657 patris
1266 1590 1371 1655 sui,
1407 1598 1462 1644 et
1514 1591 1727 1647 auferes
1783 1595 1982 1650 malum
2015 1597 2081 1652 de

508 1695 530 1729 ‹
573 1678 752 1734 medio
799 1679 893 1734 tui.
941 1700 960 1731 ι
1002 1678 1151 1735 Satis
1188 1681 1315 1737 hinc
1360 1692 1583 1753 apparet
1624 1688 2075 1756 quemadmodum

1153 293 1212 349 Β.
1251 291 1505 348 RABANI
1542 290 1761 347 MAURI
1797 288 2119 345 ARCHIEP.
2161 287 2472 346 MOGUNT.
2513 288 2800 345 OPERUM
2838 286 3018 344 PARS
3054 288 3094 344 I.

502 429 528 462 ς
571 408 655 463 nit
679 406 732 463 ei
757 418 950 461 nomen
972 403 1285 474 pessimum,
1312 415 1373 458 ut
1399 403 1547 458 dicat
1575 421 1589 459 :
1624 401 1740 457 Non
1761 400 1942 456 inveni
1971 400 2080 453 vir-
2103 400 2157 462 Α

2810 420 3037 479 CAPUT
3074 423 3138 478 ν.

2180 512 2261 567 De
2284 512 2546 571 adultero.
2575 515 2681 569 sive
2706 513 2985 579 adultera;
3005 525 3052 569 et
3077 519 3141 598 de
3166 531 3225 569 eo
3250 516 3334 587 qui
3354 515 3548 572 alterius
3564 535 3688 587 spor.-

2746 601 2861 638 sam
2893 596 3142 654 rapuerit.

2256 692 2275 724 ‹
2320 672 2494 746 (Imm)
2526 673 2582 729 Si
2606 675 2986 729 dormieritvir
3011 691 3129 729 cum
3159 692 3324 731 uxore
3342 677 3689 743 alterius,uter-

2184 783 2203 815 ι
2239 780 2345 834 que
2363 767 2645 830 morietur,
2665 767 2715 821 id
2737 778 2836 829 est,
2864 766 3075 821 adulter
3096 775 3151 821 et
3169 767 3430 833 adultera;
3451 782 3501 825 et
3521 771 3687 829 auferes

2185 875 2203 906 ι
2244 856 2440 911 malum
2468 858 2533 912 de
2571 857 2752 911 Israel.
2793 878 2810 908 ι
2850 858 2962 911 Hac
2984 860 3251 913 sententia
3283 852 3522 930 quantum
3545 863 3599 916 ad
3625 865 3689 918 hi-

2180 948 2401 1001 storiam
2428 948 2682 1016 pcrtinet,
2712 948 2987 1017 legislator
3003 950 3340 1018 persequitur
3358 951 3508 1007 Israel
3528 954 3692 1011 adulte-

2179 1039 2340 1093 rium.
2386 1039 2605 1109 .\lystice
2628 1048 2808 1092 autem
2838 1039 3095 1105 insinuat,
3127 1042 3266 1109 quod
3297 1058 3397 1098 non
3414 1043 3527 1099 licet
3545 1044 3690 1103 ludam

2182 1130 2292 1185 sive
2337 1130 2590 1184 luerctico
2631 1121 2979 1200 corrumpere
3022 1132 3317 1188 Ecclesiam
3369 1134 3568 1203 Christi,
3600 1156 3692 1209 qua:

2179 1234 2372 1288 sponsa
2395 1229 2450 1273 et
2478 1236 2615 1275 uxor
2635 1233 2755 1274 esse
2771 1221 3105 1292 intelligitur,
3135 1224 3259 1293 quia
3282 1224 3398 1280 ﬁdei
3419 1235 3471 1280 et
3493 1228 3692 1283 dilectio-

2179 1310 2264 1364 nis
2283 1310 2405 1380 jure
2435 1310 2536 1363 sibi
2581 1311 2847 1365 associata
2873 1321 2978 1366 est.
3014 1311 3072 1367 Si
3101 1323 3280 1369 autem
3308 1316 3596 1373 adulterium
3612 1319 3692 1375 hu-

2175 1400 2476 1471 juscemodi
2511 1409 2882 1469 perpetratum
2935 1403 3039 1468 sit,
3091 1413 3368 1475 corruptor
3393 1414 3443 1461 et
3484 1421 3690 1480 corrupta

2180 1497 2359 1561 simul,
2385 1497 2495 1550 sive
2527 1512 2624 1566 per
2666 1497 3038 1566 pmnitentiam
3089 1501 3226 1554 mori
3257 1501 3443 1557 debent
3489 1518 3687 1574 peccato,

2180 1604 2273 1643 seu
2297 1604 2393 1658 per
2418 1588 2710 1641 vindictam
2740 1589 3167 1657 imptenitentes,
3194 1600 3391 1646 aeterno
3414 1595 3694 1665 deputabun-

2186 1685 2275 1732 tur
2301 1685 2587 1732 tormento.
2613 1697 2630 1727 ι
2661 1677 2716 1731 Si
2741 1678 2973 1747 puellam
2994 1678 3259 1751 virginem
3286 1681 3692 1752 desponderitvir,

503 1767 748 1823 subditas
772 1767 1002 1824 feminas
1028 1770 1163 1825 viris
1193 1778 1248 1824 et
1277 1786 1413 1840 pene
1459 1772 1694 1855 famulas
1737 1775 1824 1830 lex
1854 1777 2084 1831 voluerit

2193 1788 2211 1819 ι
2255 1777 2310 1823 et
2340 1768 2608 1823 invenerit
2635 1783 2753 1822 eam
2782 1768 2976 1837 aliquis
3019 1770 3072 1823 in
3100 1770 3338 1835 civitate,
3363 1780 3414 1826 et
3445 1775 3695 1827 concubue-

497 1872 627 1913 esse
676 1873 915 1913 uxores:
948 1860 1091 1928 quod
1148 1859 1335 1915 dicens
1396 1863 1658 1918 adversus
1715 1880 1940 1921 uxorem
1999 1868 2085 1921 vir

504 1947 872 2003 testimonium
909 1948 1050 2004 unde
1079 1949 1411 2019 lapidaretur
1436 1951 1522 2004 illa
1554 1953 1598 2006 si
1625 1953 1727 2006 hoc
1749 1969 1937 2009 verum
1966 1972 2086 2011 csse

500 2038 993 2107 demonstraretur,
1026 2042 1140 2112 ipse
1169 2049 1348 2097 tamen
1393 2059 1497 2099 non
1530 2045 1768 2101 vicissim
1813 2048 2086 2118 lapidatur

503 2130 547 2185 si
577 2130 681 2186 hoc
706 2130 900 2187 falsum
945 2145 1067 2188 esse
1102 2134 1433 2200 constiterit,
1463 2136 1558 2191 sed
1589 2140 1968 2195 tantummodo
1993 2155 2084 2195 ca-

501 2221 735 2293 stigatur
781 2231 836 2279 et
886 2224 1306 2293 damniﬁcatur,
1353 2227 1512 2297 eique
1559 2239 1821 2299 perpetuo
1865 2231 2086 2301 jubetur

502 2312 784 2370 adhaerere
809 2330 915 2384 qua
944 2331 1132 2373 carere
1162 2318 1428 2374 voluerat.
1456 2320 1514 2373 In
1545 2320 1669 2376 aliis
1701 2329 1882 2378 autem
1904 2325 2084 2380 causis

501 2416 628 2458 eum
659 2404 752 2473 qui
783 2406 1094 2462 testimonio
1122 2406 1256 2463 falso
1297 2411 1551 2479 cuiquam
1591 2414 1855 2477 nocuerit,
1888 2414 1932 2469 si
1954 2430 2083 2486 pro-

504 2491 750 2558 baretur,
781 2495 945 2564 jussit
965 2498 1160 2563 occidi,
1190 2507 1246 2553 et
1274 2501 1463 2556 eadem
1513 2516 1674 2572 pmna
1727 2504 1885 2575 plecti
1907 2503 2082 2572 jubet,

506 2599 613 2655 qua
650 2585 848 2651 fuerat,
894 2590 940 2643 si
975 2604 1163 2645 verum
1192 2602 1356 2658 esset,
1388 2594 1489 2649 iste
1515 2596 1849 2665 plectendus.
1883 2597 2086 2653 Secun-

505 2677 634 2732 dum
655 2678 967 2751 allegoriam
990 2691 1171 2739 autem
1220 2684 1361 2741 hunc
1385 2702 1601 2743 sensum
1632 2690 1689 2745 in
1730 2691 1832 2746 hoc
1859 2692 1978 2747 loco
2009 2700 2087 2748 te-

505 2784 639 2826 nere
665 2786 973 2839 possumus,
993 2781 1051 2828 ut
1076 2772 1123 2831 si
1148 2777 1271 2845 quis
1288 2777 1479 2833 doctor
1499 2781 1727 2849 accipiat
1746 2781 1958 2850 plebem
1986 2783 2086 2839 sub

504 2876 637 2917 cura
663 2878 727 2918 ac
752 2865 1014 2936 regimine
1060 2882 1179 2935 suo,
1227 2877 1285 2925 et
1314 2878 1500 2940 postea
1528 2881 1753 2943 propter
1798 2877 2085 2932 avaritiam

506 2963 670 3025 atque
708 2956 1060 3014 ambitionem
1093 2958 1316 3029 majoris
1342 2963 1698 3034 principatus,
1727 2981 1820 3021 seu
1847 2968 2090 3038 qualibet

506 3043 692 3100 illicita
717 3049 1024 3113 occasione,
1046 3049 1331 3105 ecclesiam
1354 3052 1456 3107 sibi
1472 3055 1818 3110 commissam
1835 3057 2086 3112 deserere

500 3136 758 3202 voluerit,
788 3138 972 3208 illique
998 3155 1196 3196 nomen
1222 3144 1515 3211 pessimum
1546 3145 1661 3200 sive
1697 3147 1943 3215 barresis,
1991 3164 2085 3205 seu
2113 3115 2159 3178 Ο

506 3227 888 3282 inobedientiae
910 3229 1046 3284 falso
1078 3231 1411 3301 imposuerit,
1442 3236 1590 3303 quod
1624 3236 1771 3290 illam
1800 3252 1906 3292 non
1938 3238 2088 3295 inve-

505 3318 652 3372 nerit
682 3318 738 3372 in
763 3333 827 3373 ea
859 3320 1168 3390 virginitate
1202 3339 1309 3393 qua
1332 3324 1620 3394 Apostolus
1646 3328 1999 3399 despondisse
2027 3348 2086 3388 se

507 3406 646 3462 dixit
693 3407 1095 3466 Corinthiorum
1123 3415 1435 3481 ecclesiam,
1473 3435 1492 3468 ‹
1522 3419 1616 3473 uni
1660 3420 1781 3475 viro
1817 3422 2084 3494 virginem

505 3507 716 3555 castam
739 3501 996 3558 exhibere
1022 3503 1242 3563 Christo
1269 3507 1355 3580 (11
1387 3507 1507 3564 Cor.
1533 3510 1633 3585 χι),
1666 3532 1685 3565 ι
1720 3521 1875 3584 pater
1898 3517 2086 3586 puellae

504 3590 888 3647 vestimentum
943 3608 1124 3649 coram
1163 3598 1467 3659 senioribus
1516 3601 1750 3658 civitatis
1796 3605 1865 3659 ad
1890 3607 2086 3675 proba-

505 3693 750 3739 mentum
775 3684 1101 3756 virginitatis
1122 3687 1246 3743 ﬁliae
1266 3705 1377 3746 sute
1406 3693 1682 3762 expandit,
1721 3709 1844 3749 cum
1874 3710 1940 3750 ex
1972 3697 2086 3751 col-

505 3773 708 3829 latione
731 3775 1035 3831 divinorum
1052 3777 1541 3847 Testamentorum,
1565 3799 1728 3854 opera
1754 3794 1810 3841 et
1827 3785 1958 3841 fides
1971 3787 2087 3857 ple-

505 3865 611 3930 bis,
652 3869 794 3937 apud
821 3870 1108 3939 magistros
1124 3871 1378 3927 Ecclesia:
1400 3874 1744 3943 dijudicatur.
1770 3877 1912 3934 Deus
1934 3881 2082 3934 enim

505 3961 664 4023 pater
694 3956 1072 4013 universorum
1117 3969 1222 4027 est,
1250 3960 1403 4030 cujus
1426 3964 1626 4043 indicio
1659 3967 1871 4022 occulta
1914 3970 2087 4025 mani-

503 4044 793 4100 festantur.
834 4047 1046 4103 Etcum
1068 4054 1332 4121 repererit
1351 4069 1419 4107 ex
1438 4054 1642 4123 judicio
1677 4058 1984 4114 divinorum
2017 4061 2084 4116 li-

503 4134 727 4192 brorum
761 4138 1039 4196 doctorem
1096 4143 1247 4198 illum
1274 4146 1477 4201 invidia
1513 4158 1607 4204 aut
1653 4152 1884 4206 avaritia
1910 4155 2085 4225 magis

506 4235 817 4298 corruptum
843 4246 1002 4299 quam
1027 4247 1214 4288 verum
1241 4235 1443 4290 dixisse
1469 4236 1537 4292 de
1572 4239 1940 4307 subiectorum
1970 4258 2086 4297 mo-

505 4318 658 4374 ribus
686 4336 748 4375 ac
776 4320 900 4387 fide,
933 4322 1186 4379 Ecclesia:
1214 4326 1536 4382 auctoritate
1550 4330 1895 4401 corripiatur,
1923 4341 2085 4403 atque

2191 1878 2211 1909 ‹
2256 1859 2327 1913 rit
2348 1875 2469 1914 cum
2504 1873 2592 1925 ea,
2618 1860 2815 1914 educes
2838 1867 3126 1931 utrumque
3173 1863 3239 1917 ad
3280 1873 3475 1933 portam
3496 1865 3634 1931 illius,
3657 1876 3696 1921 et

2191 1969 2208 2001 ‹
2259 1949 2526 2019 iapidibus
2562 1950 2823 2003 obruetur
2855 1968 2867 2002 :
2902 1950 3077 2020 puella
3111 1993 3125 2016 ,
3169 1953 3290 2020 quia
3341 1969 3439 2008 non
3486 1954 3695 2010 clamavit

2193 2060 2211 2093 ς
2254 2056 2376 2096 cum
2398 2049 2542 2095 esset
2571 2040 2624 2094 in
2649 2040 2867 2095 civitate
2890 2058 2906 2107 ;
2932 2042 3033 2106 vir,
3061 2044 3190 2111 quia
3214 2042 3497 2100 humiliavit
3520 2062 3698 2101 uxorem

2192 2153 2211 2185 ι
2256 2135 2487 2205 proximi
2517 2135 2600 2190 sui
2635 2152 2648 2189 :
2679 2144 2734 2189 et
2760 2134 2977 2191 auferes
3003 2136 3205 2191 malum
3231 2137 3295 2192 de
3340 2139 3500 2193 medio
3528 2139 3606 2192 tui.
3625 2137 3699 2192 Sin

2192 2243 2210 2275 ι
2254 2234 2435 2280 autem
2465 2226 2518 2280 in
2549 2241 2679 2297 agro
2714 2227 2978 2296 repererit
3008 2226 3090 2279 vir
3129 2227 3357 2297 puellam
3386 2242 3493 2297 qua:
3515 2228 3699 2298 despon—

2192 2336 2212 2369 c
2250 2326 2369 2374 sata
2403 2328 2505 2385 est,
2545 2324 2600 2373 et
2635 2318 3044 2389 apprehendens
3077 2320 3419 2375 concubuerit
3466 2336 3571 2374 cum
3612 2320 3699 2385 illa,

2194 2431 2212 2462 ι
2258 2412 2371 2481 ipse
2421 2414 2683 2467 morietur
2738 2410 2908 2466 solus.
2954 2410 3136 2467 Puella
3182 2412 3313 2466 nihil
3363 2413 3597 2481 patietur,
3624 2425 3701 2464 nec

2192 2520 2211 2553 ι
2256 2510 2342 2556 est
2368 2517 2461 2557 rea
2492 2501 2702 2566 mortis,
2727 2502 2979 2572 quoniam
3005 2502 3148 2556 sicut
3171 2502 3306 2557 latro
3330 2511 3501 2557 contra
3521 2500 3699 2554 fratrem

2193 2612 2212 2646 ι
2256 2610 2411 2648 suum
2438 2594 2715 2663 consurgit
2750 2600 2804 2648 et
2846 2594 3050 2648 occidit
3075 2594 3331 2657 animam,
3360 2594 3431 2647 ita
3475 2602 3523 2647 et
3562 2592 3701 2662 puclla

2192 2704 2212 2737 ς
2256 2699 2510 2756 perpessa
2527 2694 2627 2740 est.
2660 2684 2784 2740 Sola
2811 2694 2933 2739 erat
2959 2685 3184 2755 inagro,
3207 2686 3466 2750 clamavit,
3491 2695 3539 2740 et
3564 2684 3702 2739 rutilus

2192 2795 2211 2827 ι
2257 2774 2410 2830 all‘uit
2439 2776 2528 2848 qui
2560 2775 2818 2831 liberaret
2846 2791 2989 2830 eam.
3024 2796 3042 2828 ι
3090 2776 3151 2830 In
3192 2777 3295 2832 isto
3323 2777 3457 2830 enim
3497 2775 3643 2845 capite
3660 2784 3703 2828 et

2187 2868 2243 2923 in
2268 2865 2620 2937 sequentibus
2655 2867 2881 2933 duobus,
2931 2867 3188 2922 similiter
3212 2866 3536 2937 corporalem
3567 2864 3701 2919 forni-

2192 2961 2461 3017 cationem
2482 2958 2568 3015 lex
2596 2957 2840 3024 damnat,
2870 2959 3015 3015 sicut
3039 2969 3096 3015 et
3138 2960 3195 3015 in
3258 2959 3455 3016 duobus
3485 2958 3701 3028 prioribus

2189 3052 2336 3109 fecit.
2369 3052 2678 3108 Secundum
2709 3053 3027 3123 mysterium
3054 3060 3240 3108 autem
3267 3052 3507 3123 spiritalis
3534 3051 3608 3104 hic
3626 3049 3703 3101 for-

2190 3142 2391 3197 nicatio
2420 3141 2777 3209 demonstrari
2818 3141 2980 3196 valet.
3012 3141 3198 3196 Puella
3231 3157 3356 3212 ergo
3403 3141 3515 3200 ista.
3536 3136 3606 3192 vel
3623 3136 3704 3206 ple-

2185 3236 2309 3290 bern
2341 3233 2610 3305 significat
2647 3233 3093 3297 ecclesiasticam,
3127 3234 3215 3289 vel
3243 3234 3465 3288 animam
3490 3228 3705 3286 Christia-

2185 3341 2312 3380 nam
2342 3325 2525 3380 divino
2552 3324 2717 3380 verbo
2743 3326 3077 3379 maritatam.
3109 3324 3291 3397 Quam,
3315 3326 3356 3379 si
3379 3323 3490 3394 quis
3511 3319 3701 3382 Judaaus,

2185 3417 2271 3472 vel
2321 3416 2629 3477 bmreticus.
2664 3416 2779 3470 sive
2827 3415 3231 3481 schismaticus,
3267 3431 3356 3471 seu
3400 3409 3705 3485 paganlIS.in'

2186 3509 2397 3563 venerit
2435 3508 2487 3563 in
2517 3509 2737 3563 civitate
2779 3508 3034 3578 Ecclesiae
3058 3509 3345 3565 catholica:
3390 3506 3697 3563 constitutam.

2186 3609 2242 3656 et
2263 3600 2461 3655 ibidem
2493 3615 2680 3655 errore
2709 3601 3082 3665 maculaverit,
3112 3600 3339 3671 ipsaque
3369 3599 3415 3655 ei
3440 3606 3704 3654 consensum

2185 3693 2388 3748 erroris
2414 3693 2726 3763 praebuerit,
2757 3708 2857 3747 nec
2876 3708 3000 3747 eum
3023 3693 3144 3747 aliis
3175 3690 3586 3751 manifestaverit,
3604 3700 3705 3755 qua-

2189 3793 2345 3839 tenus
2360 3800 2459 3855 pro
2479 3795 2661 3841 errata
2684 3802 2785 3841 suo
2810 3787 3159 3856 corripiatur,
3194 3787 3351 3842 ambo
3373 3784 3446 3841 rei
3466 3788 3576 3839 sunt
3599 3793 3706 3833 mor-

2189 3874 2277 3931 tis.
2309 3874 2366 3930 Si
2398 3884 2579 3931 autem
2608 3876 2918 3932 Christiana
2946 3878 3137 3933 effecta
3169 3887 3253 3934 est
3280 3877 3368 3932 illa
3406 3886 3606 3946 persona
3628 3881 3704 3922 nec

2187 3964 2242 4019 in
2271 3966 2586 4021 societatem
2630 3975 2943 4023 sanctorum
2973 3977 3244 4038 suscepta,
3278 3969 3368 4025 sed
3392 3974 3578 4022 tantum
3600 3958 3702 4015 foris

2187 4059 2480 4114 Ecclesiam
2493 4075 2591 4130 per
2602 4060 2987 4115 catechismum
2999 4076 3124 4116 vera
3139 4062 3344 4116 imbuta
3358 4060 3476 4125 ﬁde,
3488 4065 3539 4112 et
3550 4054 3703 4109 ibidem

2188 4166 2217 4205 a
2246 4150 2488 4221 quolibet
2517 4168 2745 4208 erroneo
2773 4151 2937 4207 fuerit
2957 4164 3233 4224 corrupta,
3266 4170 3329 4209 ac
3350 4168 3442 4224 per
3462 4149 3699 4205 falsitatem

2189 4242 2428 4307 seducta,
2478 4243 2732 4298 seductor
2761 4243 2852 4298 ille
2896 4259 2994 4313 per
3024 4246 3315 4299 anathema
3358 4241 3524 4313 puniri
3564 4235 3701 4293 debet.

2188 4333 2277 4387 illa
2305 4341 2482 4388 autem
2526 4332 2595 4387 ad
2623 4334 2781 4389 fidem
2833 4335 3103 4405 inceptam
3134 4335 3398 4402 revocari,
3427 4348 3486 4387 ac
3510 4342 3593 4400 per
3613 4336 3707 4396 εἴπ’

506 4410 863 4483 redarguatur
890 4414 958 4469 ab
987 4417 1272 4483 omnibus;
1310 4427 1637 4490 centumque
1671 4421 1833 4477 siclos
1864 4424 2076 4495 argenti
2114 4462 2165 4521 Β
2192 4426 2322 4482 tiam
2346 4426 2685 4496 baptismatis
2711 4427 2779 4481 ab
2806 4426 3051 4482 hostibus
3071 4427 3313 4483 liberari.

506 4499 694 4521 κώπῃ
769 4502 868 4521 ,λυ
1136 4504 1159 4521 ..
1477 4508 1491 4521 .
1568 4518 1578 4521 -
1622 4510 1634 4521 .
1791 4519 1797 4521 .

505 4499 718 4569 puellm,
769 4502 873 4558 hoc
901 4510 1002 4566 est,
1034 4504 1425 4573 perfectionem
1460 4508 1724 4566 doctrina:
1749 4519 1914 4581 atque
1937 4511 2085 4567 solli-

509 4590 764 4647 citudinis
812 4593 1124 4662 impendere
1176 4596 1322 4667 plebi
1372 4608 1638 4669 susceptae
1689 4611 1933 4672 cogatur.
1976 4604 2087 4661 Nec

507 4695 745 4749 unquam
774 4683 1045 4739 dimittere
1066 4687 1286 4755 poterit,
1307 4690 1434 4758 quia
1459 4693 1755 4747 secundum
1769 4697 2085 4750 canonicam

507 4770 843 4827 sanctionem
873 4789 979 4829 non
1001 4774 1129 4830 licet
1153 4777 1204 4832 ei
1235 4779 1300 4833 de
1319 4794 1417 4834 sua
1441 4781 1671 4835 ecclesia
1697 4783 1764 4837 ad
1790 4783 1951 4838 aliam
1969 4786 2087 4841 sine

506 4860 753 4931 synodali
797 4865 1119 4924 auctoritate
1152 4869 1459 4926 convolare.
1494 4869 1550 4927 Si
1596 4880 1777 4928 autem
1815 4874 1968 4944 plebs
1997 4876 2084 4932 illa

507 4961 750 5023 stuprata
772 4970 867 5010 seu
893 4958 1041 5013 vitiis
1061 4970 1317 5031 corrupta
1340 4962 1561 5018 inventa
1590 4962 1777 5030 fuerit,
1805 4980 1873 5020 ne
1899 4977 2084 5035 postea

505 5057 606 5114 per
646 5046 1078 5103 emendationem
1121 5052 1399 5122 corrigere
1449 5054 1702 5120 voluerit,
1742 5065 1897 5111 extra
1941 5057 2087 5114 fores

507 5136 702 5192 domus
720 5137 901 5194 Patris
926 5142 1146 5207 summi,
1178 5143 1283 5199 hoc
1309 5152 1414 5219 est,
1441 5154 1595 5201 extra
1615 5147 1802 5202 limina
1831 5149 2086 5205 Ecclesia:

507 5240 710 5288 sancta:
732 5233 1107 5304 episc0porum
1141 5238 1407 5292 sententia
1456 5238 1629 5308 pulsa,
1675 5239 1943 5311 lapidibus
1966 5243 2087 5297 duri

506 5325 868 5380 anathematis
904 5326 1191 5392 obruatur,
1235 5329 1361 5396 quia
1389 5328 1547 5383 fidem
1599 5332 1920 5386 catholicam
1964 5349 2086 5388 cor-

506 5430 762 5487 rumpere
805 5434 913 5473 non
970 5418 1166 5485 timuit,
1215 5436 1315 5476 nec
1358 5432 1544 5492 postea
1596 5424 1970 5493 paenitentiam
2019 5426 2085 5480 de

507 5516 767 5579 concepta
800 5510 1041 5582 nequitia
1067 5526 1249 5584 agere,
1282 5528 1383 5569 nec
1410 5529 1470 5571 se
1506 5516 1780 5587 corrigere
1810 5518 1997 5573 voluit.

2809 4537 3034 4594 CAPUT
3072 4539 3160 4593 VI.

2191 4630 2270 4685 De
2288 4648 2348 4685 eo
2371 4630 2463 4701 qui
2494 4648 2611 4685 cum
2628 4629 2801 4702 puella
2826 4632 3057 4685 nondum
3082 4632 3395 4702 desponsata
3406 4619 3702 4682 concubuerit-

2268 4738 2286 4771 α
2326 4719 2502 4791 (Imm)
2531 4720 2589 4774 Si
2642 4721 2906 4775 invenerit
2952 4722 3038 4775 vir
3066 4721 3298 4791 puellam
3340 4719 3577 4789 virginem
3614 4720 3706 4779 quit

2197 4830 2217 4863 ι
2258 4827 2364 4866 non
2391 4811 2554 4867 habet
2588 4826 2864 4881 sponsum,
2900 4819 2952 4865 ct
2975 4813 3381 4881 apprehendens
3413 4796 3703 4892 concubuerit

2198 4921 2217 4953 ι
2260 4918 2382 4958 cum
2433 4917 2520 4967 ea,
2561 4911 2615 4957 et
2644 4918 2732 4957 res
2786 4902 2855 4956 ad
2879 4902 3144 4972 judicium
3176 4899 3464 4961 devenerit,
3491 4892 3615 4948 dabit
3634 4898 3703 4987 qttl

2193 5013 2211 5045 σ
2259 4995 2512 5049 dormivit
2558 5009 2680 5048 cum
2728 5009 2791 5048 ea
2841 4993 2984 5063 patri
3027 4995 3216 5063 puellae
3264 4986 3614 5061 quinquaginta
3651 4986 3704 5029 si-

2194 5107 2213 5137 (
2259 5086 2371 5140 clos
2407 5098 2617 5155 argenti
2645 5126 2659 5150 ,
2702 5093 2758 5139 et
2798 5085 3016 5139 habebit
3067 5102 3185 5139 cum
3222 5096 3469 5142 uxorem,
3496 5074 3603 5144 quia
3626 5068 3700 5159 bu-

2194 5197 2212 5228 ι
2259 5176 2487 5231 miliavit
2506 5191 2663 5238 eam;
2693 5191 2796 5229 non
2841 5177 3039 5245 poterit
3087 5192 3204 5230 eam
3233 5173 3492 5226 dimittere
3535 5165 3702 5254 Clillt’lls

2195 5286 2213 5319 ι
2261 5269 2450 5322 diebus
2499 5268 2624 5320 vitae
2676 5282 2806 5321 sum.
2849 5286 2867 5319 ι
2918 5267 2974 5320 Si
3025 5277 3201 5320 autem
3255 5258 3507 5317 invenerit
3548 5248 3703 5315 aii‘i“Is

2189 5360 2422 5431 puellam
2460 5360 2744 5429 virginem,
2777 5374 2895 5428 qua:
2924 5368 3175 5428 sponsata
3199 5371 3302 5408 non
3328 5361 3425 5413 est,
3454 5356 3503 5403 et
3535 5334 3702 5441 vim.

2192 5454 2340 5509 ciens
2370 5453 2421 5507 ei
2446 5451 2727 5507 dormierit
2755 5468 2876 5508 cum
2902 5467 2990 5516 ca,
3020 5451 3168 5505 dabit
3192 5447 3332 5518 patri
3369 5437 3700 5535 quicqu-agi"?

2193 5543 2503 5601 didracbma
2524 5545 2752 5614 argenti,
2768 5554 2822 5598 et
2843 5544 3010 5613 ipsius
3029 5543 3131 5597 erit
3151 5555 3304 5601 uxor,
3319 5535 3437 5605 quia
3454 5520 3701 5614 humilia)“

2193 5650 2346 5700 eam;
2376 5650 2479 5688 non
2516 5605 2715 5704 poierit
2742 5605 3013 5689 dimittere
3060 5648 3155 5703 per
3186 5640 3341 5682 omne
3387 5630 3590 5713 tempus.
3617 5605 3701 5713 hic:

2197 5728 2298 5784 rito
2318 5727 2580 5796 qua‘ritur
2601 5735 2779 5780 utrum
2819 5726 2919 5779 ista
2946 5740 3104 5795 poma
3129 5723 3196 5778 sit
3221 5726 3281 5773 ut
3306 5729 3409 5773 non
3437 5708 3583 5783 possit
3604 5708 3695 5754 eam
