3964 6192
311 313 419 371 ωε)
1095 315 1496 379 ENABRATIO
1534 321 1760 381 SUPER
1798 325 2414 386 DEUTERONOMIUM.
2453 360 2523 370 —-
2561 331 2684 387 LIB.
2726 335 2810 390 lil.
3472 349 3578 409 950

310 425 593 481 dimittere
618 439 717 495 per
743 438 905 480 omne
928 433 1162 498 tempus,
1206 446 1373 500 quam
1408 433 1713 492 inordinate
1741 446 1904 509 atque
1929 441 1983 501 Α
2012 457 2032 491 ι
2080 441 2200 507 tibi,
2228 450 2285 496 et
2302 442 2475 499 noluit
2510 444 2770 503 Dominus
2800 448 2944 505 Deus
2975 458 3100 508 tuus
3126 456 3314 515 audire
3334 459 3578 535 Balaam,

309 516 501 573 illicite
523 517 767 573 violavit.
812 515 869 572 Si
899 519 1043 572 enim
1072 521 1143 575 ob
1171 520 1276 577 hoc
1314 523 1617 593 intelligere
1662 527 1896 583 volueri-
2004 548 2024 582 ι
2071 534 2346 605 vertitque
2402 537 2836 594 maledictionem
2861 538 2979 609 ejus
3028 543 3083 598 in
3147 515 3578 615 benedictione;

306 624 434 664 mus
461 624 582 663 eam
625 624 730 663 non
766 623 947 678 posse,
976 610 1028 664 id
1049 619 1298 719 est,mnon
1326 614 1525 671 debere
1553 617 1751 673 dimitti
1798 634 1897 689 per
2002 637 2024 671 ι
2067 633 2238 687 tuam,
2266 639 2332 679 eo
2366 627 2509 696 quod
2537 628 2787 700 diligeret
2814 638 2886 687 te.
2934 631 3012 687 Ne
3036 633 3204 693 facias
3224 656 3346 697 cum
3368 610 3578 719 eispa:

301 712 470 754 omne
502 707 744 768 tempus,
777 698 903 767 quia
943 714 1081 754 uxor
1108 699 1298 755 etfecta
1328 711 1412 757 est
1433 745 1448 769 ,
1482 716 1734 762 occurret
1762 708 1893 762 illud
1999 729 2017 762 ι
2062 727 2181 768 cem
2201 752 2217 779 ,
2256 730 2357 770 nec
2411 698 2734 785 quzeraseis
2761 720 2924 785 bona,
2957 725 3168 781 cunctis
3211 729 3400 788 diebus
3445 698 3574 795 vitae

304 789 454 860 quod
502 789 748 859 permisit
805 788 1057 860 Moyses,
1109 792 1238 846 dare
1285 793 1523 851 libellum
1580 800 1785 869 repudii
1837 810 1895 856 et
1998 818 2017 850 ι
2066 809 2168 856 tua:
2190 802 2242 857 in
2266 807 2674 874 sempiternum.
2708 808 2872 865 iAlia
2890 812 3055 869 editio
3076 816 3156 871 sic
3177 818 3378 876 habet:

303 882 582 936 dimittere
606 880 785 951 (Deut.
816 882 985 952 xxiv).
1017 882 1075 936 ln
1105 884 1191 938 his
1230 894 1412 941 autem
1438 903 1559 957 quae
1606 890 1791 948 illicite
1810 894 1892 948 vi-
1996 908 2015 940 ι
2059 891 2282 948 intrabit
2314 895 2648 954 Ammonites
2670 908 2726 954 et
2762 902 3023 962 Moabites
3061 908 3115 963 in
3147 913 3434 972 ecclesiam

304 972 468 1037 tiant,
506 970 885 1038 noluitliccrc,
916 988 982 1027 ne
1003 975 1069 1027 ad
1099 974 1389 1032 ludibrium
1412 978 1605 1037 fecisse
1620 982 1883 1051 videatur,
1995 999 2014 1030 ί
2058 982 2209 1048 mini,
2233 1000 2401 1054 usque
2448 987 2502 1041 in
2530 992 2939 1060 sempiternum.
2977 1016 2998 1048 ι
3035 998 3273 1066 Quaestio
3320 1016 3406 1064 est
3434 1027 3569 1081 quo-

391 1062 566 1081 “an,
891 1079 977 1081 νη
1010 1062 1066 1081 ,γ
1469 1070 1484 1081 .
1628 1073 1640 1081 .
2096 1071 2109 1081 .
2179 1072 2191 1081 .
2424 1077 2435 1081 -
2516 1078 2544 1081 _
2628 1080 2631 1081 ν

300 1070 361 1115 ut
391 1062 570 1132 potius
595 1061 844 1117 ﬁnxisset
882 1062 1024 1132 quod
1048 1080 1167 1119 eam
1195 1083 1422 1123 uxorem
1451 1070 1686 1139 duxerit,
1721 1090 1884 1144 quam
1986 1071 2146 1125 modo
2177 1072 2463 1130 intraverit
2513 1078 2678 1144 Ruth,
2717 1098 2838 1150 qua:
2879 1061 3128 1144 Moabitis
3169 1092 3311 1161 fuit,
3439 1061 3567 1171 1qua

299 1167 432 1206 vere
459 1150 769 1222 placitoque
799 1153 1035 1208 duxisse.
1065 1154 1179 1211 Hoc
1219 1165 1276 1210 et
1300 1158 1366 1213 de
1408 1158 1499 1214 illa
1516 1159 1729 1229 jussum
1776 1173 1880 1228 est,
1984 1161 2148 1215 etiam
2176 1179 2306 1219 caro
2351 1165 2563 1231 Domini
2602 1171 2870 1242 originem
2895 1180 3105 1248 accepit
3146 1183 3232 1237 vel
3256 1150 3426 1255 duxit,

296 1243 387 1297 cui
426 1243 592 1298 fuerit
618 1244 701 1298 vir
734 1244 1112 1312 calumniatus,
1163 1248 1232 1303 de
1261 1248 1618 1321 virginalibus
1648 1270 1755 1309 non
1800 1256 1884 1310 in-
1983 1250 2121 1307 ΐοΐῑε
2155 1254 2313 1309 istam
2364 1260 2588 1328 mystice
2613 1243 3387 1332 ΡΐορδθιθνθΓῘι-ίοιτθιυτθηι

293 1332 493 1387 ventis.
529 1351 551 1382 ‹
578 1332 697 1388 Non
724 1334 953 1402 accipiet
986 1335 1147 1390 homo
1173 1352 1397 1393 uxorem
1445 1342 1616 1410 patris
1646 1344 1749 1409 sui,
1780 1360 1881 1400 nec

295 1420 560 1475 revelabit
616 1421 1011 1491 operimentum
1075 1424 1212 1494 ejus.
1258 1444 1278 1477 ι
1332 1425 1495 1481 Pater
1546 1438 1734 1485 noster
1778 1448 1871 1488 se-

289 1513 530 1567 cundum
568 1513 930 1569 conditionem
958 1530 1064 1584 qua
1086 1531 1185 1572 nos
1215 1519 1422 1573 creavit
1473 1519 1723 1578 Christus
1744 1533 1869 1591 est;

287 1619 435 1658 uxor
460 1613 543 1659 est
561 1605 679 1675 ejus
703 1605 964 1661 Ecclesia.
997 1605 1113 1661 Non
1143 1606 1272 1663 licet
1317 1609 1519 1665 homini
1550 1611 1865 1683 dignitatem

1981 1341 2076 1406 ait,
2120 1362 2138 1393 ι
2189 1361 2360 1415 usque
2397 1348 2464 1402 ad
2505 1351 2770 1407 decimam
2799 1360 3224 1425 generationem.
3265 1384 3284 1419 ι
3322 1367 3562 1441 Compu-

1979 1440 2164 1488 tantur
2188 1438 2334 1490 enim
2376 1440 2759 1509 generationes
2785 1462 2850 1500 ex
2884 1448 3162 1507 Abraham
3202 1464 3257 1509 et
3286 1438 3566 1531 Lotb,—qui

1977 1527 2162 1594 genuit
2184 1528 2445 1586 Moabitas
2463 1547 2528 1587 ex
2555 1534 2768 1592 filiabus
2792 1556 2805 1592 :
2839 1549 2893 1594 et
2922 1542 3265 1602 inveniuntur
3289 1565 3412 1606 cum
3439 1527 3558 1623 ipso

1975 1615 2249 1674 Abraham
2294 1624 2552 1695 compleri
2607 1626 2795 1685 decem
2841 1637 3242 1707 generationes,

287 1694 476 1764 sponsi
512 1695 668 1750 istius
717 1694 1018 1751 transferre
1064 1699 1117 1751 in
1148 1712 1227 1762 se,
1257 1713 1359 1754 nec
1393 1699 1596 1755 violare
1622 1716 1875 1770 sponsam
1900 1786 1943 1795 _
1977 1707 2218 1777 Salmon,
2263 1715 2357 1783 qui
2408 1718 2595 1788 genuit
2638 1719 2784 1777 Booz
2812 1694 2959 1794 ,vqui
3009 1694 3241 1787 maritus
3290 1694 3561 1795 sedandos

283 1784 429 1853 ejus.
484 1785 662 1840 Violat
701 1786 880 1853 enim,
929 1787 972 1842 si
1008 1802 1252 1843 amorem
1303 1804 1465 1859 quem
1518 1791 1632 1860 ipse
1670 1808 1872 1862 sponso
1900 1786 1946 1845 Β
1976 1796 2078 1853 fuit
2100 1799 2266 1856 Ruth.
2307 1784 2446 1861 Sunt
2466 1810 2611 1865 enim
2635 1784 3119 1884 istaaz'Abraham,
3164 1784 3559 1896 Isaac,

282 1892 510 1934 scrvare
536 1878 743 1944 debuit,
783 1886 1082 1935 commutat
1116 1881 1170 1935 in
1203 1896 1283 1947 se,
1334 1884 1552 1940 quando
1601 1899 1669 1939 ex
1730 1886 1870 1941 dono

278 1977 543 2038 percepto
566 1970 785 2025 virtutis
805 1970 919 2026 sive
936 1972 1341 2041 praedicationis
1354 1975 1642 2045 propriam
1655 1977 1868 2033 laudem

279 2059 633 2128 qumrit,‘non
666 2059 782 2115 Dei.
812 2061 926 2117 Hoc
966 2063 1112 2121 enim
1143 2064 1361 2119 studere
1387 2066 1548 2120 debet
1567 2069 1866 2137 unusquis-

280 2166 390 2220 que
416 2151 609 2207 doctor
636 2160 698 2206 ut
729 2161 898 2207 totum
930 2170 1169 2210 amorem
1213 2155 1387 2226 plebis
1424 2158 1528 2212 sibi
1566 2160 1869 2216 commissa:

279 2249 568 2295 convertat
610 2241 663 2295 in
712 2242 902 2309 Deum,
951 2245 1175 2314 ejusque
1222 2245 1447 2316 gloriam
1503 2256 1559 2302 et
1602 2248 1865 2305 honorem

277 2338 520 2400 qumrat,
553 2331 707 2402 cujus
754 2334 893 2413 dono
921 2336 1164 2406 percepit
1207 2337 1261 2390 id
1309 2338 1450 2406 quod
1475 2338 1596 2394 aliis
1638 2339 1868 2413 largitur

1972 1887 2161 1991 indas,
2202 1893 2429 1991 Phares,
2472 1900 2687 1970 Esrom,
2732 1904 2922 1973 Aram,
2960 1909 3290 1983 Aminadab,
3315 1887 3558 1991 Naason,

1973 1978 2214 2078 Salmon.
2265 1984 2487 2045 Salmon
2534 1994 2733 2065 quippe
2781 2001 2969 2067 genuit
2997 2002 3162 2070 Booz,
3212 1978 3305 2078 qui
3336 1978 3557 2069 viduani

1969 2072 2124 2174 dux-it
2151 2075 2302 2133 Ruth
2334 2096 2348 2133 :
2380 2096 2447 2136 ac
2465 2097 2565 2174 per
2592 2087 2696 2142 hoc
2724 2078 2936 2144 videtur
2958 2103 3082 2162 post
3100 2072 3366 2156 decimam
3387 2120 3557 2174 gene-

1968 2164 2233 2222 rationem
2257 2184 2428 2240 genus
2467 2173 2662 2232 fecisse
2700 2178 2755 2233 in
2778 2183 3006 2238 ecclesia
3035 2185 3267 2257 Domini,
3290 2164 3556 2263 pariendo

1965 2254 2127 2323 ﬁlios,
2168 2258 2285 2330 ipse
2330 2262 2493 2319 Booz.
2540 2265 2647 2323 Sed
2674 2285 2774 2325 cur
2806 2273 3045 2330 additum
3095 2280 3184 2344 sit,
3213 2254 3267 2336 et
3289 2254 3461 2355 usque
3496 2289 3551 2342 in

1964 2355 2249 2414 aeternum,
2281 2371 2300 2403 ι
2329 2355 2523 2411 merito
2539 2357 2716 2413 adhuc
2736 2363 3015 2429 quaeritur.
3039 2365 3123 2422 An
3144 2370 3271 2439 quia
3296 2376 3551 2446 deinceps

166 4704 173 4711 ’
258 4715 526 4771 tutioncm
592 4715 908 4785 spiritaliter
956 4716 1372 4779 observaverit,

275 2420 465 2476 dicens
484 2421 710 2477 Domino
734 2418 1147 2510 cum‘propheta
1178 2444 1192 2480 :
1216 2445 1235 2477 ι
1271 2426 1386 2482 Νοιι
1416 2430 1592 2496 nobis,
1613 2431 1861 2499 Domine,

274 2509 383 2566 non
420 2512 598 2578 nobis,
629 2514 723 2569 sed
752 2516 956 2570 nomini
999 2525 1091 2571 tuo
1115 2517 1184 2572 da
1224 2517 1476 2590 gloriam,
1509 2537 1674 2591 super
1705 2524 1864 2581 mise-

274 2600 569 2657 ricordiam
597 2612 741 2658 tuam
775 2612 831 2660 et
854 2605 1137 2660 veritatem
1165 2614 1314 2662 tuam
1339 2608 1510 2681 (Psal.
1542 2613 1718 2685 cxtn).
1765 2632 1785 2666 ι

877 2692 1104 2774 CAPUT
1142 2717 1252 2775 vn.

1964 2437 2109 2493 nulla
2140 2441 2320 2496 anima
2345 2443 2413 2498 de
2444 2446 2771 2505 Ammonitis
2817 2460 2872 2506 et
2920 2437 3178 2514 Moabitis
3222 2461 3444 2520 intrabit
3487 2437 3548 2524 in

1964 2526 2114 2626 illam
2157 2532 2445 2590 ecclesiam
2487 2539 2666 2608 populi
2699 2540 3087 2613 Hebraeorum,
3138 2561 3325 2620 postea
3375 2571 3539 2626 quam

1962 2617 2065 2673 ista
2089 2625 2441 2691 generatione
2491 2628 2699 2685 decima
2726 2636 3011 2704 praphetia
3041 2617 3307 2709 completa
3330 2617 3545 2704 est?An

1957 2710 2139 2777 potius
2166 2713 2241 2767 ita
2262 2715 2465 2772 dictum
2493 2727 2598 2786 est,
2635 2740 2655 2772 ι
2707 2731 2763 2778 et
2787 2740 2961 2795 usque
2990 2729 3057 2782 ad
3087 2730 3348 2789 decimam
3383 2752 3545 2807 gene-

271 2827 351 2882 De
403 2829 655 2884 eunuchis
704 2840 857 2902 atque
909 2833 1259 2903 mazeribus;
1318 2845 1367 2888 et
1425 2835 1491 2890 de
1545 2836 1856 2895 Ammonitis
1958 2808 2245 2903 tamn?“
2283 2825 2302 2857 ’
2339 2816 2399 2861 ¹¹¹
2425 2812 2646 2865 omnino
2684 2828 2900 2883 semper
2932 2817 3159 2891 ίηιεηίεί
3186 2824 3412 2879 νοιυετίι
3441 2842 3542 2897 ρον

608 2887 1060 2970 αιςυίΜοαὺὶῑὶε,
1091 2887 1525 2975 decretumlegis.
1957 2887 2240 2946 denarium
2272 2910 2554 2953 numerum
2587 2904 2877 2970 quamdam
2902 2907 3330 2979 universitatem,
3354 2924 3414 2970 ut
3438 2917 3547 2975 hoc,

346 3006 367 3038 ι
413 2986 564 3061 (Car.
588 2988 771 3060 χχιιι.)
804 2989 919 3045 Non
949 2990 1174 3047 intrabit
1210 2994 1492 3049 eunuchus
1536 2996 1742 3051 attritis
1768 2997 1855 3053 vel

1962 2983 2267 3047 exposuerit
2312 2986 2708 3053 quodammodo
2763 2994 3012 3050 addendo
3043 3006 3100 3052 et
3137 2998 3366 3058 dicendo
3390 3043 3406 3068 ,
3434 3022 3453 3055 ‹
3484 3016 3540 3061 et

274 3100 293 3131 ι
337 3080 636 3150 amputatis
668 3082 932 3138 testiculis
975 3092 1031 3138 et
1061 3084 1273 3140 absciso
1310 3095 1526 3141 veretro
1564 3088 1850 3144 ecclesiam
1877 3134 1921 3196 Ο
2233 3082 2496 3196 ww":le
2546 3079 2570 3132 ἲ
2604 3078 2819 3196 ξλρυοά
2848 3084 2893 3196 ii
2940 3085 3015 3184 ila
3044 3094 3150 3152 est.
3180 3088 3327 3145 Ruth
3350 3103 3538 3150 contra

277 3192 292 3196 _
337 3173 551 3196 “----ε..2
607 3193 618 3196 _
656 3172 806 3196 Α---]
834 3181 1008 3196 ---l-...
1046 3175 1237 3196 12-2.--“
1291 3192 1389 3196 ..κβ
1426 3177 1647 3196 !_,‘A_l_94
1687 3193 1700 3196 _
2191 3177 2278 3196 nm
2307 3178 2372 3196 ua
2402 3183 2413 3196 I
2445 3182 2532 3196 nm
2575 3183 2625 3196 111
2668 3180 2791 3196 ΑΙ...-
2824 3187 2849 3196 Α
2895 3189 3053 3196 κη----
3080 3177 3103 3196 0
3153 3177 3171 3196 Δ
3195 3195 3212 3196 η
3271 3181 3288 3196 Δ
3493 3186 3505 3196 ι

272 3192 292 3225 ι
337 3173 574 3229 Domini.
606 3193 625 3226 ι
656 3172 806 3240 Quod
832 3181 1013 3230 autem
1039 3175 1253 3240 dicitur,
1289 3192 1395 3233 non
1425 3177 1652 3233 intrabit
1678 3193 1851 3234 eunu-
1877 3165 1921 3196 υ
1951 3165 2534 3261 ἒηθθΡ-ιξι-ω-νθιίαιιιξη
2556 3168 2791 3261 fidem?
2822 3172 3103 3229 admissa?
3139 3177 3223 3232 An
3257 3181 3541 3240 Ammoni—

264 3265 405 3319 chus
434 3263 636 3319 attritis
668 3272 721 3319 et
751 3266 1044 3336 amputatis
1072 3266 1334 3323 testiculis
1363 3277 1419 3322 et
1458 3268 1673 3323 absciso
1698 3286 1850 3326 verc-

1962 3253 2034 3303 tas
2056 3251 2336 3318 prohibuit
2357 3255 2593 3322 admitti,
2619 3273 2725 3313 non
2748 3260 3162 3332 Ammonitidas,
3188 3268 3243 3323 id
3264 3278 3366 3334 est,
3390 3273 3537 3328 viros

266 3362 353 3407 tro
378 3354 663 3409 ecclesiam
693 3354 927 3421 Domini,
945 3356 1181 3412 ostendit
1208 3358 1350 3427 quod
1375 3375 1566 3416 omnes
1593 3360 1685 3430 qui
1708 3360 1847 3416 mol-
2283 3341 2537 3444 ίεξωίηέεν
2584 3349 2819 3405 ῐηπίηιθ
2837 3353 2983 3444 ﬁnit!
3037 3371 3160 3411 cum
3210 3363 3538 3420 evertissent

263 3445 393 3500 me,
412 3446 624 3513 vivum,
669 3461 772 3502 nec
815 3456 1071 3504 exercent
1097 3463 1231 3518 opus
1261 3450 1436 3517 virile,
1470 3467 1575 3506 non
1622 3460 1849 3520 possum
1948 3423 2206 3527 lsraelitte
2232 3431 2334 3501 ipsi
2348 3442 2556 3503 gentes,
2587 3453 2776 3494 omnes
2799 3440 2946 3496 viros
2963 3444 3211 3502 occidere
3229 3446 3533 3519 jussisunt,

257 3511 679 3607 permanere’m
721 3511 1149 3612 congregatione"
1185 3511 1521 3610 sancmnim,
1575 3511 1676 3600 néc
1700 3545 1847 3617 digni
1949 3511 2179 3617 feminas
2199 3528 2511 3621 autem-non
2534 3527 2638 3621 nisi
2660 3542 2754 3621 eas
2768 3544 2888 3621 qua:
2907 3543 3171 3589 noverant
3188 3541 3531 3597 concubitum

258 3628 537 3683 habentur
562 3644 617 3684 in
649 3629 871 3685 introitu
903 3630 1056 3701 regni
1101 3631 1364 3687 ctelorum
1393 3651 1405 3686 :
1438 3634 1672 3689 maxime
1721 3613 1845 3690 cum
1946 3613 2072 3701 "7"
2096 3613 2352 3676 quoniam
2378 3613 2507 3682 ipsa:
2532 3615 2586 3669 in
2613 3616 3028 3675 [omicalionem
3085 3626 3414 3684 “(meum
3437 3648 3535 3701 po“

258 3717 377 3788 ipsa
426 3717 637 3775 veritas
666 3720 721 3774 in
756 3698 1047 3792 Evangeiio
1093 3721 1170 3775 ait
1201 3739 1215 3776 ε
1248 3740 1266 3773 ί
1304 3722 1550 3793 Regnum
1581 3724 1845 3781 calorum
1944 3698 2167 3802 pulum;
2203 3703 2448 3802 virgines
2472 3715 2652 3802 autem
2707 3710 2885 3766 salvas
2927 3728 3049 3769 esse
3083 3717 3387 3787 voluerunt,
3424 3698 3530 3777 non

257 3808 369 3861 vim
396 3809 618 3878 patitur,
648 3818 705 3863 et
729 3810 947 3865 violenti
974 3811 1242 3882 diripiunt
1270 3813 1400 3869 illud
1425 3813 1649 3886 (Matth.
1688 3814 1791 3887 χι).
1816 3835 1837 3871 ι

1962 3795 2027 3844 tis
2046 3795 2375 3859 imputantes
2407 3795 2642 3865 culpam,
2685 3815 2791 3868 qua
2823 3803 2992 3858 everti
3023 3804 3111 3860 illa
3137 3821 3269 3875 gens
3292 3812 3533 3866 meruit?

264 3916 283 3948 ι
330 3896 447 3952 Non
476 3897 811 3969 ingredietur
843 3915 1047 3966 mazer,
1087 3901 1191 3957 hoc
1215 3909 1321 3966 est,
1361 3903 1427 3957 de
1456 3913 1637 3959 scorto
1659 3886 1840 3972 natus,

1962 3896 2107 3951 [nam
2146 3886 2311 3938 etiam
2352 3886 2442 3941 hic
2486 3893 2967 3958 commemoravit,
3007 3895 3153 3951 velut
3197 3910 3533 3968 quaereretur

259 3984 315 4040 in
344 3986 633 4041 ecclesiam
662 3986 875 4043 Domini
917 4004 1091 4060 usque
1132 3991 1199 4046 ad
1236 3990 1501 4047 decimam
1531 3995 1839 4065 generatio-
1943 3973 2339 4075 ‘39".M031’i‘35_
2359 3986 2414 4075 ef
2434 3978 2772 4075 Ατη-πξοηίξθδ
2797 3984 3009 4040 “dum”
3045 3987 3317 4045 ηοίυθτίηῑ
3342 3991 3396 4045 in
3425 3992 3528 4048 Εε-

258 4093 406 4132 nem.
443 4098 463 4130 ι
492 4077 624 4145 Quis
656 4081 862 4149 estqui
916 4080 983 4135 de
1032 4089 1215 4136 scorto
1257 4090 1418 4137 natus
1441 4062 1555 4149 est,
1596 4084 1699 4139 nisi
1748 4085 1840 4154 qui

1962 4062 2164 4119 :lesiam
2188 4066 2434 4134 Domini,
2466 4070 2775 4142 subiunxit:
2809 4092 2828 4125 ι
2863 4075 2940 4131 Eo
2972 4078 3116 4147 quod
3146 4095 3251 4135 non
3279 4082 3529 4137 obviave-

256 4171 499 4243 degener
536 4187 697 4228 sensu
735 4182 791 4229 et
834 4174 1079 4229 moribus
1124 4183 1229 4241 est,
1268 4175 1352 4231 vel
1407 4190 1568 4246 quem
1618 4177 1839 4233 ιηιει-ειί-
1942 4159 2059 4211 rint
2081 4159 2237 4214 vobis
2261 4163 2626 4231 cumpanibus
2649 4172 2704 4219 et
2731 4180 2871 4235 aqua
2890 4168 3047 4223 invia
3068 4185 3191 4225 cum
3214 4172 3435 4228 exiretis
3462 4174 3529 4228 dc

255 4278 447 4317 corum
477 4265 718 4333 pravitas
759 4264 813 4318 in
866 4265 1209 4334 susceptione
1239 4274 1703 4322 sacramentorum
1748 4266 1842 4321 de-
1939 4248 2196 4320 ΕΕΥΡιον
2219 4260 2275 4307 et
2301 4254 2429 4322 quia
2464 4255 2841 4311 οοηάυιθτυηι
2884 4260 3167 4316 adversum
3221 4271 3272 4316 ιθ
3309 4262 3524 4318 Balaam

256 4368 518 4423 generem
565 4353 695 4410 fec“
725 4396 739 4420 ,
794 4356 910 4411 sive
960 4356 1053 4426 qui
1095 4357 1384 4427 geminum
1435 4372 1531 4412 seu
1580 4356 1838 4428 judaismi
1942 4339 2272 4397 ﬁliumBeor
2296 4344 2362 4399 de
2377 4344 2786 4414 Mesopotamia,
2810 4355 2870 4402 ut
2892 4350 3241 4407 malediceret
3262 4361 3334 4408 te.
3368 4374 3387 4406 ι
3414 4355 3524 4409 llas

253 4446 368 4499 ritu
418 4447 845 4502 commaculatus
893 4448 1010 4503 est?
1049 4447 1099 4504 ls
1159 4448 1304 4502 enim
1332 4455 1464 4503 tunc
1498 4448 1839 4518 recipiendus
1871 4490 1918 4550 Β
2399 4437 3155 4550 ﬁlii-illim“ilhgcﬂidebeuaw
3178 4443 3524 4550 estalfeminls

253 4543 342 4590 est
404 4535 547 4589 imm
592 4535 888 4591 Ecclesia“,
914 4576 931 4602 ’
971 4552 1095 4591 cum
1153 4551 1252 4607 per
1295 4535 1419 4591 ﬁdei
1470 4517 1836 4607 integritatem
1871 4517 2383 4588 l’imputaverunt,
2426 4539 2563 4594 quas
2611 4526 2789 4581 salvas
2833 4544 3161 4586 conservare
3210 4533 3518 4589 voluerunt.

254 4624 576 4694 decalogum
629 4625 764 4694 legis
807 4625 1102 4681 secundum
1150 4626 1323 4681 sancti
1372 4626 1649 4698 Evangelii
1684 4628 1837 4682 insti-
1941 4609 2095 4676 Ουοά
2124 4625 2252 4665 vero
2274 4610 2612 4669 Αωηιοηίῐθε
2645 4624 2702 4671 ει
2746 4616 3011 4673 Μοθῢίίθε
3056 4635 3161 4673 ηοη
3194 4621 3522 4690 Permittun-

1452 4725 1508 4773 ει
1565 4718 1836 4773 carnalem
1943 4706 2031 4752 tur
2054 4699 2111 4753 in
2138 4708 2402 4756 aeternum
2444 4703 2650 4760 intrare
2675 4706 2729 4760 in
2763 4707 3091 4771 Ecclesiam,
3122 4711 3390 4783 signiﬁcat
3415 4715 3523 4774 hm-

254 4806 723 4862 conversationem
746 4806 951 4877 Spiritu
975 4816 1164 4863 sancto
1187 4807 1289 4866 rite
1309 4809 1660 4864 abdicaverit.
1691 4809 1839 4865 Unde
1944 4791 2142 4846 τθιίθοδ
2171 4793 2240 4848 ab
2274 4793 2514 4850 Εεθίθδίθ
2552 4812 2764 4868 semper
2799 4814 2921 4856 esse
2972 4802 3325 4872 τορεηοηάοει
3354 4826 3373 4858 ί
3406 4806 3525 4863 "3“

254 4895 510 4952 Salvator
550 4897 616 4952 de
651 4912 748 4952 sua
794 4898 968 4954 salute
996 4899 1258 4968 qumemi
1299 4901 1577 4971 respondit
1605 4901 1791 4976 dicens
1821 4921 1835 4957 τ
1945 4882 2171 4976 reticum
2185 4885 2350 4951 enim,
2366 4887 2561 4957 inquit,
2578 4888 2869 4955 hominem,
2894 4901 3015 4962 post
3031 4910 3194 4951 unam
3217 4905 3272 4952 et
3292 4898 3520 4955 alteram

258 5006 279 5037 ι
328 4986 389 5040 Si
415 4987 500 5043 vis
531 4986 598 5041 ad
628 4989 795 5043 vitam
850 4989 1063 5058 ingredi
1094 5029 1110 5055 ,
1148 5004 1302 5045 serva
1341 4975 1837 5064 mandatawauh.

1962 4975 2356 5044 :orreptionem,
2389 4979 2566 5034 devita
2588 4978 2716 5051 (Tit.
2746 4981 2852 5053 ιιι).
2882 5002 2901 5035 )

258 5098 277 5129 σ
328 5079 466 5149 χιχ).
505 5098 524 5131 ι
560 5079 627 5134 Et
650 5080 815 5134 item:
855 5098 874 5131 α
908 5081 1023 5151 Ego
1060 5095 1203 5145 sum,
1252 5082 1446 5151 inquit,
1478 5082 1698 5138 ostium.
1738 5081 1844 5138 Per

2532 5094 2762 5151 CAPUT
2786 5097 2918 5152 Vlll.

254 5185 343 5225 me
367 5171 414 5225 si
447 5171 568 5239 quis
598 5170 888 5236 introierit,
939 5171 1254 5238 salvabitur,
1281 5182 1337 5228 et
1357 5189 1557 5242 pascua
1605 5174 1839 5229 inveniet
2063 5180 2137 5236 De
2166 5200 2270 5237 non
2295 5182 2645 5239 abominanda
2672 5185 2914 5241 Idumam
2937 5206 3100 5261 neque
3123 5191 3397 5261 ίΕςιωιιὶο.

255 5257 442 5328 (Joan.
487 5257 566 5332 ι).
602 5279 622 5313 ι
671 5276 689 5310 ‹
734 5259 1077 5315 Ammonites
1128 5269 1185 5314 et
1220 5260 1500 5327 Moabitea
1553 5265 1716 5317 etiam
1746 5278 1842 5332 per
2019 5291 2037 5324 ι
2074 5272 2252 5343 (Ιιιω.)
2277 5273 2393 5329 Non
2428 5274 2825 5333 abominaberis
2853 5257 3169 5346 ldumaaum,
3200 5257 3323 5352 quia
3356 5282 3524 5337 frater

257 5368 279 5403 ι
326 5350 593 5407 decimam
630 5351 1036 5423 generationem
1088 5368 1197 5408 non
1251 5353 1531 5409 intrabunt
1549 5355 1838 5411 ecclesiam

258 5457 282 5494 ι
319 5440 537 5497 Domini
555 5444 607 5496 in
626 5450 908 5510 aeternum,
935 5443 1066 5514 quia
1077 5444 1530 5501 noluerantvobis
1552 5461 1844 5504 occurrere

257 5549 280 5585 ι
325 5547 453 5588 cum
479 5548 618 5603 pane
662 5542 719 5589 et
745 5548 885 5604 aqua
916 5534 971 5589 in
995 5534 1106 5599 via,
1137 5535 1592 5607 quando-egressi
1618 5537 1752 5593 estis
1773 5537 1841 5592 de

260 5637 281 5673 ι
326 5619 568 5693 :Egypto
591 5664 606 5689 ,
660 5631 715 5679 et
762 5624 889 5691 quia
917 5625 1295 5680 conduxerunt
1320 5636 1509 5682 contra
1541 5636 1591 5682 te
1620 5626 1839 5683 Balaam

260 5727 283 5765 ι
320 5706 487 5769 tilium
521 5715 659 5770 Bcor
685 5717 751 5771 de
777 5716 1166 5787 Mesopotamia
1190 5715 1381 5788 Syriae,
1412 5729 1470 5774 ut
1494 5720 1843 5777 malediceret

1947 5376 1968 5410 ί
2014 5367 2137 5416 tuus
2155 5369 2277 5426 est,
2303 5377 2407 5418 nec
2454 5362 2788 5435 Egyptium,
2839 5369 2971 5438 quia
3014 5372 3223 5425 advena
3264 5369 3411 5426 fuisti
3467 5372 3520 5427 in

1947 5467 1967 5501 ι
2014 5459 2158 5506 terra
2190 5450 2326 5521 ejus.
2359 5453 2460 5520 Qui
2505 5456 2618 5509 nati
2666 5454 2866 5512 fuerint
2895 5476 2962 5513 ex
2993 5461 3093 5525 eis,
3147 5462 3309 5516 tertia
3361 5478 3525 5534 gene-

1948 5558 1968 5592 ι
2014 5542 2224 5596 ratione
2264 5543 2540 5598 intrabunt
2569 5544 2869 5601 Ecclesiam
2917 5547 3156 5603 Domini.
3203 5570 3222 5602 ι
3269 5550 3374 5606 Per
3425 5552 3525 5607 A3-

1942 5634 2187 5703 gyptium
2229 5643 2285 5690 et
2340 5635 2630 5690 ldumaeum
2673 5638 3008 5707 signiﬁcatur
3054 5655 3295 5710 praesens
3357 5645 3471 5697 vita
3505 5684 3521 5705 .

1942 5723 2029 5777 cui
2057 5725 2307 5792 quamvis
2337 5725 2711 5783 renuntiantes
2740 5726 3051 5798 .‘Egyptiam
3080 5738 3303 5799 terram,
3334 5732 3388 5788 id
3414 5744 3519 5802 est,
