3978 6182
468 383 564 442 951

1141 365 1197 419 B.
1242 364 1494 420 RABANI
1535 362 1752 420 MAURI
1791 353 2106 414 ARCIIIEP.
2151 352 2456 411 MOGUNT.
2499 347 2783 409 OPERUM
2819 344 3000 400 PARS
3036 343 3075 398 l.

3611 339 3719 379 (3'19

3615 373 3722 396 au;-

468 489 751 565 pristinam
775 479 1262 542 conversationem,
1280 485 1333 530 et
1351 473 1537 528 mundi
1557 467 2046 540 concupiscentiam
2075 465 2124 525 Α
2150 463 2473 534 cogitatione
2496 458 2776 530 polluitur,
2831 455 3108 524 indignum
3138 467 3196 505 se
3255 458 3572 505 cunctorum
3597 449 3729 504 ﬁde-

1301 564 1306 565 ,
1567 561 1599 565 --
1825 559 1834 565 .
1907 556 1959 565 Α..
2149 553 2183 565 ν
2429 551 2439 562 ο
2482 558 2494 565 ,
2543 549 2596 565 ,οι
2640 563 2678 565 κ,
2747 545 3040 565 ___L2.--,..-._
3093 540 3258 565 nul...“
3315 554 3426 565 ...η-ιι
3473 540 3720 565 munis...“

469 556 819 640 declinemus,
853 582 1033 626 tamen
1058 569 1181 623 dum
1221 564 1381 633 hujus
1419 561 1604 616 mundi
1629 556 2048 615 necessitatibus

471 672 776 730 subdimur,
820 662 976 734 quasi
1023 659 1331 730 Egyptiam
1381 654 1653 708 nationem
1701 661 2048 719 nequaquam

473 762 882 830 exstinguimus,
912 756 1037 809 licet
1069 753 1136 805 ab
1154 752 1266 819 ipsa
1297 748 1525 816 quadam
1553 742 1873 798 discretione
1895 752 2050 806 sepa-

2149 553 2279 606 lium
2330 549 2686 606 societatibus
2743 545 3060 606 arbitretur,
3091 540 3260 617 culpae
3315 554 3427 594 sua:
3473 540 3723 594 meritum

2153 652 2278 698 ante
2307 641 2492 696 oculos
2516 645 2699 709 ponat,
2721 653 2786 690 ex
2811 636 3073 689 bonorum
3103 646 3160 685 se
3181 629 3543 685 aestimatione
3563 630 3729 699 despio

2153 735 2281 790 ciat.
2303 733 2571 786 Pollutum
2591 744 2719 799 ergo
2740 737 2893 781 extra
2912 732 3092 780 castra
3111 722 3261 776 exire
3282 731 3367 775 est
3391 720 3532 789 turpi
3562 721 3726 788 impu-

477 811 700 912 remuroz
730 866 836 904 non
865 849 929 901 de.
957 840 1241 912 superﬂuis
1267 837 1590 908 cogitantes,
1619 833 1711 888 sed
1737 846 1939 892 sumus,
1969 843 2056 882 se-
2155 823 2408 893 gnatione
2432 821 2927 880 laborautem,sese
2952 829 3018 868 ex
3043 811 3435 867 continentium
3460 825 3730 879 compara-

478 945 714 1001 cundum
753 937 1085 1010 Apostolum,
1113 933 1257 986 victu
1291 929 1603 1000 quotidiano
1635 925 2057 990 indumentoque

480 1033 720 1092 contenti
752 1030 798 1101 (l
835 1030 968 1081 Tim.
1002 1024 1100 1093 γι).
1135 1021 1286 1090 Quod
1314 1029 1494 1074 autem
1521 1017 1740 1080 dicitur,
1778 1033 1795 1064 ι
1832 1013 1934 1079 Qui
1961 1025 2058 1064 au-

2158 915 2302 969 tione
2328 913 2624 981 despicere,
2649 909 2776 979 quia
2819 908 2887 961 ad
2908 919 3193 974 vesperam
3241 902 3384 957 lotus
3415 917 3580 970 aqua,
3612 918 3732 955 cum

2159 1001 2427 1058 defectum
2469 1015 2625 1055 suum
2667 996 2994 1066 despiciens,
3026 994 3093 1046 ad
3137 993 3374 1045 lamenta
3408 991 3739 1061 poenitentia:

484 1139 592 1184 tem
616 1125 725 1179 nati
754 1080 954 1175 iuerint
979 1133 1045 1171 ex
1063 1080 1193 1179 illis,
1221 1112 1381 1166 tertia
1404 1108 1752 1180 generatione
1783 1103 2062 1159 intrabunt
2161 1093 2495 1148 convertitur
2533 1091 2610 1145 uti
2637 1088 2851 1144 ﬂetibus
2874 1085 3051 1142 deleat
3079 1099 3242 1139 omne
3278 1092 3563 1154 peccatum
3608 1080 3744 1152 quod

485 1220 538 1272 in
576 1211 871 1270 Ecclesium
899 1205 1131 1269 Domini,
1173 1223 1191 1255 ι
1227 1199 1524 1272 signiﬁcat,
1555 1196 1698 1266 quod
1747 1202 1874 1248 tunc
1895 1205 2064 1246 szecu—

484 1307 615 1360 laris
643 1303 868 1371 quisque
892 1303 1072 1366 potest
1118 1291 1320 1346 sanctis
1347 1289 1438 1341 Dei
1467 1284 1740 1354 conjungi,
1786 1297 1908 1336 cum
1939 1294 2064 1349 per-

488 1399 626 1451 lecte
656 1389 948 1448 crediderit
968 1387 1022 1440 in
1043 1385 1261 1439 Patrem
1282 1389 1337 1434 et
1364 1379 1560 1432 Filium
1588 1385 1644 1430 et
1658 1373 1920 1445 Spiritum
1947 1385 2069 1424 san-

500 1497 668 1547 ctum,
691 1481 778 1536 vel
799 1495 924 1535 cum
952 1491 1046 1546 spe
1066 1483 1121 1529 et
1142 1471 1406 1528 charitate
1433 1469 1505 1522 sit
1522 1475 1766 1521 ornatus.
1797 1481 1815 1514 ι
1843 1459 2068 1529 Quando

497 1597 515 1628 ‹
559 1587 809 1646 egressus
838 1567 1005 1622 fueris
1046 1565 1303 1618 adversus
1344 1560 1529 1613 hostes
1561 1565 1682 1610 tuos
1725 1555 1778 1608 in
1811 1564 2068 1622 pugnam,

496 1689 514 1719 ε
565 1642 837 1722 custodies
868 1669 919 1714 te
949 1658 1018 1712 ab
1044 1655 1191 1710 omni
1222 1667 1279 1708 re
1301 1651 1463 1706 mala.
1503 1669 1523 1702 ι
1551 1648 1663 1702 Hac
1706 1644 1974 1701 sententia
1998 1642 2076 1696 le-

492 1759 716 1832 gislator
744 1751 964 1808 instruit
1000 1747 1233 1803 maxime
1285 1740 1554 1813 Spiritales
1606 1738 1805 1794 milites
1845 1733 2072 1796 Christi,

2165 1190 2348 1244 animo
2371 1188 2582 1244 occulta
2614 1185 2917 1255 inquinatio
2943 1188 3184 1236 accusat.
3217 1179 3324 1233 Sed
3345 1186 3466 1246 post
3494 1191 3745 1231 occasum

2166 1281 2296 1336 solis
2315 1281 2384 1335 ad
2409 1287 2584 1334 castra
2605 1278 2812 1340 redeat,
2837 1276 2987 1345 quia,
3003 1273 3409 1330 defervescente
3436 1269 3749 1325 tentationis

2167 1369 2379 1433 ardore,
2411 1382 2632 1422 necesse
2659 1375 2744 1420 est
2764 1374 2824 1420 ut
2861 1365 3054 1418 iterum
3081 1361 3334 1416 ﬁduciam
3365 1375 3497 1428 erga
3523 1359 3749 1412 societa-

2171 1469 2277 1515 tem
2308 1468 2486 1514 sumat
2511 1459 2800 1513 bonorum.
2831 1455 3021 1511 Postea
3047 1453 3244 1522 quippe
3261 1451 3626 1505 occumbente
3648 1447 3754 1502 sole

2173 1551 2240 1608 ad
2275 1558 2454 1604 castra
2507 1549 2819 1609 revertitur,
2853 1546 2944 1614 qui
2975 1552 3098 1614 post
3137 1543 3371 1596 lamenta
3399 1541 3751 1611 paenitentiae,

2173 1642 2552 1712 frigescentem
2580 1638 2851 1694 ﬂammam
2889 1635 3236 1706 cogitationis
3280 1633 3498 1697 illicitae,
3533 1633 3608 1687 ad
3633 1631 3754 1685 ﬁde-

2175 1732 2304 1787 lium
2344 1731 2538 1786 merita
2588 1728 2962 1799 prazsumeuda
3007 1733 3327 1794 reparatur:
3358 1733 3418 1777 ut
3445 1724 3618 1778 etiam
3649 1738 3706 1778 se
3728 1737 3755 1775 a

491 1807 760 1919 quatenus
778 1859 837 1899 se
859 1841 1150 1895 observent
1171 1837 1238 1890 ab
1257 1807 1409 1888 omni
1449 1837 1672 1900 peccato
1691 1836 1745 1883 et
1771 1827 1930 1890 vitio,
1952 1824 2070 1893 qui-
2103 1807 2147 1865 Β
2175 1822 2388 1878 ueteris
2411 1821 2565 1890 longe
2604 1834 2724 1875 esse
2744 1833 2849 1872 non
2878 1817 3128 1878 :estimet,
3161 1815 3253 1884 qui
3289 1813 3549 1867 mundum
3585 1827 3645 1866 se
3671 1825 3760 1881 per

493 1915 596 1995 bus
617 1947 806 1992 contra
827 1929 1096 2001 spiritales
1119 1939 1330 1994 semper
1360 1923 1542 1978 hostes
1570 1927 1655 1974 est
1685 1915 2069 1973 dimicandum.

499 2030 650 2084 Unde
674 2035 729 2080 et
758 2022 955 2078 Paulus
979 2016 1252 2088 apostolus
1291 2009 1663 2082 hujuscemodi
1687 2009 1850 2062 verba
1891 2005 1960 2059 ad
1979 2019 2077 2058 au—

499 2120 705 2173 ditores
747 2129 873 2168 suos
914 2109 1138 2180 protulit
1164 2106 1378 2160 dicens:
1417 2120 1436 2152 ‹
1479 2099 1670 2156 Omnis
1699 2098 1794 2167 qui
1825 2097 1879 2151 in
1905 2109 2076 2165 agone

494 2206 794 2269 contendit,
817 2205 885 2257 ab
911 2201 1162 2255 omnibus
1187 2213 1245 2252 se
1271 2195 1524 2250 abstinet.
1560 2193 1629 2248 Et
1657 2191 1730 2246 illi
1769 2189 1986 2259 quidem
2015 2195 2078 2242 ut

497 2297 906 2368 corruptibiiem
947 2305 1202 2348 coronam
1224 2288 1524 2358 accipiant,
1564 2300 1663 2340 nos
1691 2290 1870 2338 autem
1899 2279 2077 2334 incor-

498 2401 736 2462 ruptam,
763 2395 867 2442 etc.
906 2405 926 2438 ι

1099 2469 1330 2526 CAPUT
1366 2467 1459 2522 IX.

501 2571 580 2625 De
599 2584 659 2623 eo
681 2565 769 2638 qui
792 2571 1044 2618 nocturno
1064 2556 1486 2638 pellatusufuerit
1513 2553 1735 2617 somnio,
1777 2559 1827 2604 et
1848 2548 1912 2603 de
1927 2548 2077 2617 dige—

1066 2628 1232 2682 atione
1260 2628 1513 2681 ciborum.

580 2768 598 2801 ι
638 2745 814 2820 (Imm)
845 2743 903 2799 Si
926 2742 1090 2796 fuerit
1142 2740 1285 2794 inter
1320 2752 1417 2791 vos
1461 2736 1623 2790 homo
1669 2731 1761 2801 qui
1816 2736 2082 2785 nocturno

508 2860 528 2892 ‹
573 2838 812 2910 pollutus
834 2835 906 2889 sit
930 2831 1161 2894 somnio,
1178 2829 1487 2899 egredietur
1506 2835 1660 2878 extra
1683 2830 1881 2883 castra,
1903 2828 1958 2874 et
1975 2833 2083 2876 non

509 2951 527 2982 ι
575 2933 901 2990 revertetur,
929 2923 1243 2992 priusquam
1282 2919 1349 2973 ad
1374 2930 1655 2986 vesperam
1691 2913 1899 2966 lavetur
1919 2925 2081 2980 aqua,

509 3044 528 3074 ι
575 3031 632 3078 et
669 3028 793 3091 post
830 3017 960 3073 solis
989 3028 1244 3070 occasum
1273 3052 1287 3077 ,
1334 3009 1670 3080 regredietur
1714 3006 1768 3059 in
1815 3012 2016 3059 castra.
2058 3022 2078 3056 ι

508 3112 671 3166 Multa
696 3110 782 3164 lex
808 3107 963 3177 ponit
990 3105 1044 3159 in
1075 3101 1430 3159 sacramentis
1451 3109 1508 3154 et
1531 3094 2080 3152 umbrisluturorum.

507 3203 764 3270 Quaedam
791 3214 922 3269 ergo
950 3197 1002 3250 in
1039 3196 1246 3250 semine
1272 3191 1568 3247 materialis
1614 3187 1939 3253 intormitas,
1969 3201 2089 3254 qua:

506 3293 737 3348 formata
774 3302 972 3358 corpus
1010 3285 1247 3340 hominis
1291 3281 1567 3336 redditura
1604 3288 1708 3343 est,
1740 3279 1793 3330 in
1831 3277 2096 3347 signiﬁca-

504 3383 653 3439 tione
681 3381 858 3449 posita
895 3383 982 3430 est
1018 3375 1145 3428 vita:
1184 3371 1434 3426 informis
1481 3377 1536 3424 et
1569 3368 1872 3423 ineruditm.
1921 3369 1967 3420 Δ
1989 3381 2094 3436 qua

504 3470 858 3534 informitate,
874 3464 1127 3536 quoniam
1137 3471 1352 3534 oportet
1364 3462 1636 3516 hominem
1650 3460 1907 3515 doctrina:
1922 3457 2096 3513 forma

505 3575 563 3622 et
597 3563 903 3620 eruditione
929 3558 1204 3623 mundari,
1228 3557 1281 3611 in
1305 3554 1468 3624 hujus
1490 3553 1567 3609 rei
1595 3554 1809 3624 signum
1831 3592 1846 3617 ,
1875 3551 1967 3604 illa
1993 3565 2098 3620 pu-

508 3655 739 3712 riﬁcatio
761 3659 1035 3723 praecepta
1065 3657 1149 3704 est
1187 3656 1311 3718 post
1337 3646 1561 3702 seminis
1590 3645 1962 3701 emissionem.
1993 3639 2098 3696 Ne-

508 3761 614 3818 que
639 3746 786 3800 enim
803 3751 864 3798 et
891 3744 947 3796 in
973 3741 1179 3796 somnis
1205 3747 1494 3808 peccatum
1530 3735 1610 3799 ﬁt,
1648 3743 1705 3789 et
1731 3744 1910 3788 tamen
1931 3732 2097 3788 etiam

509 3837 584 3891 ibi
611 3841 882 3905 praecepta
915 3839 1003 3886 est
1025 3829 1351 3900 puriﬁcatio.
1383 3829 1495 3882 Aut
1527 3836 1581 3881 et
1606 3827 1652 3881 si
1684 3827 1789 3880 hoc
1814 3833 2096 3896 peccatum

507 3927 801 3996 quisquam
847 3929 1018 3993 putat,
1048 3935 1155 3974 non
1189 3919 1461 3974 arbitrans
1487 3918 1737 3972 accidere
1779 3916 1883 3970 nisi
1909 3929 1979 3969 ex
1999 3913 2098 3968 ali-

511 4031 620 4088 quo
648 4011 956 4082 hujusmodi
985 4009 1278 4074 desiderio,
1311 4007 1454 4076 quod
1476 4005 1665 4077 procul
1696 4005 1859 4060 dubio
1899 4003 2098 4058 falsum

510 4119 618 4175 est,
647 4106 890 4176 nunquid
911 4112 969 4158 et
999 4103 1160 4160 solita
1186 4102 1456 4156 mensium
1478 4108 1701 4170 peccata
1727 4107 1852 4154 sunt
1876 4097 2101 4154 femina-

517 4203 680 4258 rum?
709 4199 752 4253 A
774 4199 972 4268 quibus
1001 4205 1184 4250 tamen
1205 4191 1425 4248 easdem
1463 4191 1597 4261 legis
1624 4199 1867 4246 vetustas
1891 4203 2096 4259 praece-

512 4295 593 4366 pit
618 4291 850 4362 expiari,
906 4303 1014 4342 non
1043 4286 1147 4341 nisi
1175 4292 1398 4356 propter
1426 4284 1600 4352 ipsam
1631 4282 1965 4336 materialem
2011 4281 2096 4335 in-

513 4387 864 4445 formitatem,
897 4395 1040 4452 quae,
1073 4378 1208 4434 [tetu
1233 4386 1522 4447 concepto,
1562 4384 1823 4445 tanquam
1852 4376 1906 4429 in
1929 4373 2102 4430 aediﬁ-

2175 1914 2383 1969 obitum
2403 1911 2580 1966 intimi
2604 1911 2815 1966 ardoris
2845 1908 3062 1979 gaudet.
3095 1924 3112 1956 ι
3147 1906 3379 1960 Habebis
3400 1904 3582 1959 locum
3610 1915 3758 1959 extra

2182 2021 2202 2054 ι
2249 2010 2452 2066 castra,
2466 2002 2532 2054 ad
2552 2014 2710 2069 quem
2736 1997 3036 2070 egrediaris
3049 1997 3116 2050 ad
3135 1995 3394 2064 requisita
3413 2002 3650 2057 naturae,
3673 2009 3759 2063 ge-

2183 2110 2202 2143 ι
2248 2108 2376 2147 reus
2400 2091 2654 2160 paxillum
2691 2089 2744 2142 in
2799 2089 2998 2143 balteo.
3045 2085 3288 2155 Cumque
3335 2085 3566 2150 sederis,
3600 2084 3763 2139 fodies

2184 2203 2202 2236 ι
2249 2199 2348 2254 per
2371 2182 2681 2246 circuitum,
2734 2188 2789 2234 et
2815 2187 3002 2249 egesta
3040 2179 3206 2232 humo
3234 2175 3448 2246 operies
3485 2191 3601 2245 quo
3629 2175 3761 2229 rele-

2179 2294 2204 2327 ‹
2249 2284 2406 2330 vatus
2441 2287 2519 2327 es.
2574 2271 2834 2326 Dominus
2881 2268 3030 2322 enim
3074 2268 3217 2322 Deus
3275 2275 3400 2320 tuus
3423 2265 3673 2318 ambulat
3715 2264 3763 2317 in

2184 2384 2205 2422 ί
2248 2366 2428 2421 medio
2452 2371 2756 2419 castrormn
2791 2370 2852 2416 ut
2874 2368 3032 2417 eruat
3059 2363 3112 2413 te
3140 2365 3196 2412 et
3242 2356 3420 2411 tradat
3451 2357 3548 2410 tibi
3593 2356 3764 2410 inimi-

2189 2474 2208 2508 ι
2251 2471 2346 2512 eos
2369 2464 2522 2519 tuos,
2548 2460 2608 2506 ut
2631 2452 2740 2506 sint
2767 2459 2947 2506 castra
2977 2457 3065 2503 tua
3093 2455 3304 2511 sancta,
3344 2453 3400 2500 et
3441 2444 3581 2498 nihil
3612 2445 3666 2498 in
3694 2444 3768 2497 eis

2181 2564 2206 2599 ι
2249 2553 2507 2616 appareat
2539 2541 2822 2607 foeditatis,
2873 2555 2941 2594 ne
2993 2539 3335 2608 derelinquat
3369 2545 3444 2590 te.
3481 2555 3501 2588 ι
3554 2535 3768 2590 Naturae

2183 2635 2556 2708 corruptibilis
2581 2633 2820 2702 pondere
2849 2638 3110 2702 gravatae,
3143 2645 3174 2683 a
3204 2628 3401 2682 mentis
3430 2634 3640 2682 nostra;
3663 2635 3772 2680 ute-

2183 2744 2279 2794 ro,
2329 2725 2574 2796 quaedam
2620 2708 3004 2792 cogitationum
3057 2717 3322 2788 superﬂua
3371 2717 3526 2786 quasi
3572 2717 3773 2771 ventris

2183 2817 2495 2890 gravamina
2548 2825 2856 2882 erumpunt.
2909 2811 3013 2866 Sed
3052 2818 3270 2880 portare
3320 2813 3421 2865 sub
3460 2809 3646 2865 balteo
3684 2826 3774 2880 pa-

2183 2909 2369 2964 xillum
2392 2907 2670 2970 debemus,
2687 2912 2747 2958 ut
2770 2901 3021 2957 videlicet
3040 2901 3521 2971 apprehendendos
3541 2909 3776 2955 nosmet-

2183 3004 2332 3074 ipsos
2381 3016 2596 3070 semper
2629 2998 2884 3062 accincti,
2929 3005 3149 3051 acutum
3193 2997 3336 3051 circa
3376 3010 3476 3050 nos
3499 2993 3775 3050 stimulum

2191 3091 2622 3163 compunctionis
2641 3089 3004 3152 -habeamus,
3050 3087 3143 3155 qui
3187 3087 3525 3141 incessanter
3581 3095 3776 3140 terram

2199 3183 2398 3238 mentis
2423 3189 2644 3245 nostrae,
2676 3179 3011 3250 paenitentia:
3059 3177 3243 3232 dolore
3269 3175 3571 3240 confodiat,
3603 3185 3658 3229 et
3684 3175 3778 3230 hoc

2196 3288 2227 3328 a
2253 3273 2410 3328 nobis
2429 3271 2658 3326 fetidum
2681 3277 2930 3341 erumpat
2956 3277 3011 3323 et
3035 3269 3349 3323 abscondat.
3379 3268 3603 3323 Ventris
3633 3268 3780 3338 quip-

2191 3377 2262 3432 pe
2289 3362 2498 3432 egestio
2547 3361 2691 3415 fossa
2726 3361 2890 3414 humo
2924 3373 3023 3428 per
3073 3357 3336 3429 paxillum
3386 3356 3618 3428 tegitur,
3665 3371 3776 3410 Clllll

2195 3453 2394 3508 mentis
2435 3459 2633 3505 nostra:
2661 3448 3023 3519 superﬂuitas,
3049 3447 3232 3502 subtili
3261 3445 3656 3516 redargutione
3681 3445 3779 3498 dis-

2196 3559 2354 3620 cussa
2386 3583 2400 3607 ,
2442 3549 2568 3596 ante
2595 3540 2692 3595 Dei
2725 3539 2910 3595 oculos
2941 3554 3039 3609 per
3086 3537 3516 3609 compunctionis
3550 3552 3670 3592 suae
3696 3535 3781 3590 δύο

2197 3635 2401 3691 mulum
2431 3633 2660 3690 celatur.

2821 3723 3049 3780 CAPUT
3092 3722 3159 3777 X.

2350 3817 2426 3873 De
2452 3834 2556 3871 non
2584 3816 2842 3870 tradendo
2865 3831 3012 3869 servo
3036 3814 3255 3885 fugitivo
3281 3811 3496 3866 domino
3522 3830 3648 3866 suo.

2272 3909 2452 3983 (1310.)
2491 3928 2510 3960 ι
2553 3908 2669 3964 Non
2697 3910 2878 3965 tradas
2913 3923 3131 3964 servum
3153 3909 3370 3964 domino
3399 3924 3500 3964 suo
3527 3911 3625 3979 qui
3647 3909 3712 3964 ad
3736 3917 3781 3962 te

2205 4023 2225 4057 ί
2271 4001 2596 4072 confugerit.
2625 4000 2903 4055 llabitabit
2932 4010 3111 4056 tecum
3142 4000 3196 4054 in
3224 3999 3344 4056 loco
3374 4001 3466 4072 qui
3491 4002 3544 4056 ei
3575 4003 3779 4072 placue-

2205 4112 2225 4146 ι
2273 4094 2366 4159 rit,
2392 4101 2448 4146 et
2490 4093 2545 4146 in
2574 4108 2683 4147 una
2710 4093 2927 4147 urbium
2957 4100 3177 4148 tuarum
3205 4096 3535 4162 requiescet,
3564 4109 3635 4148 ne
3662 4109 3781 4149 con-

2207 4203 2226 4236 ι
2271 4185 2456 4239 tristes
2497 4199 2642 4240 eum.
2687 4204 2708 4237 ι
2755 4183 2872 4238 Non
2907 4185 3093 4239 tradas
3135 4200 3362 4254 puerum
3413 4185 3638 4241 domino
3674 4194 3777 4248 tuo,

2202 4276 2292 4346 qui
2325 4275 2607 4344 appositus
2636 4282 2721 4330 est
2746 4274 2900 4328 tibia
2921 4273 3140 4328 domino
3162 4289 3280 4329 suo.
3308 4273 3426 4329 Non
3449 4277 3596 4344 quod
3626 4275 3781 4330 domi-

2201 4368 2287 4423 nis
2315 4367 2434 4437 ejus
2454 4381 2579 4422 eum
2608 4367 2938 4440 apposuerit,
2965 4367 3020 4420 id
3046 4374 3154 4432 est,
3182 4369 3665 4422 commendaverit.
3691 4367 3778 4421 Po-

515 4479 788 4532 cationem
816 4473 1062 4544 corporis
1099 4470 1338 4534 additur,
1370 4485 1433 4524 ac
1463 4483 1560 4539 per
1599 4469 1704 4524 hoc
1731 4483 1853 4523 cum
1879 4466 1996 4521 ﬂuit
2018 4466 2100 4520 in-
2121 4498 2177 4559 Β
2205 4460 2313 4514 tius
2337 4459 2484 4515 enim
2505 4459 2810 4530 depositum
2845 4459 3082 4524 diceret;
3125 4459 3223 4513 sed
3251 4461 3563 4529 appositum
3592 4461 3724 4514 dixit
3751 4475 3779 4511 a

514 4569 792 4633 formiter,
842 4564 1138 4636 signiﬁcari
1177 4578 1275 4633 per
1321 4562 1466 4616 illam
1519 4563 1604 4616 lex
1652 4563 1821 4617 voluit
1855 4562 2098 4615 animum
2121 4549 2168 4559 ’⁷
2203 4553 2421 4607 domino
2442 4567 2563 4617 suo,
2589 4551 2644 4606 id
2673 4559 2777 4616 est,
2806 4550 2932 4605 huic
2958 4549 3272 4619 adjunctum
3297 4567 3420 4604 cum
3445 4551 3515 4606 ab
3543 4551 3636 4605 illo
3661 4551 3779 4604 abs-

517 4661 634 4714 sine
667 4659 965 4729 disciplina:
994 4656 1164 4713 fonna
1190 4656 1503 4710 indecenter
1530 4653 1750 4708 ﬂuidum
1781 4667 1846 4706 ac
1875 4649 2102 4704 dissolu-
2203 4645 2474 4700 cessisset.
2505 4641 2623 4697 Non
2663 4656 2792 4713 ergo
2856 4643 3079 4711 suscipi,
3103 4641 3198 4696 sed
3223 4641 3370 4696 reddi
3401 4642 3584 4711 potius
3615 4642 3781 4711 prohi-

516 4759 650 4814 tum,
673 4766 836 4820 quem
872 4748 1100 4804 formari
1126 4755 1378 4817 oportere
1424 4743 1712 4814 signiﬁcat,
1767 4756 1890 4796 cum
1937 4739 2100 4794 talem
2201 4737 2294 4791 bet
2323 4735 2596 4806 fugitivos.
2624 4733 2738 4788 Hoc
2772 4733 2902 4803 quid
2930 4733 3004 4787 sit
3041 4732 3278 4787 dubitari
3325 4741 3532 4802 potest,
3561 4733 3660 4786 nisi
3707 4732 3779 4785 iu-
3811 4746 3823 4761 ο

523 4839 731 4892 ﬂuxum
757 4839 1001 4907 corporis
1016 4837 1172 4906 jubet
1203 4835 1517 4905 puriﬁcare.
1538 4833 1845 4894 Postremo,
1863 4829 2106 4899 nunquid
2204 4832 2510 4902 telligamus
2534 4831 2681 4900 genti
2707 4839 2763 4885 et
2781 4829 2980 4900 populo
3006 4830 3111 4883 ista
3138 4830 3278 4894 dici;
3311 4844 3420 4883 non
3445 4831 3538 4882 uni
3564 4829 3774 4884 homini.

521 4937 578 4984 et
611 4928 747 4982 mori
793 4937 1073 4996 peccatum
1098 4927 1213 4982 est?
1237 4927 1346 4980 Aut
1379 4934 1653 4980 mortuum
1694 4922 1922 4992 sepelire
1942 4963 1956 4987 ,
1991 4937 2100 4976 non
2208 4924 2288 4978 Ex
2318 4923 2422 4978 alia
2447 4923 2631 4992 itaque
2656 4932 2816 4992 gente
2846 4920 3206 4992 refugientem
3235 4922 3304 4976 ad
3347 4921 3512 4976 istam
3543 4931 3778 4992 gentem,

518 5023 685 5078 etiam
731 5024 931 5076 bonum
957 5037 1092 5091 opus
1115 5021 1471 5074 humanitatis
1501 5019 1620 5073 est?
1645 5017 1713 5071 Et
1743 5025 1922 5070 tamen
1953 5014 2103 5085 puri-
2207 5019 2297 5073 cui
2341 5016 2680 5085 loquebatur,
2710 5015 2985 5069 hominem
3034 5030 3065 5068 a
3115 5015 3336 5070 domino
3367 5031 3498 5081 suo,
3533 5016 3585 5072 id
3624 5024 3723 5078 est,
3752 5030 3778 5066 a

520 5114 702 5171 ﬁcatio
727 5111 923 5168 exinde
952 5113 1206 5166 mandata
1239 5119 1342 5176 est,
1371 5111 1496 5180 quia
1527 5119 1582 5164 et
1607 5117 1878 5164 mortuum
1906 5122 2103 5177 corpus

519 5208 628 5261 vita
655 5207 938 5262 deserente
971 5219 1075 5258 non
1105 5212 1387 5274 peccatum
1425 5213 1525 5266 est,
1580 5203 1676 5258 sed
1721 5211 2003 5271 peccatum
2033 5203 2104 5256 si-

520 5301 744 5370 gniﬁcat
805 5299 1003 5352 anima:
1052 5295 1592 5364 desertaeajustitia.
1646 5295 1786 5362 Quid
1836 5296 1942 5351 hoc
1979 5294 2104 5348 loco

522 5411 622 5461 per
645 5403 971 5449 nocturnum
989 5390 1283 5456 somnium,
1308 5391 1413 5444 nisi
1446 5389 1672 5444 tentatio
1689 5389 1900 5444 occulta
1922 5388 2108 5456 signa-

522 5485 647 5540 tur?
682 5484 786 5538 Per
826 5497 991 5553 quam
1021 5481 1307 5535 tenebrosa
1349 5479 1676 5551 cogitatione
1703 5489 1859 5548 turpe
1902 5476 2106 5546 aliquid

523 5577 690 5630 corde
732 5576 1037 5645 concipitur
1061 5615 1076 5640 _.
1105 5573 1246 5644 quod
1281 5581 1460 5627 tamen
1513 5562 1756 5639 corporis
1798 5584 1961 5639 opere
1999 5583 2106 5623 non

527 5668 795 5738 expletur.
829 5668 935 5724 Sed
961 5668 1172 5722 somnio
1199 5673 1464 5720 nocturno
1488 5663 1743 5734 pollutus,
1765 5661 1948 5732 egredi
1975 5675 2109 5730 pra:-

529 5757 750 5826 cipitur,
798 5760 923 5827 quia
951 5760 1202 5816 videlicet
1229 5759 1450 5828 dignum
1490 5767 1575 5811 est
1605 5765 1666 5810 ut
1705 5756 1794 5825 qui
1830 5753 2106 5808 immunda

2209 5124 2338 5181 rege
2377 5124 2493 5172 suo,
2529 5109 2682 5164 reddi
2728 5109 3024 5178 prohibuit.
3071 5107 3224 5175 Quod
3274 5109 3440 5164 etiam
3494 5110 3779 5179 alienigena

2211 5203 2448 5260 servavit
2476 5199 2671 5256 Amam
2697 5215 2794 5254 rex
2843 5199 3016 5266 Geth,
3045 5201 3264 5270 quando
3309 5201 3377 5255 ad
3421 5216 3550 5255 eum
3598 5199 3782 5266 refugit

2213 5295 2384 5350 David
2409 5309 2438 5348 a
2461 5292 2600 5348 faeie
2639 5290 2842 5347 domini
2871 5291 2975 5354 sui.
3002 5292 3108 5346 hoc
3135 5301 3242 5356 est,
3271 5292 3413 5362 regis
3442 5289 3592 5346 Saul.
3621 5290 3780 5358 Aper-

2207 5387 2417 5442 tissime
2468 5393 2650 5440 autem
2702 5384 2808 5439 hoc
2860 5382 3118 5451 explanat
3171 5397 3294 5436 cum
3342 5382 3481 5437 dicit
3528 5385 3593 5437 de
3625 5382 3776 5449 ipso:

2214 5497 2233 5529 ε
2284 5476 2494 5548 Refuga
2517 5476 2570 5530 in
2595 5474 2750 5530 vobis
2787 5473 3075 5536 habitabit,
3109 5474 3162 5527 in
3196 5473 3343 5527 omni
3377 5472 3498 5527 loco
3537 5471 3623 5526 ubi
3665 5469 3777 5537 pla-

2209 5571 2381 5625 cuerit
2403 5569 2474 5624 ei.
2521 5587 2540 5620 ι
2583 5567 2806 5636 Mystice
2831 5574 3011 5620 autem
3038 5566 3144 5620 hoc
3168 5565 3391 5620 mandat
3413 5565 3574 5620 canui
3598 5559 3780 5631 praedi-

2211 5673 2384 5725 cator,
2409 5669 2470 5714 ut
2489 5675 2611 5714 eum
2655 5658 2748 5727 qui
2779 5672 2810 5709 a
2841 5658 3102 5712 servitute
3131 5657 3416 5719 diabolica,
3452 5657 3552 5710 hoc
3586 5661 3680 5708 est.
3713 5651 3777 5702 ab

2212 5750 2525 5806 inﬁdelitate
2569 5763 2664 5803 seu
2711 5761 2742 5800 a
2776 5746 3015 5813 pondere
3044 5753 3392 5816 peccatorum
3426 5745 3491 5800 ad
3527 5742 3778 5812 pumilea-
