3978 6182
256 360 362 416 955

1046 358 1448 416 ENARRATIO
1487 359 1712 416 SUPER
1750 362 2377 421 DEUTERONOMIUM.
2417 398 2486 408 —
2525 368 2652 425 LIB.
2689 371 2773 427 III.

3417 384 3526 440 954

262 486 391 530 tiam
418 486 482 527 ac
520 470 684 524 ﬁdem
723 469 923 524 Christi
962 470 1284 541 confugerit,
1310 487 1582 542 nunquam
1616 473 1841 529 Domino
1869 481 1916 538 Α
1946 476 2048 528 hoc
2069 485 2369 544 peccatum,
2397 477 2441 533 si
2463 479 2663 548 aliquid
2689 481 2812 536 inde
2841 482 3130 542 oﬁ‘erretur
3156 487 3214 543 in
3244 493 3524 565 templum,

258 565 427 636 priori
479 561 572 632 qui
620 576 744 615 eum
789 561 1062 614 inbianter
1111 571 1356 631 repetere
1385 563 1638 636 voluerit,
1665 565 1844 618 tradat

258 653 570 724 respuendo
596 651 807 706 scilicet
834 658 991 720 atque
1015 652 1068 704 in
1093 652 1522 720 desperationem
1547 655 1696 708 illum
1720 657 1843 710 mit-

259 749 451 810 tendo,
484 745 576 800 sed
609 745 782 814 magis
807 760 930 798 eum
977 744 1204 801 collocet
1241 748 1340 801 sub
1373 749 1668 803 munimine
1719 750 1842 804 ﬁdei

256 835 561 896 Catholicae,
590 849 655 887 ac
694 835 796 888 sub
833 834 996 887 tutela
1036 844 1236 889 sanctae
1262 836 1536 901 Ecclesiaa,
1567 848 1620 890 ut
1652 838 1722 891 ibi
1754 856 1842 892 ve-

255 927 462 980 raciter
487 926 823 995 requiescat,
854 942 954 981 nec
984 927 1122 980 ultra
1153 929 1220 982 ad
1244 929 1522 983 servitium
1550 932 1840 999 pristinum

256 1018 464 1070 redeat.

797 1139 804 1147 -
866 1109 1094 1165 CAPUT
1143 1110 1214 1165 XI

258 1222 414 1288 Quod
437 1240 538 1276 non
566 1223 813 1275 meretrix
835 1239 994 1292 neque
1015 1232 1272 1292 scortator
1299 1223 1363 1276 de
1383 1222 1507 1291 [iliis
1538 1222 1708 1276 Israel
1729 1241 1837 1278 esse

326 1294 497 1355 debet,
524 1310 614 1344 nec
651 1291 935 1363 mercedem
967 1291 1263 1363 prostibuli,
1291 1311 1383 1346 nec
1427 1298 1651 1363 pretium
1690 1296 1835 1347 canis

324 1372 524 1431 oportet
552 1363 606 1416 in
638 1363 852 1415 domum
884 1362 1088 1415 Domini
1119 1362 1318 1431 o/Ierri.

326 1475 510 1545 (Imm)
559 1494 576 1526 ι
620 1474 736 1528 Νοη
768 1475 873 1528 erit
903 1475 1155 1528 meretrix
1184 1491 1248 1530 ex
1277 1475 1457 1540 Israel,
1493 1486 1548 1532 et
1581 1493 1686 1531 non
1732 1479 1837 1532 erit

249 1565 531 1620 fornicans
565 1582 594 1620 a
641 1566 764 1621 ﬁliis
806 1565 990 1620 Israel.
1037 1587 1054 1619 ι
1101 1567 1239 1621 Ecce
1279 1567 1369 1620 ubi
1401 1567 1682 1623 manifeste
1711 1585 1837 1638 pro-

248 1659 434 1712 hibuit
455 1659 730 1723 fornicari,
757 1667 813 1713 et
839 1659 984 1713 viros
1012 1667 1066 1712 et
1092 1658 1322 1714 feminas
1351 1660 1514 1714 etiam
1544 1676 1665 1714 cum
1705 1661 1833 1716 alie-

247 1751 340 1804 nis
371 1749 688 1820 conjugibus
713 1761 992 1820 peccatum
1028 1766 1148 1820 esse
1185 1751 1584 1818 demonstrans,
1618 1753 1831 1807 misceri

244 1843 570 1914 conjugibus
599 1859 704 1897 non
732 1843 864 1908 suis,
896 1845 1112 1912 quando
1140 1851 1194 1898 et
1241 1844 1559 1899 meretrices
1588 1860 1739 1911 esse,
1778 1854 1833 1900 et
1862 1857 1908 1914 Β

245 1935 319 1990 ad
342 1935 664 1989 meretrices
693 1935 950 1989 accedere
977 1935 1248 2004 prohibet,
1266 1951 1494 2003 quarum
1515 1936 1729 2004 publice
1749 1945 1833 1991 est

243 2025 458 2079 venalis
510 2025 807 2094 turpitudo.
850 2024 907 2079 In
938 2023 1196 2096 decalogo
1225 2025 1423 2079 mtechi
1477 2025 1692 2079 nomine
1724 2041 1830 2078 non

243 2117 466 2170 videtur
512 2117 614 2170 hoc
659 2126 843 2189 aperte
893 2115 1264 2185 prohibuisse,
1307 2116 1562 2186 quoniam
1599 2117 1830 2172 mtechia

243 2225 356 2264 non
388 2209 490 2263 nisi
530 2207 855 2263 adulterium
894 2208 1118 2278 intelligi
1152 2207 1307 2263 solet.
1340 2208 1494 2263 Unde
1515 2210 1640 2278 quid
1675 2209 1830 2265 nobis

240 2300 543 2364 videretur,
561 2300 631 2353 ibi
657 2300 1040 2355 tractabamus.
1074 2301 1402 2369 Spiritaliter
1425 2309 1606 2355 autem
1631 2301 1826 2367 innuit,

242 2393 390 2460 quod
417 2391 564 2445 nullo
588 2392 748 2447 modo
778 2392 940 2447 liceat
967 2393 1167 2467 anima:
1195 2394 1514 2449 Christianae
1549 2395 1829 2452 erroribus

239 2483 627 2538 bazreticorum
659 2499 716 2538 se
739 2485 1122 2550 commiscere;
1160 2501 1260 2540 nec
1283 2501 1406 2539 eum
1436 2486 1524 2554 qui
1568 2486 1708 2540 ﬁlius
1742 2488 1830 2540 ad-

238 2574 460 2644 optivus
489 2583 572 2629 est
603 2574 698 2629 Dei
725 2575 925 2641 Patris,
953 2576 1300 2645 impudicitiae
1325 2585 1487 2646 atque
1531 2577 1738 2632 libidini
1769 2595 1828 2634 se

238 2664 483 2728 tradere,
509 2679 684 2735 neque
711 2681 832 2720 cum
864 2665 1076 2720 diabolo
1101 2665 1278 2721 fmdus
1322 2666 1610 2722 nefandum
1654 2668 1822 2735 inire;

237 2757 388 2810 unde
414 2763 465 2810 et
496 2756 682 2811 doctor
703 2757 938 2825 gentium
966 2757 1079 2810 ait:
1112 2777 1129 2808 ι
1160 2757 1349 2829 Fugite
1371 2758 1782 2814 fornicationem
1807 2778 1820 2813 :

235 2863 349 2903 non
395 2849 539 2903 enim
595 2850 807 2904 vocavit
851 2864 949 2905 nos
980 2851 1121 2904 Deus
1162 2851 1214 2904 in
1251 2851 1610 2916 immunditia,
1647 2852 1739 2906 sed
1769 2851 1824 2905 iu

240 2937 696 2994 sanctiﬁcatione.
723 2939 898 2994 Nolite
912 2939 1098 3010 jugnm
1128 2944 1324 2996 ducere
1349 2954 1470 2994 cum
1493 2941 1819 2995 inﬁdelibus.

237 3029 371 3096 Quae
404 3030 547 3083 enim
578 3031 924 3100 participatio
950 3030 1176 3098 justitize
1205 3047 1328 3086 cum
1361 3031 1681 3100 iniquitate?
1719 3031 1821 3097 Qui

235 3127 423 3172 autem
455 3135 752 3175 consensus
779 3121 976 3191 templo
1005 3121 1097 3175 Dei
1148 3138 1270 3176 cum
1306 3122 1497 3176 idolis?
1549 3123 1655 3175 Aut
1703 3135 1823 3191 quae

1946 563 2228 618 dicendum
2250 565 2350 621 fuit
2371 570 2512 638 quod
2535 571 2604 624 sit
2625 572 2956 629 abominatio
2980 575 3227 632 Domino.
3254 563 3530 642 Moraliter

1945 662 2125 706 autem
2164 657 2471 711 ostenditur
2510 661 2651 727 quod
2682 661 2821 715 sicut
2851 679 3058 720 merces
3106 671 3390 736 prostibuli
3441 677 3534 730 ab-

1944 743 2205 797 ominatio
2225 756 2310 800 est
2333 747 2581 814 Domino,
2599 751 2675 804 sic
2700 759 2753 805 et
2777 752 2974 807 donum
2999 759 3333 825 rapacitatis.
3355 761 3529 820 Canes

1941 833 2084 885 enim
2123 849 2345 902 rapaces
2377 836 2703 907 signiﬁcant.
2737 841 2850 894 Non
2878 844 3018 896 enim
3048 845 3266 913 placere
3295 849 3404 904 Deo
3431 868 3523 920 po-

1942 928 2047 974 test
2068 921 2269 977 oblatio
2297 940 2416 994 quae
2439 928 2664 982 offertur
2700 946 2766 984 ex
2813 934 3031 1002 rapina;
3089 938 3230 991 unde
3282 955 3380 1008 per
3426 942 3526 997 Sa-

1940 1011 2198 1079 pientiam
2259 1014 2457 1069 dicitur
2498 1036 2511 1070 :
2556 1037 2575 1069 ι
2626 1019 2774 1074 Dona
2823 1023 3130 1092 iniquorum
3176 1044 3283 1082 non
3332 1035 3527 1100 probat

1941 1099 2274 1168 Altissimus,
2299 1120 2398 1159 nec
2436 1109 2654 1176 respicit
2694 1111 2746 1163 in
2785 1113 3146 1170 oblationibus
3191 1099 3520 1189 iniquiorum,

1940 1207 2039 1246 nec
2062 1195 2116 1246 in
2140 1196 2481 1254 multitudine
2509 1203 2897 1260 sacriﬁciorum
2925 1223 3109 1261 eorum
3142 1215 3525 1280 propitiabitur

1938 1285 2197 1349 peccatis.
2229 1285 2329 1351 Qui
2360 1287 2520 1342 oﬁert
2545 1293 2870 1347 sacriﬁcium
2903 1311 2969 1349 ex
2999 1298 3298 1354 substau‘tia
3323 1319 3523 1373 paupe-

1943 1387 2077 1439 rum,
2107 1379 2260 1445 quasi
2289 1381 2379 1450 qui
2411 1383 2654 1439 victimat
2704 1388 2870 1441 ﬁlium
2921 1390 2973 1442 in
3025 1404 3316 1463 conspectu
3351 1401 3523 1467 patris

1937 1465 2018 1518 sui
2059 1464 2226 1537 (Eccl.
2259 1471 2466 1541 xxxiv).
2507 1493 2524 1525 ι

2535 1586 2762 1645 CAPUT
2804 1591 2910 1646 XII.

1938 1663 2164 1756 Usurqm
2199 1683 2333 1756 velat
2359 1685 2406 1756 et
2445 1692 2568 1730 uvas
2593 1678 2656 1731 de
2680 1681 2838 1733 vineis
2860 1685 3086 1756 proximi
3110 1688 3292 1756 o/fcrri
3305 1707 3321 1752 ;
3373 1691 3520 1745 simi-

2079 1739 2198 1792 [iter
2227 1753 2273 1794 ct
2298 1743 2434 1812 falce
2461 1760 2679 1816 segetem
2710 1739 2937 1819 proximi
2967 1756 3087 1807 meti
3121 1739 3373 1826 ,S'rb/w'a.

2011 1826 2187 1899 (Imm)
2234 1849 2252 1880 ‹
2297 1831 2412 1886 Νοη
2451 1833 2723 1892 fenerabis
2768 1839 2922 1893 fratri
2957 1851 3046 1896 tuo
3081 1845 3147 1898 ad
3175 1861 3391 1901 usuram
3424 1865 3517 1919 pc-

1944 1933 1962 1965 ι
2007 1919 2245 1985 euniam,
2269 1938 2370 1977 nec
2396 1924 2600 1996 fruges,
2626 1944 2725 1983 nec
2751 1933 3049 1998 quamlibet
3079 1935 3238 1990 aliam
3265 1955 3398 2003 rem,
3425 1944 3520 1995 sed

1940 2027 1958 2059 ι
2005 2010 2199 2065 alieno.
2225 2014 2404 2069 Fratri
2429 2028 2609 2072 autem
2639 2029 2728 2074 tuo
2754 2024 2956 2093 absque
2979 2042 3140 2081 usura
3174 2029 3226 2082 id
3259 2033 3399 2099 quod
3432 2032 3515 2086 in-

1939 2118 1955 2149 ι
2003 2101 2568 2173 diget,commodabis,
2586 2119 2642 2162 ut
2664 2112 2949 2169 benedicat
2970 2117 3064 2171 tibi
3091 2118 3351 2176 Dominus
3378 2123 3522 2178 Deus

1937 2206 1956 2237 ι
2008 2199 2132 2244 tuus
2167 2193 2220 2246 in
2250 2195 2396 2248 omni
2431 2205 2693 2267 tempore,
2721 2201 2774 2254 in
2810 2211 2958 2258 terra
2984 2207 3051 2261 ad
3074 2223 3232 2276 quam
3257 2212 3520 2281 ingredie-

1936 2301 1956 2332 ‹
2001 2283 2078 2337 ris
2115 2287 2514 2355 possidendam.
2564 2311 2582 2344 ι
2625 2292 3023 2364 Benignitatem
3051 2310 3211 2372 atque
3246 2304 3518 2373 justitiam

1930 2376 2034 2432 hac
2056 2383 2324 2435 sententia
2348 2383 2626 2454 lcgislator
2645 2387 2824 2455 docet,
2855 2393 2980 2461 quia
3022 2411 3214 2451 usuras
3242 2414 3339 2468 per
3366 2400 3517 2456 frau-

1929 2469 2048 2522 dem
2090 2481 2254 2542 atque
2286 2478 2573 2533 avaritiam
2615 2496 2714 2536 nos
2745 2483 3001 2554 colligere
3027 2489 3324 2557 prohibuit,
3354 2502 3408 2546 et
3438 2495 3520 2548 in-

1930 2562 2131 2630 digenti
2173 2567 2498 2622 charitatem
2529 2570 2841 2641 impendere
2869 2574 3043 2642 jubet.
3100 2579 3293 2636 Frater
3335 2594 3518 2640 autem

1928 2661 2115 2707 noster
2160 2659 2532 2728 unusquisque
2589 2664 2887 2720 catholicus
2931 2677 3045 2735 est,
3085 2672 3171 2724 cui
3217 2677 3515 2730 secundum

1926 2745 2226 2812 spiritalem
2261 2763 2502 2816 sensum,
2544 2751 2753 2824 frugem
2791 2759 2963 2824 verbi,
2994 2762 3165 2830 gratis
3197 2763 3509 2833 impendere

1926 2834 2198 2899 debemus,
2229 2849 2496 2906 quatenus
2544 2845 2823 2899 nobiscum
2871 2857 3056 2903 utatur
3103 2852 3224 2906 cibo
3279 2855 3512 2910 cmlesti.

1924 2925 2149 2982 Alienus
2186 2929 2420 2986 inﬁdelis
2447 2934 2673 3001 quilibet
2710 2946 2795 2989 est
2828 2947 2990 3008 atque
3019 2941 3298 3009 scelestus,
3324 2947 3410 2999 cui
3447 2949 3517 3001 ad

1925 3031 2144 3072 usuram
2175 3023 2461 3088 pecuniam
2486 3025 2697 3088 damus,
2729 3030 2944 3095 quando
2974 3047 3070 3098 pro
3109 3048 3346 3102 expenso
3376 3052 3520 3105 pta:-

1926 3107 2212 3164 dicationis
2237 3114 2423 3178 verbo,
2446 3116 2826 3183 paenitentiam
2868 3130 3239 3189 peccatorum,
3271 3135 3325 3178 et
3367 3127 3516 3181 insu-

235 3213 473 3268 societas
521 3213 627 3268 luci
685 3215 751 3268 ad
815 3215 1097 3270 tenebras?
1136 3216 1265 3282 Qua:
1313 3224 1493 3270 autem
1539 3216 1822 3270 conventio

1927 3214 2023 3268 per
2047 3200 2206 3256 ﬁdem
2232 3218 2354 3257 cum
2403 3208 2660 3274 operibus
2705 3209 2865 3264 bonis
2912 3213 2982 3266 ab
3036 3228 3103 3268 eo
3152 3216 3512 3284 postulamus.

234 3303 440 3359 Christi
467 3305 532 3360 ad
561 3305 769 3360 Belial?
802 3306 909 3360 Aut
934 3323 1052 3376 qua:
1080 3324 1205 3378 pars
1247 3308 1390 3363 ﬁdeli
1439 3325 1560 3363 cum
1589 3308 1824 3362 inﬁdeli?

233 3394 340 3462 Qui
375 3404 556 3448 autem
585 3411 881 3453 consensus
905 3398 1105 3467 templo
1157 3399 1252 3452 Dei
1301 3416 1421 3455 cum
1480 3402 1675 3455 idolis?
1714 3400 1822 3454 Vos

233 3488 384 3541 enim
411 3488 542 3543 estis
574 3489 832 3560 templum
863 3491 955 3545 Dei
983 3492 1109 3556 vivi,
1139 3492 1280 3546 sicut
1302 3492 1433 3549 dicit
1463 3496 1604 3549 Deus
1631 3512 1643 3546 :
1671 3493 1825 3561 Quod

237 3578 557 3634 inhabitabo
591 3595 712 3634 cum
738 3579 861 3643 illis,
889 3589 945 3634 et
983 3581 1268 3636 ambulabo
1317 3583 1459 3637 inter
1502 3600 1615 3648 eos,
1644 3591 1699 3638 et
1729 3598 1824 3636 ero

235 3669 458 3723 illorum
487 3668 654 3736 Deus,
685 3680 740 3725 et
774 3671 875 3741 ipsi
906 3682 1065 3726 erunt
1114 3673 1243 3726 mihi
1296 3674 1542 3742 populus.
1595 3674 1824 3744 Propter

226 3760 376 3829 quod
399 3761 545 3815 exite
571 3761 638 3815 de
662 3761 839 3816 medio
866 3777 1077 3824 eorum,
1106 3771 1157 3817 et
1186 3766 1534 3833 scparamini,
1560 3765 1694 3819 dicit
1719 3767 1822 3821 Do-

225 3854 415 3908 minus
447 3871 460 3907 :
492 3863 545 3908 et
568 3855 905 3910 immundum
929 3872 996 3910 ne
1022 3855 1328 3924 tetigeritis,
1353 3865 1407 3911 et
1439 3873 1537 3927 ego
1565 3860 1820 3927 recipiam

226 3959 346 4008 vos,
384 3953 438 3998 et
461 3960 556 4000 ero
576 3946 728 4000 vobis
752 3945 804 3999 in
828 3955 1056 4014 patrem,
1072 3957 1126 4001 et
1145 3962 1241 4001 vos
1263 3946 1416 4000 eritis
1439 3948 1569 4001 mihi
1597 3948 1648 4001 in
1682 3949 1820 4004 ﬁlios

227 4043 284 4089 et
331 4034 492 4099 ﬁlias,
529 4036 660 4090 dicit
717 4035 979 4092 Dominus
999 4039 1340 4107 omnipotens
1378 4037 1465 4111 (II
1493 4037 1614 4092 Cor.
1650 4040 1745 4112 Vl).
1794 4061 1812 4093 ι

307 4143 326 4175 ι
374 4123 492 4179 Non
525 4125 722 4180 offeres
748 4127 1052 4180 mercedem
1092 4128 1408 4196 prostibuli,
1437 4143 1536 4182 nec
1583 4132 1817 4198 pretium

235 4232 254 4265 ι
300 4214 457 4268 canis
479 4214 532 4268 in
557 4216 774 4270 domum
806 4214 1020 4270 Domini
1050 4216 1146 4272 Dei
1179 4218 1553 4289 tui,quidquid
1581 4220 1710 4276 illud
1733 4231 1818 4278 est

235 4323 255 4356 ί
305 4305 451 4376 quod
501 4309 793 4362 voverint:
834 4308 959 4378 quia
1011 4309 1341 4367 abominatio
1393 4322 1479 4368 est
1527 4323 1816 4386 utrumque

232 4416 252 4449 ι
301 4397 447 4468 apud
477 4397 762 4454 Dominum
789 4399 956 4456 Deum
989 4409 1157 4456 tuum.
1206 4423 1226 4456 ι
1272 4404 1389 4460 Non
1428 4404 1624 4463 offeres
1673 4423 1815 4463 mer-

225 4488 418 4542 cedem
459 4490 782 4554 meretricis,
813 4507 988 4561 neque
1014 4495 1557 4550 communicationem
1583 4499 1734 4555 canis
1758 4500 1814 4554 in

224 4579 450 4634 domum
482 4580 696 4636 Domini
741 4583 837 4637 Dei
880 4584 958 4637 tui
1003 4585 1070 4640 ad
1115 4601 1274 4641 omne
1307 4596 1490 4641 votum
1519 4591 1811 4658 :quoniam

223 4672 562 4729 abominatio
616 4674 845 4731 Domino
889 4677 998 4732 Deo
1029 4686 1117 4731 tuo
1146 4686 1264 4743 est,
1294 4687 1349 4733 et
1377 4679 1480 4734 hoc
1510 4696 1617 4734 non
1644 4697 1812 4736 unum

225 4763 451 4828 borum,
479 4763 573 4818 sed
606 4773 915 4834 utrumque.
959 4765 1034 4820 De
1082 4782 1216 4821 cane
1264 4768 1459 4838 quippe
1504 4776 1653 4823 vetat
1694 4769 1813 4825 ﬁeri

224 4856 712 4910 commutationem
761 4857 1266 4928 primogenitorum,
1295 4874 1458 4928 quam
1497 4857 1651 4928 jubet
1694 4859 1810 4915 ﬁeri

224 4945 293 4999 de
325 4944 450 4999 aliis
476 4945 768 5000 immundis
793 4947 1138 5018 animalibus,
1157 4947 1208 5002 id
1233 4957 1332 5014 est,
1351 4950 1507 5019 equis
1527 4958 1581 5005 et
1605 4951 1806 5017 asinis;

223 5045 279 5089 ct
311 5037 356 5091 si
397 5037 525 5107 quid
569 5055 755 5094 eorum
804 5053 888 5096 est
933 5057 1052 5112 qum
1102 5043 1358 5112 adjuvant
1407 5044 1676 5099 hominem
1712 5063 1723 5097 :
1755 5053 1810 5098 et

221 5127 421 5182 Latine
451 5143 480 5181 a
503 5126 743 5197 juvando
763 5130 1006 5201 jumenta
1036 5134 1310 5188 dicuntur.
1360 5134 1437 5189 De
1465 5151 1599 5190 cane
1627 5144 1809 5190 autem

224 5217 422 5282 noluit,
454 5227 634 5274 utrum
672 5232 726 5276 et
769 5223 836 5277 de
871 5223 1074 5292 porco?
1122 5224 1187 5277 Et
1219 5207 1406 5294 .quare
1450 5225 1679 5278 noluerit
1727 5241 1812 5279 re-

222 5309 550 5378 quirendum
576 5321 678 5377 est,
703 5321 756 5366 et
777 5314 822 5368 si
846 5315 913 5369 de
938 5315 1189 5369 omnibus
1218 5316 1416 5370 talibus
1434 5315 1809 5384 noluit,quare

220 5401 401 5455 solum
429 5418 619 5458 canem
649 5407 753 5460 isto
780 5407 897 5461 loco
935 5416 1222 5478 exceptum
1268 5406 1490 5462 fecerit?
1538 5407 1614 5462 De
1659 5421 1806 5461 mer-

217 5493 359 5549 cede
407 5503 589 5549 autem
637 5497 941 5553 meretricis
986 5506 1044 5552 ut
1093 5498 1321 5562 diceret,
1351 5499 1566 5554 videtur
1594 5515 1657 5552 ea
1688 5515 1808 5553 esse

223 5599 415 5647 causa,
447 5584 572 5654 quia
601 5587 850 5655 superius
889 5589 1168 5656 prohibuit
1207 5603 1329 5642 esse
1371 5589 1710 5643 meretricem
1742 5590 1807 5642 de

223 5676 442 5731 filiabus
470 5675 667 5744 Israel,
705 5688 798 5734 aut
831 5696 1173 5750 nequaquam
1229 5681 1460 5736 ﬁliorum
1516 5679 1682 5735 Israel
1730 5683 1806 5736 uti

224 5771 552 5837 meretrice;
588 5782 643 5827 et
667 5790 734 5830 ne
774 5775 1030 5844 subrepat
1055 5776 1366 5845 cogitationi
1414 5777 1618 5848 expiari
1649 5793 1805 5848 posse

1927 3293 2145 3348 Duobus
2175 3297 2350 3351 modis
2374 3299 2426 3352 in
2457 3298 2754 3369 Scripturis
2776 3305 2946 3358 sacris
2983 3307 3211 3374 pecunia
3251 3309 3518 3377 probatur

1926 3386 2170 3458 intelligi.
2197 3389 2313 3444 Una
2342 3401 2426 3446 est
2454 3393 2556 3447 ista
2586 3396 2875 3463 metallica,
2906 3414 3024 3467 quae
3054 3400 3119 3454 ad
3146 3416 3366 3455 usuram
3392 3403 3510 3456 dari

1924 3484 2143 3538 omnino
2170 3487 2507 3553 prohibetur,
2534 3491 2790 3558 quoniam
2830 3492 3022 3546 vitium
3069 3495 3379 3563 cupiditatis
3429 3504 3516 3550 est

1923 3573 2142 3640 exigere
2180 3574 2318 3627 velle
2359 3576 2502 3642 quod
2550 3586 2600 3629 te
2651 3579 2866 3632 nescias
2919 3581 3312 3635 commodasse.
3362 3582 3514 3636 Hanc

1921 3661 2206 3730 pecuniam
2248 3663 2463 3732 quidem
2515 3665 2704 3718 habuit
2737 3665 2996 3721 Dominus
3029 3666 3186 3722 Jesus
3233 3668 3506 3730 Christus.

1922 3764 2085 3820 quam
2118 3749 2268 3806 Juda:
2301 3753 2525 3806 tradidit
2573 3755 2903 3824 pauperibus
2945 3757 3276 3826 erogandam
3303 3799 3316 3824 ,
3344 3773 3506 3829 quam

1921 3857 2028 3894 non
2056 3840 2207 3895 dedit
2230 3842 2298 3896 ad
2325 3859 2574 3910 usuram,
2599 3846 2815 3914 quando
2855 3846 3001 3902 illam
3049 3849 3416 3918 indigentibus
3445 3856 3513 3908 ad

1921 3929 2290 3986 informandos
2314 3949 2415 3988 nos
2445 3936 2532 4004 pia
2563 3937 2814 4007 largitate
2845 3941 3137 3996 concessit.
3160 3942 3345 3998 Altera
3381 3960 3516 4000 vero

1919 4030 2003 4075 est
2031 4037 2193 4091 quam
2223 4023 2291 4077 ad
2323 4040 2544 4080 usuram
2568 4028 2706 4093 dari,
2732 4030 3024 4101 Evangelia
3047 4031 3281 4099 dicente,
3312 4037 3510 4091 suade-

1920 4127 2066 4176 mur,
2092 4113 2146 4166 id
2174 4122 2276 4180 est,
2299 4116 2721 4185 przedicationes
2752 4122 3133 4177 sanctissimas
3171 4133 3228 4177 et
3261 4126 3521 4181 instituta-

1918 4205 2120 4260 divina.
2147 4206 2238 4262 Ait
2261 4211 2408 4265 enim
2439 4230 2451 4265 :
2491 4231 2509 4263 «
2547 4212 2768 4270 Sciebas
2799 4233 2886 4271 me
2911 4219 3187 4274 hominem
3217 4222 3411 4276 durum
3445 4232 3501 4277 et

1917 4301 2215 4350 austerum.
2232 4296 2422 4353 Nonne
2433 4309 2746 4369 oportuerat
2765 4311 2819 4356 te
2855 4307 3195 4362 committere
3223 4310 3506 4378 pecuniam

1915 4398 2095 4439 meam
2117 4389 2513 4455 nummulariis,
2540 4400 2595 4445 et
2623 4407 2723 4462 ego
2743 4394 2966 4450 veniens
2992 4398 3293 4468 exegissem
3319 4399 3510 4468 utique

1916 4490 2040 4530 cum
2067 4480 2248 4534 usuris
2278 4481 2422 4549 quod
2446 4497 2624 4536 meum
2657 4485 2776 4538 est?
2814 4506 2832 4538 ι
2865 4486 2956 4544 Sic
2988 4489 3132 4543 enim
3170 4491 3311 4546 istud
3343 4496 3520 4563 inqui-

1839 4546 2107 4623 I)vocum
2159 4570 2385 4624 verbum
2432 4587 2531 4641 pro
2571 4572 2814 4630 locorum
2875 4578 3137 4647 qualitate
3190 4583 3505 4652 suscipitur.

1922 4677 1940 4710 ι
1983 4661 2260 4733 Ingressus
2287 4662 2501 4717 vineam
2529 4664 2763 4734 proximi
2793 4668 2897 4733 tui,
2930 4671 3152 4726 comede
3176 4688 3308 4727 uvas
3332 4690 3512 4744 quan-

1922 4775 1941 4807 ‹
1989 4763 2101 4810 tum
2122 4755 2215 4810 tibi
2238 4755 2536 4826 placuerit;
2559 4757 2707 4812 foras
2728 4769 2909 4815 autem
2932 4776 2998 4816 ne
3030 4762 3221 4819 eﬂ'eras
3246 4772 3443 4820 tecum.
3477 4789 3505 4820 ι

1915 4845 2139 4900 Vineam
2187 4847 2290 4902 hoc
2333 4847 2452 4901 loco
2491 4847 2578 4902 vel
2627 4846 2939 4919 Scripturas
2975 4867 3181 4921 sacras,
3209 4856 3296 4911 ubi
3327 4860 3504 4928 gratia

1911 4935 2173 5002 spiritalis
2199 4938 2489 5006 reperitur,
2520 4939 2603 4992 vel
2633 4938 2930 4995 Ecclesiam
2960 4945 3304 5009 catholicam,
3336 4962 3503 5015 quam

1913 5028 1966 5080 in
1997 5029 2246 5095 parabola
2278 5031 2555 5102 Evangelii
2580 5049 2895 5106 expressam
2928 5036 3097 5091 vineae
3130 5038 3347 5090 nomine
3371 5037 3505 5106 legi-

1913 5120 2342 5189 mus,accipere
2389 5139 2700 5193 possumus.
2752 5129 3042 5184 Proximus
3087 5137 3265 5182 autem
3315 5138 3504 5181 noster

1913 5209 2066 5278 cujus
2094 5211 2211 5281 ipsa
2238 5213 2395 5269 vinea
2426 5226 2530 5282 est,
2556 5217 2886 5289 Redemptor
2904 5221 3126 5274 humani
3154 5218 3366 5288 generis
3393 5227 3498 5272 est.

1915 5304 2174 5373 Quisquis
2201 5306 2341 5363 hanc
2373 5311 2587 5364 vineam
2613 5313 2933 5384 ingreditur,
2959 5328 3092 5366 uvas
3113 5311 3162 5365 ei
3189 5314 3497 5374 comedere.

1911 5397 2017 5451 hoc
2042 5396 2564 5455 estincarnationcm
2581 5401 2781 5458 Christi
2806 5404 3048 5467 credere,
3065 5410 3119 5456 et
3140 5401 3497 5454 sacramentis

1912 5486 2029 5555 ejus
2058 5489 2114 5542 in
2161 5504 2224 5543 ea
2262 5493 2593 5562 participare
2634 5494 2780 5548 licet.
2822 5494 2992 5549 Foras
3037 5502 3237 5555 autem,
3262 5491 3370 5546 hoc
3412 5501 3494 5545 est

1911 5590 2065 5634 extra
2102 5580 2421 5648 Ecclesiam,
2470 5585 2610 5638 hanc
2645 5588 2873 5655 gratiam
2911 5583 3056 5637 nullo
3107 5583 3266 5637 modo
3313 5584 3494 5639 efferri

1907 5671 2114 5737 licebit,
2147 5673 2270 5742 quia
2304 5674 2355 5726 in
2385 5690 2490 5728 una
2528 5675 2688 5730 domo
2723 5689 2916 5730 carnes
2945 5675 3069 5744 agni
3105 5673 3187 5727 edi
3211 5671 3492 5741 jubentur.

1916 5778 1934 5810 ι
1983 5761 2038 5816 Si
2070 5763 2356 5819 intraveris
2391 5773 2626 5834 segetem
2671 5765 2827 5820 amici
2868 5765 2962 5832 tui,
3001 5765 3217 5838 franges
3241 5767 3418 5837 spicas
3443 5777 3495 5824 ct
