3978 6182
500 343 612 405 935
1190 331 1246 386 Β.
1285 327 1535 387 RABANI
1574 324 1795 383 MAURI
1832 319 2154 379 ARCHIEP.
2193 318 2502 377 MOCU‘NT.
2536 313 2820 373 OI’ERUM
2859 313 3038 369 PARS
3072 312 3112 367 Ι.
3615 315 3707 371 9:6

501 481 524 517 ι
568 471 731 515 manu
756 459 1027 515 conteres,
1051 446 1190 502 falce
1216 455 1397 500 autem
1420 459 1527 498 non
1552 450 1744 497 metes.
1778 457 1797 490 ι
1831 436 1972 504 Quid
1992 443 2077 490 est
2104 444 2152 504 Α
2180 441 2514 502 contempta,
2563 429 2948 485 continentiam
3010 427 3152 481 inter
3205 438 3266 480 se
3322 425 3435 494 pari
3485 441 3711 484 consensu

499 555 645 612 enim
685 555 920 619 segetem
958 540 1119 597 amici
1144 540 1371 606 intrare,
1399 536 1503 591 nisi
1537 535 1710 604 legem
1740 529 1968 593 Christi,
1990 528 2080 595 qui
2189 535 2407 577 servare
2437 527 2727 591 potuerunt
2757 532 2770 571 :
2802 517 2929 587 quia
2961 529 3134 585 neque
3172 525 3362 569 contra
3400 513 3519 567 illud
3543 532 3711 585 puere-

498 656 661 698 verus
686 636 894 692 amicus
926 640 1112 685 noster
1134 637 1241 692 est,
1276 626 1363 696 pie
1390 603 1675 678 meditari?
1707 618 1810 675 Ubi
1834 617 2094 686 frangere,
2188 625 2338 683 ptum
2363 612 2424 667 iit
2441 652 2456 677 ,
2483 627 2589 680 quo
2616 610 2877 664 Dominus
2901 607 3101 662 dimitti
3149 603 3429 675 coniugem
3456 616 3599 659 vetat.
3619 606 3712 661 bon

503 732 683 803 spicas
704 736 760 781 et
786 739 947 779 manu
971 727 1275 781 conterere,
1309 717 1411 769 hoc
1452 720 1535 768 est
1576 712 1813 765 litteram
1845 707 1978 779 legis
2029 706 2084 759 in
2191 704 2335 759 enim
2361 703 2585 758 dimittit
2611 701 2700 770 qui
2730 690 2857 754 cum
2879 713 2940 752 ea
2968 713 3075 751 non
3103 695 3407 759 carnaliter,
3431 696 3517 749 sed
3541 695 3713 765 spiria-

502 785 822 891 opportunis
850 812 984 867 locis
1009 809 1075 863 atl
1103 805 1400 876 spiritalem
1444 816 1661 878 sensum
1701 799 1963 868 redigere,
1994 811 2088 848 no-
2192 794 2315 847 liter
2345 793 2496 857 vivit,
2538 800 2592 845 et
2627 791 2753 845 illud
2801 796 3071 852 servatur,
3112 788 3254 855 quod
3308 802 3403 854 per
3448 785 3714 855 Apostolum

506 912 592 966 bis
622 906 974 969 conceditur;
1008 900 1144 955 falce
1190 906 1371 952 autem
1399 902 1636 957 metere,
1666 892 1769 946 hoc
1794 898 1878 943 est
1900 900 2090 942 omnes
2195 885 2434 939 dicitur:
2476 902 2494 934 ‹
2539 883 2825 952 Reliquum
2877 889 2979 943 est,
3033 887 3089 932 ut
3150 879 3242 947 qui
3300 877 3491 932 habent
3539 894 3717 945 uxores,

508 998 899 1071 Scripturasiu
928 994 1130 1049 malum
1157 1003 1380 1046 sensum
1408 994 1643 1050 vertere,
1668 983 1884 1054 penitus
1911 981 2083 1034 inter-
2197 980 2351 1049 quasi
2397 993 2503 1032 non
2563 976 2823 1033 habentes
2869 974 2977 1029 sint
3030 971 3216 1044 (ΗΜ.)
3266 992 3283 1024 ι
3322 971 3534 1041 Mystice
3574 982 3720 1027 autem

507 1065 725 1148 dicitur.
764 1088 901 1142 Sunt
923 1100 1054 1156 ergo
1080 1081 1327 1152 quaedam
1355 1079 1472 1133 loca
1506 1078 1560 1131 in
1593 1072 1958 1129 Testamentis
2005 1069 2091 1123 di-
2196 1074 2361 1127 homo
2384 1070 2472 1124 hic
2494 1067 2770 1123 Christum
2799 1067 3153 1131 demonstrat,
3168 1065 3260 1134 qui
3296 1065 3497 1135 accepit
3517 1081 3721 1128 uxorem,

507 1184 802 1251 viuis,quac
825 1175 1178 1233 historialiter
1198 1171 1361 1226 ﬁdem
1386 1169 1668 1230 imbuant;
1698 1164 1944 1235 quaedam
1965 1174 2095 1214 vero
2201 1178 2323 1217 cum
2371 1160 2646 1218 associare
2688 1157 2791 1211 sibi
2829 1156 2999 1211 voluit.
3022 1171 3365 1228 synagogam,
3393 1172 3543 1224 quam
3591 1155 3721 1209 etiam

510 1244 961 1343 quzemoraliter
1010 1262 1076 1317 ad
1119 1268 1366 1316 sanctam
1421 1254 1887 1312 conversationem
1943 1248 2096 1302 insti-
2203 1253 2402 1307 dudum
2433 1250 2815 1319 desponsabat,
2845 1247 3060 1316 quando
3084 1247 3134 1302 ei
3167 1247 3338 1317 legem
3367 1246 3507 1300 dedit
3528 1246 3573 1299 in
3594 1244 3721 1313 justi-

509 1369 699 1425 tuunt;
726 1357 970 1429 quaedam
996 1354 1161 1408 etiam
1185 1366 1306 1420 quae
1333 1364 1440 1403 non
1471 1344 1766 1400 secundum
1791 1340 2099 1403 historiam.
2205 1345 2298 1409 tia,
2330 1341 2625 1411 etjudicio,
2655 1349 2710 1394 et
2745 1338 3141 1403 misericordia,
3168 1340 3311 1394 sicut
3339 1339 3390 1393 in
3436 1338 3597 1408 Moyse
3622 1339 3725 1392 scri-

512 1452 610 1509 sed
637 1444 931 1505 secundum
962 1442 1272 1512 allegoriam
1305 1436 1614 1493 veneranda
1643 1431 1899 1504 mysteria
1923 1438 2100 1483 osteu-
2205 1448 2356 1509 ptum
2397 1444 2497 1489 est,
2539 1430 2644 1487 sed
2678 1432 2765 1485 illa
2792 1447 2900 1485 ηοη
2934 1430 3139 1485 invenit
3178 1430 3407 1502 gratiam
3445 1438 3558 1482 sum
3581 1428 3726 1482 oculos

513 1542 650 1595 dunt
688 1556 701 1592 ε
735 1546 791 1591 at
840 1536 961 1589 ideo
1009 1534 1208 1600 ubique
1250 1526 1492 1599 diligenti
1537 1523 1726 1579 lectori
1753 1535 1963 1576 summa
1990 1518 2102 1572 δίε·
2207 1527 2323 1596 ejus
2353 1532 2574 1595 propter
2606 1522 3035 1577 increduiitatem
3063 1537 3215 1575 suam
3258 1530 3311 1575 et
3342 1519 3614 1574 foeditatem
3645 1520 3728 1571 ido-

512 1631 754 1686 cretione
790 1641 926 1696 opus
947 1632 1058 1685 est,
1094 1629 1152 1674 ut
1184 1621 1237 1674 in
1265 1618 1517 1689 pnedicla
1541 1621 1721 1682 segete
1751 1610 1979 1671 Domitii.
2007 1622 2103 1677 per
2210 1614 2453 1668 lolatrite.
2485 1612 2635 1668 Unde
2660 1613 2708 1667 ei
2737 1612 2955 1681 scripsit
2974 1610 3211 1665 libellum
3244 1608 3476 1679 repudii,
3501 1606 3729 1662 condendo

514 1718 780 1774 cautelam
810 1722 1024 1786 pastum
1076 1711 1180 1765 sibi
1231 1708 1506 1765 salubrem
1556 1710 1782 1774 qureret.
1810 1716 1879 1755 ne
1920 1707 2101 1752 tamen
2208 1704 2463 1759 vi.lclicet
2491 1702 2859 1772 Evangelium,
2878 1701 2966 1755 ubi
2992 1700 3426 1755 manifestissime
3454 1697 3729 1761 declaratur,

516 1825 615 1880 per
646 1807 1009 1863 temeritatem
1040 1801 1372 1870 injudicium
1402 1798 1544 1852 laesa:
1573 1793 1764 1848 messis
1790 1791 2009 1846 incidat.

2158 1792 2182 1848 3
2210 1795 2352 1865 quod
2372 1795 2487 1863 ipsa
2519 1793 2738 1863 indigna
2762 1792 2864 1846 fuit
2892 1790 3152 1861 spiritalis
3183 1790 3342 1859 hujus
3369 1789 3620 1849 consortii,
3637 1800 3729 1841 cmn

1116 1913 1342 1969 CApUT
1396 1910 1528 1965 χιιι,
2210 1886 2484 1943 Christum
2517 1885 2911 1954 persequendo,
2938 1881 3163 1937 tradidit
3193 1883 3261 1937 ad
3287 1896 3510 1943 crucem,
3525 1888 3573 1934 et
3599 1879 3731 1949 magis

591 2012 670 2067 De
698 2008 1009 2065 dimittenda
1039 2021 1201 2060 uxore
1231 2004 1412 2057 odiosa
1447 2017 1564 2055 cum
1605 1997 1779 2052 libello
1810 1995 2034 2066 repudii.

2210 1976 2373 2048 elegit
2396 1975 2498 2029 sibi
2525 1974 2641 2029 dari
2673 1972 3276 2037 Barabbamlatroncm,
3307 1987 3462 2041 quam
3494 1969 3730 2023 Dominum

592 2100 743 2174 (CAP.
772 2096 949 2168 χειν.)
985 2114 1003 2147 ι
1050 2094 1108 2150 Si
1135 2093 1407 2162 acceperit
1436 2094 1600 2145 homo
1634 2058 1877 2144 uxorem.
1913 2094 1970 2141 et
2017 2085 2111 2140 ha-
2214 2064 2572 2121 Salvatorem.
2610 2065 2778 2118 Datus
2804 2070 2888 2118 est
2921 2061 3135 2118 libellus
3161 2061 3369 2132 repudii
3407 2061 3457 2115 in
3500 2074 3665 2114 manus
3687 2058 3733 2112 il-

595 2151 741 2174 \"""
930 2151 944 2168 ι
1265 2151 1283 2162 .

530 2213 548 2245 ι
596 2191 774 2248 bucrit
803 2205 946 2253 eam,
978 2195 1033 2242 et
1071 2201 1175 2239 non
1209 2181 1480 2238 invenerit
1508 2180 1739 2251 gratiam
1769 2185 1897 2231 ante
1924 2174 2101 2231 oculos

2214 2159 2339 2224 lius,
2369 2174 2491 2213 cum
2518 2165 2761 2228 potestas
2788 2155 2864 2210 illi
2900 2156 3027 2211 data
3053 2164 3140 2211 est
3172 2155 3572 2223 Redemptorem
3596 2151 3735 2206 cruci-

530 2305 549 2336 ι
595 2283 715 2354 ejus
750 2288 974 2351 propter
1002 2279 1236 2351 aliquam
1275 2245 1601 2337 uilitatem,
1629 2272 1830 2326 scribet
1866 2268 2113 2323 libellum
2217 2251 2307 2323 ﬁgi
2334 2271 2347 2305 :
2378 2252 2520 2305 unde
2536 2251 2683 2321 juste
2709 2250 2906 2304 meruit
2933 2248 3113 2320 abjici,
3138 2257 3195 2303 et
3222 2249 3437 2303 dimissa
3463 2257 3537 2301 est
3564 2245 3734 2299 adorna

533 2396 551 2427 ι
598 2336 824 2444 repudii,
851 2336 913 2426 et.
946 2336 1183 2426 dabit.in-
1203 2380 1367 2421 manu
1392 2362 1531 2432 ejus,
1551 2336 1608 2416 et
1633 2361 1868 2415 dimittet
1896 2374 2015 2413 eaut
2050 2357 2104 2411 de

2217 2359 2335 2408 sua,
2375 2357 2497 2396 cum
2536 2359 2566 2396 a
2618 2350 2806 2410 sancta
2843 2338 3014 2409 ejecta
3056 2349 3140 2395 est
3174 2339 3430 2394 Ecclesia.
3469 2336 3588 2390 Hinc
3632 2348 3734 2403 quo-

2354 2434 2365 2444 .
2435 2433 2474 2444 ,η
2655 2432 2686 2444 ..
2754 2432 2765 2443 .
2889 2432 2926 2444 ..
3027 2431 3039 2443 .
3303 2429 3324 2444 .
3615 2424 3733 2444 η,

537 2423 550 2427 -
598 2423 824 2444 --τη-η
868 2423 907 2426 π
951 2423 962 2426 ,
1420 2423 1439 2432 _
1517 2423 1527 2427 _

533 2486 553 2518 ι
600 2468 760 2521 domo
787 2478 905 2517 sua,
942 2460 1185 2528 Cumque
1211 2470 1430 2527 egressa
1463 2453 1691 2507 alterum
1724 2450 1978 2504 maritum
2014 2447 2116 2502 du-
2219 2450 2322 2503 que
2352 2434 2406 2487 in
2434 2432 2724 2501 Evangelio
2752 2432 2865 2502 ipse
2889 2431 3146 2486 Dominus
3184 2429 3471 2500 puerei-ens
3497 2423 3588 2481 illis
3614 2424 3736 2478 ﬁdem

534 2576 556 2608 ι
602 2554 778 2618 χει-η,
805 2561 861 2608 et
894 2552 985 2605 tuo
1020 2564 1234 2619 quoque
1276 2545 1453 2601 oderit
1497 2559 1640 2607 eam,
1686 2542 2004 2609 dederatque
2065 2539 2118 2593 ei
2220 2524 2573 2588 centurionis,
2609 2523 2684 2577 ait
2714 2538 2727 2575 :
2760 2542 2778 2572 ι
2827 2520 2974 2576 Multi
3003 2522 3223 2576 venient
3248 2521 3315 2575 ab
3346 2520 3541 2575 oriente
3561 2513 3738 2571 etocci—

533 2666 553 2700 ι
598 2645 837 2702 libellum
866 2641 1075 2712 repudii
1096 2604 1444 2695 et.dimi‘serit
1465 2636 1530 2690 de
1551 2635 1711 2689 domo
1732 2648 1849 2697 sua,
1869 2604 1952 2685 vel
1969 2638 2104 2685 certi

2221 2617 2402 2683 dente,
2431 2625 2485 2672 et
2515 2614 2832 2671 recumbent
2859 2630 2980 2669 cum
3011 2614 3308 2679 Abraham,
3338 2621 3391 2667 et
3416 2611 3551 2666 Isaac
3591 2617 3637 2664 et
3670 2604 3738 2661 Ja-

530 2757 558 2792 ι
604 2747 853 2796 mortuus
883 2735 1069 2800 fuerit,
1085 2748 1189 2788 non
1220 2732 1417 2801 poterit
1443 2728 1594 2800 prior
1618 2727 1848 2782 maritus
1878 2724 2122 2794 recipere
2222 2712 2324 2766 cob
2350 2710 2403 2764 in
2428 2724 2594 2780 regno
2622 2707 2886 2763 caelorum
2920 2726 2933 2760 :
2968 2706 3063 2760 ﬁlii
3096 2721 3281 2761 autem
3310 2703 3454 2774 regni
3495 2699 3632 2767 huius
3669 2695 3741 2766 eji-

530 2845 557 2879 (
599 2842 720 2882 eam
754 2826 807 2879 in
842 2839 1068 2879 uxorem
1087 2862 1101 2888 ,
1134 2821 1259 2890 quia
1286 2818 1491 2890 polluta
1520 2825 1605 2872 est
1636 2825 1693 2872 ot
1744 2812 2122 2871 abominandis
2224 2804 2439 2857 cientur
2468 2800 2522 2855 in
2554 2799 2805 2855 tenebras
2833 2798 3156 2862 exteriores,
3176 2796 3267 2851 ubi
3297 2796 3398 2849 erit
3417 2793 3558 2847 ﬂetus
3580 2799 3625 2844 et
3646 2786 3739 2843 stri-

535 2936 559 2970 ι
605 2917 747 2972 facta
768 2924 853 2971 est
880 2929 1064 2969 coram
1089 2885 1345 2976 Domino,
1378 2918 1486 2965 etc.
1529 2928 1547 2962 ι
1583 2908 1749 2964 Istum
1779 2907 1956 2963 locum
2001 2905 2120 2977 ple-
2226 2895 2324 2950 dor
2349 2891 2589 2948 dentium
2622 2889 2836 2963 (Matth.
2867 2888 3007 2960 vnn).
3042 2908 3061 2940 ι
3088 2887 3244 2955 Quod
3278 2896 3451 2942 autem
3487 2885 3690 2953 sequitur
3726 2893 3738 2930 :

532 2965 938 3065 ιιίιιενέῖιιλι-θίιίξιζ
952 2965 1200 3074 erponit,
1224 2965 1368 3073 quod
1400 3000 1609 3072 Moyses
1642 2999 1882 3055 libellum
1909 2965 2101 3068 repudi

2231 3004 2250 3037 ι
2280 2983 2524 3053 Cumque
2549 2996 2793 3053 egressa,
2823 2979 3052 3034 alterum
3091 2976 3350 3034 maritum
3373 2975 3586 3038 duxerit,
3614 2979 3659 3026 et
3676 2965 3741 3022 ille

535 3096 919 3168 darijusserit,
950 3102 1172 3164 propter
1197 3092 1452 3147 duritiam
1490 3090 1670 3146 cordis
1722 3089 2041 3145 meritorum
2070 3100 2106 3139 ιιη

2170 3136 2194 3159 η
2226 3086 2449 3148 propter
2494 3076 2793 3131 imditatem
2840 3088 2995 3128 suam
3036 3073 3217 3128 oderit
3242 3087 3381 3136 eam,
3415 3065 3684 3132 dederitque
3704 3056 3741 3113 ei

535 3136 919 3168 υαιιδυσυι-ηι
953 3136 1160 3164 ι’-νι-ν-ν·
1198 3136 1452 3147 ιη---τ--υ-
1493 3136 1670 3146 νν-κ---σ
1722 3136 2041 3145 ---v--v----—
2105 3136 2121 3154 ν
2227 3136 2244 3147 ι
2328 3136 2345 3148 ι

535 3204 645 3244 non
682 3186 968 3243 discidium
993 3184 1318 3249 concedens,
1353 3181 1702 3235 homicidium
1743 3178 1959 3251 (Matth.
1983 3177 2122 3250 χιχ).
2152 3136 2197 3199 C
2229 3166 2471 3222 libellum
2522 3165 2756 3236 ι’θΡυιῘίὶ,
2803 3164 2931 3234 (illia
2972 3162 3244 3217 dimiserit
3271 3162 3335 3216 de
3367 3161 3516 3215 domo
3538 3171 3635 3218 sua.
3662 3164 3743 3205 "0"

539 3277 708 3332 Multo
764 3276 914 3331 enim
965 3274 1160 3328 melius
1204 3247 1332 3327 licet
1361 3272 1642 3341 lugubrem
1677 3247 1895 3324 evenire
1925 3247 2130 3325 discor-
2229 3259 2430 3331 poterit
2456 3259 2608 3329 prior
2634 3258 2866 3312 maritus
2895 3256 3137 3325 recipere
3162 3270 3310 3319 eam,
3339 3254 3457 3324 quia
3490 3247 3658 3320 polluta
3680 3248 3743 3297 est

544 3369 689 3423 diam
717 3382 880 3436 quam
906 3380 999 3434 per
1018 3364 1202 3417 odium
1229 3339 1545 3431 sanguinem
1568 3358 1738 3413 fundi.
1772 3357 1949 3412 Multa:
1972 3367 2130 3413 erant
2231 3359 2286 3406 et
2315 3348 2699 3405 abominabilis
2727 3347 2895 3412 facta,
2935 3366 2953 3398 ι
3000 3345 3276 3416 significat
3316 3342 3472 3414 quod,
3502 3339 3611 3393 licet
3646 3346 3743 3403 apo-

539 3456 596 3513 in
627 3455 791 3511 veteri
820 3454 937 3524 lege
959 3468 1136 3508 causa:
1162 3465 1359 3505 uxores
1389 3447 1718 3503 dimittendi.
1748 3448 2015 3503 Dominus
2036 3465 2131 3503 au—
2232 3443 2356 3501 stoli
2383 3451 2506 3512 post
2534 3440 2839 3512 passionem
2878 3447 2929 3494 et
2971 3438 3423 3512 resurrectionem
3452 3429 3625 3490 Christi
3649 3441 3745 3498 syn-

478 3574 483 3579 ·
549 3556 659 3602 tem
691 3546 745 3600 in
785 3542 1078 3612 Evangelio
1101 3541 1272 3596 solam
1308 3555 1529 3595 causam
1565 3538 1943 3593 fornicationis
1964 3553 2130 3594 exce-
2234 3548 2456 3604 agogam
2502 3531 2570 3585 ad
2620 3529 2993 3599 paenitentiam
3050 3535 3106 3581 et
3158 3528 3227 3581 ad
3276 3526 3431 3580 ﬁdem
3481 3519 3740 3579 catholicam

547 3637 631 3708 pit
670 3654 682 3691 :
714 3645 942 3690 caeteras
968 3648 1096 3686 vero
1124 3631 1404 3686 molestias
1426 3631 1742 3695 universas,
1768 3628 1816 3684 si
1844 3645 1966 3699 qum
1996 3628 2135 3684 forte
2236 3624 2349 3680 suis
2371 3619 2846 3692 praedicationibus
2874 3618 3314 3689 provocavcrint,
3344 3627 3553 3683 eamque
3590 3608 3745 3662 vellent

547 3731 882 3795 exstiterint,
900 3729 1059 3800 julct
1087 3741 1186 3796 pro
1209 3726 1313 3781 fide
1334 3723 1628 3794 conjugali,
1651 3733 1708 3778 et
1733 3738 1832 3794 pro
1860 3695 2129 3787 castitate,
2238 3713 2571 3784 spiritalibus
2624 3710 2827 3782 nuptiis
2880 3707 3121 3777 copulari
3149 3748 3164 3772 ,
3218 3717 3393 3762 tamen
3446 3703 3633 3773 indigna
3670 3695 3745 3749 fuit

545 3823 763 3878 fortiter
792 3819 1083 3874 sustinere.
1135 3816 1202 3870 Et
1246 3815 1520 3870 moechum
1565 3814 1699 3869 dicit
1748 3813 1912 3867 etiam
1959 3812 2133 3866 virum
2237 3805 2435 3876 prioris
2462 3803 2642 3858 mariti
2674 3802 2968 3867 consortio,
2994 3800 3121 3869 quia
3157 3798 3359 3869 polluta
3407 3809 3602 3869 errore,
3625 3798 3668 3845 et
3704 3783 3745 3839 in

550 3912 644 3982 qui
667 3926 787 3965 cam
816 3911 1046 3962 duxerat
1071 3922 1192 3978 quae
1224 3906 1401 3961 soluta
1445 3914 1531 3960 est
1572 3906 1737 3959 viro:
1769 3904 1854 3959 cui
1892 3902 1971 3958 rei
2012 3918 2138 3974 apo-
2239 3899 2605 3969 voluptatibus
2650 3896 2763 3952 suis
2813 3893 3195 3950 abominabilis
3244 3891 3381 3947 facta
3405 3932 3419 3957 ,
3461 3890 3509 3943 in
3558 3883 3744 3940 imditate

549 3998 720 4054 stolus
757 3996 958 4050 Paulus
999 3995 1288 4049 terminum
1334 3994 1594 4056 ostendit,
1625 3994 1750 4063 quia
1799 3993 1985 4048 tandiu
2042 3966 2139 4046 ob-
2240 3966 2469 4062 pristina
2495 3988 2812 4059 permansit.
2835 3985 2988 4042 Unde
3007 3985 3209 4056 legitur
3226 3985 3349 4055 quia
3372 3977 3574 4051 apostoli
3593 3966 3743 4028 Christi

549 4086 873 4144 servandum
921 4084 1085 4149 dicit,
1131 4081 1369 4154 quandiu
1412 4082 1498 4136 vir
1539 4080 1656 4151 ejus
1703 4081 1871 4146 vivit,
1913 4081 2003 4136 illo
2038 4096 2136 4134 au-
2242 4061 2438 4137 Paulus
2478 4090 2533 4134 et
2557 4079 2834 4133 Barnabas
2879 4077 2933 4131 in
2983 4074 3294 4140 Antiochia,
3332 4084 3541 4127 excusso
3578 4061 3744 4134 pultm

550 4191 658 4236 tem
705 4186 951 4242 mortuo,
998 4176 1092 4230 dat
1124 4173 1359 4229 nubendi
1408 4173 1681 4228 licentiam
1734 4171 1799 4246 (Ι
1841 4145 1966 4227 Cor.
2006 4171 2135 4244 vn).
2240 4169 2437 4241 pedum
2468 4169 2522 4222 in
2547 4166 2793 4232 Judzeos,
2824 4166 3078 4220 dixerunt
3110 4183 3121 4217 :
3160 4183 3178 4214 ε
3220 4163 3381 4218 Vobis
3406 4156 3645 4230 oportebat
3669 4145 3745 4217 pri-

553 4269 702 4326 Hanc
758 4268 922 4324 etiam
984 4265 1226 4336 regulam
1270 4264 1385 4334 ipse
1421 4263 1612 4328 tenuit,
1674 4237 1753 4319 et.
1790 4263 1847 4319 in
1903 4277 1966 4317 ea
2031 4237 2138 4315 non
2243 4237 2391 4316 mum
2419 4258 2564 4328 loqui
2594 4260 2818 4313 verbum
2846 4256 3074 4322 Dei,sed
3105 4257 3360 4326 quoniam
3387 4246 3612 4321 rcpcllitis
3634 4237 3741 4296 illud.

553 4364 729 4419 solum
758 4358 1069 4424 consilium,
1109 4358 1252 4413 sicut
1279 4364 1335 4412 et
1378 4355 1433 4409 in
1464 4354 1737 4410 nonnullis
1762 4354 2011 4420 monitis,
2046 4353 2140 4409 sed
2245 4361 2302 4408 et
2340 4351 2593 4421 indignos
2619 4366 2713 4404 vos
2735 4347 2996 4420 iudicatis
3033 4348 3156 4403 vita:
3185 4358 3416 4409 reternae,
3445 4353 3556 4397 ecce
3576 4343 3745 4390 convcr-

557 4462 893 4526 praieeptum
946 4449 1159 4506 Domini
1196 4445 1439 4515 iubentis
1487 4446 1723 4501 ostendit
1772 4461 1896 4500 cum
1937 4446 2065 4501 dicit
2122 4463 2135 4499 :
2167 4478 2220 4537 υ
2251 4447 2416 4502 timur
2462 4443 2530 4499 ad
2573 4452 2762 4513 gentes
2815 4440 2951 4513 (Act.
2988 4437 3131 4511 xm).
3175 4430 3201 4491 ἰ
3243 4433 3569 4507 Tropologice
3610 4432 3744 4478 autem

564 4566 583 4596 ι
620 4546 711 4601 Eis
745 4552 926 4600 autem
953 4557 1075 4612 qua:
1102 4549 1269 4610 nupta
1295 4546 1422 4593 sunt
1448 4538 1704 4609 praecipio
1725 4578 1740 4603 ,
1765 4552 1874 4591 non
1905 4551 2005 4607 ego
2048 4537 2143 4591 sed
2167 4512 2220 4537 υ
2248 4541 2412 4595 homo
2440 4552 2665 4591 uxorem
2696 4534 2912 4603 accipit,
2946 4550 3070 4588 cum
3116 4533 3345 4587 actionis
3389 4539 3592 4584 terrena:
3616 4512 3742 4574 susci-

564 4634 848 4697 Dominus,
874 4632 1158 4686 mulierem
1199 4646 1227 4683 a
1255 4629 1374 4684 viro
1406 4644 1512 4683 non
1549 4629 1827 4683 discedere
1861 4622 2072 4699 (Ibid.).
2118 4645 2138 4678 ι
2250 4632 2330 4702 pit
2357 4644 2566 4693 curam,
2589 4625 2741 4695 cujus
2766 4641 2886 4679 cum
2917 4623 3217 4681 fmditatem
3266 4617 3572 4693 cognoverit,
3595 4612 3665 4665 dat
3701 4603 3745 4655 li-

641 4739 660 4771 ‘
706 4720 862 4790 θυοδ
888 4719 933 4774 Si
963 4717 1301 4783 discesserit:
1328 4729 1549 4770 manere
1586 4716 1886 4786 innuptam.
1911 4727 2007 4772 aut
2028 4719 2145 4773 viro
2250 4694 2450 4777 bellum
2483 4694 2711 4789 repudii,
2741 4725 2796 4772 et
2824 4698 3197 4770 dimittiteatn
3235 4716 3301 4769 de
3346 4714 3494 4768 domo
3535 4718 3631 4763 sua.
3653 4694 3743 4766 ‘1“ia

569 4835 588 4867 ι
632 4831 730 4871 suo
784 4814 1145 4871 reconciliari.
1201 4813 1269 4868 Et
1319 4813 1406 4867 vir
1455 4826 1684 4867 uxorem
1714 4826 1784 4865 ne
1810 4811 2072 4866 dimittat.
2116 4831 2137 4864 ι
2252 4826 2396 4881 smpe
2422 4811 2540 4881 ipsa
2567 4822 2783 4863 terrena
2810 4808 2971 4871 actio,
3000 4822 3122 4876 quae
3148 4806 3298 4875 prius
3330 4817 3480 4874 quam
3522 4795 3742 4851 haberetur

563 4906 738 4964 Credo
761 4904 924 4960 simili
952 4904 1223 4968 forma,ut
1246 4903 1292 4957 si
1318 4900 1605 4965 dimiserit,
1630 4916 1737 4956 non
1769 4901 1931 4956 ducat
1959 4901 2142 4967 aliam,
2253 4879 2467 4959 fortiter
2484 4902 2786 4966 amabatur,
2802 4916 2924 4956 cum
2949 4900 3134 4954 habita
3164 4897 3345 4962 fuerit,
3362 4894 3502 4963 cujus
3515 4879 3742 4943 sititedita-

566 5008 663 5054 aut
686 4996 1061 5052 reconcilietur
1092 4996 1268 5050 uxori.
1307 4995 1455 5052 Fieri
1491 4995 1636 5050 enim
1671 5003 1850 5066 potest
1873 5003 1934 5049 ut
1965 4994 2147 5050 dimit—
2248 5001 2320 5056 tis
2345 4997 2675 5069 agnoscitur,
2694 5009 2815 5049 cum
2847 5009 2966 5049 esse
2991 4993 3195 5064 polluta
3223 5007 3321 5062 per
3337 4992 3541 5060 peccata
3566 4976 3741 5031 videtun

566 5097 708 5146 teret
731 5100 957 5140 uxorem
985 5100 1146 5139 causa
1173 5084 1745 5156 fornicationis,quam
1768 5085 2030 5141 Dominus
2051 5101 2146 5141 ex—
2248 5092 2496 5147 Dimittat
2521 5105 2649 5158 ergo
2680 5088 2761 5142 vi,
2788 5103 2908 5142 eam
2936 5061 3007 5141 δέ
3032 5086 3192 5140 domo
3221 5061 3335 5147 sua,
3364 5088 3419 5134 υι
3441 5082 3643 5131 amorem
3662 5061 3744 5130 ejus

567 5188 779 5252 ceptam
807 5192 926 5235 esse
952 5174 1137 5229 voluit.
1167 5174 1287 5230 Jam
1316 5191 1445 5230 vero
1475 5177 1521 5231 si
1548 5191 1648 5231 nec
1675 5175 1752 5231 illi
1791 5174 1986 5245 jubere
2015 5190 2146 5230 con-
2249 5182 2468 5251 abjiciot
2510 5196 2541 5234 a
2573 5188 2752 5235 mente
2783 5195 2900 5234 sua.
2949 5176 3077 5245 Qua:
3126 5190 3340 5248 egressa
3387 5170 3589 5224 alterum
3613 5157 3742 5211 virum

571 5274 877 5333 cederetur,
914 5266 1035 5320 vivo
1064 5265 1182 5319 viro
1222 5281 1252 5319 a
1299 5281 1407 5334 quo
1456 5268 1763 5333 recesserit,
1806 5281 1981 5335 neque
2020 5266 2147 5322 huic
2248 5276 2500 5345 accipiat,
2526 5274 2650 5343 quia
2700 5280 2971 5326 terrenam
3008 5244 3274 5326 actionem
3318 5279 3469 5336 quam
3502 5269 3550 5314 tu
3575 5244 3741 5310 deseris-

571 5367 797 5421 alteram
829 5363 1027 5416 ducere
1051 5357 1169 5411 viva
1196 5373 1366 5413 uxore
1396 5373 1558 5428 quam
1589 5359 1820 5424 dimisit,
1844 5358 2015 5412 multo
2038 5357 2143 5413 mi-
2254 5367 2390 5422 alios
2404 5362 2759 5432 concupiscit.
2785 5360 2892 5417 Sed
2915 5361 3147 5415 fortasse
3171 5368 3224 5414 et
3251 5358 3346 5428 ipsi
3367 5357 3416 5409 in
3441 5350 3599 5407 odium
3621 5350 3741 5409 quan—

568 5471 674 5512 nns
711 5452 796 5507 fas
823 5459 905 5507 est
931 5448 1114 5506 illicita
1146 5463 1269 5502 cum
1310 5446 1640 5517 quibuslibet
1676 5457 1862 5518 stupra
1898 5448 2139 5504 commit-

2254 5460 2430 5529 doque
2460 5465 2686 5512 ventura
2717 5461 2821 5519 est,
2850 5464 2911 5509 ut
2956 5470 3075 5510 eam
3125 5453 3326 5509 utiliter
3370 5445 3599 5503 dimittat.
3641 5432 3739 5486 Βαιε

572 5558 709 5603 tere.
755 5544 1008 5600 Beatiora
1050 5557 1183 5599 sane
1227 5542 1476 5613 coniugia
1522 5541 1815 5612 iudicanda
1855 5552 2003 5608 sunt,
2031 5559 2143 5613 qua:

2256 5561 2437 5606 autem
2463 5550 2685 5614 dicitur,
2720 5567 2739 5599 ι
2788 5548 3064 5603 Dimiserit
3084 5563 3227 5612 eam,
3273 5544 3353 5598 vel
3384 5546 3519 5597 certe
3559 5530 3741 5614 monuit?

575 5638 688 5692 sive
712 5636 843 5778 ltiliis
868 5634 1242 5708 procreandis,
1265 5633 1376 5689 sive
1416 5636 1576 5689 etiam
1618 5635 1721 5690 ista
1751 5644 1967 5691 terrena
1999 5634 2149 5703 prole
2260 5641 2439 5705 fuerit,
2466 5660 2483 5694 ι
2507 5640 2630 5709 quia
2655 5638 3025 5711 unusquisque
3046 5607 3308 5694 terrenam
3331 5644 3503 5688 curam
3522 5607 3742 5680 autdintit‘

647 5737 671 5765 II
735 5742 886 5778 .ocus
915 5736 1216 5778 corruptus.
1814 5744 1819 5751 '
3592 5734 3601 5747 '

647 5737 671 5765 ⁸
712 5736 886 5780 Locus
915 5736 1216 5796 corruptus.
1814 5744 1819 5751 '
