3964 6192
494 318 598 374 939

1131 316 1191 372 Β.
1234 315 1486 372 RABANI
1525 317 1745 373 MAURI
1779 316 2096 373 ARCHIEP.

2142 320 2447 377 MOGUNT.
2491 322 2777 380 OPERUM
2815 321 2995 380 PARS
3029 324 3072 382 Ι.
3611 337 3704 392 940

495 430 693 487 merito
724 438 905 485 movet
934 439 994 484 ut
1034 431 1363 500 requiratur,
1410 446 1508 485 cur
1539 446 1645 484 non
1694 431 1872 500 potius
1898 432 2070 486 crcdi-
2101 443 2147 498 Α
2174 433 2373 489 fuerint
2393 436 2610 503 imitati.
2646 436 2779 492 Nam
2806 449 2860 494 et
2882 439 3012 496 illud
3057 458 3126 497 ex
3168 443 3338 498 Adam
3379 449 3712 516 temporaliter

497 520 604 577 tori
646 519 967 589 praeceperit
989 530 1049 573 ut
1092 536 1200 574 non
1239 520 1451 575 auferat
1482 521 1673 589 pignus
1702 522 1844 590 quod
1882 522 2070 576 eodem

496 612 584 667 die
608 619 823 681 oportet
844 610 1075 665 restitui.
1102 608 1253 677 Quod
1276 610 1321 664 si
1368 610 1436 664 ad
1466 609 1892 679 compellendum
1924 609 2074 665 debi-

492 710 668 757 torem
700 700 818 754 ﬁeri
845 699 1100 764 voluerit,
1126 700 1396 768 quomodo
1438 714 1498 752 se
1538 708 1729 766 urgeat
1755 699 1821 753 ad
1848 700 2073 753 redden-

489 790 642 855 dum,
674 804 796 843 cum
846 788 981 842 sciat
1006 789 1200 859 pignus
1246 788 1435 842 eodem
1468 789 1555 842 die
1607 804 1666 842 se
1697 790 2074 857 recepturum?

492 880 573 934 An
626 878 764 934 forte
792 878 897 933 hoe
925 877 1043 931 ﬁeri
1095 876 1326 932 voluerit
1370 885 1594 945 propter
1631 877 1973 942 memoriam,
2004 891 2073 930 nc

494 968 843 1024 obliviscatur
870 966 1115 1030 reddere,
1146 974 1201 1019 et
1229 975 1357 1021 tunc
1376 981 1482 1020 non
1506 967 1717 1031 reddat,
1743 967 1788 1020 si
1821 982 1945 1021 vere
1966 983 2071 1021 non

490 1060 776 1117 habuerit?
806 1058 1039 1112 maxime
1075 1058 1200 1127 quia
1246 1057 1527 1112 creditoris
1575 1058 1659 1112 sui
1704 1058 2073 1112 misericordia

489 1150 750 1215 vincitur,
783 1148 870 1204 cui
892 1162 1012 1202 esse
1038 1162 1143 1201 non
1185 1148 1341 1202 debet
1370 1148 1616 1218 ingratus
1636 1149 1681 1202 si
1705 1148 1900 1217 pignus
1925 1163 2075 1203 recc—

486 1242 568 1312 pit
605 1241 659 1296 in
695 1255 804 1310 quo
829 1240 1095 1307 dormiat;
1126 1238 1287 1294 simul
1310 1248 1367 1294 et
1387 1240 1647 1304 creditor,
1679 1254 1801 1294 cum
1849 1239 1937 1294 ille
1966 1255 2071 1294 non

490 1330 807 1395 reddiderit,
834 1330 993 1385 debet
1037 1344 1159 1383 eum
1183 1328 1408 1383 credere
1431 1344 1538 1383 non
1571 1328 1791 1392 habere,
1833 1329 1926 1397 qui
1970 1328 2073 1383 hac

488 1426 614 1488 eget
637 1418 1025 1479 misericordia,
1055 1425 1113 1470 ut
1136 1418 1330 1487 pignus
1352 1418 1401 1472 ei
1423 1425 1711 1487 propterea
1733 1420 2071 1482 restituatur,

486 1507 636 1578 quod
661 1507 808 1561 aliud
837 1521 944 1561 non
969 1506 1131 1560 habet
1158 1506 1247 1560 ubi
1267 1506 1522 1562 dormiat.

572 1615 590 1646 ι
626 1596 741 1653 Non
775 1596 1000 1667 negabis
1042 1595 1350 1651 mercedem
1396 1596 1711 1666 indigentis,
1740 1605 1794 1651 et
1823 1598 2073 1669 pauperis

490 1703 511 1735 ε
556 1684 740 1738 fratris
791 1686 890 1749 tui,
924 1685 1038 1739 sive
1089 1684 1335 1747 advenae,
1373 1685 1465 1753 qui
1516 1694 1694 1740 tecum
1745 1696 1991 1742 moratur
2015 1689 2069 1743 in

494 1795 514 1827 ς
555 1784 718 1838 terra,
742 1776 800 1830 ei
831 1775 970 1830 intra
999 1784 1185 1844 portas
1211 1784 1333 1830 tuas
1356 1784 1461 1842 cst,
1488 1778 1583 1831 sed
1609 1778 1799 1832 eadem
1834 1779 1921 1833 die
1946 1781 2070 1835 red-

496 1883 516 1915 ι
552 1864 648 1919 des
694 1864 751 1918 ei
801 1864 1033 1934 pretium
1078 1864 1283 1920 laboris
1328 1867 1411 1920 sui
1457 1876 1584 1922 ante
1630 1868 1759 1924 solis
1793 1884 2066 1938 occasum,

491 1969 512 2001 ο
550 1952 676 2022 quia
714 1966 920 2021 pauper
942 1960 1045 2018 est,
1076 1962 1131 2007 ct
1158 1968 1223 2007 ex
1251 1969 1316 2008 eo
1337 1962 1606 2010 sustentat
1632 1959 1869 2012 animam
1892 1974 2067 2025 suam,

492 2063 513 2097 ι
551 2059 620 2099 ne
648 2045 846 2101 clamet
872 2055 1064 2101 contra
1086 2055 1139 2100 te
1165 2048 1232 2101 ad
1262 2048 1567 2112 Dominum,
1593 2057 1648 2103 et
1668 2059 1946 2118 reputetur
1971 2052 2068 2107 tibi

488 2150 510 2184 ο
544 2133 599 2186 in
621 2141 926 2202 peccatum.
965 2153 985 2186 ι
1022 2134 1331 2189 Secundum
1362 2135 1645 2191 historiam
1672 2138 1758 2193 lex
1788 2154 2066 2195 commcn-

484 2223 579 2277 dat
596 2221 756 2278 nobis
779 2222 1163 2278 misericordia:
1203 2223 1478 2292 aﬁ‘ectutn,
1501 2236 1554 2281 et
1597 2227 1870 2296 mquitatis
1889 2242 2057 2298 opera

484 2327 615 2383 erga
642 2312 943 2383 indigentes
976 2321 1033 2368 et
1074 2328 1362 2384 pauperes.
1391 2314 1553 2369 Juxta
1592 2316 1903 2387 allegoriam
1938 2333 2068 2373 vero

484 2400 703 2455 instruit
729 2401 965 2470 plebem,
984 2402 1220 2471 qualiter
1261 2418 1390 2474 erga
1415 2406 1800 2473 praedicatores
1821 2423 1947 2463 suos
1974 2408 2068 2463 de-

485 2488 652 2542 beant
671 2503 794 2543 esse
816 2489 1054 2544 solliciti.
1093 2489 1199 2559 Ipsi
1230 2492 1373 2545 enim
1405 2501 1530 2546 sunt
1560 2508 1825 2563 pauperes
1849 2496 2065 2565 spiritu,

482 2575 679 2644 quibus
702 2576 966 2631 Dominus
1005 2577 1061 2630 in
1093 2577 1382 2649 Evangelia
1423 2581 1701 2650 praecepit,
1737 2599 1756 2632 ι
1789 2591 1848 2636 ιιι
1892 2598 2067 2652 neque

478 2670 781 2737 sacculum,
804 2686 980 2742 neque
1007 2687 1215 2742 peram,
1262 2688 1439 2743 neque
1482 2674 1848 2731 calceamenta
1877 2686 2065 2747 porta-

483 2767 609 2813 rent
633 2758 688 2813 in
714 2758 824 2824 via,
855 2775 1034 2830 neque
1054 2760 1192 2816 duas
1210 2762 1425 2817 tunicas
1447 2763 1731 2830 haberent,
1770 2765 1864 2819 sed
1890 2781 2066 2835 neque

476 2846 533 2901 in
555 2846 802 2903 zonistes
834 2866 854 2900 ι
890 2847 1038 2920 (Luc.
1068 2849 1147 2918 ι).
1171 2848 1326 2906 Unde
1349 2859 1533 2907 autem
1557 2868 1778 2923 sperare
1804 2855 2067 2911 deberent

478 2930 806 3001 necessaria,
860 2936 1140 3006 subjunxit
1188 2939 1375 2996 dicens
1410 2960 1423 2995 :
1454 2959 1475 2993 ι
1505 2943 1711 3013 Dignus
1746 2953 1831 3001 est
1874 2960 2067 3016 apera-

478 3026 591 3081 rius
615 3028 865 3085 mercede
889 3044 1005 3084 sua.
1045 3048 1065 3082 ι
1092 3030 1231 3086 Hinc
1259 3041 1314 3086 et
1342 3032 1542 3089 Paulus
1586 3035 1665 3090 ait
1689 3050 1705 3089 :
1736 3054 1755 3087 ι
1783 3036 2062 3092 Laboran-

479 3124 590 3171 tem
639 3117 934 3187 agricolam
964 3128 1179 3188 oportet
1208 3123 1274 3176 de
1300 3122 1565 3179 fructibus
1606 3127 1884 3196 percipere
1976 3127 2062 3199 (II
2088 3124 2132 3183 C

478 3202 615 3257 Tim.
663 3204 757 3276 ιι).
807 3205 961 3261 Unde
1015 3215 1072 3261 et
1121 3208 1380 3265 Dominus
1422 3212 1712 3279 ordinavit,
1830 3214 1917 3268 his
1968 3215 2061 3283 qui

478 3292 833 3363 Evangelium
881 3297 1227 3363 annuutiant,
1263 3299 1330 3353 de
1358 3300 1651 3372 Evangelio
1695 3304 1898 3359 vivere.
1937 3325 1956 3358 ι
1999 3307 2063 3360 Et

481 3382 613 3436 item
642 3397 656 3435 :
688 3401 707 3432 ι
744 3381 803 3437 Si
859 3384 1246 3442 seminavimus
1296 3390 1464 3457 vobis,
1521 3393 1717 3463 inquit,
1775 3395 2058 3465 spiritalia,

474 3483 733 3540 magnum
784 3479 870 3526 est
900 3473 946 3527 si
978 3483 1159 3529 vestra
1192 3485 1461 3534 metamus
1489 3482 1726 3536 carnalia
1747 3483 1765 3537 2
1785 3499 1806 3534 ι
1855 3484 1905 3555 (Ι
1936 3486 2057 3540 Cor.

478 3561 593 3631 ix.)
631 3561 772 3619 Ante
820 3563 950 3619 solis
1001 3580 1132 3637 ergo
1165 3583 1423 3625 occasum
1470 3575 1702 3642 pretium
1737 3575 1936 3632 laboris
1977 3578 2061 3632 sui

475 3665 510 3705 a
537 3650 816 3720 subjectis,
848 3654 980 3723 ipsis
1013 3656 1327 3717 doctoribus
1353 3663 1682 3719 reddendum
1710 3676 1814 3733 est,
1850 3670 1975 3737 quia
2006 3670 2059 3723 in

474 3744 731 3811 prmsenti
759 3744 865 3797 vita
895 3745 978 3799 eis
1024 3751 1333 3805 necessaria
1360 3754 1588 3822 praeberi
1629 3766 1863 3826 oportet,
1913 3760 2059 3816 salva

473 3836 724 3889 mercede
747 3834 952 3903 futura,
984 3830 1144 3908 quam
1169 3843 1224 3897 in
1245 3854 1448 3902 aeterna
1479 3851 1593 3905 vita
1613 3866 1644 3905 a
1669 3851 1924 3922 largitore
1948 3872 2061 3912 om-

477 3923 631 3978 nium
654 3927 924 3981 bonorum
949 3936 1221 4001 accepturi
1248 3945 1391 3992 sunt.

1049 4041 1277 4102 CAPUT
1315 4048 1457 4106 XVII

471 4123 1007 4220 Degsa-ueritiendis
1026 4136 1388 4220 patribus‘pro
1408 4140 1558 4220 filiis,
1590 4161 1683 4220 nec
1706 4147 1832 4216 [iliis
1850 4166 1944 4220 pro
1966 4169 2058 4220 pa-

540 4201 738 4319 tigjllrgu;
770 4209 943 4256 etnon
982 4201 1329 4273 pervertendis
1348 4201 1571 4280 ju'dicii's
1612 4201 1826 4272 ιιάὸρηιὲ
1850 4201 1933 4272 ’ὀί
1955 4201 2053 4291 iiii-

539 4282 574 4336 p
639 4284 683 4320 ι.

471 4356 506 4401 ”
540 4379 718 4454 (imm)
749 4399 767 4432 ι
809 4381 927 4438 Non
949 4387 1268 4444 occidentur
1313 4401 1498 4462 patres
1520 4412 1621 4467 pro
1651 4397 1796 4467 ﬁliis,
1828 4417 1928 4457 nec
1956 4402 2049 4458 ﬁlii

477 4488 495 4520 ι
533 4485 633 4539 pro
660 4473 926 4542 patribus,
951 4476 1046 4532 sed
1077 4482 1448 4553 unusquisque
1467 4465 1533 4539 inv
1559 4502 1657 4542 suo
1684 4465 1905 4558 peccato
1935 4509 2051 4547 mo-
2082 4465 2131 4523 D

476 4577 495 4609 ι
533 4561 722 4616 rietur.
755 4582 774 4616 ι
807 4563 947 4621 Ecce
973 4582 1081 4621 non
1127 4569 1299 4625 solum
1327 4575 1603 4644 propheta
1649 4578 1751 4632 hoc
1775 4580 2046 4647 dixerunt,

471 4665 661 4705 verum
678 4654 845 4708 etiam
870 4656 956 4711 lex
978 4659 1109 4713 dicit
1134 4676 1230 4715 sua
1258 4664 1415 4733 culpa
1442 4680 1712 4738 quemque
1736 4670 2051 4726 interimen-

471 4738 631 4806 dum;
676 4758 785 4797 non
824 4757 1005 4802 autem
1054 4753 1227 4818 patris
1255 4755 1336 4808 sui
1364 4764 1457 4810 aut
1503 4757 1598 4812 ﬁlii
1646 4761 1749 4814 sui.
1777 4762 1915 4829 Quid
1966 4774 2052 4819 est

470 4846 602 4901 ergo
626 4835 770 4902 quod
813 4835 954 4894 Deus
1001 4842 1198 4898 dicitur
1226 4848 1458 4904 reddens
1499 4861 1723 4921 peccata
1752 4866 1963 4924 patrum
1995 4860 2047 4914 in

472 4923 631 4990 ﬁlios,
672 4925 727 4979 in
763 4930 981 5014 tertiam
1022 4941 1078 4987 et
1118 4947 1366 5006 quartam
1413 4923 1955 5014 generationem?An
1986 4954 2051 5008 de

474 5010 599 5066 ﬁliis
641 5012 879 5083 nondum
924 5021 1067 5075 natis
1111 5010 1463 5096 intelligitur,
1521 5044 1742 5103 propter
1791 5039 2051 5110 originale

473 5112 776 5170 peccatum,
810 5108 954 5175 quod
981 5111 1145 5166 etiam
1176 5130 1242 5170 ex
1272 5118 1444 5174 Adam
1475 5125 1637 5178 traxit
1666 5142 1834 5195 genus
1861 5108 2050 5187 huma-

472 5196 640 5249 num?
667 5193 768 5249 llic
796 5204 977 5253 autem
1002 5200 1117 5269 jam
1140 5209 1281 5262 natis
1307 5210 1448 5266 facta
1492 5193 1783 5285 distinctio,
1808 5234 1865 5277 ut
1888 5241 2050 5282 unus-

470 5282 698 5353 quiajue
723 5303 780 5341 In
803 5303 903 5345 suo
922 5304 1145 5361 peccato
1170 5301 1418 5366 proximo
1440 5307 1723 5364 moriatur.
1764 5312 1879 5369 Non
1900 5320 2041 5372 enim

473 5375 636 5430 trahit
666 5377 872 5450 aliquid
895 5398 962 5438 ex
985 5394 1157 5453 patre,
1189 5391 1278 5460 qui
1307 5390 1414 5461 iam
1460 5406 1618 5455 natus
1665 5411 1799 5470 erat,
1828 5411 2042 5476 quando

470 5476 623 5531 pater
646 5468 763 5538 ejus
788 5475 1049 5541 peccavit.
1081 5477 1186 5535 Sed
1215 5497 1336 5538 cum
1368 5486 1439 5541 ibi
1464 5489 1592 5545 dicit
1619 5510 1631 5545 :
1663 5492 1758 5550 llis
1785 5468 1877 5566 qui
1916 5500 2043 5555 ode-

471 5567 598 5611 runt
645 5576 753 5629 me,
783 5568 1126 5626 manifestum
1171 5579 1437 5635 cstetiam
1487 5582 1631 5638 illam
1681 5590 2041 5648 conditionem

466 5651 666 5703 ωειιίὶτί
715 5669 895 5726 00550.
941 5664 1116 5721 Siﬁlii
1162 5684 1442 5739 parentum
1497 5694 1713 5735 suorum
1749 5682 1885 5737 facta
1937 5704 2042 5741 non

2174 527 2435 593 redditur,
2467 531 2594 600 quia
2638 546 2829 587 omnes
2880 542 3102 603 propter
3148 535 3251 592 hoc
3281 540 3589 607 moriuntur,
3617 561 3706 600 non

2173 625 2353 672 autem
2384 619 2437 672 in
2465 629 2725 674 azternum
2751 623 2831 677 eis
2858 624 2949 693 qui
2983 623 3187 681 fuerint
3208 642 3309 696 per
3326 630 3547 699 gratiam
3571 634 3707 703 spiri-

2174 708 2333 762 talem
2383 713 2704 781 regenerati,
2738 714 2790 767 in
2840 731 3011 784 eaque
3054 721 3450 787 permanserint
3492 740 3643 794 usque
3664 729 3705 784 in

2172 801 2352 853 tinem.
2389 800 2646 867 Quamvis
2678 814 2732 859 ct
2760 805 2887 861 illud
2911 809 3110 863 merito
3128 812 3297 879 quaeri
3324 815 3509 882 possit.
3538 817 3578 871 si
3610 821 3709 873 red-

2172 889 2374 943 duntur
2416 902 2635 961 peccata
2685 904 2902 964 patrum
2952 898 3007 951 in
3056 898 3196 955 ﬁlios
3243 902 3332 956 his
3376 904 3467 973 qui
3511 907 3711 963 oderunt

2172 977 2362 1044 Deum,
2393 996 2492 1035 cur
2531 982 2586 1035 in
2615 986 2829 1039 tertiam
2869 996 2924 1041 et
2958 1000 3208 1057 quartam
3237 996 3622 1062 generationem
3640 1001 3709 1054 vel

2170 1073 2535 1140 prmtermissa
2560 1076 2733 1144 prima
2763 1085 2817 1130 et
2842 1081 3095 1147 secunda,
3118 1083 3205 1137 vel
3229 1100 3339 1138 non
3365 1087 3522 1141 etiam
3558 1089 3605 1143 in
3625 1106 3710 1145 ea:-

2174 1167 2317 1216 teras
2361 1174 2711 1235 permanente
2738 1167 3015 1239 impietate
3044 1181 3099 1226 et
3137 1172 3440 1231 imitatione
3481 1180 3709 1237 malorum

2171 1257 2494 1323 parentum?
2517 1256 2600 1311 An
2627 1272 2725 1328 per
2749 1260 2893 1316 hunc
2924 1278 3231 1330 numerum,
3262 1269 3514 1336 quoniam
3556 1282 3708 1342 septe-

2170 1347 2356 1399 narius
2406 1362 2664 1404 numerus
2711 1350 3048 1423 intelligitur,
3095 1358 3499 1416 universitatem
3537 1365 3710 1434 signiﬁ-

2171 1450 2298 1489 care
2323 1435 2527 1491 voluit?
2555 1439 2623 1492 Et
2647 1440 2768 1496 ideo
2812 1458 2918 1498 non
2954 1444 3130 1514 ipsum
3156 1448 3339 1517 potius
3381 1456 3708 1520 Septenarium

2170 1526 2371 1593 posuit,
2402 1535 2463 1580 ut
2509 1528 2733 1597 diceret,
2768 1550 2787 1583 ι
2826 1532 2880 1587 in
2927 1535 3213 1605 septimam
3257 1543 3656 1610 generationem.
3683 1567 3704 1599 ι

2169 1614 2249 1669 Ac
2277 1616 2357 1670 sic
2403 1618 2579 1674 omnis
2627 1621 3038 1694 intelligeretur,
3069 1629 3197 1699 quia
3221 1647 3438 1687 causam
3465 1634 3711 1704 perfectio-

2173 1705 2257 1760 nis
2285 1705 2442 1775 hujus
2494 1713 2706 1766 numcri
2750 1714 2854 1770 hoc
2905 1716 3066 1773 modo
3101 1720 3282 1788 potius
3309 1721 3580 1778 intimavit.
3606 1725 3710 1781 Ideo

2102 1777 2145 1836 Β
2173 1813 2406 1868 namque
2451 1803 2765 1871 perhibetur
2805 1777 3120 1877 perfectus:
3146 1813 3275 1882 quia
3312 1828 3377 1869 ex
3425 1817 3504 1871 bis
3530 1816 3712 1873 duolus

2171 1898 2385 1945 constat
2415 1908 2429 1945 :
2460 1895 2700 1949 ternario
2728 1897 2937 1953 scilicet
2953 1902 3132 1971 primo
3158 1903 3349 1974 impari
3369 1913 3494 1971 toto,
3512 1914 3566 1961 et
3596 1924 3710 1977 qua~

2172 1982 2409 2038 ternario
2434 1984 2610 2053 primo
2636 1988 2753 2056 pari
2793 1996 2926 2045 toto.
2951 1989 3107 2047 Unde
3129 2003 3185 2048 et
3206 1994 3335 2050 illud
3373 2012 3491 2053 esse
3508 2000 3710 2071 protube-

2171 2072 2336 2127 ticum
2363 2076 2633 2143 existimo,
2667 2080 2809 2147 quod
2851 2081 3066 2138 assidue
3108 2087 3408 2154 repetitur:
3436 2106 3454 2139 ‹
3482 2089 3536 2143 In
3561 2090 3710 2146 tribus

2168 2170 2223 2216 ct
2243 2171 2475 2230 quatuor
2519 2166 2888 2236 impietatibus
2935 2188 3043 2227 non
3070 2177 3382 2233 aversabor.
3419 2198 3437 2230 ι
3469 2179 3566 2235 Per
3585 2183 3707 2251 quod

2167 2252 2337 2308 voluit
2371 2255 2676 2326 impietates
2705 2261 3012 2332 universas,
3059 2266 3242 2335 potius
3286 2283 3444 2337 quam
3491 2278 3592 2326 tres
3635 2273 3707 2328 vel

2165 2352 2401 2412 quatuor
2431 2346 2679 2418 intelligi.

2243 2453 2263 2486 ι
2292 2433 2408 2492 Non
2435 2448 2714 2508 pervertes
2732 2440 2995 2512 judicium
3040 2447 3264 2505 advena:
3279 2452 3365 2506 vel
3407 2453 3596 2523 pupilli,
3623 2469 3709 2509 nec

2171 2546 2191 2579 ι
2224 2527 2439 2586 auferes
2478 2532 2718 2603 pignoris
2761 2536 2880 2593 loco
2928 2540 3313 2597 vestimentum
3355 2545 3540 2599 viduae.
3567 2565 3584 2596 I
3610 2545 3707 2599 Non

2166 2618 2461 2682 declinabis
2483 2621 2745 2690 judicium
2796 2628 3038 2694 adventa,
3065 2640 3122 2686 et
3162 2632 3416 2703 orphani,
3447 2643 3501 2689 et
3538 2635 3703 2699 vidtur,

2163 2713 2221 2760 et
2267 2723 2374 2763 non
2399 2709 2710 2781 pignorabis
2740 2715 3118 2773 vestimentum
3157 2733 3371 2777 eorum.
3427 2722 3548 2791 Qtne
3583 2724 3704 2778 enim

2164 2806 2328 2848 causa
2367 2804 2471 2863 est,
2503 2807 2564 2853 ut
2604 2800 2769 2856 trium
2809 2804 3039 2861 istorum
3063 2806 3331 2877 judicium
3360 2811 3609 2866 declinare
3630 2827 3706 2866 ve-

2164 2889 2348 2955 tuerit,
2380 2891 2576 2963 pignus
2600 2903 2783 2951 autem
2831 2897 3033 2955 auferri
3056 2903 3437 2959 vestimentum
3461 2904 3611 2960 solius
3639 2905 3703 2958 vi-

2166 2977 2302 3044 duae,
2334 2995 2440 3034 non
2471 2989 2525 3035 et
2552 2981 2787 3051 illorum,
2836 2988 2939 3042 nisi
2978 2990 3105 3058 quia
3149 2989 3354 3059 judicia
3398 2994 3618 3049 omnium
3639 2993 3706 3046 fa-

2166 3066 2354 3121 cienda
2381 3079 2669 3139 propterea
2699 3076 3115 3144 commendavit,
3157 3081 3288 3148 quia
3326 3098 3429 3137 non
3470 3082 3649 3137 habent
3677 3096 3706 3135 a

2164 3157 2360 3226 quibus
2379 3158 2739 3217 defendamur
2759 3183 2773 3218 :
2796 3165 2911 3220 sive
2924 3168 3155 3235 advena,
3169 3173 3301 3240 quia
3323 3172 3376 3226 in
3399 3181 3534 3226 terra
3557 3172 3702 3227 aliena

2161 3256 2276 3314 est;
2308 3249 2422 3305 sive
2471 3253 2767 3322 orphanus,
2798 3256 2852 3312 id
2896 3267 3000 3324 est,
3039 3262 3298 3331 pupillus,
3342 3264 3464 3334 quia
3501 3264 3704 3334 parenti-

2161 3336 2262 3389 bus
2290 3346 2472 3402 caret;
2496 3340 2610 3396 sive
2632 3343 2812 3410 vidua,
2842 3347 2965 3416 quia
3012 3351 3272 3407 maritum
3299 3369 3405 3409 non
3434 3352 3610 3409 habet?
3631 3351 3701 3405 Pi-

2161 3440 2299 3495 gnus
2319 3442 2447 3483 vero
2469 3446 2589 3484 cum
2620 3434 2871 3503 prohibet
2901 3439 3280 3497 vestimentum
3308 3443 3515 3499 auferre
3533 3443 3697 3506 viduae.

2162 3523 2291 3583 puto
2317 3520 2460 3586 quod
2507 3522 2640 3577 satis
2669 3524 2953 3596 diligenter
2980 3530 3236 3587 admonet
3263 3548 3362 3589 cas
3405 3550 3525 3590 vere
3548 3528 3703 3589 dieeo-

2162 3604 2258 3660 das
2283 3622 2404 3661 esse
2433 3610 2643 3679 viduas,
2689 3631 2811 3685 quae
2853 3619 3015 3673 etiam
3048 3637 3318 3693 pauperes
3341 3636 3479 3681 sunt.
3508 3627 3559 3682 ld
3579 3625 3700 3680 enim

2160 3703 2215 3748 ct
2242 3695 2528 3767 Apostolus
2572 3705 2851 3762 evidenter
2903 3713 3159 3779 ostendit,
3192 3715 3284 3770 ubi
3328 3717 3442 3772 ait:
3476 3735 3494 3767 ι
3523 3716 3572 3771 Si
3612 3728 3698 3784 (1⁸³³

2161 3797 2342 3841 autem
2381 3789 2540 3845 vidua
2586 3793 2723 3850 ﬁlios
2748 3806 2802 3852 et
2826 3808 3049 3869 nepotes
3073 3802 3258 3869 habet,
3288 3807 3459 3862 discat
3498 3806 3698 3877 primum

2160 3873 2377 3931 domum
2408 3894 2559 3935 suam
2587 3885 2675 3952 pie
2698 3894 2954 3956 tractare,
2976 3900 3031 3946 et
3073 3903 3321 3950 mutuam
3358 3898 3522 3953 vicem
3542 3911 3693 3967 paren-

2160 3964 2303 4021 tibus
2354 3971 2597 4040 reddere,
2647 3976 2750 4032 hoc
2777 3985 2862 4034 est
2905 3982 3050 4036 enim
3091 3994 3374 4055 acceptum
3421 4001 3589 4041 coram
3608 3984 3689 4038 Do-

2159 4053 2325 4110 mino.
2359 4056 2489 4124 Qua:
2514 4071 2694 4118 autem
2717 4081 2843 4122 vere
2868 4069 3026 4126 vidua
3067 4081 3152 4128 est
3179 4053 3238 4129 et
3262 4075 3514 4139 desolata,
3542 4088 3695 4144 spera-

2159 4143 2238 4198 bit
2268 4145 2321 4199 in
2349 4148 2635 4208 Dominum
2662 4170 2676 4208 :
2704 4165 2754 4211 ct
2780 4159 3033 4227 persistet
3062 4162 3115 4217 in
3143 4164 3480 4221 orationibus
3500 4143 3639 4218 nocte
3651 4170 3696 4214 el

2159 4231 2247 4287 die
2282 4254 2301 4286 ι
2347 4236 2398 4308 (1
2430 4238 2563 4294 Tim.
2614 4244 2687 4315 v).
2720 4245 2873 4303 llanc
2919 4265 3104 4305 veram
3142 4253 3364 4310 viduam
3408 4255 3552 4320 dixit,
3596 4267 3695 4322 qua

2159 4337 2264 4375 non
2308 4325 2468 4381 habet
2495 4346 2524 4382 a
2551 4333 2747 4401 quibus
2796 4346 3322 4415 sustenteturzquia
3350 4361 3453 4401 non
3496 4344 3691 4400 solutna

2158 4412 2297 4479 viro,
2326 4418 2418 4471 sed
2444 4422 2607 4475 etiam
2636 4440 2665 4477 a
2690 4429 2922 4494 posteris
2962 4441 3123 4503 atque
3160 4412 3308 4491 omni
3351 4453 3449 4506 ope
3474 4436 3691 4493 destituta

2157 4513 2261 4558 est.
2288 4506 2513 4564 Divitem
2534 4514 2748 4585 quippe,
2780 4534 2885 4572 nou
2906 4520 3112 4576 diceret
3139 4524 3456 4581 desolatam.
3497 4524 3692 4593 Pauperi

2157 4594 2341 4667 itaque
2384 4616 2490 4654 non
2541 4611 2624 4657 cst
2674 4606 3024 4664 auferendum
3078 4613 3276 4685 pignus
3328 4616 3689 4672 vestimentum.

2156 4685 2326 4741 l‘urro
2350 4691 2395 4744 si
2421 4697 2722 4750 occurrerit
2756 4698 2959 4766 animo,
2989 4704 3121 4773 quid
3145 4706 3190 4760 si
3217 4709 3387 4763 multa
3414 4708 3595 4763 habeat
3612 4719 3691 4761 Ve-

2158 4778 2410 4837 stimenta
2435 4800 2540 4838 non
2568 4792 2896 4858 necessaria,
2924 4796 3019 4849 sed
3040 4798 3330 4867 superﬂua,
3359 4799 3603 4870 quomodo
3625 4797 3687 4850 in-

2162 4869 2416 4942 telligitur
2443 4893 2566 4931 vere
2600 4880 2796 4936 vidua?
2825 4883 2939 4941 Hoc
2959 4897 3044 4942 est
3068 4906 3175 4946 nou
3218 4869 3392 4949 solum
3419 4909 3519 4948 non
3560 4891 3688 4946 deso-

2155 4957 2282 5026 lata,
2316 4979 2502 5020 verum
2538 4969 2702 5025 etiam
2729 4976 2854 5042 quia
2907 4977 2960 5031 in
2992 4978 3200 5038 deliciis
3229 4987 3364 5053 agit,
3389 5001 3542 5055 quam
3582 4983 3687 5038 sub-

2145 5048 2276 5118 jecit
2327 5054 2512 5111 dicens
2541 5076 2553 5112 :
2590 5077 2608 5110 ι
2644 5061 2775 5128 Quae
2798 5075 2978 5123 autem
3032 5071 3087 5125 in
3123 5073 3328 5130 deliciis
3373 5077 3497 5146 agit,
3530 5074 3688 5129 vivens

2153 5153 2362 5197 mortua
2393 5155 2474 5201 est
2512 5169 2531 5201 ι
2566 5151 2777 5226 (Ibid.).
2808 5158 2874 5213 Et
2901 5161 3038 5217 hanc
3067 5165 3266 5237 quippe
3305 5168 3559 5237 opposuit,
3589 5172 3685 5218 lan-

2150 5247 2312 5300 quam
2339 5250 2369 5288 e
2393 5242 2667 5296 contrario
2697 5260 2824 5301 vere
2853 5250 3045 5319 viduae,
3072 5262 3325 5326 tanquam
3356 5259 3471 5314 talis
3510 5272 3604 5312 non
3626 5254 3683 5307 si!

2150 5323 2331 5378 vidua.
2364 5327 2708 5404 Quaecunque
2753 5348 2934 5396 autem
2981 5323 3339 5405 divites—alias
3387 5349 3584 5420 nuptias
3606 5359 3684 5398 exs

2148 5416 2313 5485 periri
2339 5420 2645 5491 noluerunt,
2672 5433 3002 5490 continentia
3028 5438 3084 5492 in
3108 5440 3188 5496 eis
3213 5441 3469 5507 laudatur,
3497 5454 3590 5494 neu
3607 5437 3681 5490 ἀθ-

2151 5506 2340 5564 solatio
2367 5518 2794 5575 connuendatur.
2821 5523 2915 5579 lla:
2941 5528 3140 5601 quippe
3171 5539 3372 5588 tantum
3404 5527 3598 5586 maritis
3619 5523 3679 5577 τί·

2151 5599 2324 5656 (luat-.12
2348 5612 2492 5671 sunt,
2522 5624 2626 5675 non
2658 5611 2777 5668 aliis
2803 5618 2982 5674 rebus.
