3964 6192
268 330 371 388 Ml

843 433 1071 491 CAPUT
1102 434 1267 489 Χνιιι

268 534 351 590 De
370 530 643 603 manipulo
673 529 730 584 in
755 543 918 582 messe
946 526 1313 603 relinquendo,‘
1337 533 1387 580 et
1412 526 1478 579 dc
1505 523 1738 595 reliquiis
1766 522 1863 576 oli-

719 613 903 652 varum
926 607 1080 667 atque
1108 596 1407 649 arboribus.

341 712 524 789 (lem)
557 730 575 764 ‹
609 710 837 780 Quando
860 710 1155 764 messueris
1177 715 1416 779 segetem
1444 707 1650 778 inagro
1671 713 1779 769 tuo,
1810 715 1865 760 et

271 826 293 860 ι
336 806 537 863 oblitus
584 800 920 872 manipulum
968 799 1279 871 reliqueris,
1310 816 1417 856 non
1463 799 1755 854 reverteris
1804 808 1863 853 ιιι

271 917 294 949 ε
338 896 492 952 tollas
533 908 680 958 eum,
704 893 798 948 sed
837 892 1101 947 advenam
1155 899 1212 946 et
1253 890 1513 961 pupillum
1546 898 1600 943 et
1646 889 1860 942 viduam

274 1007 296 1040 ‹
335 986 549 1043 auferre
569 984 819 1055 patieris,
848 990 910 1037 ut
929 981 1216 1037 benedicat
1239 981 1333 1036 tibi
1356 980 1617 1035 Dominus
1638 980 1781 1033 Deus
1806 980 1860 1033 in

271 1095 295 1128 ι
333 1074 481 1130 omni
525 1086 687 1144 opere
731 1086 989 1126 manuum
1040 1077 1279 1123 tuarum.
1333 1068 1389 1123 Si
1428 1066 1611 1138 fruges
1636 1066 1863 1137 colliges

271 1184 296 1218 ι
330 1165 620 1228 olivarum,
644 1161 906 1232 quidquid
945 1160 1270 1215 remanserit
1306 1157 1360 1213 in
1415 1158 1721 1221 arboribus,
1753 1172 1861 1211 non

271 1273 294 1305 ι
333 1249 626 1308 reverteris
671 1258 733 1303 ut
774 1247 1015 1320 colligas,
1046 1256 1151 1303 etc.
1190 1268 1208 1300 ι
1242 1246 1395 1314 Quod
1421 1247 1674 1302 admonet
1718 1252 1779 1300 ut
1805 1245 1861 1300 in

266 1359 449 1400 messe
476 1342 705 1398 oblitum
732 1340 1066 1411 manipulum
1092 1355 1254 1396 nemo
1297 1340 1533 1411 colligat,
1565 1346 1620 1394 et
1664 1337 1861 1393 olivam

264 1434 353 1492 vel
382 1448 545 1489 uvam
599 1432 844 1487 relictam
873 1445 1032 1486 nemo
1071 1438 1299 1502 repetat,
1328 1429 1636 1502 diligentius
1679 1428 1862 1500 negle-

261 1533 356 1583 cta
387 1525 663 1595 coliigere,
693 1531 747 1578 et
769 1522 899 1580 dicit
943 1524 1226 1593 egentibus
1252 1521 1592 1586 dimittenda,
1622 1520 1864 1577 occurrit

265 1615 498 1670 forsitan
556 1612 868 1683 cogitationi
915 1611 1045 1682 quid
1088 1612 1137 1667 si
1179 1613 1296 1667 haec
1338 1626 1458 1681 qua:
1496 1611 1565 1666 ab
1610 1624 1861 1682 agrorum

264 1705 505 1761 dominis
535 1704 901 1767 dimittuntur,
932 1717 1038 1756 non
1087 1711 1308 1771 egentes
1336 1703 1430 1758 sed
1485 1702 1716 1773 improbi
1750 1700 1862 1757 col-

996 378 1003 383 .
1056 322 1454 380 ENARRATIO
1495 320 1725 379 SUPER
1765 321 2388 381 DEUTERONOMUM.
2430 355 2499 363 —
2539 324 2666 379 ΜΒ.
2710 326 2795 381 Ill.

3438 327 3546 385 ΜΞ

1892 437 1939 493 Α
1967 446 2153 485 earum
2188 431 2457 500 quietiam,
2488 446 2609 500 qua:
2638 447 2736 500 per
2760 431 2963 500 flagella
2998 428 3168 504 plagis
3194 435 3550 504 quadraginta

1969 523 2285 593 puniuntur.
2331 522 2424 577 Est
2474 523 2656 591 itaque
2691 523 2824 577 levis
2867 523 3136 593 impietas,
3170 542 3288 596 qnze
3327 530 3551 584 verbere

1963 611 2129 681 digna
2154 621 2266 677 est;
2290 621 2345 667 et
2371 614 2608 683 gravior,
2637 627 2757 682 quae
2778 625 2950 668 morte
2974 615 3132 683 digna
3156 626 3255 670 est.
3279 616 3357 672 lta
3381 620 3545 674 etiam

1964 702 2052 757 illa
2085 710 2305 773 peccata
2344 718 2463 767 qua:
2493 719 2599 758 non
2624 703 2677 757 in
2709 703 2899 767 Deum,
2926 704 3018 759 sed
3057 705 3112 758 in
3161 705 3429 761 hominem
3468 708 3552 763 vi-

1962 792 2159 848 dentur
2181 793 2414 857 admitti,
2440 800 2567 848 sunt
2595 802 2771 848 morte
2808 793 2968 862 digna
2997 795 3266 863 quaadam,
3298 807 3422 851 sunt
3445 798 3549 854 alia

1963 885 2303 956 correptione
2327 900 2420 940 seu
2457 884 2704 949 verbere,
2735 898 2830 939 seu
2862 886 3017 940 venia
3055 885 3263 959 [pinna]
3289 886 3549 943 faciliore.

1962 975 2040 1030 ιω
2067 975 2211 1030 enim
2252 974 2461 1029 locutos
2494 990 2613 1029 esse
2664 973 3018 1045 Septuaginta
3054 976 3378 1047 interpretes
3424 993 3552 1034 con-

1962 1074 2093 1132 stat,
2156 1065 2404 1120 utetiam
2436 1064 2577 1119 illius
2608 1065 2698 1134 qui
2732 1065 2903 1137 plagis
2928 1065 3121 1136 dignus
3165 1076 3270 1132 est,
3304 1067 3556 1138 impieta-

1962 1165 2073 1213 tem
2120 1157 2457 1212 vocaverint.
2485 1156 2640 1224 Quod
2683 1166 2860 1212 autem
2893 1173 2992 1228 pro
3029 1172 3280 1215 mensura
3320 1161 3551 1230 peccati.

1961 1247 2320 1320 quadraginta
2367 1246 2590 1318 ﬂagellis
2627 1249 3000 1319 delinquentes
3038 1251 3188 1321 argui
3215 1246 3399 1322 jussit,
3436 1250 3553 1321 jam

1960 1339 2274 1410 praedictum
2311 1338 2452 1408 quod
2482 1353 2582 1409 per
2626 1339 3113 1410 quadragenarium
3158 1358 3441 1397 numerum
3491 1341 3556 1392 ll-

1961 1445 2092 1500 gura
2125 1429 2464 1500 significetur
2515 1430 2676 1501 hujus
2728 1431 3010 1500 temporis,
3049 1432 3103 1486 in
3150 1448 3258 1503 quo
3306 1432 3554 1489 Ecclesia

1960 1537 2060 1592 per
2083 1536 2319 1593 quatuor
2346 1521 2528 1576 mundi
2554 1529 2739 1592 partes
2758 1520 2971 1587 diffusa,
2998 1524 3096 1579 sub
3124 1524 3379 1596 dccalogo
3417 1524 3556 1597 legis

1960 1613 2110 1668 vivit.
2150 1613 2593 1686 Quadragenario
2630 1630 2761 1687 ergo
2786 1631 3018 1671 numero
3044 1615 3421 1688 delinquentes
3446 1630 3550 1671 etc-

1961 1702 2159 1766 dimur,
2186 1702 2231 1757 si
2258 1702 2311 1756 in
2335 1704 2440 1759 hoc
2466 1711 2706 1774 tempore
2752 1705 3088 1775 pcenitentia:
3124 1708 3438 1763 verberibus
3458 1707 3555 1762 lla-

263 1794 480 1865 ligunt?
508 1792 614 1848 Sed
663 1792 1114 1849 considerandum
1141 1793 1319 1863 primo
1368 1793 1516 1848 illum
1554 1794 1862 1849 misericor-
1892 1807 1937 1866 Β
1964 1790 2246 1860 gellam'ur.
2283 1790 2450 1847 Debet
2475 1804 2606 1862 ergo
2635 1792 2863 1862 quisque
2886 1800 3140 1862 peccator
3168 1795 3553 1866 temporalibus

263 1886 418 1939 diam
439 1883 639 1948 facere,
670 1882 764 1952 qui
794 1882 897 1937 hoc
950 1882 1132 1937 animo
1156 1883 1400 1947 dimittit,
1431 1890 1491 1938 ut
1513 1891 1736 1956 egentes
1762 1884 1860 1938 hac

262 1976 436 2031 beant
460 1975 608 2045 quod
637 1973 942 2029 dimittitur.
977 1972 1180 2029 Deinde
1227 1990 1349 2029 cum
1392 1975 1508 2030 haec
1552 1975 1751 2046 populo
1779 1977 1859 2031 di-

263 2068 578 2131 mittuntur,
613 2065 775 2121 simul
820 2067 1179 2121 admonentur
1225 2067 1279 2121 hi
1336 2068 1427 2138 qui
1478 2082 1583 2121 non
1617 2068 1860 2138 indigent

264 2159 372 2214 ista
408 2173 517 2212 non
567 2172 833 2227 quaerere.
885 2155 1039 2224 Quod
1075 2156 1121 2212 si
1166 2158 1503 2228 quaesierint,
1554 2159 1685 2228 quid
1714 2157 1858 2214 aliud

263 2265 433 2321 quam
478 2264 567 2304 res
612 2248 840 2314 alienas,
870 2257 944 2313 et,
975 2250 1121 2321 quod
1161 2258 1247 2305 est
1281 2251 1523 2323 gravius,
1562 2265 1859 2322 pauperum

265 2342 527 2399 invadere
568 2342 845 2414 judicandi
875 2345 1036 2398 sunt?
1082 2344 1312 2416 Utrique
1357 2360 1488 2417 ergo
1532 2361 1861 2402 commemo-

266 2442 462 2488 rantur
487 2434 576 2488 his
599 2433 906 2504 praeceptis,
943 2442 997 2489 et
1019 2449 1250 2505 quorum
1297 2436 1412 2505 agri
1444 2447 1592 2501 sunt,
1618 2446 1677 2491 ut
1705 2437 1862 2491 m'se-

266 2523 560 2580 ricorditer
584 2539 646 2578 ea
682 2522 1020 2593 relinquant;
1050 2533 1104 2580 et
1131 2524 1223 2594 qui
1252 2525 1554 2596 indigentes
1581 2541 1686 2580 non
1710 2534 1858 2590 sunt,

263 2624 329 2670 ut
376 2615 502 2669 inde
552 2630 612 2670 sc
665 2616 994 2681 abstineant,
1047 2616 1262 2686 quando
1312 2624 1604 2686 utrumque
1643 2617 1857 2679 dicitur,

262 2714 325 2762 et
369 2721 402 2760 a
447 2705 647 2776 quibus
676 2706 999 2761 dimittenda
1035 2706 1164 2772 sint,
1213 2713 1269 2760 et
1301 2706 1500 2776 quibus
1542 2705 1857 2760 dimittenda

265 2801 420 2851 sunt.

857 2885 1085 2941 CAPUT
1116 2885 1256 2940 XIX.

267 2973 350 3032 De
388 2974 739 3058 corripiendis
764 2976 1097 3058 peccantibus
1145 2991 1240 3046 per
1263 2974 1476 3058 flagella
1503 2990 1521 3028 :
1552 2986 1599 3029 et
1634 2986 1693 3047 ut
1743 2976 1858 3029 bovi

467 3045 739 3100 triturnnti
764 3046 819 3098 in
848 3060 970 3099 area
1002 3045 1179 3116 fruges
1202 3045 1306 3100 nan
1342 3045 1532 3116 ligetur
1558 3063 1636 3100 os.

1960 1882 2183 1954 flagellis
2219 1884 2401 1949 atteri,
2452 1893 2719 1954 quatenus
2748 1886 2802 1939 in
2830 1886 3036 1958 judicio
3064 1897 3324 1958 purgatus
3375 1888 3552 1944 valeat

1963 1974 2215 2030 inveniri.
2266 1974 2463 2030 Beatus
2516 1976 2680 2031 homo
2727 1976 2819 2046 qui
2874 1977 3168 2048 corripitur
3213 1994 3242 2032 a
3295 1979 3546 2034 Domino.

1960 2065 2114 2119 Nulla
2141 2066 2285 2120 enim
2330 2065 2383 2119 in
2410 2076 2675 2120 aeternum
2754 2067 3157 2123 animadversio
3186 2066 3421 2139 affligere
3459 2084 3551 2138 po-

1961 2156 2084 2222 tuit,
2134 2171 2272 2226 quos
2322 2156 2409 2211 hic
2456 2156 2791 2227 pmnitcntite
2838 2157 3123 2227 disciplina
3169 2158 3457 2227 percussit.
3489 2158 3551 2213 Si

1960 2247 2104 2301 enim
2132 2262 2230 2318 pro
2270 2249 2507 2319 peccatis
2534 2249 2811 2315 caedimur,
2843 2248 2951 2305 illic
2985 2250 3109 2306 sine
3134 2260 3361 2320 peccato
3405 2253 3553 2309 inve-

1962 2337 2160 2392 nimur.
2191 2355 2210 2389 ι
2241 2337 2357 2393 Non
2400 2339 2593 2410 ligabis
2618 2355 2682 2395 os
2710 2341 2864 2395 bovis
2893 2346 3116 2396 tercntis
3143 2342 3194 2396 in
3217 2357 3344 2396 area
3372 2341 3552 2415 fruges

1964 2438 2097 2484 tuas.
2138 2449 2156 2482 ι
2188 2428 2304 2484 Non
2333 2429 2579 2500 alligabis
2600 2447 2662 2487 os
2694 2430 2848 2486 bovis
2895 2433 3217 2494 triturantis.
3244 2433 3446 2489 dictum
3469 2442 3555 2491 est

1961 2519 2181 2588 quodin
2211 2520 2365 2576 bovis
2398 2510 2625 2577 nomine
2671 2522 2779 2575 vita
2815 2507 3235 2593 uniuscujusque
3276 2527 3553 2594 opereulis

1961 2612 2302 2680 exprimitur.
2333 2612 2472 2668 Dicit
2500 2613 2734 2683 quodam
2790 2614 2843 2668 in
2890 2614 3007 2671 loco
3053 2614 3328 2685 apostolus
3355 2615 3554 2671 Paulus

1963 2701 2366 2768 reprehendens
2397 2709 2450 2756 et
2480 2703 2670 2758 dolens
2696 2705 2840 2774 quod
2867 2719 3027 2759 nemo
3054 2703 3128 2758 illi
3176 2706 3551 2760 communica-

1960 2790 2102 2844 vcrit
2136 2791 2190 2844 in
2221 2793 2430 2848 ratione
2463 2794 2573 2848 dati
2626 2803 2682 2850 et
2714 2796 2944 2866 accepti,
2975 2796 3119 2866 quod
3177 2797 3292 2868 ipse
3335 2797 3443 2853 alio
3492 2799 3547 2854 in

1963 2881 2081 2937 loco
2111 2889 2299 2951 aperte
2325 2885 2597 2953 exposuit,
2641 2886 2827 2941 dicens
2861 2904 2875 2940 :
2915 2905 2934 2938 ι
2967 2886 3026 2942 Si
3071 2904 3172 2945 nos
3210 2891 3364 2946 vobis
3392 2891 3552 2961 spiri-

1963 2972 2090 3027 talia
2117 2973 2524 3041 scminavimus,
2555 2991 2808 3046 magnum
2855 2986 2939 3033 est
2984 2987 3045 3033 ut
3098 2988 3275 3035 vestra
3307 2981 3551 3037 carnalia

1959 3062 2270 3117 metamus?
2302 3061 2352 3136 (I
2385 3062 2507 3119 Cor.
2538 3066 2643 3137 Ix.)
2687 3064 2799 3121 lloc
2839 3066 3129 3137 signiﬁcat,
3156 3071 3299 3141 quod
3324 3086 3432 3127 non
3472 3071 3550 3126 al-

340 3159 497 3234 (οη,
530 3159 682 3232 xxv.)
716 3179 737 3212 ‹
770 3161 827 3215 Si
860 3160 1029 3216 fuerit
1048 3176 1213 3217 causa
1256 3163 1402 3219 ῑηιριε
1428 3164 1658 3233 aliquos,
1683 3168 1738 3218 οι
1781 3163 1855 3216 in-
1881 3159 1926 3218 ρ
1959 3152 2150 3222 ligabis
2177 3167 2241 3207 os
2261 3153 2383 3208 bovi
2414 3154 2707 3209 trituranti.
2735 3154 2887 3211 Unde
2907 3162 2963 3211 et
2987 3155 3127 3212 idem
3156 3159 3436 3231 apostolus
3465 3160 3549 3214 di-

270 3273 293 3305 ι
335 3252 739 3324 terpellavcrint
782 3250 996 3322 indices
1033 3269 1046 3305 :
1093 3268 1253 3322 quem
1306 3252 1512 3322 justum
1559 3267 1681 3309 esse
1733 3262 1856 3323 per-

274 3362 295 3396 ι
332 3343 628 3414 spexerint,
676 3343 751 3397 illi
790 3344 1012 3414 jnstitia:
1038 3343 1271 3414 palmam
1299 3344 1533 3410 dabunt;
1558 3359 1718 3416 quem
1757 3345 1857 3398 im-

272 3453 294 3486 σ
330 3436 501 3504 pium,
545 3434 982 3489 condemuabunt
1010 3434 1322 3504 impietatis.
1353 3435 1449 3490 Sin
1499 3445 1682 3490 autem
1730 3447 1854 3487 eum

272 3542 292 3575 ε
333 3524 427 3594 qui
475 3522 718 3594 peccavit
754 3523 973 3594 dignum
1006 3523 1245 3579 viderint
1268 3523 1458 3597 plagis,
1489 3530 1854 3595 prosternt'nt,

271 3636 291 3669 ‹
331 3626 392 3672 et
421 3632 604 3672 coram
656 3631 714 3671 se
749 3614 949 3669 facient
975 3616 1275 3671 verberari.
1306 3616 1410 3673 Pro
1440 3629 1690 3670 mensura
1732 3627 1859 3682 pec-

268 3726 290 3760 c
328 3707 440 3762 cati
461 3708 565 3763 erit
586 3716 640 3763 et
666 3709 949 3781 plagarum
980 3710 1171 3765 modus
1192 3728 1205 3763 :
1229 3710 1301 3763 ita
1328 3710 1607 3771 duntaxat,
1635 3714 1697 3759 ut
1718 3719 1857 3775 qua-

270 3816 291 3849 σ
332 3797 713 3869 dragenarium
741 3814 1027 3856 numerum
1056 3815 1160 3855 non
1195 3797 1482 3859 excedant,
1514 3809 1580 3849 ne
1620 3793 1758 3849 finde
1780 3793 1860 3847 la-

269 3906 290 3940 c
330 3896 569 3954 ceratos,
594 3898 721 3944 ante
746 3890 932 3946 oculos
975 3899 1099 3946 tuos
1138 3888 1322 3959 jaceat
1365 3885 1533 3941 frater
1570 3894 1712 3939 tuus.
1746 3902 1765 3936 ι
1800 3882 1857 3938 Si

266 3979 436 4035 fuerit
461 3981 745 4037 altercatio
774 3982 919 4037 inter
937 3983 1203 4047 homines,
1233 3988 1289 4036 ct
1310 3977 1653 4035 ascenderint
1678 3976 1746 4031 ad
1769 3974 1859 4046 ju-

266 4074 496 4137 dicium,
530 4082 586 4126 et
603 4073 970 4142 judicaverint
993 4082 1050 4128 et
1085 4072 1506 4142 justificaverint
1525 4068 1754 4137 justum,
1778 4068 1860 4140 ju-

268 4163 419 4217 dices
442 4162 768 4232 intelligendi
798 4161 1207 4230 suntjudicare,
1239 4177 1343 4216 non
1368 4160 1440 4214 illi
1466 4160 1556 4228 qui
1577 4159 1705 4214 dicti
1733 4166 1860 4215 sunt

268 4250 678 4304 altercationem
732 4248 954 4304 habere.
1010 4249 1215 4304 Deinde
1247 4250 1534 4318 sequitur:
1568 4247 1636 4302 Et
1680 4262 1859 4318 repre-

268 4339 560 4394 henderint
585 4339 827 4408 impium.
858 4338 927 4392 Et
955 4338 1128 4393 eritsi
1159 4338 1351 4410 dignus
1375 4338 1540 4393 fuerit
1572 4338 1743 4407 plagis
1765 4337 1857 4406 qui

272 4428 438 4498 impie
483 4429 611 4499 egit,
646 4427 949 4483 constitues
992 4442 1117 4482 eum
1166 4429 1220 4482 in
1266 4436 1556 4497 conspectu
1588 4426 1853 4497 judicum,

1958 3243 2033 3296 cit
2061 3242 2167 3298 alio
2190 3242 2309 3299 loco
2337 3262 2350 3298 :
2387 3262 2406 3295 ι
2436 3243 2640 3317 Dignus
2660 3255 2741 3302 est
2768 3250 3053 3318 operarius
3097 3253 3347 3308 mercede
3389 3267 3487 3309 sua
3517 3270 3537 3307 ι

1961 3329 2015 3401 (1
2064 3329 2199 3386 Tim.
2253 3332 2331 3405 v).
2377 3332 2504 3388 Vult
2543 3349 2674 3407 ergo
2712 3334 2995 3407 Scriptura
3043 3338 3356 3398 doctoribus
3408 3357 3547 3412 prie-

1961 3429 2107 3473 stare
2132 3421 2393 3488 carnalia,
2412 3436 2442 3476 a
2462 3423 2658 3493 quibus
2674 3424 2938 3496 spiritalia
2962 3438 3388 3501 consequuntur.
3405 3430 3545 3498 Quia

1960 3509 2342 3579 prtedicatores
2374 3523 2708 3583 occupantur
2731 3517 2786 3571 in
2819 3519 3087 3586 doctrina,
3113 3521 3417 3577 necessaria
3440 3523 3549 3579 sibi

1962 3598 2246 3667 providere
2274 3615 2379 3655 non
2410 3611 2657 3670 possunt.

2566 3719 2796 3779 CAPUT
2826 3722 2944 3779 ΧΧ.

1964 3808 2041 3863 De
2067 3825 2131 3890 eo
2151 3811 2240 3890 qui
2257 3808 2380 3890 ,εἰπε
2401 3807 2579 3864 liberis
2601 3813 2848 3890 moritur,
2872 3823 2927 3868 ut
2949 3814 3382 3890 frater_de{uncti
3409 3818 3547 3874 acci-

2077 3883 2187 3949 piat
2217 3883 2333 3949 ejus
2352 3894 2588 3947 uxorem,
2611 3890 2658 3935 et
2680 3883 2895 3937 suscitet
2915 3883 3088 3939 δειιιεη
3109 3883 3268 3956 fratri
3302 3902 3419 3941 suo.

2032 3986 2209 4061 (Ιιιιιι.)
2233 4007 2251 4039 ι
2274 3988 2498 4056 Quando
2521 3990 2887 4055 habitaverint
2903 3991 3099 4051 fratres
3118 3995 3302 4063 simul,
3330 4004 3386 4053 et
3407 4013 3551 4054 unus

1968 4094 1987 4126 ι
2024 4091 2091 4131 ex
2113 4076 2195 4132 eis
2219 4077 2423 4147 absque
2450 4077 2638 4135 liberis
2660 4089 2908 4137 mortuus
2932 4082 3114 4150 fuerit,
3139 4101 3279 4141 uxor
3308 4084 3552 4142 defuncti

1967 4187 1986 4220 ι
2019 4185 2128 4223 non
2158 4170 2324 4226 nubet
2359 4170 2536 4237 alteri,
2582 4174 2677 4228 sed
2707 4174 2939 4245 accipiet
2985 4192 3104 4232 eam
3131 4177 3302 4234 frater
3328 4177 3469 4249 ejus,
3493 4187 3552 4236 et

1968 4276 1987 4308 ι
2025 4258 2310 4312 suscitabit
2358 4274 2543 4314 semen
2570 4259 2756 4316 fratris
2784 4262 2891 4328 sui,
2937 4273 2993 4317 et
3036 4264 3453 4336 primogenitum
3480 4281 3552 4323 ex

1967 4366 1985 4397 ‹
2023 4362 2087 4400 ca
2116 4345 2307 4414 lilium,
2339 4348 2560 4403 nomine
2589 4349 2732 4405 illius
2757 4351 3069 4422 appellabit,
3097 4362 3151 4409 ut
3177 4369 3281 4409 non
3308 4354 3550 4413 deleatur

1968 4456 1987 4488 ι
2026 4452 2219 4491 nomen
2249 4436 2368 4505 ejus
2397 4453 2463 4493 ex
2491 4438 2677 4494 Israel.
2706 4439 2801 4495 Sin
2823 4449 3005 4497 autem
3027 4443 3262 4499 noluerit
3299 4446 3551 4516 accipere

267 4531 325 4575 et
349 4496 695 4591 flagellabant
722 4535 845 4575 cum
876 4521 1172 4576 secundum
1220 4520 1553 4589 impietatem
1586 4518 1703 4587 ejus
1732 4527 1858 4572 ante
1886 4496 1937 4555 D
1968 4547 1986 4579 ι
2024 4542 2249 4582 uxorem
2275 4496 2471 4585 fratris
2513 4530 2618 4595 sui,
2662 4546 2783 4601 qua:
2820 4533 2870 4589 ei
2919 4533 3036 4607 lege

269 4626 351 4675 se,
403 4625 629 4665 numero
678 4610 1040 4683 quadraginta
1087 4606 1436 4682 ﬂagellabunt
1478 4625 1621 4674 eum,
1652 4617 1708 4663 et
1751 4625 1861 4664 non

269 4707 560 4771 opponent.
606 4699 663 4755 Si
691 4709 874 4755 autem
925 4701 1276 4771 apposuerint
1304 4698 1574 4769 flagellare
1597 4714 1723 4755 eum
1762 4715 1863 4770 per

272 4793 371 4847 has
394 4792 583 4862 plagas
603 4792 805 4864 plures,
832 4794 1208 4863 deturpabitur
1249 4791 1423 4848 frater
1451 4801 1572 4848 tuus
1594 4808 1778 4848 coram
1807 4802 1862 4849 te

272 4884 450 4939 valde.
480 4883 882 4939 Advertendum
903 4892 988 4940 est
1016 4899 1140 4940 cum
1160 4898 1223 4939 ea
1245 4892 1466 4956 peccata
1485 4883 1659 4956 plagis
1680 4898 1863 4940 emen-

272 4976 451 5031 danda
481 4976 821 5046 praeceperit,
845 4991 967 5045 qua:
992 4992 1098 5033 non
1135 4977 1292 5048 digna
1342 4986 1470 5031 sunt
1508 4976 1699 5031 mortis
1736 4991 1862 5046 sup.

271 5070 437 5140 plicio
466 5070 749 5133 vindicari,
803 5077 859 5125 et
900 5070 1006 5125 hoc
1048 5078 1157 5123 tam
1196 5070 1382 5140 paucis
1409 5069 1599 5140 plagis,
1626 5083 1751 5122 eum
1784 5076 1864 5121 ta-

276 5176 400 5214 men
427 5160 519 5229 qui
549 5160 795 5225 caaditur,
821 5160 1112 5231 appellavit
1134 5160 1358 5230 impium
1385 5158 1468 5213 vel
1517 5159 1679 5228 impie
1706 5174 1865 5229 agen-

278 5264 387 5306 tem
417 5266 432 5305 :
468 5258 528 5305 ut
556 5253 887 5318 noverimus,
935 5269 1044 5308 non
1090 5252 1230 5306 sicut
1279 5250 1499 5322 plurimi
1548 5250 1863 5318 loqtmntur,

274 5342 488 5396 locutas
522 5356 642 5397 esse
691 5326 1001 5411 Scripturas
1034 5358 1204 5412 :quas
1248 5340 1573 5396 incuriosius
1615 5340 1860 5410 legimus,

276 5448 403 5488 cum
433 5443 686 5503 putamus
709 5435 1032 5489 adulterium
1062 5450 1167 5490 non
1199 5449 1319 5490 esse
1362 5433 1716 5503 impietatem,
1741 5432 1865 5501 quia

278 5527 336 5581 in
386 5528 660 5582 hominem
705 5528 961 5582 videntur
1011 5542 1283 5598 peccasse,
1336 5525 1430 5594 qui
1470 5525 1571 5579 hoc
1614 5523 1863 5588 fecerint,

278 5634 404 5673 cum
442 5617 570 5672 illud
611 5627 892 5687 peccatum
943 5628 1117 5674 morte
1160 5620 1316 5690 plecti
1344 5617 1430 5671 lex
1450 5614 1668 5686 jubeat;
1702 5615 1866 5670 etbis

282 5708 523 5777 peccatis
551 5709 829 5777 graviores
851 5709 1087 5766 diximus
1111 5726 1231 5766 esse
1254 5710 1580 5779 impietatcs,
1608 5722 1728 5764 cum
1756 5708 1864 5762 sint

1967 4638 1985 4669 ι
2024 4618 2220 4673 mulier
2248 4618 2313 4673 ad
2337 4626 2551 4689 portam
2594 4620 2852 4689 civitatis,
2883 4631 2939 4678 et
2967 4625 3336 4696 interpellabit
3372 4630 3545 4701 majo—

1970 4730 1987 4761 ι
2026 4726 2113 4765 res
2136 4719 2288 4775 natu,
2313 4711 2563 4780 dicetque
2594 4731 2607 4766 :
2633 4710 2750 4769 Non
2779 4712 2893 4770 vult
2922 4714 3092 4772 frater
3111 4716 3210 4772 viri
3247 4719 3353 4775 mei
3378 4723 3551 4779 susci-

1968 4822 1986 4855 ι
2027 4814 2143 4859 tare
2173 4819 2357 4859 semen
2400 4803 2587 4861 fratris
2619 4807 2702 4861 sui
2724 4807 2777 4862 in
2806 4807 2993 4875 Israel,
3037 4826 3137 4867 nec
3165 4828 3251 4869 me
3277 4812 3333 4869 in
3362 4815 3550 4885 conju-

1969 4918 1987 4950 ‹
2025 4915 2144 4969 gem
2167 4913 2400 4954 sumere.
2431 4897 2738 4972 Statimque
2783 4903 3040 4959 accersiri
3082 4921 3209 4961 eum
3252 4906 3470 4975 facient,
3493 4919 3551 4965 et

1971 5008 1988 5039 ι
2028 4989 2458 5061 interrogabunt.
2506 4989 2564 5046 Si
2592 4993 2949 5062 responderit,
2978 4994 3113 5052 Nolo
3154 5012 3273 5053 eam
3321 5016 3545 5057 uxorem

1969 5097 1989 5128 ‹
2027 5079 2294 5148 accipere,
2319 5083 2539 5137 accedet
2557 5082 2750 5139 mulier
2774 5085 2839 5139 ad
2866 5102 2991 5142 eum
3012 5104 3196 5144 coram
3215 5092 3543 5153 senioribus,

1971 5188 1989 5221 ι
2028 5180 2084 5226 et
2113 5170 2265 5225 tollet
2296 5173 2721 5230 calceamentum
2751 5177 2818 5233 de
2851 5180 2986 5249 pede
3010 5180 3156 5251 ejus,
3189 5195 3452 5252 spuetque
3487 5184 3546 5237 in

1973 5281 1990 5313 ι
2027 5261 2221 5317 faciem
2248 5261 2364 5332 ejus
2388 5274 2443 5319 et
2464 5266 2606 5322 dicet
2637 5286 2650 5321 :
2675 5267 2766 5324 Sic
2790 5267 2883 5324 fiet
2908 5271 3137 5339 homini,
3165 5274 3256 5343 qui
3287 5288 3393 5327 non
3413 5273 3547 5327 tedi-

1976 5369 1995 5402 ι
2033 5351 2158 5406 ﬁcat
2188 5352 2405 5408 domum
2434 5353 2622 5412 fratris
2661 5359 2768 5424 sui,
2794 5367 2850 5414 et
2877 5362 3159 5416 vocabitur
3181 5376 3378 5417 nomen
3400 5362 3545 5419 illius

1975 5459 1993 5490 ι
2031 5441 2083 5493 in
2110 5440 2292 5508 Israel,
2321 5443 2521 5500 Domus
2546 5446 2872 5503 discalceati.
2897 5469 2915 5502 ι
2941 5468 2959 5500 ι
2983 5448 3038 5504 Si
3063 5457 3242 5504 mrtem
3269 5450 3548 5508 habitave-

1970 5527 2079 5581 rint
2098 5525 2293 5587 fratres
2320 5532 2373 5587 in
2398 5550 2584 5600 unum,
2613 5547 2668 5591 et
2709 5549 2957 5593 mortuus
2995 5538 3157 5593 fuerit
3183 5555 3323 5595 unus
3349 5556 3419 5596 ex
3444 5543 3547 5612 eis,

1963 5631 2346 5687 semen‘autezn
2395 5640 2497 5676 neu
2530 5624 2690 5681 fuerit
2721 5628 2791 5689 ei,
2827 5645 2961 5683 uxor
2989 5631 3227 5687 defuncti
3261 5634 3391 5690 foris
3421 5653 3530 5694 non

1960 5706 2063 5762 erit
2079 5714 2436 5782 appmpimti,
2461 5715 2623 5772 frater
2642 5716 2737 5773 viri
2754 5720 2803 5789 ej
2812 5735 2872 5776 us
2889 5720 3112 5777 intrabit
3138 5724 3205 5779 ad
3226 5741 3345 5787 cam
3370 5735 3422 5786 et
3438 5743 3530 5787 ac-

3564 5834 3605 5859 \
