3978 6182
367 260 475 358 eis

1020 283 1083 342 Β.
1122 283 1379 342 RABANI
1418 282 1637 339 MAURI
1675 277 1996 336 ARCHIEP.
2038 273 2349 332 MOGUNT.
2385 268 2671 330 OPERUM
2709 268 2892 327 PARS
2930 270 2972 326 Ι.

3544 275 3667 332 944

371 410 537 479 cipict
560 403 663 462 sibi
684 415 907 456 uxorem
931 415 1075 464 eam,
1104 409 1158 454 et
1186 396 1519 455 cobabitabit
1544 395 1617 461 ei,
1643 402 1699 450 et
1723 393 1850 459 erit,
1881 392 1962 446 in—
1991 394 2040 452 Α
2067 385 2455 458 evangelistam
2486 383 2746 439 Salathiel
2783 383 3059 439 invenitur
3087 401 3099 436 :
3136 383 3383 452 quamvis
3415 384 3532 439 fieri
3559 402 3668 457 po-

373 498 494 554 fans
539 495 846 566 quicunque
875 501 1036 546 natus
1067 489 1230 546 fuerit
1256 489 1620 545 constituetur
1656 500 1723 540 ex
1768 481 1958 538 defun-

372 589 448 644 cti
494 584 734 648 nomine,
760 589 817 637 et
861 597 968 637 non
999 580 1265 635 delebitur
1288 592 1487 633 nomen
1529 576 1647 646 ejus
1682 588 1750 628 ex
1774 570 1959 637 lsrael,

373 687 429 732 et
450 689 648 732 nomen
671 670 928 726 defuncti.
966 690 984 722 ι
1013 669 1238 724 Videtur
1283 669 1385 722 hoc
1411 662 1738 735 praecepisse
1780 661 1867 717 lex
1897 663 1963 717 de

374 765 562 822 fratris
584 777 755 819 uxore
797 759 1043 817 ducenda
1086 773 1195 812 non
1241 758 1310 812 ob
1337 754 1504 821 aliud,
1552 753 1656 808 nisi
1684 761 1747 806 ut
1777 765 1961 807 semen

374 856 600 912 suscitet
638 852 822 908 fratris
848 851 939 921 qui
968 849 1086 905 sine
1120 848 1306 904 liberis
1344 844 1632 902 defunctus
1671 850 1776 897 est.
1809 840 1962 909 Quod

375 955 558 1001 autem
586 945 681 1008 ait,
711 962 729 994 ‹
759 941 1130 998 Constituetur
1148 953 1214 992 ex
1239 936 1477 992 defuncti
1511 934 1750 1000 nomine,
1774 941 1829 989 et
1854 948 1961 987 non

376 1037 645 1094 delebitur
675 1047 872 1087 nomen
922 1028 1042 1098 ejus
1089 1044 1155 1083 ex
1200 1025 1389 1093 lsrael,
1420 1046 1440 1078 ›
1473 1025 1526 1079 id
1582 1032 1687 1090 est,
1724 1020 1965 1077 defuncti

377 1143 572 1184 nomen
609 1140 677 1180 ex
712 1125 815 1179 hoc
840 1121 1051 1176 videtur
1077 1120 1303 1183 dictum,
1335 1125 1395 1170 ut
1438 1116 1529 1170 ille
1575 1113 1668 1184 qui
1700 1111 1965 1176 nascitur,

374 1221 480 1276 hoc
518 1217 735 1274 nomine
764 1213 1068 1285 appelletur
1097 1227 1207 1281 quo
1238 1207 1615 1280 appellabatur
1656 1202 1966 1266 defunctus,

375 1312 464 1369 cui
515 1308 748 1381 quodam
793 1303 953 1361 modo
981 1308 1335 1374 propagatur.
1380 1297 1538 1354 Unde
1585 1294 1743 1349 nobis
1793 1292 1967 1347 visum

376 1411 461 1458 est
504 1398 678 1470 magis
728 1395 1023 1452 secundum
1071 1388 1377 1461 adoptionis
1405 1399 1612 1442 morem
1661 1381 1869 1438 solvere
1910 1380 1963 1434 in

377 1490 670 1561 Evangelio
697 1484 1051 1557 qumstionem
1099 1480 1166 1536 de
1218 1478 1430 1534 duobus
1451 1474 1700 1549 patribus
1741 1471 1962 1540 Ioseph,

379 1596 611 1654 quorum
640 1594 809 1633 unum
833 1579 1223 1632 commemorat
1252 1569 1557 1634 Matthaaus,
1605 1581 1727 1622 eum
1763 1563 1969 1620 scilicet

380 1673 475 1743 qui
502 1669 686 1742 genuit
707 1667 939 1737 Ioseph;
963 1666 1192 1721 alterum
1219 1665 1411 1729 Lucas,
1440 1675 1562 1715 eum
1584 1659 1739 1730 cujus
1763 1664 1881 1712 erat
1910 1655 1969 1710 fi-

2067 478 2167 532 tuit
2185 518 2201 543 ,
2238 485 2297 531 ut
2324 475 2462 531 alius
2490 474 2655 531 fuerit
2680 474 2870 530 eodem
2903 474 3143 540 nomine,
3175 474 3383 530 habens
3411 475 3668 546 ejusdem

2063 569 2300 624 nominis
2346 575 2579 639 patrem,
2612 565 2769 635 cujus
2807 574 2864 622 et
2891 566 2980 620 ille
3027 566 3239 625 habuit.
3279 566 3416 621 Nam
3447 576 3501 622 et
3526 569 3667 624 inde

2062 674 2277 714 sursum
2323 673 2517 713 versus
2565 656 2762 712 diversi
2812 664 2958 712 sunt.
3005 646 3187 725 Alium
3240 657 3441 727 quippe
3487 659 3664 714 habet

2063 742 2363 801 Zorobahel
2396 760 2555 799 avum
2585 745 2727 815 apud
2756 742 2991 809 Lucam,
3038 745 3131 815 qui
3163 753 3247 799 est
3270 743 3460 811 Neeri;
3487 745 3661 811 alium

2066 833 2206 904 apud
2245 833 2582 900 Matthzeum,
2613 835 2705 904 qui
2740 843 2826 889 est
2851 833 3174 900 Iechonias;
3206 843 3371 906 atque
3406 836 3532 891 inde
3566 854 3667 893 sn-

2067 927 2253 998 perius
2274 943 2545 998 nusquam
2572 935 2659 983 est
2693 929 3075 993 consonantia,
3103 943 3383 998 quousque
3409 930 3671 984 veniatur

2067 1019 2135 1074 ad
2183 1019 2372 1086 David,
2426 1019 2567 1089 apud
2617 1019 2930 1075 Matthzeum
2980 1035 3081 1091 per
3112 1019 3478 1087 Salomonem,
3510 1008 3669 1092 apu-l

2066 1109 2268 1166 Lucam
2297 1124 2394 1182 per
2422 1109 2653 1167 Nathan.
2689 1110 3072 1167 Difﬁcillimum
3103 1121 3284 1168 autem
3314 1114 3526 1169 videtur
3545 1131 3670 1170 non

2069 1199 2235 1257 fuisse
2270 1201 2503 1272 aliquem
2553 1203 3000 1273 propinquiorem
3039 1204 3131 1273 qui
3158 1203 3383 1259 duceret
3426 1221 3669 1261 uxorem

2068 1288 2255 1346 fratris
2282 1294 2387 1356 sui,
2411 1307 2573 1362 quam
2600 1307 2725 1347 eum
2753 1292 2845 1361 qui
2874 1306 2942 1347 ex
2967 1292 3137 1348 David
3165 1303 3313 1349 esset
3336 1296 3675 1367 consangui—

2070 1396 2206 1436 neus
2239 1391 2345 1436 tam
2372 1382 2667 1454 longinquo
2698 1383 2886 1455 gradu,
2928 1398 3034 1438 non
3059 1383 3242 1454 aliqua
3270 1384 3407 1441 infra
3435 1389 3666 1459 propin-

2071 1471 2277 1540 quitate
2302 1472 2653 1543 eonjunctus;
2703 1487 2825 1528 cum
2857 1473 2928 1528 sit
2956 1473 3098 1543 apud
3127 1474 3328 1530 Lucam
3365 1491 3500 1545 pene
3526 1493 3677 1547 qua-

2073 1564 2411 1634 dragesimus
2434 1581 2462 1619 a
2490 1564 2716 1635 Ioseph,
2759 1567 2900 1636 apud
2939 1566 3252 1623 Mattbteum
3278 1578 3456 1623 autem
3482 1570 3680 1626 ferme

2073 1656 2364 1712 vicesimus
2415 1659 2699 1726 septimus.
2750 1658 2859 1713 Aut
2909 1660 2954 1715 si
3008 1662 3299 1733 propinqui
3342 1664 3409 1718 ad
3456 1681 3683 1722 tutores

382 1764 488 1818 lius
536 1760 735 1830 Ioseph
769 1779 782 1814 :
814 1759 1078 1831 quoniam
1115 1756 1292 1811 nullus
1320 1768 1512 1810 eorum
1537 1750 1738 1820 Ioseph
1770 1765 1967 1805 nomen
1999 1748 2044 1806 B
2073 1745 2448 1802 defunctorum
2478 1747 2755 1804 ducendas
2795 1751 2958 1806 etiam
3005 1752 3079 1806 illi
3120 1754 3525 1822 qumrebantur,
3560 1758 3680 1825 qui

382 1852 610 1922 accepit.
637 1849 753 1905 Nisi
784 1849 920 1905 forte
949 1849 1051 1903 hoc
1072 1847 1271 1902 dictum
1308 1853 1395 1901 est
1417 1862 1430 1898 :
1456 1862 1474 1894 ι
1507 1842 1881 1898 Constituetur
1902 1853 1969 1894 ex

381 1942 622 1998 defuncti
649 1926 886 2006 nomine,
912 1960 930 1992 ι
959 1953 1064 1993 non
1084 1945 1143 1991 ut
1162 1935 1281 2006 ejus
1298 1949 1497 1990 nomen
1521 1932 1771 2001 accipiat,
1795 1929 1891 1985 sed
1912 1938 1971 1984 ut

381 2048 448 2089 ex
476 2031 594 2102 ejus
631 2031 868 2097 nomine,
892 2029 948 2084 id
975 2036 1079 2095 est,
1108 2038 1364 2094 tanquam
1396 2023 1560 2087 filius,
1589 2036 1696 2076 non
1727 2019 1846 2089 ejus
1872 2035 1970 2075 cn-

377 2125 468 2195 jus
488 2122 698 2179 semine
719 2120 933 2192 genitus
956 2126 1060 2184 est,
1088 2115 1185 2170 sed
1209 2114 1354 2169 illius
1375 2111 1637 2175 defuncti,
1664 2111 1750 2166 cui
1773 2118 1858 2165 est
1887 2123 1973 2163 se—

386 2228 507 2269 men
529 2212 849 2269 suscitatum
869 2210 1045 2264 lizeres
1066 2205 1454 2263 constituatur.
1478 2199 1631 2269 Quod
1655 2200 1799 2255 enim
1823 2198 1974 2257 addi-

386 2317 500 2363 tum
520 2314 621 2372 est,
642 2324 660 2357 ι
681 2305 752 2359 Et
772 2319 879 2359 non
900 2300 1167 2357 delebitur
1187 2311 1384 2353 nomen
1406 2292 1522 2363 ejus
1545 2308 1610 2347 ex
1633 2290 1819 2356 Israel,
1841 2310 1859 2342 ι
1879 2305 1974 2361 po-

388 2408 496 2455 test
515 2400 586 2453 ita
608 2395 856 2467 intelligi,
874 2409 981 2448 non
994 2391 1141 2462 quod
1154 2403 1352 2445 nomen
1367 2385 1484 2455 ejus
1498 2398 1634 2455 puer
1645 2395 1970 2451 consequen-

388 2499 473 2546 ter
486 2488 735 2558 accipiat,
750 2486 844 2540 sed
858 2484 1002 2553 quod
1019 2482 1107 2536 ille
1120 2480 1238 2535 sine
1255 2476 1574 2549 posteritate
1595 2480 1841 2528 mortuus
1854 2484 1975 2525 esse

383 2577 751 2643 videbitur,ct
766 2576 885 2631 ideo
900 2578 1180 2644 permanet
1192 2583 1386 2624 nomen
1410 2567 1550 2638 ejus,
1562 2565 1666 2620 hoc
1680 2573 1764 2618 est
1777 2575 1978 2617 memo-

376 2669 494 2724 ria.
517 2667 699 2736 Neque
719 2666 865 2720 enim
885 2664 1048 2718 etiam
1068 2663 1112 2716 si
1138 2661 1253 2730 ipse
1268 2658 1436 2713 filium
1459 2654 1757 2728 genuisset,
1779 2666 1974 2706 nomen

376 2761 441 2818 .ei
461 2776 617 2817 suum
647 2758 827 2814 fuerat
859 2754 1233 2825 impositurus,
1261 2759 1321 2805 ut
1350 2764 1545 2806 nomen
1568 2745 1686 2817 ejus
1706 2759 1816 2799 non
1839 2741 1979 2799 dele-

384 2862 541 2908 retur
568 2864 635 2904 ex
658 2847 857 2915 lsrael;
905 2845 1000 2901 sed
1041 2859 1109 2900 ex
1166 2844 1272 2898 hoc
1301 2842 1490 2911 utique
1537 2854 1644 2894 non
1683 2836 1972 2901 deleretur,

389 2943 517 3015 quia
545 2957 653 2997 non
680 2939 799 2995 sine
834 2936 1022 2992 liberis
1046 2950 1114 2990 ex
1147 2935 1251 2989 hac
1285 2933 1397 2987 vita
1439 2930 1764 3002 emigraret;
1793 2935 1850 2982 et
1875 2927 1980 2982 hoc

368 3034 607 3107 ‘jubetur
630 3046 697 3086 ex
738 3029 857 3101 ejus
882 3041 1053 3082 uxore
1082 3024 1253 3080 frater
1285 3022 1401 3093 ejus
1429 3020 1655 3092 implere
1699 3016 1844 3088 quod
1891 3015 1980 3071 ille

2075 1852 2137 1892 ex
2171 1836 2495 1892 feminarum
2523 1841 2787 1911 sanguine
2833 1842 3292 1912 propinquabant,
3340 1844 3455 1899 fieri
3482 1847 3685 1914 potuit

2074 1935 2135 1983 ut
2163 1935 2308 1984 esset
2331 1927 2526 1998 aliquis
2555 1930 2633 1983 ita
2658 1931 3047 2002 propinquans,
3072 1933 3163 2002 qui
3190 1931 3388 2003 Ioseph
3412 1946 3690 2005 genuerit

2073 2022 2141 2077 de
2164 2036 2334 2076 uxore
2362 2022 2649 2094 propinqui
2676 2023 2783 2089 sui,
2810 2024 2901 2094 qui
2933 2024 3055 2079 sine
3079 2024 3269 2080 liberis
3306 2026 3563 2094 decessit,
3600 2043 3693 2083 ac

2074 2114 2155 2169 sic
2173 2114 2225 2168 ei
2251 2125 2396 2169 esset
2418 2114 2558 2170 alter
2582 2129 2648 2170 ex
2674 2124 2869 2170 natura
2896 2124 3054 2186 pater
3072 2156 3087 2181 ,
3136 2116 3276 2172 alter
3311 2132 3379 2173 ex
3414 2118 3564 2189 lege;
3608 2119 3687 2174 in

2075 2220 2306 2276 quorum
2336 2207 2585 2276 patribus
2620 2215 2673 2262 et
2703 2208 2842 2273 avis,
2888 2216 2945 2263 et
2984 2207 3178 2264 deinde
3214 2207 3511 2277 majoribus
3540 2210 3697 2266 ideo

2075 2295 2459 2365 propinquitas
2483 2295 2627 2350 nulla
2658 2305 2903 2367 apparet,
2937 2298 3080 2367 quod
3121 2313 3227 2353 non
3258 2299 3534 2364 maribus,
3565 2302 3694 2354 sed

2075 2401 2143 2441 ex
2165 2384 2385 2441 feminis
2405 2387 2865 2457 propinquarent.
2895 2387 3284 2444 Verumtamen
3313 2390 3359 2444 si
3388 2390 3460 2444 ita
3490 2402 3699 2456 esset,

2077 2490 2179 2530 nec
2206 2475 2372 2529 David
2403 2474 2696 2544 aliquando
2728 2491 2866 2530 unus
2904 2484 3059 2546 pater
3100 2485 3435 2533 occurreret.
3464 2478 3575 2532 Aut
3628 2481 3697 2533 si

2076 2568 2368 2637 quisquam
2419 2567 2662 2637 potuisse
2713 2567 3030 2632 contendit,
3082 2566 3173 2621 ubi
3229 2583 3477 2638 pommus
3523 2569 3702 2636 quod

2078 2658 2416 2715 consuetudo
2454 2657 2749 2729 Scriptura:
2778 2672 2885 2711 non
2922 2664 3006 2712 est
3046 2655 3278 2712 feminas
3314 2657 3367 2711 in
3415 2657 3704 2728 genealo-

2079 2749 2166 2820 gia
2212 2764 2311 2820 pro
2360 2748 2603 2803 maribus
2645 2761 2883 2817 ponere,
2940 2747 3082 2801 sicut
3134 2761 3228 2800 eas
3275 2745 3448 2800 nullas
3491 2744 3707 2802 nullus

2080 2841 2411 2913 evangelista
2461 2838 2829 2910 interposuit?
2854 2837 2956 2894 Ubi
2994 2841 3140 2892 enim
3177 2844 3705 2892 commemorantur

2082 2940 2309 2999 matres,
2351 2947 2459 2987 non
2505 2937 2782 3001 ponuntur
2832 2928 2935 2983 nisi
2966 2943 3090 2982 cum
3127 2926 3393 2996 patribus.
3444 2925 3525 2980 Ac
3570 2938 3707 2993 per

2082 3021 2188 3076 hoc
2232 3028 2326 3075 aut
2355 3020 2427 3074 ita
2454 3018 2808 3089 propinquior
2847 3015 3017 3072 defuit
3058 3016 3127 3070 ad
3164 3031 3388 3071 uxorem
3430 3013 3702 3070 defuncti

385 3125 720 3197 nonpotuit.
761 3121 902 3177 Nam
945 3118 1049 3177 etsi
1084 3117 1252 3171 frater
1281 3130 1389 3170 non
1416 3112 1630 3177 fuisset,
1672 3117 1729 3165 et
1763 3107 1982 3178 propin-
2008 3107 2053 3168 C
2085 3113 2190 3170 sibi
2220 3111 2599 3182 eopulandam,
2624 3118 2687 3165 ut
2713 3109 2873 3179 origo
2894 3108 3236 3179 cognationis
3274 3114 3618 3177 repeteretur
3660 3124 3705 3163 τι

385 3235 531 3291 quus
567 3216 801 3272 ducebat
845 3226 1072 3267 uxorem
1120 3207 1240 3277 ejus
1276 3205 1372 3277 qui
1417 3204 1534 3258 sine
1565 3201 1691 3256 filiis
1736 3207 1984 3253 mortuus

393 3286 558 3373 esset,
591 3306 658 3360 ad
685 3302 1059 3359 suseitandum
1086 3311 1271 3353 semen
1302 3293 1458 3349 fratri
1495 3306 1631 3356 suo;
1663 3289 1805 3344 sicut
1838 3286 1983 3341 Booz

393 3398 528 3455 fecit
550 3390 993 3455 ducendoiluth,
1043 3395 1105 3443 ut
1139 3400 1326 3442 semen
1368 3381 1659 3438 suscitaret
1683 3378 1985 3449 propinquo

395 3502 519 3553 suo,
539 3483 696 3555 cujus
718 3481 905 3538 fuerat
924 3478 1014 3534 illa
1035 3493 1196 3542 uxor,
1243 3489 1345 3530 nec
1367 3473 1433 3529 de
1459 3471 1552 3526 illo
1578 3475 1896 3541 pepererat;
1930 3476 1987 3521 et

395 3587 578 3633 tamen
606 3573 698 3645 qui
730 3574 798 3629 de
832 3569 923 3625 illa
952 3576 1113 3624 natus
1154 3573 1257 3631 est,
1297 3579 1366 3619 ex
1392 3561 1613 3618 nomine
1648 3559 1867 3630 quidem
1891 3557 1985 3613 de-

370 3667 568 3723 .Iuncti
613 3664 941 3721 constitutus
994 3667 1102 3725 est,
1154 3656 1282 3729 quia
1329 3653 1473 3708 ﬁlius
1519 3651 1637 3721 ejus
1689 3650 1866 3705 dictus
1901 3653 2009 3708 est,

367 3770 561 3832 -atque
589 3760 662 3814 ita
711 3756 914 3812 factum
944 3760 1047 3818 est,
1067 3757 1137 3805 ut
1164 3762 1360 3804 nomen
1384 3744 1623 3802 defuncti
1650 3758 1759 3798 non
1788 3740 1987 3797 delere-

376 3862 490 3906 stur
515 3866 585 3906 ex
600 3846 790 3913 Israel,
816 3858 919 3901 nec
954 3851 1135 3897 tamen
1156 3838 1275 3908 ejus
1299 3838 1515 3893 nomine
1546 3834 1848 3906 appellatus
1878 3840 1980 3887 est.

400 3942 531 4009 Quae
553 3952 682 3993 cum
711 3937 789 3990 ita
816 3936 956 3999 sint,
996 3930 1362 3987 abUndantius
1407 3927 1617 3983 duobus
1650 3925 1827 3979 modis
1850 3923 1985 3979 solvi

400 4037 581 4103 potest
628 4025 942 4097 evangelica
971 4022 1219 4094 quzestio,
1251 4026 1312 4074 ut
1337 4032 1478 4074 unus
1503 4031 1691 4071 eorum
1723 4029 1860 4085 quos
1901 4014 1987 4069 di-

401 4134 593 4178 versos
618 4121 1052 4175 commemorant
1076 4110 1365 4165 Matthaeus
1391 4115 1445 4163 et
1472 4106 1666 4169 Lucas,
1717 4104 1793 4159 ita
1826 4103 1988 4158 fuerit

400 4212 738 4288 propinquus
780 4206 937 4263 alteri
986 4203 1055 4260 ad
1105 4202 1407 4259 ducendam
1460 4200 1579 4272 ejus
1628 4213 1876 4263 uxorem,
1926 4204 1987 4251 ut

404 4305 542 4361 alios
569 4303 731 4359 etiam
763 4312 978 4355 sursum
1024 4310 1214 4351 versus
1246 4298 1507 4365 parentes
1548 4299 1710 4360 atque
1757 4288 1990 4359 majores

407 4402 528 4464 iste,
561 4397 693 4452 alios
722 4393 813 4449 ille
840 4388 1324 4461 haberepotuerit.
1366 4386 1502 4441 Nam
1543 4384 1587 4439 si
1633 4383 1861 4437 fratrum
1895 4379 1987 4462 filii

2086 3201 2286 3268 David;
2310 3209 2403 3255 aut
2430 3199 2647 3271 adoptio
2676 3198 2806 3257 fecit
2833 3198 3060 3253 alterum
3088 3206 3323 3269 patrem,
3351 3212 3507 3268 quem
3547 3212 3710 3266 pos—

2086 3302 2169 3351 set
2190 3293 2391 3349 habere
2421 3290 2645 3362 Ioseph.
2672 3290 2779 3363 (Ea:
2809 3287 3106 3361 Gregorio.)
3131 3287 3330 3359 Typice
3356 3296 3534 3341 autem
3560 3284 3705 3340 [PJ-

2088 3394 2171 3442 ter
2196 3382 2484 3439 defunctus
2513 3390 2597 3438 est
2627 3382 2741 3447 ille,
2783 3380 2873 3451 qui
2911 3387 3035 3450 post
3070 3376 3479 3434 resurrectionis
3504 3389 3707 3445 appa-

2086 3489 2213 3530 rens
2247 3472 2498 3543 gloriam,
2525 3471 2662 3525 dixit
2690 3488 2703 3524 :
2744 3488 2762 3521 ι
2793 3469 2889 3535 lte,
2922 3468 3169 3523 nuntiate
3194 3465 3451 3522 fratribus
3478 3465 3626 3519 meis
3668 3486 3694 3517 ι

2087 3561 2322 3637 (Matth.
2372 3559 2599 3634 xxviii).
2662 3560 2765 3629 Qui
2811 3558 2970 3630 quasi
3016 3559 3135 3617 sine
3181 3556 3309 3613 filiis
3356 3555 3528 3620 abiit,
3578 3557 3703 3624 qui

2086 3658 2263 3713 adhuc
2305 3656 2605 3713 electorum
2644 3668 2869 3709 suorum
2916 3666 3203 3707 numerum
3251 3665 3360 3705 non
3408 3647 3700 3716 implerit.

2087 3751 2257 3822 Hujus
2285 3751 2495 3808 scilicet
2537 3763 2760 3804 uxorem
2804 3754 3085 3816 superstes
3118 3743 3288 3799 frater
3319 3740 3497 3796 sortiri
3533 3754 3704 3809 prm-

2087 3843 2306 3915 eipitur,
2357 3840 2486 3912 quia
2530 3840 2754 3911 dignum
2785 3845 2869 3893 est
2907 3834 3150 3907 profecto
3194 3841 3255 3888 ut
3295 3846 3425 3887 cura
3466 3838 3702 3886 sanctae

2087 3934 2346 3991 Ecclesia:
2367 3933 2438 3999 ei,
2472 3932 2564 4003 qui
2612 3933 2753 3986 hanc
2790 3931 2929 3985 bene
2972 3941 3160 3999 regere
3187 3924 3457 3996 praevalet,
3500 3924 3707 3993 impo-

2087 4035 2270 4082 natur.
2319 4024 2419 4081 Cui
2458 4022 2664 4078 nolenti
2708 4022 2762 4076 in
2802 4019 2998 4074 faciem
3047 4004 3513 4085 mulier‘exspuit,
3544 4016 3702 4084 quia

2088 4116 2336 4189 quisquis
2380 4130 2446 4170 ex
2488 4112 2803 4168 muneribus
2830 4126 2951 4181 qua:
2992 4109 3225 4181 percipit
3268 4107 3387 4161 aliis
3416 4103 3703 4176 prodesse

2088 4221 2195 4261 non
2217 4213 2393 4269 curat,
2421 4203 2579 4259 bonis
2606 4216 2821 4272 quoque
2846 4199 2963 4269 ejus
2989 4206 3176 4255 saneta
3205 4196 3445 4253 Ecclesia
3468 4210 3700 4266 expro-

2088 4296 2256 4350 brans
2298 4294 2368 4357 ei,
2395 4292 2550 4362 quasi
2582 4292 2636 4345 in
2680 4290 2873 4345 faciem
2915 4289 3142 4345 salivam
3178 4287 3343 4341 mittit
3368 4286 3449 4340 vel
3468 4284 3697 4351 jactat.

2091 4384 2188 4440 Cui
2218 4399 2287 4439 ex
2332 4397 2441 4437 uno
2488 4381 2624 4452 pede
2666 4379 3092 4436 calceamentum
3122 4376 3329 4431 tollitur
3365 4383 3425 4429 ut
3466 4373 3705 4427 Discal-

407 4488 658 4553 ﬁiissent,
684 4499 852 4540 unum
879 4458 1198 4536 habuissent
1226 4492 1384 4532 avum
1415 4494 1427 4529 :
1459 4474 1603 4545 quod
1632 4489 1738 4529 non
1775 4472 1851 4526 ita
1882 4458 1984 4526 est.
2013 4448 2067 4507 Ῑ)
2093 4475 2234 4530 ceati
2255 4473 2447 4528 domus
2469 4448 2711 4525 vocetur.
2736 4470 3009 4539 Scriptum
3026 4468 3226 4537 quippe
3245 4475 3329 4522 est
3350 4485 3366 4517 ι
3398 4482 3411 4518 :
3436 4463 3704 4521 Calceati

407 4581 544 4636 Nam
575 4580 873 4635 secundum
892 4574 1201 4629 Matthazum
1226 4570 1470 4625 Matthan
1497 4575 1582 4621 est
1605 4581 1737 4621 avus
1758 4563 1987 4634 Ioseph;

409 4672 704 4727 secundum
743 4670 948 4724 Lucam
998 4679 1148 4727 vero,
1191 4676 1298 4717 non
1340 4659 1580 4722 Matlian,
1620 4657 1723 4711 sed
1762 4654 1991 4707 Mathat.

409 4762 564 4829 Quod
591 4762 637 4817 si
667 4762 935 4831 quispiam
964 4763 1120 4827 putat
1161 4768 1282 4809 esse
1337 4757 1545 4805 tantam
1586 4745 1993 4802 similitudinem

411 4852 671 4917 nominis,
721 4860 781 4905 ut
809 4851 877 4905 ab
905 4846 1263 4919 scriptoribus
1294 4844 1347 4898 in
1396 4856 1502 4896 una
1539 4839 1722 4894 littera
1754 4843 1993 4890 erratum

411 4946 503 5010 sit,
534 4942 774 4998 ut'fieret
802 4950 908 4995 tam
930 4954 1095 5011 parva
1119 4946 1174 4993 et
1202 4951 1337 5007 pene
1362 4932 1504 4988 nulla
1531 4929 1837 4994 diversitas,
1864 4926 1994 4999 quid

413 5036 480 5091 de
526 5034 756 5089 istorum
800 5032 1042 5101 patribus
1068 5030 1314 5083 dicturus
1358 5026 1475 5081 est?
1515 5023 1650 5077 Nam
1697 5021 1993 5077 secundum

408 5129 618 5186 Lucam
641 5124 845 5179 Mathat
864 5121 965 5177 fuit
987 5122 1128 5176 filius
1153 5120 1281 5176 Levi
1306 5136 1320 5185 ;
1350 5116 1642 5174 secundum
1682 5113 1992 5169 Matthmum

413 5228 618 5284 autem,
652 5216 865 5272 Mathan
893 5229 957 5268 ex
985 5213 1208 5268 Eleazar
1245 5211 1459 5281 genitus
1489 5207 1761 5263 invenitur
1789 5224 1801 5259 :
1831 5213 1993 5275 atque

414 5312 491 5368 ita
520 5310 644 5366 inde
674 5319 889 5363 sursum
914 5318 1104 5358 versus
1141 5299 1340 5355 diversi
1380 5306 1507 5357 sunt
1531 5305 1731 5367 patres
1773 5302 1827 5348 et
1870 5296 1990 5360 avi;

415 5412 472 5460 et
497 5401 692 5458 deinde
722 5396 955 5466 majores
989 5409 1159 5463 usque
1187 5392 1253 5446 ad
1289 5389 1614 5455 Zorobabel,
1655 5388 1745 5457 qui
1776 5387 1890 5443 fere
1911 5394 1997 5442 est

416 5494 707 5550 vicesimus
758 5503 972 5544 sursum
1018 5500 1210 5539 versus
1259 5499 1290 5537 a
1340 5481 1539 5552 Ioseph
1589 5481 1730 5551 apud
1773 5481 1994 5547 Lucam,

421 5587 562 5656 apud
585 5585 895 5639 Matthaeum
909 5594 1036 5635 vero
1059 5577 1395 5633 undecimus.
1423 5574 1525 5641 Qui
1553 5582 1836 5645 propterea
1855 5572 1994 5627 idem

414 5675 538 5746 ipse
563 5690 681 5730 esse
724 5674 982 5737 creditur,
1023 5670 1147 5741 quia
1193 5672 1347 5740 pater
1373 5663 1488 5734 ejus
1535 5666 1675 5735 apud
1707 5672 1998 5733 utrumque

2094 4567 2260 4636 pedes
2288 4566 2342 4619 in
2383 4561 2778 4635 prmparatione
2805 4559 3079 4630 Evangelii
3105 4559 3256 4629 pacis
3290 4576 3309 4609 ι
3333 4554 3547 4628 (Ephes.
3572 4558 3699 4626 vl).

2098 4657 2156 4712 Si
2192 4672 2323 4730 ergo
2368 4664 2426 4710 ut
2473 4662 2738 4718 nostram,
2796 4652 2874 4707 sic
2914 4665 3104 4705 curam
3132 4647 3365 4720 proximi
3413 4645 3697 4717 gerimus,

2097 4758 2389 4818 utrumque
2431 4745 2622 4815 pedem
2650 4756 2747 4814 per
2775 4740 3201 4796 calceamentum
3236 4736 3525 4791 munimus.
3571 4732 3705 4800 Qui

2097 4856 2227 4897 vero
2255 4853 2407 4895 suam
2432 4836 2677 4908 cogitans
2705 4833 3013 4897 utilitatem,
3037 4830 3409 4901 proximorum
3433 4824 3632 4895 negligi
3643 4835 3701 4893 ι,

2096 4931 2251 5003 quasi
2298 4929 2459 4985 unius
2507 4927 2661 4999 pedis
2718 4924 3184 4989 calceamentum,
3236 4934 3363 4975 cum
3414 4916 3705 4975 dedecore

2093 5026 2309 5082 amittit.

2679 5110 2905 5169 CAPUT
2951 5109 3091 5164 XXI.

2094 5208 2174 5264 De
2218 5207 2423 5261 duobus
2467 5205 2797 5328 iur’gantibus
2848 5212 2897 5256 et
2949 5217 3114 5256 uxore
3153 5198 3396 5266 procaci;
3442 5203 3489 5249 et
3537 5197 3699 5263 quod

2170 5294 2275 5328 non
2304 5286 2501 5328 oportet
2566 5275 2737 5328 tubere
2775 5275 2829 5327 in
2866 5271 3077 5326 sacculo
3118 5270 3321 5322 diverso
3355 5263 3607 5328 pondera.

2170 5294 2275 5333 non
2304 5263 2501 5348 oportet
2549 5263 2737 5328 habere
2775 5275 2829 5327 in
2866 5271 3077 5326 sacculo
3118 5263 3321 5322 diverso
3353 5263 3607 5337 pondera.

2172 5385 2382 5461 (1311).)
2422 5403 2440 5435 ι
2477 5384 2534 5438 Si
2581 5380 2868 5437 habuerint
2915 5365 3057 5433 inter
3091 5392 3149 5431 se
3185 5374 3423 5445 jurgium
3460 5370 3587 5435 viri,
3625 5380 3701 5427 et

2106 5499 2123 5530 ι
2162 5492 2301 5532 unus
2352 5484 2542 5530 contra
2597 5474 2823 5527 alterum
2876 5469 3042 5523 rixari
3095 5466 3345 5538 coeperit,
3388 5461 3700 5529 volensque

2107 5590 2125 5622 ι
2159 5584 2297 5624 uxor
2319 5567 2544 5622 alterius
2583 5577 2777 5619 eruere
2804 5561 2978 5615 virum
3012 5572 3171 5613 suum
3215 5556 3281 5610 de
3307 5568 3469 5608 manu
3495 5550 3700 5605 fortio-

2107 5680 2124 5711 ι
2166 5660 2260 5724 ris,
2321 5656 2530 5711 miserit
2584 5667 2800 5707 manum
2859 5659 2914 5704 et
2972 5642 3387 5718 apprehenderit
3446 5638 3699 5695 verenda
