3964 6192
265 372 375 428 915

1054 364 1454 421 ENARRATIO
1496 365 1723 421 SUPER
1764 361 2387 422 DEUTERO‘NOMIUM.
2427 395 2496 403 —-
2528 364 2659 419 LIB.
2701 362 2789 419 III.

3424 365 3531 420 θείς

264 506 287 538 ι
321 483 465 554 ejus,
489 480 774 536 abscindes
817 494 1035 533 manum
1084 479 1259 545 illius,
1300 494 1400 534 nec
1421 478 1656 535 ﬂecteris
1680 495 1847 549 super
1873 487 1922 544 Α
1957 498 1973 529 ι
2010 480 2079 534 rit
2107 487 2333 534 cunctas
2361 495 2458 550 per
2479 479 2766 534 circuitum
2799 477 3044 533 nationes
3070 477 3119 532 in
3153 488 3321 547 terra,
3366 497 3532 549 quam

265 596 286 628 ι
325 574 473 631 illam
518 570 912 627 misericordia.
952 589 969 622 ι
1005 569 1145 637 Quid
1192 586 1289 642 per
1333 573 1467 627 istos
1514 570 1647 626 duos
1702 571 1851 626 viros

260 668 527 729 rixantes,
579 662 683 717 nisi
724 661 988 717 dissensio
1027 662 1170 717 inter
1197 662 1531 733 catholicum.
1549 671 1606 717 et
1634 662 1851 717 hiereti-

257 767 390 807 cum
414 748 780 820 exprimitur?
806 746 882 801 lbi
921 747 1066 802 enim
1098 749 1408 804 necessaria
1436 757 1520 803 est
1552 748 1845 812 contentio,

259 841 357 896 ubi
384 840 568 910 dispar
595 837 825 892 duorum
853 836 912 891 lit
933 837 1182 892 intentio.
1230 837 1384 893 Alter
1411 839 1557 894 enim
1587 839 1849 908 importu-

262 948 369 987 nus
414 938 653 986 sectator
695 936 781 984 est
826 929 1050 995 erroris,
1100 928 1236 984 alter
1280 930 1554 985 studiosus
1597 928 1851 985 defensor

260 1023 531 1081 veritatis.
556 1021 667 1077 Nec
710 1027 925 1090 oportet
968 1020 1076 1076 ullo
1121 1020 1283 1076 modo
1329 1021 1615 1076 veritatem
1661 1034 1877 1103 succe-.

262 1117 416 1180 dere,
451 1113 547 1169 sed
585 1112 838 1168 resistere
876 1111 1093 1168 fortiter
1139 1112 1346 1177 errori,
1390 1113 1689 1168 secundum
1718 1112 1849 1168 illud

264 1204 559 1275 Sapientia:
586 1221 600 1257 :
632 1221 654 1254 ι
685 1203 990 1271 Responde,
1035 1202 1233 1272 inquit,
1282 1202 1447 1257 stulto
1466 1201 1624 1271 juxta
1665 1201 1848 1257 stulti-

265 1298 399 1350 tiam
430 1310 607 1361 suam,
635 1309 703 1349 ne
741 1293 843 1348 sibi
885 1294 1100 1365 sapiens
1127 1294 1375 1349 videatur
1403 1313 1422 1346 ι
1447 1291 1641 1365 (Prov.
1667 1291 1843 1365 xxvi).

265 1389 422 1444 Unde
457 1397 513 1444 et
535 1387 735 1442 Paulus
769 1386 1032 1457 gloriatur
1060 1401 1119 1442 se
1142 1385 1514 1456 hujuscemodi
1540 1385 1850 1440 hominibus

262 1496 365 1536 nec
417 1481 486 1535 ad
531 1481 720 1535 horam
751 1479 964 1534 cedere.
995 1477 1145 1534 Uxor
1170 1486 1349 1532 autem
1392 1476 1480 1543 illa
1522 1492 1641 1546 qua:
1676 1477 1849 1547 impu-

263 1558 418 1630 denti
467 1589 629 1628 manu
678 1571 1012 1629 defendendo
1057 1571 1229 1625 virum
1281 1585 1458 1643 suum,
1495 1569 1719 1625 alterius
1755 1568 1850 1639 qui

262 1666 461 1722 fortior
507 1674 592 1721 est
618 1663 1035 1736 apprehenderit
1070 1661 1328 1726 verenda,
1376 1660 1543 1725 nulla,
1572 1660 1627 1714 ni
1665 1658 1847 1726 fallor,

263 1757 446 1827 aptius
494 1755 717 1826 intelligi
769 1762 947 1825 potest
986 1769 1149 1825 quam
1200 1750 1563 1820 subiectorum
1614 1766 1845 1821 persona

263 1863 389 1918 qua:
417 1847 698 1918 subjugata
737 1855 823 1902 est
854 1844 1145 1901 bzereticis.
1194 1842 1320 1898 Hice
1361 1857 1509 1906 vero,
1549 1842 1592 1899 si
1619 1857 1716 1913 per
1755 1842 1848 1898 ali-
1874 1832 1921 1891 B

263 1955 428 2009 quam
471 1939 817 2011 ignominiam
848 1936 1060 2003 falsam,
1084 1944 1179 1991 aut
1206 1951 1304 2005 per
1326 1934 1594 1989 actionem
1635 1940 1848 2003 utrpem

261 2031 503 2086 voluerit
555 2029 807 2086 catholici
866 2028 1141 2084 maculare
1193 2026 1684 2103 conversationem,
1735 2025 1850 2080 sive

264 2118 547 2174 dill'amare
587 2118 909 2183 doctrinam,
950 2117 1098 2172 omni
1125 2117 1283 2172 modo
1318 2117 1423 2172 tale
1450 2116 1849 2171 machinamen-

265 2214 380 2262 tum
429 2207 854 2264 abscindendum
891 2215 995 2274 est,
1036 2222 1138 2263 nec
1175 2206 1282 2262 ulla
1322 2207 1611 2262 miseretur
1638 2206 1851 2261 miseri-

264 2301 474 2366 cordia,
509 2317 631 2371 qua:
660 2310 868 2355 tantum
911 2300 1273 2355 abominando
1298 2298 1806 2370 Sprevitjustitiam.

340 2411 360 2443 ι
389 2390 506 2446 Non
529 2391 752 2447 habebis
794 2391 849 2446 in
893 2391 1108 2447 sacculo
1142 2391 1353 2447 diversa
1383 2391 1644 2463 pondera,
1674 2392 1849 2463 majus

268 2500 289 2530 ι
323 2487 381 2535 et
424 2479 630 2545 minus;
669 2494 769 2535 nec
792 2480 897 2535 erit
924 2483 979 2535 in
1008 2480 1168 2537 domo
1206 2489 1296 2536 tua
1342 2481 1555 2537 modius
1593 2479 1767 2549 major
1795 2489 1851 2537 et

268 2589 288 2621 ι
327 2570 528 2626 minor.
570 2568 789 2625 Pondus
823 2571 1049 2627 habebis
1086 2571 1292 2643 justum
1329 2581 1385 2627 et
1408 2588 1614 2638 verum,
1641 2581 1699 2628 et
1734 2589 1851 2628 mo-

267 2682 287 2713 ο
326 2663 449 2719 dius
462 2662 684 2733 aqualis
710 2668 765 2718 et
794 2679 957 2719 verus
978 2664 1084 2719 erit
1108 2664 1225 2729 tibi,
1253 2673 1315 2719 ut
1344 2665 1512 2720 multo
1537 2664 1689 2720 vivas
1712 2674 1849 2721 tem-

269 2774 288 2805 ε
321 2769 454 2824 pore
483 2769 647 2824 super
685 2764 908 2820 terram,
951 2771 1111 2826 quam
1141 2756 1400 2813 Dominus
1440 2758 1581 2814 Deus
1606 2766 1729 2814 tuus
1756 2758 1849 2813 de-

269 2864 287 2893 ι
322 2844 465 2899 derit
491 2843 607 2898 tibi.
656 2843 1079 2900 Abominabitur
1114 2847 1259 2901 enim
1298 2847 1560 2902 Dominus
1605 2861 1729 2902 eum
1755 2848 1847 2917 qui

270 2952 289 2984 ε
318 2932 449 2989 facit
479 2932 617 3000 htec,
663 2942 721 2989 et
763 2936 1079 2993 adversatur
1111 2952 1329 2992 omnem
1363 2935 1645 3006 justitiam.
1681 2958 1700 2990 ι
1736 2936 1851 2994 Hoc

262 3024 468 3078 etenim
508 3025 653 3080 idem
681 3025 959 3097 legislator
992 3027 1156 3082 etiam
1187 3028 1241 3082 in
1264 3027 1505 3084 Levitico
1550 3028 1844 3085 interdicit.

263 3111 553 3170 Salomone
576 3132 791 3187 quoque
821 3131 1005 3186 parem
1048 3119 1279 3188 desuper
1319 3119 1641 3175 sententiam
1666 3118 1848 3190 profe-

264 3212 420 3260 rente
445 3223 459 3258 :
484 3224 502 3256 ‹
533 3205 752 3262 Pondus
783 3222 1033 3277 magnum
1076 3216 1131 3264 et
1168 3210 1449 3279 pusillum,
1483 3218 1539 3265 et
1576 3225 1846 3265 mensura:

263 3293 530 3364 duplices,
557 3294 833 3351 immunda
875 3303 1002 3351 sunt
1027 3305 1254 3368 utraque
1285 3305 1410 3352 ante
1436 3297 1746 3353 Dominum.
1779 3297 1848 3353 Et

261 3386 358 3456 qui
388 3385 517 3443 facit
540 3403 683 3454 eam,
710 3389 765 3442 in
786 3388 1260 3445 adinventionibus
1286 3393 1400 3447 suis
1419 3394 1790 3463 compedietur
1820 3414 1839 3447 ι

264 3477 471 3553 (Prov.
504 3480 625 3554 xx).
661 3481 895 3538 Proinde
932 3499 1039 3538 non
1085 3483 1258 3540 solum
1307 3484 1399 3540 illo
1423 3485 1713 3556 corporali,
1753 3486 1849 3541 sed

259 3570 433 3625 etiam
479 3571 708 3641 Spiritali
758 3563 919 3628 modo
959 3573 1286 3630 studendum
1328 3584 1414 3632 est
1443 3576 1619 3640 nobis,
1660 3583 1849 3630 utnec

262 3661 481 3716 diversa
518 3662 756 3731 pondera
786 3663 841 3717 in
887 3664 1141 3721 cordibus
1173 3667 1394 3732 nostris,
1445 3681 1545 3722 nec
1590 3668 1645 3721 in
1689 3667 1849 3722 domo

263 3756 614 3813 conscientia:
652 3766 853 3814 nostra:
907 3775 1190 3815 mensuras
1240 3760 1482 3830 duplices
1521 3760 1844 3827 habeamus,

263 3847 321 3901 id
350 3854 451 3912 est,
491 3862 592 3904 nec
617 3848 721 3918 ipsi
759 3862 823 3903 ea
861 3865 981 3920 quae
1026 3850 1390 3906 distinctionis
1436 3850 1677 3919 regulam
1718 3851 1852 3906 mol-

262 3934 426 4002 liunt,
450 3938 758 3993 remissiore
796 3939 1126 4011 indulgentia
1154 3949 1568 4010 praesumentes,
1605 3955 1700 3996 eos
1731 3941 1853 4012 qui-

263 4026 371 4082 bus
419 4028 643 4082 verbum
693 4029 909 4084 Domini
968 4030 1326 4100 praedicamus
1353 4072 1368 4097 ,
1428 4030 1852 4088 districtioribus

264 4123 555 4193 praeceptis
585 4130 640 4177 ct
665 4122 1025 4193 gravioribus,
1053 4138 1214 4193 quam
1253 4124 1353 4194 ipsi
1384 4125 1626 4195 perferre
1655 4140 1849 4196 possu-

265 4225 430 4275 mus,
482 4212 812 4280 ponderibus
858 4212 1169 4269 obruamus.
1231 4213 1384 4280 Quod
1428 4230 1553 4271 eum
1599 4213 1851 4282 facimus,

263 4300 398 4371 quid
437 4301 540 4356 nisi
565 4302 779 4357 diverso
809 4302 1051 4372 pondere
1079 4310 1241 4374 atque
1273 4320 1527 4360 mensura
1553 4316 1854 4378 praecepto—

266 4407 389 4447 rum
422 4394 726 4449 mercedem
758 4393 970 4448 Domini
1006 4392 1345 4465 frugemque,
1389 4396 1474 4450 vel
1499 4398 1854 4467 appendimus

1956 589 1974 621 ι
2014 558 2113 626 tibi
2151 571 2420 641 pollicitus
2447 579 2552 636 est,
2600 569 2805 625 delebis
2834 584 3028 623 nomen
3068 568 3183 638 ejus
3221 573 3318 627 sub
3344 576 3529 629 cano:

1956 677 1977 711 ‹
2010 674 2140 715 cave
2186 676 2254 715 ne
2300 660 2660 716 obliviscaris.
2691 679 2709 712 ι
2740 659 2796 713 In
2824 658 3083 714 Amalech
3119 676 3248 731 ergo
3289 666 3528 731 nomine,

1949 754 2040 823 qui
2088 752 2298 823 lingens
2346 753 2665 823 sanguinem
2709 751 3119 822 interpretatur,
3169 753 3530 822 Spiritualinm

1949 844 2313 913 nequitiarum
2342 842 2667 912 exprimitur
2694 841 2863 913 figura
2913 859 2925 896 :
2973 857 3092 911 qum
3120 842 3276 897 nobis
3307 857 3403 912 per
3439 843 3534 911 ba-

1948 935 2205 1005 ptismum
2232 934 2657 1005 egredientibus,
2697 935 2764 988 de
2810 932 3041 1003 spiritali
3072 932 3330 1005 lEgypto,
3378 949 3534 989 aver-

1947 1032 2175 1079 santur:
2207 1033 2262 1079 et
2284 1037 2637 1094 quoscunque
2675 1022 2905 1078 viderint
2940 1022 2992 1076 in
3034 1022 3228 1078 itinere
3265 1023 3531 1078 virtutum

1947 1114 1998 1169 la
2029 1115 2137 1170 sari
2184 1130 2282 1186 per
2323 1123 2643 1183 peccatum,
2696 1113 2875 1183 potius
2926 1113 3146 1168 student
3196 1114 3529 1170 subvertere.

1949 1205 2059 1261 llos
2098 1221 2226 1276 ergo
2249 1204 2476 1276 populos
2503 1204 2755 1258 omnibus
2776 1204 2968 1269 modis,
3001 1219 3123 1259 cum
3148 1203 3410 1260 Dominus
3441 1205 3535 1261 de-

1948 1297 2088 1351 derit
2128 1295 2462 1361 facultatem,
2506 1294 2765 1350 debemus
2803 1294 3144 1360 subvertere;
3187 1302 3243 1348 et
3270 1301 3533 1364 quantum

1948 1388 2202 1459 possibile
2225 1395 2329 1454 est,
2352 1388 2420 1442 de
2443 1388 2572 1442 sede
2597 1386 2790 1442 animai
2812 1394 3011 1441 nostra:
3038 1387 3414 1457 suggestiones
3439 1403 3532 1444 eo-

1950 1496 2067 1534 rum
2092 1477 2287 1547 ejicere
2312 1485 2475 1547 atque
2494 1475 2696 1543 delere,
2725 1492 2791 1532 ne
2814 1474 2952 1532 forte
2974 1476 3018 1532 si
3041 1475 3249 1546 aliquas
3270 1476 3530 1548 reliquias

1947 1587 2135 1630 eorum
2158 1569 2316 1640 juxta
2364 1572 2671 1643 exemplum
2715 1570 2845 1626 Saul
2899 1572 2955 1626 in
2992 1580 3178 1626 nostra
3220 1580 3402 1628 mente
3442 1588 3531 1628 re-

1948 1664 2363 1731 servaverimus,
2409 1678 2574 1719 causa
2617 1663 2998 1719 inobedientiai
3042 1663 3248 1734 pariter
3288 1680 3412 1720 cum
3454 1665 3539 1720 eis

1948 1763 2345 1811 subvertantur.

1961 1893 1995 1905 _
2121 1895 2133 1905 .
2346 1893 2367 1905 .
2509 1823 2743 1905 CAP.“
2777 1823 3035 1905 ᾯίίιιο..
3124 1894 3136 1905 .
3202 1894 3288 1905 ..
3363 1892 3377 1905 .
3473 1893 3507 1905 ..

1950 1893 2027 1949 De
2050 1894 2298 1966 primitiis
2336 1893 2550 1967 frugum
2578 1894 2882 2019 οθῖἔῐέῖὶξε,
2922 1903 2972 1948 et
2999 1893 3065 1949 de
3101 1894 3315 1949 decimis
3340 1892 3534 1949 dandis

2017 2053 2039 2128 (
2057 2053 2186 2111 CAP.
2207 2054 2397 2128 xxvr.)
2432 2072 2451 2106 ι
2476 2052 2611 2111 Cum
2659 2053 2956 2111 intraveris
2989 2064 3189 2112 terram
3236 2071 3402 2126 quam
3426 2055 3534 2111 Do-

1953 2163 1973 2196 ι
2007 2145 2188 2201 minus
2216 2145 2359 2200 Deus
2387 2152 2513 2200 tuus
2548 2143 2645 2199 tibi
2666 2144 2894 2199 daturus
2920 2152 3004 2200 est
3036 2145 3437 2215 possidendam,
3479 2153 3535 2200 et

1954 2255 1972 2289 ι
2001 2235 2304 2292 obtinueris
2342 2251 2464 2292 eam
2487 2244 2654 2307 atque
2693 2235 3022 2292 habitaveris
3051 2236 3107 2291 in
3138 2236 3252 2302 illa,
3283 2235 3535 2292 tollesde

1954 2345 1973 2378 ι
2010 2329 2220 2384 cunctis
2259 2326 2502 2398 frugibus
2544 2327 2653 2384 tuis
2692 2326 2992 2398 primitias,
3039 2335 3093 2384 et
3130 2343 3297 2398 pones
3326 2327 3379 2383 in
3410 2342 3534 2384 car.-

1955 2436 1974 2468 ‹
2014 2417 2171 2484 tallo;
2214 2432 2513 2489 pergesque
2548 2418 2618 2473 ad
2655 2417 2855 2484 locum,
2903 2431 3068 2488 quem
3099 2417 3363 2473 Dominus
3390 2417 3536 2473 Deus

1955 2525 1975 2557 ι
2013 2514 2138 2563 tuus
2178 2506 2422 2578 elegerit,
2462 2514 2524 2561 ut
2545 2506 2619 2562 ibi
2646 2506 2928 2563 invocetur
2957 2522 3155 2563 nomen
3201 2507 3350 2578 ejus;
3382 2521 3541 2563 acce~

1956 2615 1974 2649 ι
2011 2598 2211 2668 desque
2238 2597 2307 2653 ad
2343 2597 2702 2663 sacerdotem,
2751 2597 2844 2667 qui
2890 2595 3057 2654 fuerit
3083 2597 3139 2654 in
3182 2598 3374 2654 diebus
3403 2598 3535 2666 iilis,

1956 2706 1976 2738 ι
2010 2695 2067 2743 et
2089 2687 2238 2743 dices
2266 2687 2335 2743 ad
2373 2701 2498 2743 eum
2523 2704 2536 2741 :
2566 2686 2836 2744 Protlteor
2881 2688 3044 2743 hodie
3078 2702 3262 2743 coram
3308 2688 3536 2742 Domino

1956 2796 1977 2828 ε
2014 2778 2126 2834 Deo
2162 2786 2272 2844 tuo,
2317 2779 2465 2847 quod
2506 2779 2784 2849 ingressus
2820 2794 2941 2834 sum
2982 2779 3037 2833 in
3070 2787 3269 2835 terram
3297 2794 3398 2849 pro
3430 2795 3539 2850 qua

1957 2888 1974 2920 ι
2005 2865 2207 2936 juravit
2234 2868 2478 2937 patribus
2504 2868 2725 2932 nostris,
2760 2876 2820 2921 ut
2849 2867 3007 2922 daret
3045 2882 3166 2922 eam
3197 2868 3374 2923 nobis.
3405 2867 3538 2923 Sus-

1958 2977 1975 3008 ι
2008 2958 2321 3027 cipiensque
2349 2957 2602 3012 sacerdos
2628 2956 2913 3012 cartallum
2936 2957 3002 3012 de
3031 2972 3196 3011 manu
3227 2965 3351 3024 tua,
3371 2967 3538 3029 ponet

1956 3068 1974 3099 ι
2014 3056 2139 3103 ante
2188 3047 2358 3103 altare
2395 3046 2609 3102 Domini
2648 3046 2742 3100 Dei
2785 3046 2881 3101 tui.
2913 3047 2983 3101 Et
3024 3047 3260 3117 loqueris
3306 3047 3363 3102 in
3409 3063 3540 3103 con-

1956 3158 1975 3191 ‹
2012 3146 2200 3209 spectu
2262 3137 2478 3193 Domini
2535 3137 2630 3192 Dei
2681 3137 2757 3192 tui
2816 3156 2830 3192 :
2881 3136 3064 3208 Syrus
3114 3139 3543 3208 persequebatur

1956 3250 1973 3281 ι
2011 3240 2220 3301 patrem
2258 3244 2462 3295 meum,
2507 3229 2598 3300 qui
2631 3227 2913 3284 descendit
2941 3228 2996 3283 in
3034 3226 3352 3301 Aigyptmn,
3382 3237 3438 3285 et
3462 3229 3539 3284 ibi
3593 3282 3596 3286 .

1953 3338 1973 3372 ι
2007 3320 2383 3390 peregrinatus
2408 3329 2495 3375 est
2520 3319 2575 3373 in
2603 3318 2929 3388 paucissimo
2960 3335 3206 3375 numero.
3245 3316 3537 3389 (Sict-itque

1953 3428 1973 3461 ι
2009 3410 2062 3464 in
2089 3420 2305 3480 gentem
2347 3424 2599 3479 magnam
2628 3418 2682 3464 et
2711 3410 3008 3475 robustam,
3057 3417 3113 3465 et
3147 3408 3370 3473 inﬁnita:
3400 3410 3537 3464 mul-

1953 3518 1972 3551 ι
2012 3500 2277 3566 titudinis,
2320 3499 2736 3570 alllixcruntque
2767 3516 2865 3556 nos
2895 3499 3134 3571 :Egyptii
3185 3510 3238 3554 et
3268 3500 3540 3568 persecuti

1955 3610 1973 3643 ι
2007 3599 2155 3657 sunt,
2206 3593 2543 3662 imponentes
2576 3606 2743 3647 onera
2791 3592 3132 3662 gravissima.
3182 3592 3246 3647 Et
3281 3593 3540 3648 clamavi-

1954 3699 1973 3733 ‹
2008 3697 2129 3738 mus
2158 3683 2226 3738 ad
2252 3681 2541 3749 Dominum
2568 3682 2740 3737 Deum
2779 3691 2993 3751 patrum
3042 3694 3371 3738 nostrorum.
3434 3681 3540 3749 Qui

1954 3792 1973 3825 ι
2010 3772 2287 3829 exaudivit
2331 3786 2465 3834 nos.
2521 3782 2578 3828 et
2628 3772 2867 3843 respexit
2919 3785 3018 3827 nos
3068 3786 3124 3826 et
3170 3770 3534 3827 humilitatem

1955 3888 1974 3921 ι
2010 3876 2252 3923 nostram
2299 3874 2357 3921 et
2393 3864 2635 3921 laborem
2679 3875 2843 3934 atque
2878 3865 3207 3934 angustiam,
3253 3872 3310 3919 et
3348 3863 3539 3920 eduxit

1957 3978 1975 4010 ι
2011 3974 2110 4014 nos
2137 3958 2204 4013 de
2234 3955 2470 4028 [Egypto
2497 3955 2553 4011 in
2586 3971 2745 4011 manu
2776 3944 2906 4012 forti
2948 3964 3001 4011 et
3035 3955 3258 4011 brachio
3290 3961 3533 4019 extento,

1957 4067 1976 4098 ι
2011 4049 2063 4103 in
2090 4046 2294 4119 ingenti
2320 4059 2544 4116 pavore,
2576 4044 2634 4100 in
2663 4044 2834 4117 signis
2859 4053 3024 4115 atque
3051 4042 3352 4115 portentis;
3382 4048 3437 4096 et
3458 4041 3540 4094 in-

1958 4159 1975 4189 c
2016 4139 2255 4193 troduxit
2281 4137 2348 4191 ad
2377 4135 2539 4191 istum
2567 4135 2780 4203 locum,
2809 4146 2866 4191 ct
2893 4136 3117 4191 tradidit
3147 4134 3298 4190 nobis
3331 4142 3534 4188 terram

1957 4248 1975 4280 ι
2012 4230 2151 4285 lacte
2177 4237 2234 4286 et
2260 4228 2418 4285 melle
2481 4237 2811 4283 manantem.
2847 4228 2915 4282 Et
2942 4226 3146 4282 ideirco
3188 4239 3332 4279 nunc
3366 4221 3534 4279 oll'ero

1957 4340 1975 4371 ι
2016 4320 2283 4389 primitias
2334 4319 2545 4389 frugum
2599 4326 2801 4382 terrae,
2857 4332 3019 4388 quam
3076 4315 3338 4371 Dominus
3389 4314 3538 4370 dedit

1957 4429 1977 4461 ι
2008 4410 2158 4464 mihi.
2192 4409 2258 4464 Et
2275 4409 2515 4465 dimittes
2540 4423 2633 4463 eas
2655 4408 2709 4462 in
2736 4416 3029 4477 conspectu
3059 4405 3274 4462 Doznini
3305 4405 3402 4460 Dei
3432 4401 3537 4463 tui.

265 4480 355 4577 vel
378 4484 665 4577 metimur?
691 4483 749 4539 Si
784 4485 929 4540 enim
953 4483 1110 4540 aliter
1136 4499 1201 4540 ea
1226 4485 1402 4550 nobis,
1444 4485 1605 4541 aliter
1645 4487 1849 4541 nostris
1874 4517 1927 4577 1)
1965 4519 1983 4553 ς
2012 4501 2236 4555 ποι-διο
2269 4499 2496 4554 Domino
2532 4500 2651 4563 Deo
2679 4507 2803 4563 mo;
2836 4506 2893 4553 οι
2932 4496 3238 4568 epulaberis
3267 4496 3324 4551 in
3362 4493 3540 4551 omni-

268 4573 530 4628 fratribus
557 4576 951 4646 dispensemus,
996 4582 1145 4630 recte
1171 4575 1514 4643 increpamur
1536 4591 1566 4629 a
1597 4575 1846 4641 Domino,

267 4677 336 4717 eo
363 4664 509 4733 quod
535 4672 767 4721 stateras
798 4666 1040 4721 diversas
1068 4665 1151 4720 vel
1180 4680 1461 4722 mensuras
1488 4666 1727 4737 duplices
1755 4669 1851 4723 ha-

266 4754 496 4809 beamus
523 4756 815 4810 seeundum
854 4756 997 4811 illam
1034 4756 1355 4812 sententiam
1388 4757 1716 4825 Salomonis,
1746 4776 1851 4829 qua

271 4843 473 4898 dicitur
501 4862 514 4897 :
551 4862 568 4894 ‹
598 4844 941 4900 Abominatio
982 4853 1068 4901 est
1101 4844 1329 4899 Domino
1375 4845 1585 4919 pondus
1615 4847 1849 4919 duplex;

269 4941 328 4987 et
364 4942 566 4989 statera
597 4935 778 4990 dolosa
807 4951 913 4990 non
959 4943 1046 4992 est
1080 4937 1222 4990 bona
1268 4934 1324 4990 in
1353 4918 1644 5006 conspectu
1675 4918 1792 5009 ejus
1825 4958 1843 4991 ι

271 5020 467 5096 (Prov.
502 5041 590 5080 xxi
614 5026 653 5097 ).

836 5141 1062 5198 CAPUT
1126 5140 1291 5196 XXII.

592 5231 671 5286 De
704 5231 923 5287 delenda
960 5230 1205 5285 Amalech
1247 5229 1341 5284 sub
1386 5229 1531 5284 caelo.

344 5321 544 5395 (ιω.)
577 5322 876 5378 «Memento
903 5338 1023 5392 qua:
1046 5321 1238 5376 fecerit
1268 5321 1363 5374 tibi
1393 5318 1649 5375 Amalech
1673 5321 1725 5375 in
1746 5321 1851 5386 via,

277 5432 298 5465 ι
333 5415 551 5483 quando
579 5414 942 5486 egrediebaris
980 5414 1045 5469 de
1090 5412 1345 5484 Egypto,
1369 5412 1639 5482 quomodo
1664 5428 1856 5467 occur-

276 5523 297 5555 ι
339 5506 471 5561 rerit
500 5507 614 5570 tibi,
648 5515 702 5562 et
728 5515 1000 5563 extremos
1029 5504 1260 5575 agminis
1290 5503 1390 5567 tui,
1421 5504 1513 5573 qui
1552 5503 1680 5558 lassi
1711 5516 1855 5557 rese-

276 5617 296 5649 ι
338 5598 550 5664 derant,
579 5598 857 5664 ceciderit,
894 5597 1109 5666 quando
1147 5604 1204 5649 tu
1245 5609 1367 5649 eras
1401 5593 1546 5648 fame
1584 5603 1640 5648 et
1670 5593 1854 5648 labore

276 5710 298 5744 ι
342 5688 645 5752 confectus.
679 5697 734 5743 et
766 5704 873 5743 non
907 5687 1119 5743 timueri
1181 5687 1371 5742 Deum.
1402 5686 1536 5741 Cum
1575 5702 1703 5757 ergo
1744 5685 1851 5741 Do-

283 5803 302 5834 c
339 5784 516 5838 minus
545 5783 685 5839 Deus
706 5791 828 5838 tuus
863 5780 1073 5839 dederit
1111 5782 1206 5837 tibi
1240 5782 1503 5851 requiem,
1531 5791 1585 5836 et
1609 5780 1849 5852 subjece-

1971 4611 1990 4643 ‹
2031 4591 2134 4645 bus
2154 4589 2313 4644 bonis
2340 4604 2461 4658 quae
2488 4590 2749 4645 Dominus
2772 4588 2917 4645 Deus
2958 4596 3099 4649 tuus
3120 4586 3331 4643 dederit
3356 4586 3452 4641 tibi
3483 4598 3539 4642 et

1964 4701 1982 4732 ‹
2010 4681 2191 4736 domui
2240 4689 2365 4745 ture,
2395 4688 2452 4736 tu
2478 4690 2535 4736 et
2582 4679 2793 4736 Levites
2838 4688 2894 4736 et
2937 4680 3166 4746 advena,
3216 4678 3310 4748 qui
3361 4684 3540 4732 tecum

1962 4792 1981 4823 ‹
2020 4780 2121 4827 est.
2154 4792 2173 4825 ι
2208 4771 2315 4827 Per
2343 4772 2457 4826 haec
2480 4771 2663 4838 verba,
2701 4770 2899 4842 quibus
2929 4770 3339 4826 instruebantur
3361 4765 3544 4823 Israe-

1956 4862 2084 4926 lit:e,
2115 4861 2385 4932 quomodo
2405 4860 2459 4914 in
2482 4869 2628 4915 terra
2658 4859 3018 4931 possessionis
3046 4872 3160 4914 sua:
3186 4857 3462 4929 primitias
3486 4856 3542 4910 in

1956 4952 2182 5008 cartallo
2218 4951 2476 5007 oﬂerrent
2518 4951 2747 5007 Domino
2790 4967 2887 5023 per
2922 4952 3219 5024 gratiarum
3246 4951 3540 5016 actionem,

1959 5058 2026 5101 eo
2049 5045 2195 5115 quod
2233 5045 2404 5115 erepti
2436 5053 2563 5100 sunt
2591 5046 2657 5101 de
2683 5044 2941 5117 1Egypto,
2971 5045 3307 5101 instituimur
3342 5056 3397 5101 et
3421 5059 3540 5108 nos,

1960 5144 2022 5191 ut
2046 5137 2309 5211 intrantes
2343 5151 2442 5206 per
2469 5135 2766 5207 spiritalem
2799 5135 3122 5202 Jordanem,
3171 5134 3276 5191 hoc
3307 5143 3411 5197 est,
3447 5146 3545 5201 per

1961 5229 2289 5299 baptismum
2342 5236 2397 5283 et
2446 5227 2608 5283 ﬁdem
2657 5236 2860 5284 sancta:
2907 5226 3194 5283 Trinitatis
3233 5226 3287 5280 in
3336 5232 3537 5278 terram

1961 5318 2244 5385 Ecclesia,
2299 5334 2565 5389 ponamus
2727 5319 2782 5374 in
2830 5318 3054 5374 cartallo
3108 5310 3535 5372 conversationis

1961 5420 2162 5467 nostra:
2189 5412 2457 5481 primitias
2501 5413 2767 5468 bonorum
2812 5411 3084 5473 omnium,
3132 5416 3188 5462 et
3231 5402 3537 5461 deferamus

1960 5505 2071 5559 Deo
2115 5504 2170 5558 in
2199 5504 2371 5559 altare
2404 5503 2526 5559 ﬁdei
2576 5504 2893 5559 catholicae:
2924 5508 3190 5572 quatenus
3218 5512 3282 5552 ea
3306 5496 3382 5551 ibi
3413 5510 3536 5551 sus-

1959 5597 2124 5666 cipiat
2169 5595 2686 5660 sacerdosnoster,
2738 5595 2828 5649 ille
2880 5593 3067 5661 utique
3111 5588 3203 5660 qui
3240 5587 3535 5642 secundum

1958 5689 2203 5743 ordinem
2241 5685 2631 5745 Melchisedech
2669 5700 2701 5739 a
2744 5686 2854 5739 Deo
2894 5681 3068 5736 factus
3101 5689 3185 5735 est
3214 5678 3370 5736 nobis
3412 5692 3544 5749 pon-

1959 5779 2120 5847 tifex;
2166 5777 2347 5849 ibique
2387 5774 2743 5832 confiteamur
2792 5772 3019 5828 Domino
3068 5771 3417 5844 dicamusquc
3463 5768 3537 5834 ei,
