3964 6192
487 307 595 364 947

1124 308 1188 361 Β.
1228 304 1483 362 MBAN
1521 305 1742 363 MAURI
1779 301 2101 359 ARCHIEP.
2142 301 2454 361 MOGUNT.
2492 302 2779 359 OPERUM
2818 301 3000 361 PARS
3036 305 3079 359 I.

3620 315 3720 373 ets

492 418 634 492 quod
668 415 838 488 Syrus
866 417 1158 488 spiritalis,
1193 419 1286 489 qui
1312 419 1705 489 interpretatur
1726 417 1973 473 sublimis
1996 415 2080 470 vel
2107 418 2154 476 A
2190 441 2209 474 ι
2247 431 2447 475 terram
2489 420 2629 477 lacte
2672 428 2727 474 et
2755 419 2913 476 melle
2942 430 3254 477 manantem
3281 423 3421 480 sicut
3441 426 3734 502 juravitpa-

486 511 832 572 lnuncctans,
870 518 1287 578 persequeretur
1328 519 1538 579 patrem
1578 517 1847 572 nostrum,
1890 515 2076 577 proto—

481 589 727 672 iplastum
758 597 1009 653 videlicet
1045 608 1324 668 parentem
1359 606 1628 663 nostrum,
1675 598 1749 651 ita
1779 605 1841 651 ut
1863 596 2075 664 decipe-

490 698 579 745 ret
598 704 720 743 eum
747 702 846 758 per
866 689 1176 759 superbiam
1204 697 1258 743 et
1288 688 1501 760 gulam;
1534 697 1586 742 et
1619 698 2076 758 transgressorem

494 779 719 841 faciens,
758 778 999 849 privaret
1038 777 1380 845 possessione
1416 778 1674 849 paradisi.
1713 777 1866 834 Unde
1902 775 2076 831 incola

495 871 674 927 factus
702 879 787 933 est
811 869 863 924 in
888 867 1122 940 Egypto
1146 869 1307 925 istius
1333 870 1539 934 mundi,
1582 869 1673 925 ubi
1700 861 2079 939 peregrinatus

496 972 581 1022 cst
605 965 658 1019 in
685 962 1012 1034 paucissimo
1050 976 1298 1027 numero,
1331 963 1456 1032 quia
1486 962 1673 1017 multis
1717 959 2077 1016 izlololatriam

495 1054 843 1129 sequentibus
880 1043 1039 1123 pauci
1085 1060 1503 1123 permanserunt
1533 1050 1738 1107 ﬁdeles.
1781 1048 1887 1104 Sed
1930 1058 2080 1119 post-

495 1160 655 1218 quam
683 1160 782 1215 per
809 1144 944 1216 legis
968 1144 1334 1199 conditionem
1373 1142 1555 1212 plures
1580 1149 1957 1208 excreverunt,
1984 1140 2077 1211 qui

491 1237 779 1297 scientiam
806 1244 862 1293 et
890 1234 1269 1292 credulitatem
1307 1234 1466 1289 unius
1504 1233 1598 1288 Dei
1634 1246 1953 1302 perceperc,
1997 1230 2078 1285 af-

494 1328 748 1385 ﬂixerunt
771 1342 866 1384 eos
894 1326 1134 1398 Egyptii
1163 1324 1455 1395 spiritales,
1492 1324 1711 1394 maligni
1735 1322 1943 1377 scilicet
1969 1321 2080 1391 spi-

494 1419 654 1483 ritus,
681 1416 773 1486 qui
798 1416 1138 1486 imponentes
1163 1429 1330 1471 onera
1359 1414 1679 1484 gravissima
1708 1420 2076 1483 peccatorum,

494 1515 883 1581 oppresserunt
924 1522 1094 1578 genus
1133 1506 1449 1560 humanum.
1498 1503 1604 1559 Sed
1648 1504 1792 1557 Deus
1829 1501 2077 1571 omnipo-

497 1607 635 1665 tens,
667 1597 914 1652 conditor
940 1604 997 1653 et
1025 1604 1242 1651 creator
1278 1604 1481 1658 noster,
1532 1593 1773 1662 respexit
1803 1590 2080 1646 humilita-

500 1697 607 1743 tem
636 1694 896 1749 nostram,
928 1695 984 1741 et
1004 1685 1272 1750 laborem,
1294 1696 1455 1754 atque
1478 1682 1803 1753 angustiam,
1828 1680 2080 1749 misitque

2186 530 2204 563 ε
2242 511 2417 566 tribus
2466 510 2601 565 tuis.
2656 508 2887 576 Quando
2930 526 3060 582 ergo
3106 513 3388 570 transieris
3435 515 3730 591 Jordanem,

2187 622 2205 654 ι
2239 602 2387 673 erige
2442 601 2649 672 lapides
2710 616 2852 672 quos
2902 617 3002 673 ego
3054 604 3214 659 hodie
3258 606 3511 677 przecipio
3552 611 3637 665 tibi
3682 615 3727 668 in

2186 712 2204 744 ο
2248 701 2433 748 monte
2469 692 2635 757 Ebal,
2668 700 2724 747 et
2765 692 3024 764 levigabis
3054 694 3237 757 calce.
3267 704 3323 751 et
3363 698 3641 757 aediﬁcabis
3664 702 3725 759 ibi

2186 805 2205 837 ι
2241 785 2413 840 altare
2443 784 2671 839 Domino
2714 785 2823 839 Deo
2859 793 2951 840 tuo
2989 785 3057 840 de
3085 785 3353 857 lapidibus
3382 804 3517 858 quos
3558 790 3727 847 ferrum

2186 896 2205 930 ‹
2243 893 2350 931 non
2378 876 2589 947 tetigit,
2634 883 2692 930 et
2728 875 2984 930 de-saxis
3023 875 3343 932 informibus
3374 886 3434 932 et
3474 879 3726 949 impolitis;

2186 987 2203 1020 ι
2238 977 2292 1023 et
2322 966 2518 1022 offeres
2549 982 2714 1037 super
2755 981 2823 1021 eo
2855 965 3231 1021 holocaustum
3258 967 3486 1022 Domino
3510 969 3612 1025 Deo
3635 982 3728 1035 tuo,

2187 1079 2205 1110 ι
2236 1067 2290 1114 et
2318 1056 2624 1114 immolabis
2658 1057 2866 1112 hostias
2902 1057 3176 1126 paciﬁcus,
3209 1059 3568 1129 comedesque
3593 1061 3654 1117 ibi
3684 1073 3730 1117 et

2187 1171 2207 1203 ι
2238 1151 2545 1220 epulaberis
2588 1165 2773 1205 coram
2809 1149 3036 1204 Domino
3061 1148 3172 1203 Deo
3200 1156 3330 1219 tuo;
3360 1158 3421 1205 et
3446 1151 3638 1206 scribes
3658 1168 3732 1207 sn-

2188 1260 2207 1293 ι
2238 1257 2337 1311 per
2365 1239 2573 1309 lapides
2609 1239 2791 1293 omnia
2819 1238 2983 1293 verba
3017 1236 3152 1308 legis
3180 1237 3363 1308 hujus,
3412 1237 3565 1307 plane
3590 1247 3637 1293 et
3667 1239 3733 1293 lu-

2186 1348 2206 1381 ε
2241 1330 2377 1392 cide,
2411 1337 2516 1383 etc.
2550 1349 2568 1382 ι
2604 1326 2718 1382 Hoc
2759 1325 3031 1396 quomodo
3072 1324 3273 1379 factum
3313 1324 3510 1390 fuerit,
3541 1326 3592 1380 in
3617 1326 3732 1381 libro

2181 1421 2308 1476 Jesu
2338 1419 2485 1473 Nave
2512 1418 2725 1489 plenius
2755 1423 3062 1471 enarratur.
3098 1415 3379 1485 Superatis
3415 1416 3574 1487 igitur
3592 1416 3736 1471 hosti-

2180 1513 2306 1574 bus,
2354 1509 2642 1565 aediﬁcavit
2671 1507 2828 1562 Jesus
2858 1507 3030 1563 altare
3075 1506 3186 1562 Deo
3213 1506 3428 1563 excelso
3470 1522 3534 1562 ex
3573 1505 3734 1577 lapidi-

2180 1607 2284 1662 bus
2319 1603 2562 1673 integris,
2614 1602 2669 1657 in
2722 1600 2917 1672 quibus
2958 1616 3066 1655 non
3112 1611 3232 1656 erat
3274 1598 3531 1669 injectum
3559 1598 3732 1655 ferrum

2181 1698 2323 1751 sicut
2371 1701 2705 1765 prmccperat
2739 1691 2966 1762 Moyses,
2999 1699 3054 1745 et
3081 1690 3381 1746 immolavit
3416 1688 3732 1752 sacriﬁcium,

495 1777 835 1847 unigenitum
870 1776 1069 1831 Filium
1120 1791 1297 1841 suum,
1346 1776 1439 1845 qui
1482 1789 1676 1830 manus
1716 1773 1809 1827 Dei
1847 1779 1903 1826 et
1950 1772 2076 1825 bra-

2187 1795 2235 1843 et
2264 1786 2483 1855 scripsit
2524 1785 2578 1841 in
2615 1784 2882 1854 lapidibus
2909 1781 3390 1838 Deuteronomium
3419 1781 3548 1854 legis
3567 1780 3733 1850 Moysi.

496 1870 681 1928 citium
708 1869 934 1935 dicitur,
961 1878 1023 1924 ut
1049 1870 1287 1940 eriperet
1329 1884 1431 1925 nos
1454 1870 1520 1924 de
1539 1874 1808 1939 potestate
1833 1867 2079 1921 tenebra-

497 1976 640 2027 rum,
671 1968 727 2016 et
768 1959 1090 2016 transferret
1127 1960 1182 2014 in
1220 1958 1399 2014 locum
1446 1959 1616 2028 pacis,
1668 1964 1937 2027 quatenus
1984 1955 2079 2009 lilii

496 2050 635 2111 lucis
663 2049 1035 2117 cﬂiceremur;
1071 2051 1398 2124 tradiditqne
1435 2051 1592 2107 nobis
1624 2059 1831 2105 terram
1860 2048 1999 2105 lacte
2026 2058 2081 2104 et

498 2142 660 2199 melle
706 2152 1042 2208 manantem,
1092 2143 1390 2198 Ecclesium
1441 2141 1690 2197 videlicet
1733 2129 2079 2212 praesentem,

497 2236 590 2293 ubi
621 2244 676 2291 et
705 2235 793 2292 lac
833 2244 919 2293 est
948 2236 1257 2291 innocentis
1295 2244 1351 2291 et
1389 2234 1565 2291 facilis
1604 2234 1898 2299 doctrinm,
1940 2232 2082 2287 unde

499 2328 813 2385 nutriantur
838 2343 1001 2384 sensu
1028 2326 1263 2398 parvuli,
1303 2334 1359 2382 et
1392 2325 1501 2380 mel
1527 2339 1693 2380 suave
1720 2333 1883 2394 atque
1905 2321 2085 2377 multi-

495 2418 653 2490 plicis
709 2418 948 2474 scientim
999 2404 1145 2472 unde
1193 2417 1460 2472 satientur
1506 2415 1781 2471 intellectu
1834 2411 2079 2484 perfecti.

498 2506 601 2576 Qui
629 2521 757 2578 ergo
795 2505 1171 2575 hujuscemodi
1218 2506 1358 2561 dona
1398 2504 1513 2559 Deo
1551 2502 1727 2568 otl‘ert,
1773 2501 2081 2558 convivium

498 2596 743 2669 spiritale
780 2597 835 2652 in
875 2598 1034 2656 domo
1074 2597 1167 2652 Dei
1200 2612 1323 2652 eum
1357 2595 1560 2651 Levitis
1597 2595 1743 2651 veris
1781 2602 1833 2649 et
1864 2593 2087 2648 advenis

497 2700 679 2765 potest
717 2690 927 2758 facere,
967 2691 1091 2761 quia
1128 2706 1251 2747 cum
1297 2689 1560 2746 ministris
1590 2688 1685 2745 Dei
1729 2697 1783 2744 et
1826 2686 2086 2742 fratribus

498 2784 631 2851 suis,
683 2791 845 2853 atque
877 2796 1000 2838 eum
1027 2781 1277 2843 omnibus
1306 2780 1398 2851 qui
1433 2794 1492 2835 se
1538 2779 1640 2833 rite
1686 2777 1993 2848 intelligunt
2030 2775 2084 2828 in

500 2875 602 2930 hoc
628 2873 827 2929 mundo
855 2872 1091 2928 advenas
1117 2887 1238 2928 esse
1265 2880 1320 2926 ct
1346 2871 1683 2941 peregrinos,
1715 2868 1941 2938 dapibus
1976 2867 2087 2922 vir-

499 2972 673 3023 tutum
719 2973 775 3020 et
801 2963 1044 3020 scientiae
1070 2962 1329 3033 spiritalis
1352 2960 1585 3027 feliciter
1616 2959 1891 3015 reficietur
1922 2966 2084 3027 atque

497 3052 829 3123 lmplebitur.

576 3164 594 3195 ι
636 3144 862 3213 Quando
902 3143 1258 3214 compleveris
1295 3143 1562 3198 decimam
1600 3150 1919 3196 cunctarum
1969 3137 2082 3193 fru-

504 3254 522 3287 ι
556 3248 680 3301 gum
712 3241 945 3298 tuarum,
976 3247 1121 3287 anno
1143 3232 1474 3288 decimarum
1502 3232 1683 3296 tertio,
1708 3232 1863 3285 dabis
1882 3229 2082 3284 Levitae

503 3342 523 3374 ι
557 3332 613 3376 ct
641 3323 882 3386 advenae,
916 3330 970 3376 et
1015 3321 1216 3391 pupilla
1244 3337 1307 3376 ac
1341 3321 1538 3386 vidum,
1588 3332 1648 3374 nt
1686 3319 1974 3374 comedam
2002 3320 2083 3373 in-

507 3429 525 3465 i
567 3410 643 3465 fra
690 3419 875 3481 portas
929 3419 1082 3476 tuas,
1131 3417 1185 3465 et
1233 3418 1562 3464 saturentur.
1617 3409 1983 3480 Loquerisque
2027 3409 2080 3463 in

505 3520 523 3550 ι
559 3508 847 3581 conspectu
874 3499 1084 3554 Domini
1106 3499 1201 3554 Dei
1232 3499 1306 3553 tui
1341 3518 1354 3553 :
1387 3499 1553 3553 Attuli
1589 3499 1734 3568 quod
1773 3497 2083 3555 sanctiﬁca-

506 3612 523 3640 ι
565 3599 676 3645 tum
703 3598 787 3646 est
819 3590 887 3646 de
912 3590 1072 3646 domo
1098 3605 1241 3656 mea,
1279 3598 1334 3645 et
1364 3590 1484 3645 dedi
1514 3590 1642 3644 illud
1671 3589 1872 3644 Levita:
1902 3596 1958 3643 et
1984 3588 2081 3642 ad-

506 3704 525 3737 ι
560 3698 709 3739 vena:
731 3689 785 3737 et
809 3679 1014 3753 pupillo
1039 3698 1105 3738 ac
1127 3682 1323 3749 viduae,
1370 3682 1509 3737 sicut
1539 3680 1749 3750 iussisti
1780 3680 1932 3734 mihi.
1964 3677 2082 3734 Non

505 3796 523 3826 ι
558 3771 829 3842 prmterivi
877 3770 1130 3826 mandata
1170 3779 1280 3837 tua,
1326 3787 1427 3827 nec
1471 3786 1588 3826 sum
1624 3769 1826 3824 oblitus
1869 3770 2082 3839 imperii

508 3890 525 3915 ι
564 3864 658 3918 tui.
692 3863 802 3919 Nec
828 3864 1036 3919 comedi
1070 3879 1137 3919 ex
1166 3864 1246 3919 eis
1270 3864 1323 3918 in
1355 3863 1500 3918 luctu
1532 3877 1672 3922 meo,
1703 3874 1804 3916 nec
1834 3861 2080 3931 separavi

506 3974 526 4005 ‹
562 3969 625 4010 ea
678 3953 732 4008 in
776 3953 1016 4024 qualibet
1064 3953 1423 4018 immunditia,
1470 3967 1570 4007 nec
1610 3952 1838 4023 expendi
1889 3966 1957 4007 ex
2005 3952 2085 4007 eis

508 4061 529 4102 ‹
565 4044 858 4115 quidquam
889 4044 945 4098 in
976 4058 1035 4097 re
1064 4043 1293 4098 funebri.
1331 4063 1349 4095 ι
1381 4042 1519 4111 Quid
1541 4052 1625 4098 est
1651 4044 1793 4114 quod
1822 4043 1966 4097 inter
1994 4042 2081 4096 illa

502 4135 643 4206 quod
668 4134 822 4206 jubet
850 4134 1030 4189 dicere
1071 4133 1366 4199 hominem,
1404 4133 1495 4203 qui
1533 4133 1586 4187 in
1616 4133 1806 4188 dandis
1834 4132 2081 4197 decimis,

500 4233 557 4281 et
582 4239 914 4299 qumcunque
945 4225 1075 4280 dare
1106 4224 1193 4279 vel
1230 4224 1541 4295 impendere
1576 4222 1789 4291 jussum
1820 4230 1924 4290 est,
1967 4240 2084 4279 om-

498 4317 590 4385 nia
631 4318 887 4373 mandata
932 4316 1240 4386 complevit,
1291 4315 1455 4370 etiam
1501 4316 1603 4371 hoc
1647 4330 1770 4371 cum
1824 4314 1982 4370 laude
2031 4322 2083 4369 et

501 4410 970 4469 commendatione
1001 4424 1098 4465 sua
1133 4409 1319 4465 dicere
1361 4408 1612 4478 iubetur,
1651 4428 1669 4460 ι
1700 4409 1818 4464 Non
1848 4408 1969 4464 dedi
2016 4424 2082 4463 ex

2180 1878 2472 1933 Videamus
2514 1875 2729 1944 itaque,
2781 1873 2875 1943 qui
2917 1872 3028 1927 sint
3058 1872 3147 1928 isti
3183 1871 3412 1941 lapides,
3459 1885 3524 1924 ex
3564 1871 3732 1940 quibus

2178 1969 2478 2027 aedificatur
2505 1967 2695 2021 altare.
2747 1962 2949 2020 Omnes
2974 1980 3105 2035 ergo
3144 1962 3236 2033 qui
3280 1963 3334 2017 in
3380 1961 3641 2018 Christum
3665 1960 3737 2019 Je-

2178 2076 2297 2116 sum
2345 2059 2589 2120 credunt,
2636 2056 2845 2127 lapides
2881 2055 3136 2111 dicuntur
3160 2053 3289 2108 vivi.
3345 2051 3421 2108 De
3457 2052 3644 2123 quibus
3670 2052 3735 2105 ait

2177 2150 2468 2221 Apostolus
2501 2167 2514 2203 :
2552 2167 2570 2201 ι
2613 2148 2723 2203 Vos
2767 2147 2902 2202 estis
2938 2145 3147 2215 lapides
3183 2145 3292 2198 vivi
3340 2143 3609 2206 aediﬁcati,
3651 2142 3737 2196 do-

2180 2257 2303 2297 mus
2347 2239 2609 2310 spiritals
2641 2258 2662 2291 ι
2715 2236 2782 2308 (ι
2815 2234 2960 2291 Petr.
2987 2234 3073 2307 ιι).
3104 2233 3199 2289 llis
3230 2250 3337 2290 non
3386 2241 3471 2288 est
3511 2232 3738 2303 injectum

2181 2333 2410 2399 ferrum,
2439 2332 2567 2403 quia
2595 2329 2896 2399 incorrupti
2933 2337 2987 2383 et
3010 2325 3344 2381 immaculati
3370 2340 3531 2380 carne
3555 2332 3606 2377 et
3639 2322 3737 2391 spi~

2185 2422 2292 2478 ritu
2320 2429 2471 2487 sunt,
2498 2428 2556 2475 et
2590 2419 2771 2491 jacula
2811 2418 3029 2491 maligni
3068 2418 3235 2489 ignita
3278 2433 3390 2472 non
3429 2423 3736 2485 receperunt.

2188 2513 2254 2568 Ili
2278 2527 2442 2566 unum
2472 2509 2643 2565 altare
2681 2509 2918 2577 faciunt,
2969 2508 3175 2563 unitate
3206 2505 3331 2561 fidei
3367 2505 3453 2560 vel
3477 2502 3739 2559 concordia

2186 2604 2487 2660 cbaritatis.
2534 2601 2593 2657 In
2627 2601 2713 2657 his
2754 2616 2973 2671 quoque
3019 2599 3523 2663 Deuteronomium,
3564 2596 3613 2652 id
3648 2604 3740 2660 est,

2187 2696 2480 2751 secundam
2510 2676 2784 2764 Evangelii
2834 2693 3027 2763 legem,
3069 2690 3226 2746 Jesus
3277 2690 3537 2744 Dominus
3578 2695 3741 2744 noster

2189 2782 2485 2854 rescripsit.
2536 2781 2837 2835 Audiamus
2875 2780 3061 2849 itaque
3094 2794 3217 2834 eum
3262 2777 3533 2833 dicentem
3562 2794 3577 2829 :
3610 2795 3627 2826 ι
3657 2772 3739 2830 Di-

2188 2882 2332 2930 ctum
2357 2881 2440 2928 est
2460 2871 2698 2941 antiquis
2724 2889 2738 2924 :
2762 2870 2879 2925 Non
2905 2869 3282 2925 moechaberis.
3301 2868 3416 2938 Ego
3441 2875 3611 2922 autem
3635 2866 3738 2921 dico

2188 2966 2366 3031 vobis,
2407 2965 2452 3020 si
2483 2964 2605 3035 quis
2632 2961 2830 3018 viderit
2875 2961 3154 3015 mulierem
3184 2960 3251 3014 ad
3279 2956 3740 3028 concupiscendum

2191 3073 2330 3121 eam,
2351 3055 2465 3125 jam
2501 3054 2806 3110 mamhatus
2831 3060 2916 3108 est
2946 3066 3063 3106 eam
3096 3051 3149 3106 in
3177 3051 3342 3106 corde
3372 3065 3472 3106 suo
3500 3070 3516 3104 ι
3551 3047 3739 3122 (Matth.

2192 3162 2222 3199 ν
2251 3145 2291 3216 ).
2338 3143 2491 3199 lianc
2555 3143 2721 3215 igitur
2766 3141 2923 3198 Jesus
2984 3141 3154 3212 legem
3203 3149 3359 3194 notat
3408 3140 3461 3194 in
3515 3137 3744 3195 cordibus

2183 3234 2552 3298 credentium;
2589 3233 2730 3288 hanc
2766 3233 2987 3303 scripsit
3041 3232 3093 3286 in
3134 3246 3321 3287 eorum
3366 3230 3628 3287 mentibus
3662 3226 3742 3298 qui

2184 3326 2374 3380 altaris
2397 3325 2801 3379 (onstrtzctione
2829 3322 2975 3393 digni
3004 3330 3146 3376 sunt.

2743 3434 2970 3492 CAPUT
3033 3434 3198 3491 XXV.

2183 3551 2261 3605 De
2292 3550 2374 3604 his
2404 3549 2497 3620 qui
2536 3547 2746 3601 stabunt
2786 3548 2857 3601 ad
2902 3545 3305 3620 benedicendum
3349 3561 3507 3614 super
3540 3550 3740 3596 nio-teut

2254 3615 2526 3683 Garizim;
2576 3634 2776 3671 necnon
2830 3628 2878 3671 et
2930 3616 2994 3669 de
3051 3615 3156 3669 illis
3189 3615 3281 3685 qui
3331 3631 3489 3685 super
3541 3623 3739 3685 montem

2255 3687 2393 3743 Elia!
2417 3680 2628 3743 stabunt
2668 3686 2739 3738 ad
2765 3680 3211 3747 maledicendum,
3233 3693 3280 3738 et
3322 3680 3740 3739 ntulcdirtionibut

2254 3762 2360 3814 sive
2386 3754 2825 3813 benedictionibus
2850 3757 2919 3808 ibi
2946 3755 3196 3808 recitatis.

2256 3869 2412 3942 (lum.
2444 3867 2462 3941 )
2500 3887 2518 3920 ι
2543 3865 2932 3938 Przecepitque
2961 3864 3168 3936 Moyses
3201 3864 3404 3935 populo
3444 3865 3497 3919 in
3532 3862 3613 3918 die
3645 3858 3739 3923 illo,

2190 3978 2209 4011 ι
2247 3960 2471 4015 dicens:
2500 3957 2565 4011 lli
2595 3958 2815 4012 stabunt
2858 3957 2927 4011 ad
2954 3956 3390 4012 benedicendum
3424 3955 3641 4009 Domino
3666 3966 3740 4005 su—

2190 4071 2209 4102 ι
2242 4066 2341 4121 per
2387 4058 2628 4104 montem
2683 4046 2927 4102 Garizim
2978 4046 3214 4102 Jordane
3263 4047 3580 4102 transmisso
3618 4064 3629 4098 :
3663 4041 3739 4097 Si—

2189 4159 2207 4191 ι
2243 4155 2422 4205 meon,
2452 4138 2601 4203 Levi,
2639 4135 2828 4201 Judas,
2858 4137 3099 4202 Isachar,
3139 4137 3338 4208 Josepb
3380 4147 3435 4192 et
3470 4133 3738 4203 Benjamin.

2189 4249 2207 4282 ι
2245 4231 2308 4285 [ἐι
2356 4248 2387 4284 e
2436 4228 2656 4299 regione
2710 4228 2801 4282 isti
2850 4228 3072 4282 stabunt
3113 4228 3180 4281 ad
3231 4226 3653 4281 maledicendum
3695 4222 3739 4276 in

2189 4340 2207 4373 ι
2240 4330 2422 4376 monte
2467 4317 2636 4373 Hebal
2671 4336 2682 4370 :
2718 4317 2926 4376 Ruben.
2976 4316 3093 4372 Gad
3140 4325 3195 4371 et
3231 4315 3390 4381 Aser,
3432 4314 3657 4369 Zabulon
3695 4318 3739 4364 ct

2191 4433 2208 4465 ι
2240 4413 2376 4480 Dan,
2420 4419 2477 4467 et
2516 4409 2845 4481 Nephtalim.
2878 4408 2946 4464 Et
2985 4408 3412 4479 pronuntiabunt
3461 4406 3651 4462 Levita:
3676 4401 3732 4455 al

500 4503 580 4558 eis
608 4503 862 4559 mortuo?
895 4521 914 4555 δ
949 4501 1031 4559 An
1060 4517 1158 4573 per
1181 4503 1286 4558 hoc
1319 4502 1571 4573 prohibet
1596 4503 1915 4584 parentalia,
1962 4518 2082 4571 qum
2107 4477 2161 4536 Β
2198 4524 2218 4556 ι
2254 4518 2445 4561 omnes
2474 4502 2618 4557 viros
2659 4500 2826 4555 Israel
2869 4477 3080 4557 excelsa
3110 4514 3262 4566 voce,
3312 4507 3419 4554 etc.
3453 4518 3471 4546 ι
3506 4496 3609 4551 lloc
3632 4506 3741 4561 ergo

499 4595 790 4659 observare
810 4603 1000 4663 gentes
1025 4594 1243 4650 solent?

1069 4704 1294 4762 CAPUT
1334 4703 1521 4758 XXIV.

442 4810 447 4813 ’
503 4814 583 4875 De
616 4816 879 4889 lapidibus
916 4818 1179 4889 cﬁgeizdis
1214 4818 1269 4889 in
1310 4824 1483 4889 monte
1524 4814 1659 4868 an!
1695 4822 1743 4889 et
1778 4812 1919 4889 calce
1955 4811 2083 4889 leti-

571 4882 795 4959 gandis;
817 4898 863 4940 et
881 4888 957 4959 _de_
976 4882 1289 4957 qdiﬁcando
1318 4886 1477 4939 altari
1507 4901 1576 4959 ea:
1605 4883 1756 4959 saxis
1773 4882 2085 4959 informibus

572 4952 621 5012 Et
645 4955 844 5027 politis;
869 4952 1276 5027 holocaustoque
1313 4971 1468 5025 super
1500 4953 1634 5007 illud
1674 4952 1962 5021 o/ferendo.

576 5049 753 5124 (Car.
804 5046 1014 5119 xxvn.)
1061 5066 1079 5097 ι
1110 5046 1373 5116 Prmcepit
1429 5054 1610 5100 autem
1653 5042 1861 5114 Moyses
1904 5052 1958 5099 et
2001 5059 2086 5099 se—

508 5161 527 5196 ι
559 5144 741 5198 θέοι-οε
788 5137 951 5194 Israel
1004 5137 1223 5208 populo,
1273 5137 1516 5192 dicentes
1553 5154 1565 5189 :
1599 5134 1879 5192 Custodite
1926 5149 2087 5191 omne

510 5253 529 5288 ς
572 5232 881 5289 mandatum
925 5227 1068 5298 quod
1117 5228 1349 5298 prmccpi
1381 5225 1555 5282 vobis.
1589 5226 1830 5296 Curaque
1857 5227 2087 5281 transie-

510 5344 529 5376 α
567 5325 687 5381 ritis
724 5320 1015 5377 Iordanem
1064 5318 1118 5372 in
1149 5328 1382 5382 terram,
1436 5331 1601 5386 quam
1644 5316 1902 5371 Dominus
1946 5316 2088 5371 Deus

510 5435 529 5467 ι
568 5426 691 5471 tuus
724 5411 871 5468 dabit
920 5409 1041 5474 tibi,
1072 5407 1249 5479 eriges
1297 5409 1545 5478 ingentes
1588 5408 1812 5478 lapides,
1862 5414 1916 5462 et
1943 5406 2089 5460 calce

512 5525 531 5556 ι
567 5504 829 5575 leviga‘bis
878 5517 1010 5567 eos,
1061 5509 1118 5556 ut
1168 5501 1346 5571 possis
1388 5501 1441 5555 in
1493 5500 1572 5555 eis
1614 5501 1853 5555 scribere
1908 5497 2088 5554 omnia

512 5618 531 5652 ι
565 5600 728 5653 verba
750 5598 888 5668 legis
915 5595 1076 5667 hujus
1115 5591 1350 5649 Iordane
1391 5592 1731 5657 transmisso,
1768 5602 1827 5646 ut
1854 5591 2092 5646 introeas

516 5702 535 5747 ς
569 5687 625 5749 in
653 5695 885 5753 terram,
935 5702 1096 5756 quam
1142 5684 1401 5741 Dominus
1452 5685 1590 5741 Deus
1623 5694 1746 5749 tuus
1784 5683 1930 5739 dabit
1973 5681 2090 5745 tibi,

2195 4595 2270 4650 ita
2295 4594 2496 4649 factum
2534 4599 2616 4645 est
2642 4588 2972 4660 temporibus
2991 4586 3175 4643 Iosue.
3225 4585 3603 4654 Stcternntque
3624 4582 3741 4635 sicut

2193 4690 2527 4757 prazceperat
2572 4681 2783 4752 Moyses
2812 4681 2865 4734 in
2895 4678 3334 4740 Deuteronomio,
3384 4692 3479 4732 sex
3509 4675 3664 4728 tribus
3696 4670 3741 4724 in

2192 4782 2375 4828 monte
2411 4770 2670 4834 Garizim,
2719 4776 2779 4823 ut
2819 4769 3202 4824 benedicerent
3238 4766 3517 4838 populum,
3545 4772 3596 4816 et
3628 4761 3739 4831 ipsa:

2191 4865 2389 4931 tribus,
2419 4878 2540 4933 quae
2578 4861 2873 4917 nobiliores
2912 4868 3055 4922 sunt,
3105 4859 3157 4912 id
3189 4867 3291 4923 est,
3329 4856 3566 4918 Simeon,
3610 4849 3740 4914 Leti,

2191 4956 2381 5021 Iudas,
2423 4955 2664 5019 Isaehar,
2707 4951 2924 5022 Ioseph,
2968 4950 3267 5019 Ilenjamin.
3311 4949 3434 5003 Filii
3465 4963 3588 5002 vero
3614 4946 3742 5015 igno—

2191 5048 2414 5104 biliores
2448 5061 2565 5109 sex,
2603 5052 2872 5099 steterunt
2895 5058 2927 5096 e
2956 5041 3177 5113 regione
3206 5041 3261 5095 in
3300 5048 3485 5095 monte
3526 5033 3669 5097 Ebal,
3695 5041 3740 5084 ut

2193 5137 2583 5193 maledicerent
2614 5150 2629 5188 :
2663 5134 2805 5189 inter
2831 5148 2968 5201 quos
2994 5141 3049 5185 et
3076 5130 3265 5185 Ruben
3285 5170 3301 5195 ,
3332 5129 3425 5198 qui
3470 5123 3737 5181 maculave-

2194 5237 2279 5284 rat
2311 5227 2524 5282 thorum
2555 5223 2819 5294 parentis,
2863 5231 2915 5276 et
2956 5220 3196 5275 Zahulnn
3235 5219 3457 5273 ultimus
3478 5215 3614 5270 filius
3631 5211 3739 5271 ἰδίω,

2192 5326 2249 5373 et
2279 5314 2599 5371 ancillarum
2636 5312 2752 5367 filii.
2784 5311 2853 5370 Et
2891 5311 3007 5365 haec
3033 5310 3250 5379 quidem
3287 5306 3487 5360 veteris
3532 5298 3740 5356 historia:

2189 5408 2434 5464 referunt
2463 5413 2632 5474 gesta.
2668 5402 2774 5458 Sed
2800 5401 3189 5473 inspiciendum
3219 5399 3346 5470 quid
3376 5398 3428 5451 in
3461 5390 3741 5449 narratione

2192 5498 2432 5569 mysticae
2479 5493 2846 5562 intelligentim
2892 5490 3177 5546 referatur.
3222 5488 3323 5556 Qui
3354 5495 3482 5542 sunt
3512 5495 3637 5551 ergo
3668 5475 3739 5572 ἱειξ

2192 5586 2284 5657 qui
2308 5586 2568 5640 incedunt
2587 5582 2740 5652 juxta
2764 5588 3002 5635 montem
3027 5578 3290 5642 Garizim,
3324 5584 3377 5629 et
3401 5572 3497 5644 qui
3525 5575 3639 5626 sunt
3664 5577 3742 5633 qm

2195 5678 2447 5732 incedunt
2472 5675 2623 5746 juxta
2651 5683 2893 5730 metuent
2925 5672 3092 5727 Ehal?
3119 5671 3195 5725 Illi
3230 5671 3429 5747 itaque,
3458 5663 3549 5733 qui
3579 5661 3627 5715 in
3655 5657 3745 5711 hoc
