3964 6192
344 233 450 289 9ἆ9

1126 227 1525 287 ENARRATIO
1563 229 1787 287 SUPER
1827 230 2450 290 DEUTERONOMIUM.
2491 265 2558 276 —
2595 235 2723 291 LIB.
2761 236 2849 292 III.

3495 240 3601 298 950

343 344 465 398 loco
480 340 638 410 juxta
678 346 913 394 mentem
938 336 1176 394 Garizim
1207 340 1463 396 incedunt
1491 341 1558 395 ad
1600 340 1922 395 benedicen—
1952 346 1992 398 Α
2024 342 2397 399 haereticorum
2438 342 2561 417 (ipsi
2599 355 2727 400 sunt
2763 346 3000 403 artiﬁces
3026 348 3286 406 vanitatis
3315 359 3479 423 atque
3508 369 3598 410 su-

344 436 498 498 dem,
523 446 619 486 eos
646 429 942 500 ﬁguraliter
967 429 1240 496 indicant,
1283 431 1377 502 qui
1415 446 1523 485 non
1546 438 1692 484 metu
1724 445 1919 500 preme,

341 523 441 579 sed
466 520 702 578 calestis
749 520 1122 590 promissionis
1166 535 1352 576 amore
1397 521 1667 586 succensi,
1700 521 1923 576 veniunt

341 612 413 667 ad
435 611 686 667 salutem.
720 609 798 663 Illi
822 624 951 664 vero
977 609 1207 674 dimidii,
1232 611 1320 680 qui
1341 610 1493 680 juxta
1526 620 1762 666 montem
1786 611 1920 666 Ebal

344 703 621 766 incedunt,
651 701 706 754 in
751 716 860 771 quo
894 693 1300 757 maledictiones
1341 703 1563 772 prolatae
1607 714 1752 769 sunt,
1802 703 1923 759 illos

346 795 607 860 indicant,
636 794 729 863 qui
753 809 858 849 non
891 809 1076 849 amore
1109 796 1545 851 benedictionum
1575 797 1656 851 vel
1684 799 1918 866 promis-

345 888 578 951 sionum,
593 887 687 941 sed
699 884 1005 940 futurorum
1022 887 1403 957 suppliciorum
1437 888 1630 944 timore
1650 889 1922 960 complent

341 994 463 1048 qua:
490 978 548 1032 in
572 976 689 1047 lege
719 977 920 1048 scripta
947 986 1093 1042 sunt,
1122 987 1184 1032 ut
1211 981 1531 1049 perveniant
1559 982 1624 1035 ad
1665 983 1915 1037 salutem.

412 1068 615 1124 Omnes
625 1078 804 1123 autem
818 1069 961 1124 circa
976 1084 1158 1124 arcam
1177 1070 1449 1136 incedunt,
1466 1071 1557 1140 qui
1584 1072 1652 1126 ab
1667 1072 1920 1129 Ecclesia:

342 1160 462 1215 sinu
492 1175 603 1214 non
649 1158 928 1213 recedunt.
973 1158 1079 1214 Sed
1119 1158 1413 1215 nobiliores
1441 1174 1562 1215 esse
1593 1159 1712 1215 illos
1762 1161 1916 1216 novi-

342 1264 464 1303 mus
488 1249 605 1318 qui,
644 1248 770 1302 boni
804 1248 972 1317 ipsius
1000 1247 1291 1313 desiderio,
1346 1257 1563 1304 aeterna:
1592 1248 1920 1305 benedictio-

341 1341 426 1397 nis
454 1356 661 1404 amorc,
691 1340 835 1410 quod
861 1340 1063 1395 bonum
1098 1346 1183 1394 est
1212 1347 1400 1409 agunt,
1450 1354 1613 1410 quam
1658 1340 1779 1396 illos
1824 1340 1918 1411 qui

338 1447 438 1503 pro
482 1432 640 1486 malis
666 1433 865 1486 bonum
891 1438 1190 1484 sectantur.
1224 1429 1385 1486 Solus
1406 1444 1536 1501 ergo
1559 1429 1717 1486 Jesus
1741 1439 1921 1502 potest

338 1536 405 1574 ex
452 1521 704 1575 omnibus
736 1520 948 1591 populis
995 1518 1302 1588 hujusmodi
1348 1529 1559 1577 mentes
1599 1521 1918 1593 animosque

337 1624 690 1681 congregare,
729 1617 785 1663 et
834 1609 970 1663 alios
1027 1608 1245 1678 quidem
1311 1617 1552 1665 statuere
1582 1610 1637 1664 in
1676 1620 1916 1665 montem

2022 433 2454 501 perstitiosorum
2503 434 2812 505 dogmatum
2857 438 2949 505 (ιυί
2980 439 3223 493 carmina
3251 450 3309 496 et
3353 441 3594 499 incanta-

2022 519 2198 576 tiones
2241 521 2426 594 agunt)
2455 523 2758 579 abdicatur.
2801 523 3120 596 Quicunque
3154 530 3300 584 enim
3350 547 3605 589 errorem

2020 624 2119 680 pro
2157 611 2385 666 veritate
2416 612 2471 666 in
2513 613 2726 668 occulto
2774 631 2870 671 seu
2910 616 2966 670 in
2997 618 3285 676 manifesto
3331 625 3603 693 sequitur,

2020 701 2261 771 profecto
2304 704 2570 759 idolorum
2597 705 2775 760 cultor
2801 706 3141 779 designatur,
3174 719 3286 765 tam
3316 713 3382 768 de
3410 716 3603 772 ordine

2017 795 2385 864 praelatorum,
2428 813 2591 868 quam
2641 800 2807 854 etiam
2847 802 3209 859 subditorum.
3243 805 3379 872 Quia
3412 821 3603 863 omnes

2018 888 2228 958 pariter
2274 898 2331 944 et
2378 890 2520 945 bona
2558 890 2784 947 laudare
2819 901 2876 949 et
2904 894 3044 949 mala
3076 896 3334 952 detestari
3364 907 3599 969 oportet.

2026 996 2046 1028 (
2085 977 2396 1034 Maledictus
2443 981 2536 1050 qui
2580 997 2688 1037 non
2736 984 2968 1039 honorat
3016 994 3227 1057 patrem
3267 1005 3447 1055 suum,
3497 1010 3516 1043 ι
3549 1001 3605 1047 et

2020 1066 2245 1137 reliqua.
2279 1067 2546 1125 Convenit
2572 1085 2703 1141 ergo
2748 1073 3038 1143 unicuique
3064 1086 3281 1145 patrem
3317 1093 3473 1133 suum
3500 1088 3606 1136 ter-

2018 1172 2212 1212 renum
2264 1166 2321 1214 et
2366 1168 2594 1215 matrem
2638 1165 2906 1219 venerari.
2949 1164 3056 1220 Sed
3083 1168 3253 1224 multo
3274 1171 3448 1240 magis
3482 1173 3604 1226 uni—

2017 1261 2299 1302 versorum
2350 1249 2565 1325 Patrem
2591 1251 2758 1306 Deum
2787 1262 2842 1308 et
2871 1264 3096 1331 matrem
3121 1257 3421 1315 Ecclesium
3449 1264 3598 1316 omni

2018 1340 2369 1394 veneratione
2397 1355 2459 1395 ac
2490 1341 2844 1413 religiositate
2889 1346 2955 1400 ab
2987 1347 3254 1403 universis
3308 1350 3463 1406 decet
3493 1353 3597 1406 coli

2020 1439 2184 1498 atque
2221 1429 2475 1485 honorari
2502 1448 2515 1483 :
2549 1431 2641 1486 ubi
2673 1439 2727 1487 et
2757 1434 3142 1502 magistrorum
3169 1436 3491 1505 spiritalium
3515 1456 3603 1495 re-

2019 1517 2263 1572 verentia
2293 1519 2500 1588 pariter
2545 1523 3046 1590 comprehenditur.
3084 1525 3209 1593 quia
3236 1525 3497 1583 Dominus
3523 1528 3602 1583 di—

2019 1606 2242 1676 scipulis
2285 1608 2401 1664 suis
2436 1609 2559 1665 ait:
2593 1629 2613 1663 (
2651 1610 2753 1678 Qui
2776 1627 2874 1667 vos
2902 1612 3159 1681 honorat,
3194 1630 3281 1671 me
3331 1617 3600 1683 honorat;

338 1699 577 1756 Garizim
634 1699 702 1755 ad
730 1699 1155 1756 benedicendum
1180 1716 1196 1763 ;
1252 1699 1388 1755 alios
1416 1714 1546 1755 vero
1584 1700 1640 1754 in
1677 1711 1916 1755 montem
1946 1698 1992 1757 B
2027 1705 2081 1751 θι
2107 1695 2195 1762 (ιιιί
2221 1708 2315 1750 V05
2332 1695 2557 1764 Spem":
2588 1711 2672 1749 '“e
2686 1698 2894 1766 spem“
2924 1699 3076 1770 (ιη’
3107 1714 3186 1774 ³ο)
3211 1727 3229 1757 ⁸
3259 1706 3594 1777 “malm”-

339 1793 472 1848 Ebal
523 1799 764 1848 statuere
816 1792 885 1846 ad
935 1790 1366 1846 maledictionem
1400 1809 1412 1844 :
1445 1805 1553 1845 non
1588 1798 1649 1845 ut
1695 1790 1920 1847 maledi-

336 1884 553 1940 ctiones
601 1883 894 1952 accipiant,
934 1882 1027 1936 sed
1064 1891 1147 1947 ut,
1198 1888 1518 1945 metuentes,
1572 1882 1920 1952 prrescriptas

338 1975 747 2030 maledictiones
775 1981 831 2029 et
856 1989 1045 2044 poenas
1073 1973 1448 2043 peccatoribus
1475 1974 1798 2030 constitutas
1832 1974 1919 2029 in-

337 2078 579 2122 currere
612 2071 859 2129 caveant,
914 2079 980 2119 ac
1040 2065 1362 2134 semetipsos
1392 2064 1605 2119 timoris
1655 2065 1921 2135 supplicio

333 2157 637 2227 corrigam.
693 2173 714 2206 (
774 2155 843 2210 Εῑ
864 2155 1312 2225 pronuntiabunt,
1357 2154 1550 2224 inquit,
1583 2154 1806 2221 Levitaz,
1832 2155 1922 2210 ﬂi-

336 2252 574 2314 centque
601 2245 669 2299 ad
694 2259 885 2300 omnes
910 2244 1058 2299 viros
1085 2243 1272 2309 Israel,
1299 2244 1513 2299 excelsa
1538 2259 1695 2300 voce.
1732 2264 1752 2298 ι
1778 2245 1920 2313 Quid

334 2345 424 2391 est
474 2336 619 2406 quod
682 2334 883 2391 Levitis
926 2335 1184 2405 praecepit
1226 2342 1288 2390 ut
1327 2335 1397 2390 ad
1446 2337 1595 2392 viros
1645 2336 1809 2392 Israel
1841 2338 1920 2394 lo-

335 2435 581 2497 quantur
622 2420 836 2482 excelsa
884 2442 1036 2490 voce,
1063 2426 1169 2483 nisi
1199 2427 1324 2497 quia
1354 2427 1642 2485 ostendere
1676 2430 1791 2484 vult
1826 2445 1919 2486 sa—

334 2516 648 2571 cerdotibus
678 2515 879 2571 Christi
906 2517 1050 2588 quod
1079 2532 1187 2572 non
1213 2520 1480 2589 segniter,
1523 2520 1620 2574 sed
1651 2519 1924 2576 instanter

336 2608 538 2661 debent
566 2606 662 2662 Dei
706 2607 931 2661 verbum
958 2606 1169 2677 pepulis
1187 2608 1517 2676 praedicam?
1548 2608 1620 2664 Ut
1645 2610 1843 2676 sciant,
1873 2611 1919 2666 si

335 2696 703 2767 praeterierint
730 2695 824 2750 Dei
853 2698 1127 2761 mandata,
1179 2713 1299 2767 qua:
1327 2699 1407 2754 eis
1433 2699 1751 2756 immineant
1777 2701 1922 2771 peri-

336 2787 491 2855 cula;
523 2787 570 2843 si
626 2796 804 2843 autem
841 2787 1145 2843 obedierint
1176 2791 1460 2860 prteceptis
1497 2791 1613 2857 Dei,
1666 2808 1785 2862 qua:
1825 2808 1919 2848 eos

336 2885 636 2948 sequantur
662 2878 924 2934 beneﬁcia
955 2896 969 2931 :
1000 2894 1124 2935 cum
1150 2880 1203 2934 in
1224 2882 1479 2950 praesenti
1505 2881 1617 2937 vita
1640 2883 1916 2951 solatium,

336 2984 395 3027 et
427 2976 481 3028 in
509 2972 689 3028 futura
735 2975 1015 3044 praemium
1058 2976 1400 3046 promittitur
1432 2985 1717 3033 aeternum.
1753 2979 1917 3035 Male-

2026 1787 2116 1855 qui
2142 1782 2401 1841 transfert
2425 1787 2682 1841 terminos
2708 1790 2940 1857 proximi
2963 1792 3068 1847 sui.
3107 1814 3127 1846 ο
3155 1793 3267 1852 [loc
3289 1800 3593 1855 testimonio

2021 1883 2173 1930 vetat
2207 1876 2515 1941 avaritiam,
2562 1876 2920 1949 hteresimque
2964 1881 3282 1935 detestatur.
3318 1880 3603 1935 Transfert

2021 1977 2152 2034 ergo
2191 1964 2452 2020 terminos
2479 1966 2711 2035 proximi
2755 1968 2860 2031 sui,
2891 1969 2982 2039 qui
3034 1984 3141 2023 non
3173 1979 3461 2024 contentus
3494 1970 3601 2024 erit

2020 2054 2448 2111 orthodoxorum
2488 2055 2595 2110 ﬁde
2632 2064 2796 2126 atque
2825 2058 3096 2125 doctrina,
3125 2059 3222 2113 sed
3255 2059 3600 2128 superstitio-

2022 2162 2117 2203 nes
2145 2163 2211 2203 ac
2251 2156 2429 2205 sectas
2473 2150 2835 2219 superbiendo
2885 2152 3097 2207 noviter
3132 2152 3446 2207 introducit.
3496 2152 3600 2219 Qui

2020 2237 2166 2292 enim
2217 2238 2334 2294 haec
2384 2239 2514 2309 agit,
2550 2239 2737 2308 procul
2771 2238 2935 2297 dubio
2978 2249 3181 2298 aeterna
3222 2240 3603 2297 maledictione

2022 2341 2149 2382 reus
2176 2327 2301 2382 erit.
2328 2327 2482 2384 Unde
2509 2330 2757 2399 sequitur
2788 2347 2801 2384 :
2838 2347 2858 2382 (
2895 2329 3213 2389 Maledictus
3238 2332 3330 2403 qui
3357 2331 3488 2388 facit
3510 2347 3601 2388 er-

2020 2431 2144 2472 rare
2161 2432 2365 2472 aecum
2415 2418 2469 2472 in
2497 2418 2610 2473 via.
2646 2438 2668 2472 ι
2697 2419 2913 2476 Cacum
2936 2421 2991 2477 in
3036 2421 3231 2478 itinere
3264 2422 3601 2479 faciterrare

2022 2506 2114 2576 qui
2163 2507 2461 2577 simplicem
2512 2516 2676 2578 atque
2704 2508 3099 2579 imprudentem
3146 2526 3248 2582 per
3294 2512 3598 2568 doctrinam

2020 2596 2216 2651 falsam
2260 2596 2314 2650 in
2346 2596 2541 2653 itinere
2569 2596 2975 2668 Scripturarum
3002 2600 3134 2656 facit
3155 2615 3187 2655 a
3216 2601 3461 2657 veritatis
3483 2607 3598 2656 tra-

2020 2685 2156 2739 mite
2195 2684 2433 2740 deviare.
2476 2684 2596 2742 Hoc
2633 2701 2763 2760 ergo
2785 2703 2949 2759 quam
2977 2690 3343 2760 perniciosum
3365 2692 3437 2746 sit
3456 2689 3607 2760 Apo-

2019 2774 2192 2830 stolus
2220 2776 2455 2831 ostendit
2491 2776 2678 2833 dicens
2708 2794 2724 2830 :
2772 2795 2792 2829 (
2850 2778 2908 2834 Si
2932 2780 3057 2849 quis
3083 2796 3194 2835 non
3242 2789 3389 2836 amat
3418 2781 3604 2836 Domi-

2020 2879 2151 2919 num
2193 2862 2382 2920 Iesum
2439 2864 2736 2933 Christum,
2767 2867 2841 2923 sit
2883 2870 3174 2927 anathema
3220 2873 3541 2927 maranatha
3575 2891 3599 2925 ι

2019 2954 2075 3026 (ι
2104 2952 2231 3009 Cor.
2267 2954 2344 3028 v).
2399 2956 2469 3011 Et
2502 2956 2682 3013 alias:
2715 2976 2736 3010 (
2789 2959 3127 3032 Quicunque,
3169 2964 3269 3030 ait,
3317 2964 3457 3019 hanc
3518 2978 3604 3019 re-

337 3063 609 3118 dictiones
636 3078 788 3134 ergo,
818 3063 932 3119 sive
955 3064 1365 3122 benedictiones
1396 3082 1532 3138 quas
1557 3067 1696 3124 liber
1721 3068 1920 3127 Dente-

2028 3048 2202 3120 gulam
2218 3050 2390 3105 secuti
2414 3049 2637 3117 fuerint,
2660 3067 2767 3122 pax
2791 3066 2955 3123 super
2981 3054 3101 3110 illos
3122 3063 3177 3110 et
3205 3054 3604 3120 misericordia,

338 3154 573 3210 ronomii
625 3155 884 3221 continet,
926 3163 982 3209 et
1034 3156 1389 3212 historialiter
1422 3157 1648 3231 intelligi
1692 3170 1921 3231 possunt

338 3243 409 3296 ad
441 3258 535 3298 eos
560 3244 857 3314 pertinere,
882 3244 976 3314 qui
996 3234 1267 3301 terrenam
1299 3246 1610 3304 felicitatem
1639 3250 1918 3315 amabant,

338 3332 427 3386 vel
457 3334 549 3404 qui
580 3342 798 3388 terrena
834 3335 1031 3389 damna
1060 3336 1161 3391 sibi
1200 3339 1417 3393 evenire
1446 3339 1782 3395 metuebant.
1814 3339 1921 3397 Sed

339 3421 513 3475 multo
556 3423 730 3493 magis
775 3431 859 3478 est
901 3422 1225 3480 Christianis
1259 3428 1582 3494 cavendum,
1613 3443 1681 3484 ne
1701 3438 1924 3499 propter

338 3510 763 3566 inobedientiam
792 3512 1115 3581 spiritalium
1156 3514 1340 3570 rerum
1368 3525 1423 3571 et
1460 3517 1720 3572 virtutum
1742 3520 1925 3586 potius

340 3602 624 3670 patiantur
670 3603 952 3671 penuriam
984 3619 1147 3672 quam
1190 3611 1532 3659 terrenarum
1571 3606 1925 3677 indigentiam

342 3704 548 3742 rerum.
581 3688 715 3754 Quia
742 3691 935 3761 smpius
977 3691 1206 3762 legimus
1228 3691 1498 3761 perfectos
1518 3695 1669 3750 viros
1690 3710 1927 3764 prteseu-

343 3780 482 3834 tium
533 3795 715 3834 rerum
757 3780 1108 3851 indigentiam
1161 3782 1295 3852 pati,
1333 3783 1427 3837 sed
1457 3790 1638 3838 tamen
1666 3786 1927 3840 virtutum

344 3869 498 3938 copia
527 3868 754 3937 repleri;
786 3870 929 3924 sicut
967 3868 1245 3939 apostolus
1271 3869 1473 3926 Paulus
1515 3873 1617 3928 sibi
1648 3883 1704 3929 et
1734 3890 1929 3945 coope-

343 3955 619 4011 ratoribus
664 3958 777 4012 suis
812 3959 1106 4028 saepissime
1146 3961 1365 4015 evenire
1417 3968 1651 4017 testatur
1693 3963 1924 4019 dicens:

349 4067 370 4099 ς
405 4046 587 4116 Usque
612 4047 677 4101 ad
699 4048 839 4103 hanc
860 4049 1048 4103 horam
1070 4051 1361 4116 esurimus,
1380 4062 1436 4108 et
1455 4052 1688 4121 sitimus,
1712 4064 1768 4111 et
1798 4058 1930 4112 nudi

342 4150 556 4199 sumus,
573 4141 623 4187 el
646 4135 886 4205 colaphis
900 4136 1178 4204 caedimur,
1199 4148 1254 4193 et
1272 4138 1552 4196 instabiles
1573 4157 1778 4210 sumus,
1795 4152 1850 4199 et
1863 4143 1931 4199 la-

346 4227 628 4291 boramus,
642 4234 930 4294 operantes
949 4227 1197 4283 manibus
1212 4231 1413 4286 nostris
1432 4249 1446 4284 :
1465 4231 1860 4297 maledicimur,
1878 4243 1934 4291 et

360 4315 750 4382 benedicimus,
780 4328 1205 4386 persecutionem
1222 4320 1478 4389 patimur,
1495 4329 1551 4376 et
1566 4323 1896 4382 sustinemus
1914 4344 1928 4393 ;

2027 3149 2084 3196 et
2105 3155 2270 3212 super
2313 3141 2476 3198 Israel
2528 3141 2626 3198 Dei
2662 3162 2683 3195 ι
2733 3139 2877 3215 (Gal.
2926 3143 3026 3216 vr).
3082 3162 3103 3196 (
3138 3144 3474 3211 Maledictus,
3511 3145 3609 3216 qui

2024 3230 2285 3300 pervertit
2308 3228 2575 3299 judicium
2618 3231 2858 3298 advenae,
2880 3232 3071 3302 pupilli
3098 3240 3154 3287 et
3182 3232 3375 3288 viduae.
3412 3251 3433 3284 ι
3464 3232 3610 3303 Inju-

2026 3331 2171 3377 stum
2210 3322 2477 3391 judicium
2514 3323 2719 3378 nemini
2764 3323 3064 3379 secundum
3110 3323 3397 3379 historiam
3426 3324 3611 3380 facere

2028 3413 2179 3477 licet,
2207 3413 2302 3467 sed
2329 3428 2432 3468 nec
2479 3413 2774 3468 secundum
2803 3413 3121 3484 allegoriam
3153 3414 3417 3469 advenam
3445 3414 3609 3484 spiri-

2030 3500 2218 3565 talem,
2267 3500 2529 3570 pupillum
2579 3508 2745 3569 atque
2787 3502 3027 3565 viduam,
3063 3500 3263 3569 injuste
3303 3502 3613 3572 opprimere

2030 3589 2190 3644 decet
2216 3605 2231 3641 :
2262 3589 2522 3659 pupillum
2549 3589 2757 3658 utique,
2788 3589 2854 3643 de
2874 3603 2983 3658 quo
3012 3589 3066 3643 in
3092 3589 3302 3659 psalmo
3341 3598 3425 3645 est
3472 3593 3612 3647 scri-

2029 3689 2182 3749 ptum
2212 3695 2227 3732 :
2259 3697 2276 3728 ι
2313 3678 2452 3743 Tibi,
2478 3678 2725 3744 Domine,
2763 3677 3058 3733 derelictus
3108 3686 3192 3733 est
3234 3694 3443 3749 panper
3473 3695 3490 3733 :
3523 3695 3615 3735 or-

2031 3774 2211 3844 phano
2236 3782 2293 3828 tu
2321 3772 2433 3829 eris
2463 3773 2678 3844 adjutor
2704 3792 2724 3825 ι
2778 3771 2951 3844 (Psal.
2982 3770 3083 3842 ιχ).
3124 3770 3355 3827 Viduam
3406 3780 3613 3837 autem,

2034 3862 2102 3918 de
2144 3877 2253 3934 qua
2299 3863 2442 3918 idem
2494 3862 2760 3933 Propheta
2812 3877 2878 3918 ex
2927 3876 3158 3931 persona
3211 3862 3423 3918 Domini
3490 3863 3614 3918 ait:

2041 3970 2062 4003 ι
2097 3953 2324 4009 Viduam
2337 3952 2453 4022 ejus
2470 3954 2794 4010 benedicens
2816 3954 3135 4009 benedicam
3157 3973 3177 4005 ι
3213 3952 3387 4026 (Psal.
3407 3954 3614 4024 cxxxr).

2044 4063 2063 4096 «
2107 4044 2423 4104 Maledictus
2465 4046 2556 4117 qui
2593 4047 2795 4104 dormit
2830 4063 2954 4103 cum
3007 4061 3175 4102 uxore
3217 4045 3392 4116 patris
3427 4046 3533 4111 sui,
3563 4055 3621 4101 ct

2045 4152 2065 4185 (
2101 4135 2305 4192 revelat
2341 4138 2742 4206 operimentum
2768 4138 2905 4208 ejus.
2937 4157 2956 4189 ι
2989 4135 3333 4191 Manifestum
3360 4142 3446 4191 est
3471 4136 3618 4192 enim

2040 4225 2183 4293 quod
2204 4227 2382 4282 omnis
2411 4227 2651 4282 incestus
2708 4225 3038 4281 abominatio
3091 4234 3178 4281 est
3229 4226 3371 4296 apud
3421 4225 3612 4282 Deum.

2043 4311 2150 4369 Sed
2185 4325 2368 4373 tamen
2391 4318 2495 4374 hac
2539 4319 2808 4374 sententia
2840 4318 3137 4390 legislator,
3163 4318 3459 4375 secundum
3488 4319 3618 4376 alic-

347 4407 804 4476 blasphemamur,
830 4415 885 4462 ct
924 4406 1306 4464 obsecramus:
1337 4417 1591 4479 tanquam
1616 4429 1923 4485 purgamen-

2039 4406 2268 4477 goriam,
2311 4408 2595 4465 haereticos
2620 4418 2782 4479 atque
2822 4389 3202 4466 schismaticos
3231 4411 3491 4481 percutit,
3521 4413 3618 4482 qui

351 4502 405 4549 ta
462 4494 622 4564 hujus
672 4495 858 4550 mundi
903 4495 1031 4551 facti
1066 4512 1251 4552 sumus
1301 4498 1544 4554 omnium
1571 4502 1875 4572 peripsema
1906 4526 1924 4559 ι

349 4584 407 4647 (1
458 4584 581 4639 Cor.
639 4584 735 4656 iv).
789 4586 858 4640 Et
904 4587 1079 4641 item:
1114 4606 1133 4637 (
1171 4587 1457 4655 Libenter,
1519 4590 1724 4661 inquit,
1769 4594 1932 4666 igitur

352 4674 628 4745 gloriabor
655 4677 706 4731 in
736 4676 1142 4732 inﬁrmitatibus
1181 4678 1336 4742 meis,
1366 4688 1427 4733 ut
1472 4679 1737 4736 inhabitet
1765 4684 1817 4738 in
1847 4700 1931 4742 me

350 4768 528 4822 virtus
554 4768 777 4822 Christi.
801 4768 1029 4838 Propter
1056 4784 1162 4838 quo
1175 4770 1196 4823 ,Ι
1227 4769 1416 4838 placeo
1445 4771 1576 4825 mihi
1609 4773 1662 4826 in
1694 4773 1928 4830 infirmi-

352 4859 558 4913 tatibus
592 4860 746 4925 meis,
789 4860 845 4913 in
886 4860 1255 4926 contumeliis,
1300 4861 1354 4915 in
1404 4863 1841 4933 necessitatibus,
1873 4868 1928 4924 in

352 4952 619 5022 angustiis
648 4968 745 5022 pro
782 4953 1019 5008 Christo.
1056 4954 1192 5009 Cum
1219 4957 1364 5010 enim
1387 4957 1652 5026 inﬁrmor,
1690 4968 1814 5015 tunc
1838 4977 1933 5031 po-

354 5053 477 5099 tens
501 5060 619 5099 sum
644 5044 730 5114 (Il
766 5044 888 5099 Cor.
923 5046 1009 5115 ιι).
1064 5067 1083 5098 ι
1117 5047 1477 5104 Pcecantihus
1502 5060 1680 5106 autem
1707 5053 1931 5108 maledi-

354 5135 564 5189 ctiones
608 5135 911 5203 hujusmodi
937 5136 1151 5191 indicta:
1177 5147 1301 5193 sunt
1329 5156 1343 5195 :
1375 5159 1393 5190 ‹
1427 5140 1742 5197 Maledictus
1770 5144 1932 5197 homo

360 5243 380 5277 σ
414 5226 508 5295 qui
557 5225 686 5281 facit
745 5227 995 5296 sculptile
1041 5236 1097 5282 et
1144 5228 1412 5285 conﬁatile
1476 5233 1931 5288 abominationcm

359 5334 379 5369 (
422 5317 632 5372 Domini
681 5334 867 5387 :opus
915 5334 1174 5374 manuum
1212 5320 1503 5387 artiﬁcum,
1552 5332 1825 5392 ponetque
1877 5323 1932 5377 in

361 5425 380 5456 ς
420 5406 738 5462 abscondito
771 5408 921 5465 illud.
972 5411 1041 5463 Et
1089 5411 1433 5480 respondebit
1477 5413 1654 5467 omnis
1680 5413 1931 5482 populus,

363 5516 382 5549 (
421 5499 611 5554 Amen.
652 5521 671 5553 ι
709 5502 821 5556 Hoc
844 5503 987 5557 enim
1016 5504 1252 5573 capitulo
1280 5520 1385 5558 non
1415 5504 1587 5558 solum
1624 5503 1931 5560 idololatria

355 5605 478 5658 qua:
508 5591 559 5644 in
584 5592 888 5648 simulacris
917 5594 973 5647 ﬁt
1004 5595 1413 5659 contradicitur,
1447 5593 1538 5650 sed
1572 5595 1749 5649 omnis
1775 5611 1929 5652 error

2033 4510 2286 4566 sponsam
2321 4499 2543 4567 Christi,
2587 4501 2679 4572 qui
2729 4502 3108 4558 universorum
3158 4511 3317 4573 pater
3355 4511 3440 4559 est
3489 4503 3616 4575 quia

2032 4589 2273 4647 omnium
2299 4598 2533 4655 creator,
2569 4591 2750 4662 aliquo
2777 4591 2936 4646 modo
2960 4606 3058 4660 per
3086 4606 3330 4647 errorem
3361 4608 3617 4663 corrupe-

2033 4689 2163 4743 rint.
2211 4683 2517 4740 Secundum
2547 4698 2677 4737 vero
2726 4683 3107 4754 tropologiam,
3136 4684 3238 4740 hoc
3264 4685 3515 4756 prohibet
3545 4702 3614 4742 ne

2032 4779 2154 4850 quis
2205 4774 2470 4830 actionem
2521 4773 2692 4843 patris
2740 4773 2822 4828 sui
2871 4788 3119 4843 pravam,
3149 4789 3312 4843 quam
3342 4774 3433 4829 ille
3470 4775 3612 4829 male

2039 4867 2223 4938 gessit,
2267 4865 2370 4919 iste
2413 4863 2660 4932 nequiter
2695 4864 2957 4919 imitando
3004 4861 3278 4930 difi‘amet;
3326 4880 3430 4921 nec
3456 4864 3613 4935 igno-

2040 4961 2260 5015 miniam
2306 4964 2525 5028 spargat
2561 4972 2724 5026 super
2770 4971 2969 5010 nomen
3021 4957 3217 5026 patris,
3253 4957 3299 5012 si
3349 4957 3509 5011 iteret
3561 4953 3613 5007 in

2042 5054 2186 5108 facto
2212 5051 2351 5106 unde
2372 5050 2460 5104 ille
2484 5049 2844 5119 reprehensus
2866 5057 2954 5104 est
2986 5047 3203 5104 merito.
3243 5066 3262 5099 (
3299 5045 3618 5100 Maledictus

2049 5162 2067 5195 ‹
2106 5143 2197 5213 (ιυί
2227 5142 2425 5197 dormit
2455 5157 2576 5196 cum
2601 5141 2745 5196 enini
2784 5141 3052 5211 jumento.
3091 5161 3109 5192 ι
3139 5138 3299 5194 Juxta
3335 5135 3615 5191 historiam

2044 5236 2278 5290 maxima
2323 5233 2552 5289 stultitia
2605 5242 2688 5289 est
2721 5249 2846 5288 cum
2894 5234 3069 5287 brutis
3118 5226 3446 5284 animalibus
3486 5240 3616 5277 mw-

2042 5326 2222 5391 chari;
2250 5326 2357 5380 imo
2388 5325 2677 5395 ignominia
2709 5333 2793 5378 est
2820 5323 3095 5394 gentilium
3127 5316 3411 5373 stultitiam
3441 5313 3613 5381 sequi.

2042 5417 2176 5472 Cum
2229 5431 2358 5486 ergo
2384 5416 2466 5469 vir
2512 5423 2607 5469 aut
2633 5415 2826 5468 mulier
2853 5411 2918 5466 ad
2949 5408 3282 5478 alienigenas
3312 5405 3613 5473 voluptates

2043 5509 2095 5562 in
2119 5515 2327 5561 tantum
2359 5504 2643 5568 incumbit,
2672 5512 2731 5557 ut
2766 5517 2867 5556 nec
2892 5499 3106 5568 quidem
3132 5509 3231 5564 per
3252 5493 3513 5551 desidiam
3541 5492 3612 5545 ab

2043 5598 2122 5652 eis
2152 5597 2413 5666 capiatur,
2446 5595 2539 5649 sed
2571 5595 2680 5647 imo
2705 5591 2861 5646 valde
2904 5588 2983 5643 eis
3011 5587 3283 5643 coluercat
3303 5594 3359 5640 et
3384 5598 3505 5640 cum
3534 5582 3614 5637 eis
