3964 6192
440 298 540 356 1551

698 291 738 301 “’
1142 291 1202 346 B.
1240 288 1493 359 ~RABANI
1533 284 1751 340 MAUBI
1789 280 2108 336 ARCIIIEP.
2148 281 2455 338 MOGUNT.
2497 283 2779 340 OPERUM
2818 282 2998 339 PARS
3036 283 3079 337 Ι.

3551 287 3669 345 952

434 419 625 477 coeat,
658 409 735 464 ita
772 414 832 462 ut
867 402 1306 462 eommistioncm
1335 416 1458 457 cum
1486 401 1570 454 eis
1597 398 1903 453 diuturnam
1946 400 2001 444 et
2029 396 2074 451 Α
2111 411 2129 443 ι
2165 403 2316 464 cepta
2343 393 2465 463 ejus
2496 393 2751 449 audieris.
2798 413 2816 445 ι
2874 393 3026 449 Sicut
3072 392 3501 450 inobedienttb'us
3526 412 3667 466 pra:-

433 502 866 572 perseverantem
891 492 1105 555 habeat,
1136 506 1261 546 rcus
1281 499 1365 545 est
1389 489 1596 544 mortis.
1630 504 1648 536 ι
1680 483 1990 537 Maledictns

439 611 458 643 ι
496 591 589 662 qui
634 587 833 644 dormit
879 599 1000 639 cum
1042 597 1226 638 sorore
1254 596 1373 646 sua,
1423 579 1527 633 tilia
1557 577 1728 647 patris
1757 575 1838 630 sui
1886 573 1997 627 sive

440 702 459 734 ι
495 680 686 737 matris
706 693 836 733 suae.
868 697 884 729 ι
922 675 1176 730 Sororem
1204 687 1358 727 suam
1388 668 1706 739 spiritaliter
1740 663 1993 728 maculat,

433 771 525 842 qui
552 770 775 825 alterius
800 768 1034 822 animam
1058 780 1155 835 per
1178 775 1424 817 errorum
1445 758 1746 814 doctrinam
1770 754 1854 810 vel
1876 769 1998 824 pra-

434 877 499 915 va
531 857 774 927 exempla
810 854 1184 911 commaculet.
1236 853 1396 906 Pater
1444 849 1587 904 enim
1629 858 1811 902 noster
1860 859 1999 898 unus

433 955 517 1001 cst
542 945 704 1011 Deus,
734 953 787 999 et
832 953 1006 998 mater
1030 950 1216 997 sancta
1264 938 1524 993 Ecclesia.
1552 936 1661 991 Nos
1683 944 1862 990 autem
1890 933 1999 986 fra-

436 1044 548 1089 tres
594 1034 706 1089 sive
740 1047 956 1087 sorores
981 1044 1189 1084 sumus.
1239 1045 1257 1078 ‹
1307 1026 1622 1080 Maledictus
1669 1023 1762 1093 qui
1800 1021 2000 1076 dormit

434 1139 556 1180 cum
583 1138 736 1178 socru
763 1138 880 1176 sua.
920 1140 940 1172 ι
973 1120 1173 1190 Typiee
1215 1126 1392 1171 autem
1432 1130 1618 1170 socrus
1658 1112 1815 1166 foeda:
1838 1111 2003 1165 actio-

435 1213 521 1268 nis
569 1219 767 1266 nostrae
815 1210 953 1264 mala
1005 1217 1090 1262 est
1134 1204 1594 1276 concupiscentia,
1639 1202 1764 1271 quia
1821 1200 2001 1254 omnis

438 1303 641 1373 peccati
682 1309 856 1356 mater
896 1296 1326 1367 concupiscentia
1357 1303 1458 1348 est.
1489 1292 1714 1361 Oportet
1753 1290 1856 1344 hoc
1881 1288 2001 1343 dili-

437 1399 624 1462 genter
669 1390 873 1444 attendi
926 1402 939 1440 :
973 1396 1031 1440 ut
1061 1386 1104 1440 si
1141 1401 1245 1456 qua
1291 1384 1446 1440 nobis
1488 1381 1696 1451 peccati
1742 1378 2002 1446 concupi-

438 1482 643 1537 scentia
692 1478 772 1543 fit,
819 1479 869 1531 ei
920 1477 1237 1531 resistamus
1283 1483 1338 1529 et
1384 1487 1489 1526 non
1529 1468 1917 1538 coniungamur
1951 1465 2000 1518 ei

438 1570 681 1634 aetione;
707 1568 834 1637 quia
858 1575 918 1621 ut
944 1567 994 1620 in
1021 1565 1258 1620 Levitico
1286 1564 1352 1618 de
1377 1564 1481 1618 hoc
1508 1560 1711 1616 scelere
1736 1557 2001 1612 sancitum

437 1669 538 1724 est,
566 1660 686 1730 igne
713 1658 866 1713 vivus
891 1657 1046 1712 debet
1074 1655 1315 1711 comburi
1344 1653 1434 1722 qui
1464 1653 1568 1706 hoc
1590 1648 2000 1720 perpetraverit,

2096 483 2231 537 dixit
2257 483 2660 538 maledictioncs
2686 492 2741 539 et
2762 496 2952 553 paruas
2980 483 3210 548 futuras,
3235 484 3313 539 sic
3338 493 3392 537 et
3411 485 3673 542 obedien-

2098 574 2241 627 tibus
2291 574 2543 644 deinceps
2585 575 2853 643 promittit
2890 573 3294 628 benedictiones
3339 584 3395 628 et
3422 578 3672 644 przemia.

2103 680 2122 713 ι
2159 663 2483 719 Benedictus
2511 671 2565 717 tu
2594 664 2646 717 in
2675 663 2915 727 civitate,
2946 671 3002 717 et
3027 664 3344 718 benedictus
3381 666 3433 718 in
3458 680 3615 735 agro.
3649 687 3669 720 ι

2097 751 2260 806 Juxta
2285 754 2573 808 historiam
2597 752 2771 807 facilis
2801 761 2887 806 est
2912 751 3339 815 intellectus,ubi
3356 753 3561 809 Iudaeis
3580 771 3675 824 pro

2097 842 2403 897 obedientia
2447 844 2595 898 intus
2638 842 2874 911 forisque
2909 843 3236 913 praenuntiat
3276 860 3571 914 prospera,
3621 853 3676 900 et

2099 931 2368 991 fructuum
2416 944 2577 1003 atque
2628 934 2939 989 animalium
2997 935 3226 1003 spondet
3263 936 3675 991 abundantiam.

2101 1022 2406 1078 Secundum
2466 1024 2776 1094 allegoriam
2820 1033 3042 1087 autem,
3106 1025 3303 1094 populo
3360 1025 3678 1081 Christiano

2099 1117 2315 1187 propria
2379 1117 2662 1172 devotione
2720 1132 2827 1170 non
2885 1125 2994 1169 tam
3036 1117 3347 1171 felicitatem
3403 1125 3667 1172 aeternam

2101 1220 2260 1274 quam
2285 1205 2674 1261 beatitudinem
2698 1205 2964 1274 promittit
2991 1214 3325 1275 perpetuam.
3349 1205 3681 1260 Benedictus

2101 1296 2206 1349 erit
2252 1294 2305 1348 in
2336 1295 2555 1350 civitate
2583 1295 2672 1362 qui
2703 1295 2756 1349 in
2784 1294 3027 1348 Ecclesia
3052 1302 3241 1348 sancta
3288 1303 3447 1349 vacat
3482 1296 3683 1349 divina

2102 1384 2558 1454 contemplationi.
2589 1383 2911 1438 Benedictus
2952 1384 3005 1437 in
3034 1398 3185 1453 agro,
3207 1384 3299 1453 qui
3336 1385 3467 1438 boni
3494 1386 3681 1453 operis

2104 1477 2312 1531 lalzorat
2342 1477 2620 1531 exercitio.
2654 1475 2759 1530 Per
2786 1475 2882 1530 has
2923 1476 3056 1529 duas
3078 1476 3285 1544 species
3313 1477 3684 1530 conversatio-

2105 1566 2189 1621 nis
2211 1566 2580 1635 unusquisque
2609 1564 2781 1619 fidelis
2800 1573 2989 1635 gratus
3010 1566 3114 1618 erit
3142 1566 3270 1619 Deo.
3300 1584 3318 1615 ι
3351 1566 3684 1620 Benedictus

2108 1655 2313 1710 fructus
2333 1656 2538 1710 ventris
2562 1655 2658 1719 tui,
2682 1663 2736 1709 et
2768 1653 2979 1711 fructus
3028 1665 3186 1709 terra:
3214 1664 3336 1709 uiae.
3371 1675 3390 1707 ι
3423 1655 3534 1711 Per
3563 1655 3683 1709 fru-

439 1750 566 1819 quin
599 1764 727 1803 rcus
752 1756 836 1802 est
864 1748 1118 1817 gebennaa
1146 1745 1286 1817 ignis
1325 1745 1369 1799 si
1394 1759 1498 1798 non
1525 1741 1856 1812 pmnitentize
1882 1741 2002 1809 igne
2035 1738 2079 1796 Β
2105 1754 2224 1801 ctus
2243 1746 2447 1799 ventris
2482 1745 2723 1799 internas
2763 1746 2999 1799 ostendit
3025 1745 3379 1815 cogitationes
3401 1746 3608 1800 mentis
3629 1754 3684 1799 et

437 1854 497 1893 se
520 1836 588 1891 ab
623 1839 727 1892 hac
754 1836 963 1891 macula
1009 1835 1243 1891 diluerit.
1301 1851 1319 1884 ι
1384 1832 1703 1887 Maledictus
1729 1831 1818 1899 qui
1862 1829 2001 1884 clam

446 1947 465 1979 ε
504 1929 832 1999 percusserit
885 1912 1189 1997 proximum
1220 1940 1396 1980 suum.
1436 1925 1502 1979 Et
1531 1923 1671 1978 dicet
1700 1924 1879 1978 omnis
1904 1937 2001 1991 po—

447 2037 464 2067 ι
501 2019 678 2088 pulus,
725 2018 917 2073 Amen.
974 2037 992 2069 ι
1042 2018 1100 2071 In
1142 2025 1329 2087 aperto
1364 2025 1418 2071 et
1444 2016 1497 2069 in
1523 2014 1733 2070 occulto
1757 2013 2024 2073 occidere,

444 2108 717 2165 hominem
749 2115 1028 2177 peccatum
1052 2115 1155 2161 est.
1189 2105 1341 2160 Unde
1380 2106 1574 2159 mirum
1600 2119 1697 2159 cur
1729 2118 1851 2158 eum
1886 2110 2005 2157 tan.-

444 2209 555 2253 tum
606 2198 950 2253 maledictum
1002 2196 1300 2266 scripserit,
1350 2196 1442 2265 qui
1491 2195 1630 2249 clam
1677 2192 2007 2264 percusserit

442 2288 767 2356 proximum,
798 2288 901 2342 nisi
937 2286 1075 2342 forte
1117 2287 1360 2341 dicamus
1384 2300 1503 2340 eum
1533 2286 1669 2338 clam
1722 2291 2005 2352 percutere

442 2376 768 2446 proximum,
800 2376 891 2446 qui
918 2390 1041 2431 eum
1068 2376 1122 2429 in
1154 2375 1317 2432 corde
1354 2389 1452 2429 suo
1477 2372 1672 2428 oderit.
1699 2370 2003 2425 Dicitenim

443 2463 683 2522 Joannes
717 2465 989 2535 apostolus
1016 2483 1028 2518 :
1062 2482 1080 2518 ι
1112 2464 1213 2531 Qui
1241 2465 1356 2519 odit
1376 2463 1597 2519 fratrem
1625 2477 1799 2525 suum,
1830 2460 2007 2516 homi-

443 2552 564 2610 cida
592 2560 695 2607 est.
738 2552 807 2608 Et
829 2553 979 2613 uitis
1003 2553 1258 2621 quoniam
1281 2553 1456 2609 omnis
1484 2551 1751 2609 homicida
1779 2565 1883 2604 non
1914 2549 2009 2603 ha-

447 2643 539 2700 bet
566 2643 732 2702 vitam
768 2651 1024 2700 aeternam
1068 2644 1120 2698 iu
1145 2659 1202 2703 se
1236 2652 1539 2699 manentem
1574 2663 1592 2695 ι
1630 2642 1682 2714 (1
1707 2642 1867 2696 Joan.
1896 2640 2002 2713 ιιι).

448 2731 583 2791 "inc
612 2742 667 2788 et
704 2734 759 2793 in
806 2733 1046 2792 Levitico
1070 2734 1327 2804 scriptum
1372 2742 1453 2789 est
1483 2752 1495 2788 :
1536 2753 1553 2786 ι
1589 2733 1666 2790 Ne
1695 2735 1875 2790 oderis
1899 2735 2007 2789 fra-

447 2836 585 2882 trem
618 2832 768 2878 tuum
814 2824 869 2883 in
902 2824 1066 2880 corde
1095 2833 1186 2881 tuo
1218 2843 1231 2879 :
1264 2825 1359 2880 sed
1408 2825 1622 2894 publice
1669 2841 1835 2896 argue
1861 2841 2003 2890 eum,

2104 1836 2325 1890 consilia
2377 1853 2390 1889 :
2441 1850 2538 1905 per
2584 1835 2814 1890 fructum
2868 1844 3050 1900 terrae,
3093 1837 3336 1905 corporis
3371 1836 3685 1892 forinsecus

2105 1926 2265 1981 utiles
2300 1926 2565 1981 actiones.
2600 1925 2696 1980 His
2741 1926 2886 1980 enim
2935 1925 3143 1980 duabus
3195 1926 3320 1979 vita:
3372 1927 3684 1996 speciebus,

2105 2017 2207 2071 hoc
2231 2023 2334 2080 est,
2359 2014 2785 2084 contemplativa:
2810 2022 2867 2069 et
2885 2014 3098 2078 activae,
3119 2022 3305 2068 saneta
3335 2014 3600 2069 nobiliter
3627 2016 3682 2069 in

2104 2106 2207 2159 hoc
2242 2111 2596 2158 conversatur
2621 2104 2820 2158 mundo
2847 2103 3116 2167 Ecclesia,
3149 2110 3204 2159 et
3241 2103 3365 2158 inde
3396 2104 3451 2157 in
3494 2103 3683 2159 futuro

2103 2206 2478 2261 possessuram
2503 2205 2564 2246 se
2598 2199 2782 2261 sperat
2803 2206 2925 2245 cum
2951 2189 3169 2245 Christo
3203 2190 3447 2247 celestia
3489 2206 3684 2261 regna.

2109 2301 2129 2334 ι
2162 2281 2482 2338 Benedictus
2507 2280 2714 2336 fructus
2739 2280 3104 2351 iumentorum
3131 2289 3366 2345 tuorum,
3383 2297 3580 2352 greges
3602 2297 3689 2335 ar-

2105 2382 2408 2428 mentorum
2437 2382 2653 2427 tuorum
2674 2412 2690 2438 ,
2731 2380 2788 2426 et
2810 2370 2981 2427 cauta:
3026 2370 3208 2425 ovium
3236 2379 3471 2427 tuarum.
3524 2391 3544 2424 ι
3582 2371 3690 2426 Per

2105 2465 2312 2535 species
2347 2460 2660 2516 animalium
2692 2460 2912 2516 ordines
2948 2460 3283 2514 demonstrat
3320 2460 3687 2523 subditorum,

2104 2554 2232 2626 quia
2260 2553 2352 2609 alii
2380 2561 2507 2607 sunt
2533 2553 2587 2607 in
2615 2550 2857 2607 Ecclesia
2883 2551 2974 2622 qui
3004 2566 3034 2605 a
3064 2550 3379 2604 doctoribus
3404 2550 3686 2614 instructi,

2104 2644 2264 2701 bonis
2307 2644 2420 2700 suis
2471 2643 2664 2699 solatia
2717 2643 2983 2712 praebent,
3026 2657 3150 2696 cum
3197 2640 3461 2710 spiritalia
3498 2641 3572 2694 ab
3609 2642 3691 2694 eis

2106 2736 2454 2805 accipientes,
2493 2733 2796 2805 corporalia
2820 2734 2900 2789 eis
2923 2733 3235 2787 ministrant
3262 2731 3547 2787 alimenta.
3581 2731 3688 2786 Alii

2107 2826 2352 2882 laborare
2376 2832 2621 2894 possunt,
2647 2825 2944 2880 secundum
2972 2818 3115 2892 quod
3143 2821 3225 2876 eis
3237 2822 3449 2892 iussum
3481 2820 3686 2876 fuerat.

446 2929 514 2969 ne
558 2915 756 2971 habeas
787 2929 947 2985 super
972 2914 1063 2970 illo
1091 2922 1373 2985 peccatum
1420 2915 1606 2986 (Leuit.
1658 2917 1797 2987 xix).
1846 2916 2005 2972 Male-
2107 2916 2211 2970 Alii
2251 2924 2431 2970 autem
2469 2916 2811 2986 simplicitate
2868 2930 2966 2969 sua
3018 2923 3231 2968 tantum
3268 2914 3539 2980 contenti,
3589 2928 3687 2983 per

447 3003 624 3058 dictus
653 3002 745 3073 qui
770 3003 967 3074 accipit
989 3019 1215 3064 munera
1238 3012 1297 3060 ut
1327 3006 1596 3074 percutiat
1622 3006 1857 3064 animam
1880 3022 2012 3062 san-
2109 3006 2470 3063 innocentiam
2490 3005 2615 3060 vita:
2641 3005 2859 3060 student
2885 3005 3100 3074 placere
3130 3003 3258 3058 Deo.
3293 3002 3685 3073 Unusquisque

449 3094 629 3166 guinis
687 3095 1008 3150 innocentis.
1060 3096 1377 3167 Quicunque
1442 3097 1804 3154 reminiscitur
1856 3096 2009 3152 Iuda:
2035 3083 2080 3146 C
2113 3097 2257 3152 enim
2282 3096 2556 3167 proprium
2587 3095 2748 3150 habet
2768 3109 2835 3149 ex
2860 3096 2973 3149 Deo
3002 3093 3225 3156 donum,
3254 3093 3393 3147 alius
3425 3093 3532 3158 sic,
3554 3093 3691 3147 alius

448 3186 673 3252 factum,
712 3186 803 3255 qui
840 3196 1063 3255 propter
1102 3188 1380 3256 pecuniam
1405 3187 1641 3255 prodidit
1669 3187 2008 3256 magistrum,

449 3291 609 3344 quam
631 3277 992 3345 perniciosum
1017 3279 1088 3331 sit
1109 3278 1403 3347 intelligere
1423 3286 1603 3347 potest
1631 3278 1872 3332 avaritia:
1898 3293 2007 3331 ma-

447 3366 583 3418 lum.
625 3382 644 3415 ι
691 3364 1005 3419 Maledictus
1025 3366 1117 3434 qui
1147 3380 1251 3419 non
1282 3374 1563 3434 permanet
1592 3367 1646 3420 in
1675 3365 2012 3421 sermonibus

438 3453 796 3525 «legishujus,
845 3470 945 3511 nec
977 3470 1072 3511 eos
1108 3471 1272 3524 opere
1316 3456 1582 3525 perficita
1608 3458 2011 3514 llzecsententia

446 3543 663 3613 gravior
702 3558 768 3598 eo
799 3544 1008 3600 czeteris
1036 3560 1157 3600 esse
1184 3546 1413 3608 videtur,
1443 3562 1550 3615 quo
1585 3549 1909 3618 generaliter
1957 3556 2012 3602 et

447 3648 652 3703 eaquae
694 3636 970 3703 praemissa
1001 3644 1148 3701 sunt,
1177 3645 1231 3690 et
1261 3636 1346 3691 illa
1375 3652 1496 3706 qua:
1538 3640 1776 3694 nondum
1802 3641 2010 3710 prolata

446 3731 587 3788 sunt,
619 3724 801 3780 omnia
842 3724 1001 3779 simul
1028 3725 1456 3794 comprehendit.
1486 3727 1618 3794 Quis
1645 3735 1729 3783 est
1750 3730 1893 3783 enim
1918 3730 2011 3799 qui

446 3813 500 3877 in
547 3814 813 3869 universis
861 3814 1200 3873 sermonibus
1246 3814 1380 3885 legis
1424 3817 1541 3871 sine
1587 3821 2013 3890 transgressione

445 3918 761 3974 permanere
790 3903 979 3972 possit,
1010 3919 1131 3957 cum
1168 3903 1367 3963 Paulus
1380 3905 1915 3980 dicathQuicunque
1944 3925 2009 3965 ex

446 3993 702 4062 operibus
741 4000 867 4047 sunt
891 3992 1023 4061 legis
1049 3993 1149 4047 sub
1175 3992 1462 4051 maledicto
1505 4004 1648 4063 sunt,
1673 3998 1925 4065 quoniam
1958 3999 2013 4053 in

448 4084 565 4154 lege
610 4096 768 4137 nemo
789 4080 1179 4153 justiﬁeabitur
1222 4084 1361 4153 apud
1377 4084 1733 4154 Deuun(Gat.
1769 4085 1875 4157 ιιι).
1907 4085 2015 4142 Nec

449 4174 608 4247 hujus
659 4171 1052 4228 maledictionis
1081 4171 1333 4233 damnum
1364 4172 1504 4227 ullus
1529 4175 1759 4233 evadere
1784 4178 1963 4246 potuit
1997 4198 2010 4233 :

448 4266 610 4328 etiam
638 4278 739 4321 nec
788 4264 903 4335 ipse
934 4263 1229 4335 legislator,
1253 4264 1355 4319 nisi
1399 4279 1495 4334 per
1542 4267 1770 4335 gratiam
1800 4268 2014 4329 Domini

2112 3203 2240 3243 vero
2266 3187 2360 3241 sic.
2394 3186 2497 3254 Qui
2526 3195 2703 3240 autem
2744 3186 2942 3240 donum
2967 3192 3276 3256 perceptum
3304 3183 3461 3252 juxta
3512 3184 3693 3254 possi-

2112 3275 2372 3330 bilitatem
2395 3290 2549 3329 suam
2580 3275 2874 3329 secundum
2904 3275 3155 3331 mandata
3199 3274 3293 3328 Dei
3325 3274 3693 3344 multiplicare

2113 3364 2398 3429 studuerit,
2424 3363 2656 3432 placebit
2687 3361 2819 3427 Deo,
2847 3371 2903 3418 et
2927 3362 3186 3432 probatus
3229 3371 3312 3417 est
3354 3362 3688 3418 hominibus.

2119 3471 2138 3503 ι
2165 3453 2453 3509 Benedicta
2476 3453 2673 3508 horrea
2701 3461 2813 3518 tua,
2844 3461 2900 3507 et
2921 3453 3217 3509 benedictae
3242 3452 3483 3523 reliquia:
3511 3463 3640 3509 tuae.
3666 3472 3685 3507 ι

2111 3544 2168 3598 lu
2202 3543 2412 3599 horreis
2462 3544 2800 3614 significatur
2843 3546 3091 3600 custodia
3122 3546 3418 3610 virtutum;
3456 3545 3517 3599 in
3573 3546 3693 3601 reli-

2112 3631 2291 3701 quiis,
2318 3631 2472 3686 bona:
2516 3632 2806 3687 voluntatis
2833 3633 3077 3686 intentio.
3117 3631 3421 3688 Secundum
3459 3632 3517 3686 id
3548 3632 3690 3687 enim

2112 3722 2254 3791 quod
2294 3723 2521 3792 quisque
2564 3738 2662 3793 pro
2685 3723 3043 3792 possibilitate
3072 3738 3169 3778 sua
3207 3724 3438 3787 laborat,
3464 3738 3691 3779 conser-

2111 3811 2325 3866 vabitur
2368 3813 2467 3867 sibi
2497 3813 2775 3882 praemium
2826 3821 2881 3868 et
2934 3814 3075 3869 bona
3098 3813 3379 3878 voluntas;
3420 3813 3553 3868 licet
3597 3814 3692 3871 alio

2114 3901 2326 3969 quando
2359 3917 2464 3956 non
2489 3901 2685 3957 habent
2708 3900 2980 3967 effectum,
3010 3911 3190 3957 tamen
3206 3901 3410 3970 justum
3432 3918 3545 3956 non
3572 3918 3691 3973 per-

2114 3992 2203 4046 det
2230 3992 2529 4062 praemium,
2552 3993 2679 4061 quia
2701 3992 3044 4063 diligentibus
3089 3993 3256 4046 Deum
3285 3994 3466 4048 omnia
3496 4009 3691 4063 coope-

2114 4092 2304 4137 rantur
2354 4082 2407 4137 in
2451 4083 2670 4148 bonum,
2718 4091 2773 4137 et
2819 4083 2870 4136 in
2903 4092 3048 4137 terra
3094 4098 3200 4152 pax
3244 4084 3350 4137 erit
3377 4083 3690 4140 hominibus

2115 4172 2268 4226 bona:
2300 4171 2611 4227 voluntatis.
2665 4190 2684 4223 ι
2746 4171 3072 4227 Benedictus
3123 4173 3232 4227 eris
3266 4173 3585 4244 ingrediens
3636 4184 3689 4229 et

2114 4261 2415 4333 egrediens.
2461 4281 2480 4313 ι
2520 4261 2632 4316 lloc
2676 4268 2780 4325 est,
2820 4262 2962 4331 quod
3013 4261 3265 4316 Salvator
3302 4262 3357 4315 in
3398 4262 3689 4333 Evangelia

452 4359 622 4421 nostri
643 4356 769 4414 Jesu
803 4357 1004 4417 Christi
1034 4358 1157 4413 inde
1187 4357 1527 4415 liberaretur.
1554 4358 1708 4417 Unde
1721 4362 2006 4430 praedictus

2117 4349 2194 4403 ait
2225 4366 2238 4402 :
2277 4366 2295 4399 ι
2328 4348 2441 4418 Ego
2483 4363 2602 4403 sum
2627 4349 2848 4403 ostium.
2880 4347 2985 4403 Per
3021 4364 3123 4414 me,
3157 4349 3202 4404 si
3243 4349 3368 4418 quis
3394 4349 3684 4413 introierit,

454 4446 725 4519 apostolus
753 4447 830 4503 ait
861 4467 875 4502 :
923 4465 941 4499 ι
975 4447 1223 4503 Christus
1250 4463 1349 4504 nos
1377 4449 1606 4505 redemit
1633 4451 1701 4506 de
1724 4413 2006 4511 maledicto

2118 4413 2434 4504 salvabitur,
2475 4446 2530 4494 et
2556 4454 2753 4509 pascua
2784 4439 3025 4494 inveniet
3048 4438 3229 4507 (Joan.
3260 4413 3347 4509 ἰι).
3390 4459 3410 4492 ι
3437 4439 3579 4506 Quia
3605 4440 3689 4494 hic

448 4538 601 4611 legis,
628 4538 805 4597 factus
851 4556 948 4610 pro
997 4539 1152 4594 nobis
1180 4539 1546 4607 maledictum,
1578 4543 1703 4612 quia
1750 4547 2010 4612 scriptum

446 4635 532 4689 est
559 4645 573 4680 :
672 4627 985 4685 Maledictus
1003 4630 1181 4684 omnis
1205 4629 1294 4698 qui
1314 4631 1579 4699 pendetin
1608 4632 1771 4701 ligno.
1794 4652 1813 4684 ι
1851 4632 1921 4688 Ut
1956 4635 2007 4689 in

449 4717 694 4787 gentibus
720 4717 1021 4779 benedictio
1073 4719 1303 4775 Abrahae
1343 4719 1497 4776 fieret
1537 4724 1591 4775 in
1619 4721 1836 4777 Christo
1863 4720 2011 4779 Jesu.

451 4805 586 4870 Uine
633 4806 823 4867 Petrus
868 4810 978 4863 ait:
1038 4828 1056 4861 ι
1109 4808 1355 4873 Christus
1407 4810 1573 4867 semel
1626 4827 1725 4881 pro
1772 4814 2015 4880 peccatis

450 4901 649 4963 nostris
676 4911 920 4958 mortuus
949 4913 1051 4967 est,
1091 4903 1270 4971 justus
1298 4920 1395 4974 pro
1420 4902 1631 4972 injustis
1660 4921 1675 4959 :
1705 4912 1765 4958 ut
1799 4920 1900 4961 nos
1929 4904 2011 4960 of-

450 4992 615 5045 ferret
664 4990 796 5055 Deo,
831 4991 1184 5048 mortiﬁcatos
1232 4995 1447 5062 quidem
1490 5008 1675 5060 carne,
1710 4993 2011 5058 viviﬁcatos

446 5086 625 5142 autem
651 5077 841 5149 spiritu
871 5078 924 5152 (I
961 5079 1107 5134 Petr.
1148 5081 1248 5152 ιιι).
1272 5099 1292 5135 ι

519 5166 669 5243 (Cn.
698 5168 914 5239 xxviii.)
944 5185 961 5218 ι
992 5167 1049 5223 Si
1113 5178 1292 5225 autem
1320 5171 1556 5231 audieris
1578 5186 1765 5229 vocem
1796 5172 2008 5240 Domini

453 5280 471 5317 ι
504 5261 598 5315 Dei
624 5261 726 5326 tui,
748 5268 808 5314 ut
836 5258 1004 5315 facias
1030 5268 1191 5329 atque
1231 5262 1501 5317 custodias
1527 5263 1707 5318 omnia
1758 5265 2006 5320 mandata

451 5368 473 5402 ιι
504 5349 642 5420 ejus,
669 5366 790 5423 quae
819 5365 918 5423 ego
942 5350 1101 5411 hodie
1141 5351 1392 5421 praecipio
1419 5351 1535 5416 tibi,
1563 5351 1725 5415 faciet
1753 5362 1805 5408 te
1834 5354 2015 5410 Domi—

454 5458 471 5498 t
507 5455 609 5494 uus
648 5439 1001 5497 excelsiorem
1051 5439 1261 5497 cunctis
1294 5440 1545 5508 gentibus
1588 5456 1707 5510 qua:
1730 5452 2016 5509 versantur

452 5553 470 5587 ι
510 5528 562 5581 in
588 5538 773 5584 terra:
819 5529 1143 5599 venientque
1186 5544 1346 5600 super
1394 5541 1444 5584 te
1475 5533 1759 5588 universa:
1794 5534 2014 5589 benedi-

457 5640 474 5682 ι
506 5626 716 5688 ctioncs
746 5624 880 5690 istae,
934 5632 991 5685 et
1040 5623 1443 5703 apprehendeut
1497 5633 1566 5694 te,
1594 5626 1639 5682 si
1671 5633 1848 5681 tamen
1871 5642 2011 5699 prae-

2118 4530 2186 4584 ad
2213 4529 2371 4587 fidem
2417 4529 2724 4603 ingrediens
2770 4530 3048 4599 sapientia:
3075 4530 3253 4585 cibum
3287 4539 3343 4585 et
3365 4546 3572 4600 pascua
3602 4546 3689 4585 ac-

2118 4618 2279 4689 cipiet
2306 4618 2588 4684 virtutum,
2617 4626 2673 4673 et
2706 4619 2988 4689 egrediens
3017 4619 3084 4673 de
3125 4620 3378 4688 praesenti
3400 4620 3533 4684 vita,
3552 4640 3555 4641 ν
3574 4634 3691 4675 eer-

2117 4716 2226 4762 tam
2273 4709 2578 4763 mercedem
2625 4709 2853 4782 accipiet
2879 4709 3146 4764 bonorum
3176 4722 3415 4765 actuum.
3455 4709 3689 4779 Ingredi-

2118 4804 2206 4850 tur
2244 4806 2300 4856 et
2327 4797 2416 4852 ille
2454 4812 2553 4871 per
2600 4797 2731 4854 illud
2782 4799 3004 4864 ostium,
3032 4799 3123 4867 qui
3168 4798 3369 4868 aliquid
3406 4814 3507 4868 per
3528 4800 3684 4854 tidem

2119 4888 2437 4947 Catholicam
2480 4889 2707 4947 interius
2724 4887 2881 4956 juxta
2915 4889 3249 4943 voluntatem
3274 4889 3367 4943 Dei
3394 4889 3685 4944 meditatur

2117 4987 2172 5043 et
2211 4986 2425 5043 tractat.
2457 4979 2764 5049 Egreditur,
2810 4980 3027 5057 quando
3075 4980 3369 5034 secundum
3423 4981 3594 5049 ipsam
3631 4978 3684 5032 fi-

2118 5067 2262 5133 dem,
2294 5068 2459 5121 etiam
2497 5067 2632 5122 foris
2658 5082 2841 5122 coram
2878 5067 3189 5125 hominibus
3227 5069 3295 5121 ad
3339 5067 3549 5121 laudem
3590 5068 3680 5120 Dei

2116 5158 2293 5229 aliqua
2316 5159 2452 5217 bene
2479 5159 2774 5228 operando,
2805 5159 2873 5217 ad
2901 5158 3203 5233 exemplum
3229 5167 3520 5228 praeparat.

2191 5290 2211 5325 ι
2238 5271 2396 5327 Dabit
2439 5272 2700 5336 Dominus
2747 5273 2995 5328 inimicos
3036 5280 3176 5338 tuos,
3209 5273 3300 5341 qui
3351 5282 3680 5342 consurgunt

2120 5378 2139 5410 ι
2178 5362 2463 5418 adversum
2513 5369 2585 5426 te,
2632 5370 2948 5423 corruentes
2984 5361 3036 5421 in
3081 5371 3373 5431 conspectu
3411 5372 3524 5416 tuo.
3577 5362 3679 5416 Per

2120 5468 2139 5506 ι
2178 5466 2338 5504 unam
2367 5451 2509 5505 viam
2539 5452 2756 5506 venient
2783 5453 2849 5507 ad
2878 5459 2949 5515 te,
2982 5460 3034 5507 et
3063 5467 3159 5520 per
3184 5461 3392 5520 septem
3420 5451 3623 5523 fugient
3645 5467 3675 5503 a

2122 5559 2139 5589 ι
2180 5550 2253 5594 te.
2290 5558 2313 5594 ι
2343 5539 2443 5606 Qui
2463 5540 2606 5595 enim
2631 5539 2863 5596 custodit
2896 5542 3143 5605 mandata
3171 5541 3288 5605 Dei,
3323 5542 3673 5612 malignorum

2115 5628 2400 5700 Spirituum
2434 5631 2603 5685 aciem
2632 5631 2929 5700 proturbat,
2956 5630 3206 5694 virtutem
3228 5631 3475 5702 dissipat.
3508 5633 3569 5693 Et
3585 5630 3673 5701 qui
