3964 6192
277 343 382 402 953

1051 332 1444 392 ENARRATIO
1481 332 1705 391 SUPER
1746 332 2367 394 DEUTERONOMIUM.
2408 367 2473 376 —
2515 335 2640 390 LIB.
2676 334 2767 390 Ill.

3406 337 3512 393 955

277 449 503 508 adunati
530 448 598 503 ad
621 447 922 503 nocendum
950 459 1235 513 venerant,
1283 447 1479 512 territi,
1509 462 1606 517 per
1631 447 1842 502 diversa
1871 462 1919 517 Α
1953 465 1972 498 ι
2010 448 2105 503 tibi
2154 448 2334 513 hodie,
2363 447 2580 501 venient
2623 437 2785 515 super
2812 453 3074 502 teomnes
3109 447 3517 506 maledictiones

277 542 464 613 fugere
507 544 732 593 tentant.
778 555 799 588 ι
849 537 1071 591 Emittet
1100 538 1361 592 Dominus
1415 537 1840 592 benedictionem

279 654 298 686 ι
337 646 504 701 super
531 629 751 685 cellaria
779 636 890 693 tua,
913 636 970 682 et
990 642 1152 697 super
1176 627 1359 681 omnia
1394 641 1555 695 opera
1589 639 1842 679 manuum

279 743 300 777 ι
341 732 555 778 tuarum
604 737 619 772 :
658 718 1045 786 benedieetque
1089 718 1183 772 tibi
1211 719 1264 771 in
1305 726 1453 772 terra
1497 731 1657 785 quam
1693 730 1847 768 acre-

282 832 303 865 ι
337 812 511 882 peris.
550 829 569 861 ι
603 807 830 864 Cellaria
860 807 1162 871 benedicet,
1196 822 1319 860 cum
1348 806 1401 859 in
1430 805 1608 860 cordis
1636 810 1843 860 secreta

277 901 507 973 gratiam
534 897 767 967 Spiritus
792 897 874 952 sui
922 896 1174 950 infundit.
1204 896 1493 952 Benedicet
1518 911 1682 965 opera
1720 910 1842 948 ma-

279 1008 471 1056 nuum,
519 1006 642 1045 cum
671 988 864 1043 studiis
893 988 1049 1042 bonis
1093 986 1401 1042 facultatem
1448 987 1637 1041 tribuit
1673 986 1846 1039 virtu-

283 1090 419 1136 tum.
446 1079 736 1134 Benedicet
774 1078 827 1132 in
872 1084 1042 1143 terra,
1065 1084 1121 1131 et
1147 1077 1428 1132 suscitabit
1453 1076 1714 1130 Dominus
1740 1073 1842 1129 sibi

226 1170 234 1178 '
276 1169 553 1241 populum,
614 1167 828 1237 quando
876 1174 1091 1221 sanctos
1129 1180 1254 1220 suos
1302 1165 1354 1219 in
1397 1172 1539 1220 terra
1593 1163 1845 1218 Ecclesia:

277 1260 554 1313 abundare
583 1257 746 1311 faciet
771 1255 942 1326 gratia
966 1244 1263 1310 caelestium
1305 1254 1585 1309 donorum.
1615 1252 1768 1308 Unde
1789 1260 1844 1307 et

274 1348 567 1416 sequitur:
607 1364 625 1396 ι
662 1345 718 1400 Si
754 1344 1072 1400 custodieris
1101 1344 1351 1399 mandata
1377 1344 1587 1398 Domini
1624 1344 1717 1397 Dei
1745 1344 1841 1409 tui,

283 1459 301 1490 ι
333 1448 390 1493 et
408 1436 767 1492 ambulaveris
793 1436 846 1490 in
881 1436 984 1490 viis
1011 1434 1143 1503 ejus,
1173 1436 1430 1490 videbunt
1451 1450 1638 1491 omnes
1668 1444 1842 1490 terra-

284 1548 302 1579 ι
336 1544 457 1583 rum
492 1527 673 1597 populi
703 1527 845 1595 quod
868 1540 1060 1579 nomen
1089 1526 1301 1580 Domini
1332 1526 1638 1581 invocatum
1661 1527 1730 1581 sit
1756 1542 1848 1581 su-

282 1639 302 1670 ι
337 1634 435 1688 per
460 1627 532 1681 te,
560 1627 615 1671 et
640 1616 905 1671 timebunt
934 1625 1006 1679 te,
1024 1624 1079 1670 et
1100 1616 1373 1670 abundare
1402 1624 1455 1671 te
1474 1615 1638 1670 faciet
1667 1618 1847 1673 Domi-

283 1726 304 1759 ι
337 1724 441 1762 nus
468 1706 720 1762 omnibus
748 1705 921 1759 bonis.
961 1726 978 1757 ι
1009 1705 1223 1760 Timent
1254 1707 1437 1761 hostes
1462 1707 1716 1776 populum
1745 1707 1819 1761 Ec

1949 560 1966 587 ι
2010 538 2151 603 istae,
2186 558 2207 591 ι
2239 548 2345 593 etc.
2374 538 2507 592 Cum
2548 535 2772 590 dextera
2830 536 2885 588 in
2915 535 3071 590 laude
3097 544 3356 605 ponatur,
3400 552 3511 592 non

1944 628 2015 682 ibi
2041 643 2104 683 ea
2135 629 2603 698 reprehenduntur
2627 641 2746 695 quae
2774 626 2964 681 dextra
2993 635 3139 691 sunt,
3168 629 3265 683 sed
3296 629 3384 683 ille
3414 629 3511 699 qui

1944 718 2178 772 declinat
2224 719 2279 771 in
2328 733 2411 781 ea,
2463 718 2515 771 id
2548 725 2648 779 est,
2698 717 2792 784 qui
2840 715 2941 771 sibi
2998 725 3217 785 arrogat
3263 733 3382 785 qua:
3416 719 3511 774 Dei

1945 823 2088 868 sunt.
2109 812 2235 868 Ideo
2259 815 2456 868 dicitur
2485 815 2538 868 in
2563 812 2898 867 Proverbiis:
2922 832 2940 862 ι
2965 810 3042 865 Ne
3056 811 3290 865 declines
3308 813 3362 865 in
3383 813 3514 866 dex-

1945 912 2059 959 tera
2089 913 2181 958 aut
2213 905 2454 960 sinistra.
2480 904 2609 958 Vias
2633 903 2777 957 enim
2803 917 2922 972 qum
2950 918 2981 954 a
3027 902 3236 956 dextris
3259 908 3388 956 sunt
3415 915 3517 955 no—

1943 994 2021 1047 vit
2049 994 2326 1049 Dominus.
2357 994 2631 1047 Perversae
2657 1002 2837 1046 autem
2884 999 3010 1044 sunt
3048 1005 3171 1059 qua:
3214 1005 3246 1044 a
3278 991 3517 1046 sinistris

1945 1090 2071 1137 sunt
2102 1103 2120 1135 ι
2148 1083 2331 1153 (Prov.
2358 1082 2452 1149 Iv).
2478 1082 2620 1151 Ergo
2650 1083 2803 1135 bona:
2827 1080 3169 1134 suntdextra
3205 1095 3346 1148 quas
3366 1079 3521 1135 novit

1947 1162 2222 1227 Dominus.
2262 1190 2280 1223 ι
2316 1171 2474 1226 Novit
2520 1191 2538 1224 ι
2577 1186 2709 1241 ergo
2739 1188 2757 1220 ι
2792 1169 3051 1224 Dominus
3079 1169 3196 1223 vias
3212 1169 3514 1239 iustorum,

1945 1271 2001 1317 et
2028 1265 2132 1318 iter
2181 1260 2466 1331 impiorum
2512 1262 2731 1330 peribit,
2772 1280 2791 1312 ι
2819 1260 2958 1314 sicut
2994 1260 3048 1313 in
3072 1259 3283 1327 psalmo
3319 1259 3520 1330 legitur

1946 1350 2118 1425 (Psal.
2148 1350 2209 1422 ι).
2236 1351 2346 1406 Cur
2385 1366 2513 1420 ergo
2546 1351 2746 1404 dictum
2768 1350 2860 1412 sit,
2893 1367 2912 1399 ι
2953 1364 3020 1403 ne
3041 1348 3276 1403 declines
3303 1348 3357 1402 in
3380 1349 3514 1402 dex-

1946 1450 2137 1502 teram,
2177 1459 2196 1491 ι
2237 1447 2630 1508 consequenter
2664 1437 2903 1491 ostendit
2960 1436 3205 1490 addendo
3251 1452 3265 1488 :
3321 1452 3339 1485 ι
3392 1434 3513 1503 Ipse

1944 1535 2087 1589 enim
2120 1541 2301 1587 rectos
2355 1531 2516 1586 faciet
2560 1514 2754 1585 cursus
2788 1539 2926 1583 tuos.
2982 1548 3002 1581 ι
3038 1527 3190 1581 Absit
3237 1534 3414 1580 autem
3454 1534 3514 1578 ut

1945 1623 2167 1676 dextras
2213 1638 2348 1691 quas
2376 1621 2522 1676 novit
2554 1622 2810 1675 Dominus
2847 1635 3105 1690 negemus
3133 1633 3255 1672 esse
3285 1628 3461 1672 rectas
3495 1631 3514 1672 :

1946 1712 2060 1777 sed,
2092 1720 2150 1765 ut
2178 1712 2304 1773 dixi,
2353 1711 2621 1765 declinare
2649 1710 2703 1764 in
2726 1725 2842 1773 eas,
2873 1718 2955 1763 est
2984 1722 3088 1761 non
3119 1707 3264 1760 illius
3298 1706 3510 1776 gratiae,

278 1799 489 1865 clesiae,
517 1813 639 1853 cum
669 1796 887 1866 maligni
916 1797 1158 1866 spiritus,
1189 1796 1404 1865 quando
1430 1811 1622 1850 nomen
1645 1796 1843 1852 Christi
1874 1792 1917 1850 Β
1946 1801 2039 1856 sed
2070 1801 2171 1855 sibi
2198 1801 2434 1854 tribuere
2462 1799 2600 1853 velle
2621 1798 2763 1868 quod
2794 1803 2999 1852 rectum
3026 1802 3127 1850 est.
3161 1794 3423 1862 Denique,
3456 1802 3519 1847 ut

280 1893 336 1946 in
364 1890 549 1946 electis
596 1889 691 1943 Dei
723 1888 868 1943 intus
897 1888 948 1942 in
976 1886 1081 1943 fide
1125 1896 1179 1941 et
1205 1885 1336 1942 foris
1371 1888 1424 1941 in
1471 1888 1722 1957 operibus
1750 1903 1844 1943 co-

278 1994 504 2035 ruscare
544 1977 905 2046 conspiciunt,
951 1977 1187 2031 verendo
1235 1975 1445 2048 fugiunt
1474 1994 1488 2029 :
1521 1992 1620 2032 nec
1651 1977 1730 2031 eis
1757 1990 1843 2031 re-

278 2071 474 2126 sistere
515 2067 750 2136 nequitia
799 2082 893 2121 sua
936 2072 1210 2136 poterunt.
1246 2065 1400 2121 Unde
1428 2065 1688 2135 scriptum
1715 2073 1798 2118 est
1830 2082 1843 2117 :

287 2176 307 2209 ι
345 2157 602 2212 Resistite
649 2153 884 2219 diabolo,
927 2163 982 2208 et
1019 2153 1185 2225 fugiet
1208 2169 1239 2208 a
1273 2154 1427 2209 vobis
1462 2174 1480 2205 ι
1516 2151 1723 2223 (Iacob.
1749 2150 1846 2222 ιν),

282 2248 351 2301 Ει
398 2238 594 2300 Petrus
630 2244 683 2298 in
730 2243 965 2313 Epistola
997 2258 1093 2297 sua
1135 2244 1254 2296 ait:
1310 2261 1329 2295 ι
1383 2241 1562 2297 Sobrii
1591 2250 1766 2296 estote
1795 2247 1851 2295 et

280 2335 501 2406 vigilate
526 2375 542 2400 ,
592 2334 719 2404 quia
771 2334 1112 2388 adversarius
1177 2341 1353 2388 vester
1408 2333 1672 2397 diabolus,
1732 2340 1851 2386 tan-

283 2442 449 2496 quam
474 2425 562 2480 leo
606 2425 843 2495 rugiens,
891 2425 1106 2488 circuit,
1133 2440 1382 2494 quaerens
1409 2439 1567 2493 quem
1606 2425 1844 2479 devoret.

282 2515 385 2571 Cui
414 2515 649 2570 resistite
679 2514 844 2569 fortes
870 2513 924 2568 in
953 2513 1055 2568 fide
1078 2531 1091 2567 :
1116 2514 1347 2567 scientes
1365 2513 1614 2568 eamdem
1646 2512 1851 2582 passio-

282 2621 409 2661 nem
435 2606 508 2669 ei,
534 2619 654 2674 quae
676 2605 724 2658 in
755 2603 955 2658 mundo
981 2613 1086 2669 est,
1109 2614 1301 2659 vestrae
1322 2603 1650 2657 fraternitati
1679 2602 1796 2657 fieri
1826 2623 1844 2654 ι

286 2695 339 2768 (Ι
371 2693 517 2749 Petr.
547 2695 620 2766 v).
672 2695 958 2750 Abundare
996 2695 1158 2750 faciet
1186 2696 1444 2750 Dominus
1479 2701 1694 2750 sanctos
1722 2708 1851 2751 suos

220 2835 225 2839 .
285 2786 538 2841 omnibus
564 2785 741 2850 bouis,
768 2785 982 2854 quando
1011 2785 1100 2839 hic
1131 2785 1286 2840 bonis
1328 2793 1488 2854 auget
1521 2784 1753 2846 meritis,
1796 2792 1851 2838 et

286 2874 341 2930 in
373 2873 554 2927 futuro
577 2872 885 2928 etelestibus
907 2873 1267 2928 remunerabit
1293 2874 1548 2942 praemiis.
1583 2891 1602 2924 ι
1629 2872 1852 2941 Aperiet

291 2985 310 3016 ‹
345 2964 604 3018 Dominus
649 2965 961 3018 thesaurum
988 2979 1142 3018 suum
1171 2964 1454 3032 optimum,
1482 2963 1678 3018 omium
1727 2980 1741 3016 :
1791 2969 1853 3016 ut

288 3073 311 3104 ι
346 3055 558 3108 tribuat
586 3053 818 3122 pluviam
845 3060 1002 3108 terra:
1031 3061 1135 3106 tua:
1160 3054 1214 3108 in
1247 3061 1485 3122 tempore
1510 3067 1627 3107 suo.
1673 3072 1692 3104 ι
1723 3051 1849 3106 Cu:-

284 3145 396 3200 lum
435 3145 525 3198 hic
546 3144 859 3213 prophetas,
896 3142 977 3196 vel
1011 3143 1297 3213 apostolos,
1331 3144 1443 3199 sive
1470 3143 1850 3212 praedicatores

284 3236 436 3289 verbi
472 3235 584 3297 Dei,
608 3248 893 3303 possumus
922 3232 1237 3303 intelligere,
1269 3234 1336 3288 de
1363 3233 1559 3302 quibus
1587 3233 1849 3302 scriptum

285 3332 407 3378 est:
445 3341 464 3374 c
501 3321 635 3377 Coeli
662 3331 918 3377 enarrant
931 3322 1158 3391 gloriam
1188 3322 1307 3387 Dei,
1334 3330 1388 3376 et
1405 3337 1568 3391 opera
1594 3335 1848 3375 manuum

285 3414 402 3483 ejus
428 3413 709 3468 annuntiat
752 3411 1170 3467 firmamentum.
1207 3431 1227 3464 ι
1265 3411 1411 3480 Quos
1440 3422 1567 3467 tunc
1594 3412 1853 3467 Dominus

285 3507 465 3575 aperit
510 3513 571 3558 ut
602 3504 801 3559 tribuat
841 3504 1097 3574 pluviam,
1147 3504 1362 3572 quando
1389 3518 1482 3558 eos
1509 3518 1608 3572 per
1654 3503 1852 3557 donum

287 3595 524 3666 Spiritus
576 3593 752 3648 sancti
798 3592 1046 3648 concedit
1098 3592 1398 3648 doctrinam
1449 3590 1691 3659 proferre
1725 3589 1855 3643 divi-

285 3702 438 3751 nam,
464 3692 523 3738 ut
561 3683 855 3738 carnalium
901 3681 1085 3746 corda,
1116 3682 1220 3736 hoc
1262 3680 1432 3734 imbre
1461 3679 1708 3749 irrigata,
1735 3691 1856 3747 ger-

285 3794 411 3835 men
434 3779 701 3832 bonorum
730 3789 951 3843 operum
984 3772 1194 3842 possint
1215 3770 1478 3841 proferre.
1510 3787 1528 3820 ι
1562 3767 1855 3823 Fenerabis

291 3888 314 3923 ι
360 3869 608 3939 gentibus
642 3865 826 3921 multis
864 3873 920 3919 et
960 3865 1074 3933 ipse
1101 3879 1131 3918 a
1168 3862 1311 3917 nullo
1342 3861 1498 3916 fenus
1536 3859 1791 3928 accipies.
1829 3878 1848 3912 ι

287 3958 578 4017 Fenerabit
629 3956 867 4011 Ecclesia
914 3956 1163 4026 gentibus
1207 3952 1409 4019 multis,
1459 3952 1675 4022 quando
1730 3950 1859 4006 cha-

294 4049 521 4103 rismata
540 4048 636 4102 Dei
665 4043 971 4098 nationibus
994 4041 1249 4112 expendit
1276 4039 1521 4109 singulis.
1562 4038 1675 4094 Nec
1701 4036 1859 4093 fenus

293 4135 363 4192 ab
404 4135 516 4189 ulla
548 4135 763 4188 illarum
806 4133 1023 4202 accipit,
1050 4133 1175 4202 quia
1217 4148 1323 4186 non
1369 4141 1715 4204 praesentem,
1764 4128 1859 4183 sed

291 4226 529 4278 futuram
554 4223 1043 4277 remunerationem
1090 4221 1332 4290 inquirit.
1359 4221 1587 4276 Excellit
1610 4221 1858 4276 omnibus

288 4314 435 4368 enim
466 4313 606 4367 dono
650 4311 764 4376 Dei,
803 4320 858 4365 et
886 4320 1046 4381 caput
1073 4320 1156 4366 est
1201 4313 1367 4366 totius
1394 4312 1562 4376 orbis,
1596 4326 1702 4366 non
1733 4326 1861 4365 cau-

292 4405 393 4467 da;
427 4410 485 4457 et
529 4416 744 4470 semper
791 4415 973 4469 supra,
1025 4414 1124 4454 nec
1169 4413 1404 4466 unquam
1458 4401 1647 4453 subter
1687 4397 1857 4467 :quia

291 4493 417 4547 licet
438 4505 725 4561 pressuras
758 4496 813 4544 et
851 4488 1253 4558 persecutiones
1281 4486 1543 4542 malorum
1573 4486 1627 4540 in
1662 4487 1863 4540 mundo

290 4582 553 4652 patiatur,
608 4587 787 4634 tamen
826 4578 1017 4632 fortior
1068 4585 1150 4632 est
1197 4577 1545 4641 adversariis,
1568 4592 1633 4631 ac
1661 4576 1766 4631 fide
1812 4583 1867 4631 et

294 4671 493 4725 virtute
521 4669 723 4724 eminet
746 4668 1029 4723 universis.
1060 4666 1323 4735 Sequitur
1351 4683 1364 4718 :

368 4778 386 4810 ι
426 4759 734 4814 Constituet
763 4766 814 4812 te
845 4757 1103 4811 Dominus
1133 4756 1185 4809 in
1213 4764 1377 4824 caput
1414 4763 1469 4809 et
1512 4770 1618 4809 non
1661 4756 1713 4810 in
1738 4770 1868 4810 cau-

301 4868 319 4898 ι
356 4848 485 4901 dam
531 4864 544 4900 ε
579 4855 634 4901 et
661 4846 770 4901 eris
796 4860 1009 4914 semper
1034 4858 1195 4913 supra
1222 4851 1276 4897 et
1305 4858 1411 4897 non
1457 4844 1657 4907 subter,
1693 4845 1736 4899 si
1773 4860 1869 4898 au-

300 4960 320 4991 ς
357 4940 525 4995 dieris
563 4938 817 4993 mandata
840 4935 1053 4989 Domini
1080 4934 1177 4988 Dei
1206 4933 1305 4998 tui,
1329 4948 1448 5002 qua!
1477 4950 1576 5004 ego
1608 4935 1863 5004 praecipio

302 5052 321 5083 ι
359 5031 458 5086 tibi
486 5030 665 5093 hodie,
698 5037 753 5083 et
783 5025 1102 5082 custodieris
1127 5032 1182 5078 et
1223 5022 1435 5089 feceris,
1475 5040 1539 5080 ac
1566 5040 1672 5079 non
1698 5024 1864 5079 decli-

302 5140 321 5173 ι
360 5119 579 5175 naveris
603 5118 671 5172 ab
693 5117 793 5180 eis,
818 5129 917 5169 nec
937 5113 1004 5167 ad
1039 5113 1319 5167 dexteram
1344 5128 1444 5167 nec
1466 5112 1532 5167 ad
1548 5114 1824 5168 sinistram
1849 5131 1863 5167 :

302 5231 323 5262 ι
358 5225 463 5265 nec
498 5216 715 5264 secutus
755 5208 923 5262 fueris
950 5208 1079 5264 deos
1104 5207 1332 5273 alienos,
1363 5222 1462 5263 nec
1494 5207 1725 5263 colueris
1751 5224 1864 5262 eos.

304 5318 326 5351 ι
359 5297 477 5358 Non
508 5298 816 5368 prazteribis
841 5298 911 5352 ab
951 5295 1199 5353 omnibus
1226 5296 1405 5351 verbis
1432 5311 1553 5365 quae
1591 5312 1689 5366 ego
1719 5313 1871 5351 man-

306 5410 328 5446 σ
363 5389 435 5443 do
481 5388 576 5442 tibi
626 5388 783 5443 hodie
811 5387 1003 5441 dextra
1043 5392 1135 5439 aut
1164 5385 1407 5450 sinistra,
1444 5386 1522 5440 ire
1574 5394 1695 5455 post
1744 5385 1875 5440 deos

1947 1891 2081 1955 dixi,
2127 1889 2370 1960 adjungit
2420 1897 2476 1944 et
2517 1888 2649 1942 dicit
2704 1906 2717 1941 :
2768 1905 2787 1937 ι
2819 1886 2938 1955 ipse
2963 1885 3108 1939 enim
3148 1891 3328 1939 rectos
3354 1882 3516 1937 faciet

1946 1999 2137 2039 cursus
2156 1990 2297 2044 tuos,
2327 1989 2383 2036 et
2402 1980 2582 2035 omnia
2609 1980 2804 2033 itinera
2831 1987 2921 2030 tua
2947 1977 3001 2030 in
3028 1990 3160 2045 pace
3184 1974 3461 2043 producet.
3487 1993 3507 2025 ι

2016 2070 2354 2140 Quapropter
2382 2069 2525 2138 quod
2574 2068 2680 2122 isto
2706 2067 2825 2121 loco
2862 2063 3261 2120 Deuteronomii
3309 2062 3515 2118 dictum

1946 2170 2047 2227 est,
2093 2180 2113 2214 ι
2164 2161 2282 2216 Non
2325 2160 2627 2232 prsteribis
2673 2158 2740 2213 ab
2764 2156 3014 2212 omnibus
3061 2155 3244 2208 verbis
3266 2169 3385 2222 qua:
3410 2167 3512 2224 ego

1949 2253 2143 2307 mando
2172 2253 2267 2307 tibi
2296 2251 2478 2315 hodie,
2509 2251 2701 2303 dextra
2732 2255 2826 2301 aut
2853 2246 3095 2307 sinistra,
3123 2244 3203 2298 ire
3238 2251 3361 2313 post
3384 2243 3516 2298 deos

1948 2345 2173 2408 alienos,
2215 2343 2420 2397 servire
2448 2340 2578 2406 illis,
2613 2359 2632 2391 ι
2664 2354 2769 2393 non
2799 2337 2921 2391 ideo
2951 2337 3154 2390 dictum
3178 2342 3263 2388 est
3287 2333 3412 2402 quia
3442 2332 3519 2387 dii

1948 2434 2155 2505 possint
2201 2434 2365 2488 etiam
2414 2432 2469 2487 in
2499 2431 2704 2487 dextris
2751 2427 2967 2496 accipi:
3007 2426 3104 2479 sed
3155 2433 3250 2479 aut
3302 2430 3522 2478 terrena

1951 2526 2066 2579 loca
2091 2522 2393 2594 signiﬁcata
2442 2531 2591 2586 sunt,
2626 2520 2752 2590 quia
2778 2519 2831 2572 in
2864 2517 3054 2570 dextra
3090 2513 3256 2567 autin
3297 2512 3519 2567 sinistra

1948 2614 2219 2668 habebant
2242 2619 2426 2682 gentes
2451 2609 2587 2663 alios
2614 2609 2742 2662 deos
2773 2606 3032 2669 colentes,
3076 2609 3170 2657 aut
3199 2602 3302 2657 hoc
3329 2600 3396 2655 de
3420 2599 3524 2655 diis

1950 2705 2070 2758 aliis
2092 2702 2380 2772 separatim
2410 2696 2865 2770 pronuntiandum
2907 2704 3011 2759 est,
3039 2702 3100 2748 ut
3124 2694 3230 2748 duo
3260 2692 3370 2746 sint
3393 2705 3522 2745 sen-

1951 2807 2087 2848 sus:
2117 2807 2256 2847 unus
2299 2789 2550 2844 videliwt
2598 2805 2612 2841 :
2651 2785 2767 2840 Non
2795 2783 3099 2854 praeteribis
3151 2781 3220 2836 ab
3273 2778 3524 2834 omnibus

1950 2885 2130 2939 verbis
2176 2898 2297 2952 qua;
2324 2896 2425 2950 ego
2471 2879 2567 2932 tibi
2613 2876 2830 2939 mando,
2881 2875 3071 2927 dextra
3121 2878 3217 2926 aut
3276 2870 3521 2933 sinistra,

1952 2972 2244 3028 secundum
2292 2969 2498 3024 scilicet
2544 2967 2693 3020 illum
2752 2963 3080 3019 intellectum
3139 2975 3302 3031 quem
3355 2974 3519 3028 supra

1953 3061 2175 3132 exposui
2192 3100 2210 3124 ,
2239 3060 2378 3114 alius
2402 3066 2580 3112 autem
2606 3054 2677 3109 sit
2700 3068 2893 3108 sensus
2923 3071 2936 3107 :
2967 3053 3047 3106 ire
3072 3057 3194 3118 post
3211 3051 3340 3104 deos
3363 3048 3520 3113 alios,

1957 3155 2162 3210 servire
2199 3151 2327 3216 illis,
2354 3158 2414 3204 ut
2441 3157 2497 3203 et
2541 3148 2630 3202 hic
2659 3144 3009 3200 subaudiatur
3034 3158 3049 3195 :
3076 3140 3189 3197 Non
3223 3140 3526 3210 praeteribis

1958 3246 2026 3300 ab
2053 3242 2304 3299 omnibus
2333 3238 2513 3294 verbis
2545 3251 2664 3306 qua:
2687 3250 2788 3305 ego
2810 3231 3007 3288 mando
3036 3230 3129 3285 tibi
3159 3229 3334 3284 hodie.
3357 3228 3529 3294 Quem

1959 3342 2127 3388 totum
2165 3344 2384 3386 sensum
2431 3328 2476 3383 si
2531 3326 2710 3381 dicere
2734 3324 2978 3385 velimus,
3018 3320 3298 3390 superiora
3335 3320 3522 3381 verba,

1959 3436 2079 3490 quae
2101 3420 2285 3487 utique
2307 3417 2488 3472 sensui
2505 3423 2630 3470 sunt
2657 3413 2985 3477 communia,
3010 3410 3293 3482 repetituri
3316 3425 3524 3473 sumus;

1960 3520 2020 3565 ut
2051 3509 2322 3579 quomodo
2350 3506 2461 3559 illic
2509 3502 2868 3559 dicitur:Non
2916 3501 3220 3570 praeteribis
3251 3499 3320 3553 ab
3356 3499 3531 3554 omni-

1960 3600 2060 3653 bus
2087 3611 2207 3666 qua:
2232 3610 2331 3665 ego
2355 3594 2548 3647 mando
2600 3592 2696 3646 tibi
2737 3591 2897 3645 hodie
2922 3592 3110 3644 dextra
3148 3598 3242 3643 aut
3283 3589 3527 3649 sinistra,

1961 3688 2040 3742 sic
2080 3694 2137 3741 et
2183 3686 2305 3740 istic
2342 3689 2618 3751 repetatur
2647 3679 2802 3734 :Non
2830 3679 3130 3749 praeteribis
3181 3678 3250 3732 ab
3273 3678 3526 3732 omnibus

1961 3794 2081 3849 quae
2122 3792 2225 3848 ego
2252 3774 2448 3829 mando
2487 3772 2583 3827 tibi
2618 3770 2796 3833 hodie,
2827 3771 2907 3825 ire
2947 3777 3068 3839 post
3116 3769 3248 3823 deos
3298 3767 3530 3832 alienos,

1962 3868 2168 3925 servire
2193 3865 2316 3920 illis.
2345 3860 2728 3917 Praetereundo
2768 3859 2913 3915 enim
2943 3874 2974 3913 a
3002 3859 3184 3913 verbis
3216 3872 3337 3926 qua:
3374 3870 3534 3909 man-

1963 3958 2089 4012 data
2134 3961 2281 4019 sunt,
2326 3952 2491 4007 etiam
2533 3951 2638 4006 hoc
2668 3947 2729 4004 ﬁt
2764 3958 2826 4003 ut
2851 3957 3004 4004 eatur
3033 3959 3155 4018 post
3186 3948 3319 4002 deos
3354 3946 3528 4001 alios:

1963 4061 2071 4103 non
2099 4046 2245 4102 enim
2274 4045 2378 4099 hoc
2403 4042 2577 4098 solum
2620 4042 2934 4097 mandatum
2959 4049 3061 4095 est.
3092 4039 3199 4094 Aut
3231 4038 3406 4094 solum
3427 4037 3532 4092 hoc

1963 4135 2238 4207 prmterire
2283 4131 2427 4187 Deus
2469 4146 2573 4186 non
2637 4130 2751 4185 vult
2798 4129 2940 4199 quod
2983 4129 3256 4183 mandavit
3306 4141 3373 4180 ne
3409 4133 3535 4194 post

1964 4227 2094 4281 deos
2136 4223 2343 4278 alienos
2385 4228 2558 4285 eatur,
2585 4222 2679 4274 sed
2702 4220 2881 4273 omnia
2928 4233 3047 4286 quae
3082 4216 3380 4270 mandavit.
3414 4214 3530 4269 Hoc

1966 4322 2145 4378 tamen
2164 4313 2237 4366 ita
2255 4311 2548 4380 praecipue,
2576 4316 2635 4362 ut
2672 4314 2794 4377 post
2813 4307 3215 4378 generalitatem
3240 4306 3529 4375 praecepti,

1965 4419 2072 4475 quo
2119 4401 2399 4458 admonuit
2445 4415 2552 4454 non
2575 4412 2697 4453 esse
2718 4397 3147 4467 praetereundum
3193 4397 3261 4450 ab
3285 4395 3537 4450 omnibus

1965 4493 2142 4549 verbis
2197 4491 2573 4546 mandatorum
2628 4503 2873 4553 suorum,
2929 4487 3091 4541 etiam
3140 4487 3244 4540 hoc
3292 4500 3534 4541 seorsum

1966 4583 2344 4641 commendare
2370 4580 2620 4636 voluerit.
2653 4579 2837 4634 Potest
2865 4580 2970 4633 hoc
2995 4578 3136 4648 quod
3162 4579 3261 4642 ait,
3295 4595 3314 4628 ι
3350 4578 3537 4633 dexte-

1968 4691 2029 4731 ra
2062 4683 2158 4729 aut
2200 4673 2446 4737 sinistra,
2486 4690 2506 4723 ›
2545 4671 2711 4725 etiam
2751 4669 2831 4723 sic
2875 4668 3117 4739 intelligi.
3172 4667 3300 4724 Huic
3348 4683 3537 4724 eorum

1969 4781 2132 4822 causa
2152 4779 2271 4834 quae
2292 4770 2514 4832 propter
2535 4760 2846 4817 felicitatem
2860 4765 3205 4828 appetuntur,
3222 4774 3323 4813 nec
3348 4773 3549 4814 eorum
3592 4828 3597 4832 ἡ

1971 4870 2091 4925 quae
2105 4850 2710 4923 propterinfelicitatem
2732 4847 3030 4918 fugiuntur,
3049 4847 3126 4901 ire
3149 4847 3541 4903 mandaverunt

1969 4951 2090 5012 post
2135 4943 2262 4996 deos
2312 4940 2537 5005 alienos,
2581 4940 2635 4993 id
2675 4947 2776 5000 est,
2811 4953 2912 4992 nec
2943 4953 3043 5007 pro
3070 4937 3158 4992 bis
3185 4954 3306 5008 qua:
3348 4954 3538 4994 aman—

1970 5041 2080 5096 tur,
2131 5044 2235 5085 nec
2289 5038 2477 5084 contra
2532 5043 2595 5083 ea
2654 5042 2775 5097 quae
2829 5027 2954 5082 odio
3010 5027 3298 5094 habentur,
3352 5044 3384 5082 a
3435 5028 3541 5082 diis

1971 5124 2092 5179 aliis
2155 5122 2413 5177 auxilium
2470 5120 2803 5191 poscendum
2858 5133 3016 5185 esse;
3085 5128 3180 5174 aut
3246 5127 3393 5175 certe
3446 5118 3539 5172 illo

1973 5212 2133 5267 modo
2183 5219 2243 5265 ut
2301 5211 2658 5266 concilientur
2699 5199 2809 5280 quo
2856 5210 3085 5277 prosint,
3132 5208 3216 5263 vel
3261 5208 3542 5276 placentur

1977 5316 2045 5356 ne
2108 5309 2358 5355 noceant.
2429 5299 2563 5353 Nam
2632 5306 2686 5353 et
2754 5299 2821 5353 de
2887 5297 3207 5366 quibusdam
3280 5292 3538 5360 scriptum

1975 5402 2061 5447 est
2084 5392 2136 5445 in
2157 5390 2365 5459 psalmo
2395 5408 2409 5443 :
2444 5407 2462 5439 ι
2488 5388 2725 5456 Quorum
2748 5402 2810 5442 os
2848 5386 3084 5441 locutum
3106 5393 3191 5437 est
3224 5382 3537 5448 vanitatem,

309 5500 327 5531 ς
365 5478 591 5544 alienos,
648 5479 855 5534 servire
884 5476 1010 5531 illis.
1040 5475 1191 5543 Quod
1218 5477 1261 5530 si
1293 5476 1483 5531 audire
1513 5478 1750 5532 nolueris
1780 5493 1878 5532 vo-
1978 5488 2033 5534 et
2050 5479 2271 5534 dextera
2297 5493 2483 5534 eorum
2524 5477 2745 5530 dextera
2762 5475 3060 5544 iniquitatis
3087 5476 3106 5525 ἡ
3129 5469 3298 5543 (Psal.
3328 5470 3540 5541 cum).

312 5592 328 5620 ι
370 5586 491 5625 cem
523 5569 729 5624 Domini
756 5568 850 5623 Dei
877 5567 955 5622 tui
999 5574 1052 5620 et
1077 5565 1352 5625 custodias
1389 5576 1444 5623 et
1484 5566 1651 5622 facias
1696 5569 1877 5622 omnia

313 5684 330 5718 ι
369 5662 622 5716 mandata
667 5660 784 5730 ejus
830 5666 885 5713 et
930 5658 1267 5713 ceremonias
1307 5674 1442 5731 quas
1483 5673 1583 5731 ego
1625 5658 1876 5729 praecipio

1976 5570 2101 5625 Ideo
2125 5570 2249 5639 quia
2268 5570 2354 5624 his
2380 5569 2540 5624 rebus
2557 5567 2847 5636 opinantur
2871 5564 2986 5619 fieri
3012 5562 3279 5617 hominem
3304 5561 3543 5626 beatum,

1981 5673 2116 5730 quas
2145 5666 2200 5713 ct
2225 5658 2350 5715 boni
2370 5665 2425 5712 et
2451 5656 2577 5711 mali
2602 5664 2823 5726 possunt
2845 5654 3064 5720 habere,
3087 5659 3143 5706 et
3173 5650 3294 5708 ideo
3320 5650 3542 5708 dextera
