3964 6192
512 353 619 411 955

1188 341 1248 396 Β.
1286 336 1539 394 MBAN!
1576 332 1792 390 MAURI
1830 326 2111 386 ARCillEI

2213 321 2502 380 llOGUNT.
2541 319 2826 379 OPERU)!
2862 317 3044 377 PARS
3078 317 3122 374 ῐ.

3629 323 3724 381 936

512 475 597 523 est
641 458 961 532 iniquitatis,
992 455 1120 526 quia
1166 454 1336 523 iniqui
1377 458 1504 506 sunt
1531 451 1625 519 qui
1649 462 1769 502 eam
1798 445 2075 499 dexteram
2102 440 2158 500 Δ
2185 446 2280 492 aut
2293 436 2638 507 permittente
2663 433 2909 497 Domino,
2938 447 3040 488 nec
3063 439 3149 487 est
3171 429 3372 501 aliquid
3393 430 3447 485 in
3470 440 3598 488 terra
3625 440 3729 493 sine

513 561 727 626 putant.
764 550 880 605 Non
895 547 1043 603 enim
1063 551 1147 600 est
1168 558 1297 597 vera
1334 540 1579 605 dextera,
1627 536 1724 592 sed
1758 535 1980 590 dextera
2006 544 2098 587 eo—

517 624 636 702 rum
663 656 891 715 quorum
932 654 994 694 os
1019 637 1260 691 locutum
1285 641 1369 688 est
1391 631 1704 685 vanitatem.
1754 627 1977 681 Beatum
2019 624 2100 679 di-

516 747 715 798 xerunt
738 735 993 809 populum
1022 732 1109 787 cui
1126 732 1241 784 haec
1260 733 1405 782 sunt.
1432 725 1565 780 Cum
1590 721 1788 792 potius,
1809 720 1953 774 sicut
1973 733 2098 772 mox

516 808 759 901 adjungit
785 834 840 880 et
860 824 1014 885 dicit,
1069 820 1261 874 beatus
1287 816 1361 870 sit
1385 812 1613 884 populus
1655 810 1810 880 cujus
1837 808 2100 864 Dominus

517 896 660 977 Deus
680 896 872 988 ipsius,
903 914 1020 967 [nec
1044 917 1130 964 est
1153 922 1280 961 vera
1305 908 1530 960 dextera
1556 900 1843 971 aequitatis,
1866 914 1972 954 non
2000 896 2102 951 ini-

517 984 761 1081 quitatis.
790 1005 905 1060 Non
935 1011 1021 1057 est
1043 1015 1173 1069 ergo
1202 995 1434 1051 eundum
1460 1000 1583 1062 post
1603 992 1733 1046 deos
1752 988 1974 1043 alienos.
2003 984 2107 1081 Ne:

516 1074 623 1173 que
654 1102 707 1154 in
744 1099 989 1159 dextera,
1036 1098 1096 1145 ut
1128 1087 1404 1144 existimet
1449 1085 1611 1138 homo
1637 1097 1705 1136 ex
1734 1079 1865 1148 ipsis
1896 1092 1955 1132 se
1982 1074 2101 1130 tieri

518 1166 758 1247 beatum.
818 1186 1003 1255 Neque
1027 1184 1082 1237 in
1109 1181 1351 1243 sinistra,
1380 1187 1442 1230 ut
1461 1172 1820 1228 existimando
1849 1168 1982 1238 ipsis
2008 1166 2105 1221 ad-

517 1280 859 1338 versantibus
906 1292 965 1331 se
1000 1273 1116 1328 fieri
1168 1272 1447 1331 miserum,
1504 1265 1570 1319 ad
1598 1264 1698 1317 hoc
1740 1276 1833 1317 eos
1876 1259 2019 1314 colat
2045 1265 2105 1312 ut

515 1376 746 1425 avertat.
777 1367 885 1421 Aut
915 1372 1065 1419 certe
1092 1363 1138 1415 si
1170 1361 1443 1415 dexteram
1483 1352 1831 1423 intelligimus
1866 1359 2094 1413 aeterna,

520 1462 803 1516 sinistram
849 1468 1000 1516 vero,
1058 1447 1375 1519 temporalia
1401 1444 1572 1507 bona;
1601 1457 1701 1496 nec
1753 1448 1973 1510 propter
2013 1440 2104 1493 illa

521 1565 625 1606 nec
653 1554 872 1619 propter
897 1545 999 1599 ista
1025 1555 1119 1596 eos
1168 1538 1421 1594 colendos
1476 1542 1663 1589 sancta
1692 1530 1975 1600 Scriptura
1999 1531 2103 1585 hoc

524 1638 644 1693 loco
674 1633 1017 1691 admonuisse
1045 1630 1318 1685 credatur.

601 1746 622 1777 ι
668 1724 823 1792 Quod
850 1722 896 1777 si
933 1720 1118 1775 audire
1156 1716 1393 1771 nolueris
1421 1728 1608 1768 vocem
1639 1710 1849 1767 Domini
1883 1709 1975 1764 Dei
2001 1708 2102 1772 tui,

2207 542 2399 583 causa.
2423 525 2555 593 Quis
2575 540 2741 595 porro
2774 532 2880 578 tam
2904 523 3067 593 impie
3092 521 3325 591 desipiat
3343 528 3405 575 ut
3426 523 3564 577 dicat
3585 524 3729 582 Deum

2202 616 2376 671 malas
2405 615 2707 670 voluntates
2725 613 3024 678 hominum,
3049 625 3184 682 quas
3212 610 3463 676 voluerit,
3490 613 3539 666 in
3563 612 3728 671 bonum

2202 726 2309 765 non
2340 723 2499 778 posse
2523 705 2874 763 convertere?
2901 703 3007 759 Sed
3026 718 3149 759 cum
3170 702 3320 767 facit,
3348 718 3444 772 per
3468 703 3730 760 misericor-

2203 800 2348 854 diam
2373 797 2533 863 facit;
2563 812 2686 851 cum
2727 803 3029 850 autemnon
3062 792 3209 857 facit,
3251 808 3351 863 per
3371 791 3614 861 judicium
3645 812 3726 850 non

2204 888 2348 944 facit.
2375 889 2511 955 Quia
2535 886 2688 956 cujus
2714 887 2831 941 vult
2862 887 3169 949 miseretur,
3194 892 3247 939 ct
3277 899 3437 955 quem
3466 884 3572 938 vult
3592 886 3730 940 obdu-

2203 988 2307 1034 rat.
2345 998 2363 1031 ι
2409 979 2614 1035 Curium
2659 977 2804 1048 quod
2847 991 3010 1045 super
3034 985 3088 1031 te
3113 983 3217 1041 est,
3254 991 3494 1040 aeneum;
3524 984 3575 1031 et
3613 984 3730 1030 terra

2206 1090 2228 1122 ι
2274 1085 2434 1141 quam
2455 1069 2654 1135 calcas,
2682 1069 2786 1123 erit
2813 1067 3010 1123 ferrea.
3041 1085 3061 1118 ι
3103 1066 3383 1120 Elemeuta
3420 1065 3601 1134 quibus
3627 1067 3730 1120 nni-

2202 1161 2346 1215 versi
2379 1158 2586 1214 fructus
2613 1159 2943 1223 nutriuntur,
2999 1164 3282 1226 comparat
3322 1156 3609 1211 durissimis
3644 1152 3761 1211 me?

2205 1252 2369 1318 tallis,
2399 1252 2526 1322 quia
2552 1260 2775 1321 peccata
2799 1249 3076 1305 hominum
3104 1248 3312 1303 faciunt
3333 1256 3391 1302 ut
3431 1262 3597 1302 rerum
3625 1249 3733 1303 ordo

2202 1352 2562 1413 permntetur,
2584 1352 2637 1397 et
2664 1356 2782 1411 qum
2803 1342 2868 1394 ad
2889 1340 3137 1395 solatium
3157 1339 3375 1395 condita
3400 1347 3520 1394 sunt
3540 1340 3734 1395 humano

2203 1434 2408 1506 generi,
2461 1434 2529 1488 ad
2580 1435 2979 1502 correptiouem
3024 1446 3212 1485 eorum
3268 1438 3557 1485 vertantur.
3614 1428 3736 1485 Unde

2202 1523 2466 1593 scriptum
2492 1530 2578 1577 est
2608 1540 2621 1576 :
2657 1540 2689 1598 ¢_
2717 1521 2930 1592 Pugnat
2959 1535 3061 1592 pro
3088 1534 3156 1574 eo
3184 1519 3335 1575 orbis
3364 1527 3612 1574 terrarum
3633 1533 3736 1573 con-

2205 1623 2289 1669 tra
2340 1613 2648 1666 insensatos
2685 1631 2704 1664 ι
2761 1610 2915 1683 (Sup.
2940 1610 3015 1682 v).
3050 1609 3213 1663 Juxta
3259 1608 3560 1675 allegoriam
3588 1616 3735 1662 autem

2204 1702 2403 1760 omium
2437 1702 2543 1757 erit
2565 1716 2773 1757 aeneum
2810 1698 3321 1769 pravariratoribus
3354 1697 3483 1767 legis
3509 1696 3615 1761 Dei,
3639 1712 3737 1752 cum

532 1835 551 1868 ι
600 1823 660 1869 ut
681 1789 956 1869 custodias
1008 1819 1064 1865 et
1097 1807 1265 1861 facias
1296 1804 1476 1859 omnia
1504 1802 1756 1856 mandata
1786 1799 1905 1868 ejus
1929 1809 1984 1853 et
2010 1814 2102 1853 ce-
2128 1790 2176 1849 B
2204 1795 2407 1851 nullam
2446 1809 2475 1847 a
2499 1793 2698 1849 sanctis
2732 1792 3044 1847 doctoribus
3085 1798 3367 1847 merentur
3409 1790 3633 1844 invenire
3653 1789 3739 1844 cle-

532 1922 553 1955 ι
597 1901 867 1957 remonias
892 1914 1029 1967 quas
1050 1911 1150 1966 ego
1162 1893 1416 1965 praecipio
1446 1892 1541 1947 tibi
1568 1891 1753 1955 hodie,
1778 1889 1995 1943 venient
2018 1903 2110 1943 su-

533 2013 553 2044 (
599 2008 695 2061 per
718 2002 770 2045 te
807 2003 995 2045 omnes
1034 1984 1439 2040 maledictiones
1467 1982 1605 2047 ista},
1633 1987 1689 2035 et
1710 1979 2109 2049 apprehendent

535 2102 555 2135 ι
606 2090 675 2135 ιε.
729 2078 1043 2132 Maledictus
1067 2074 1181 2128 eris
1230 2071 1548 2134 incivitate,
1599 2078 1653 2122 et
1682 2067 1999 2123 maledictus
2053 2067 2108 2121 in

534 2194 557 2227 ι
604 2187 754 2243 agro,
795 2191 812 2222 ι
847 2166 1224 2223 ete.Sieutbis
1245 2163 1335 2232 qui
1357 2160 1712 2217 custodierint
1734 2159 1988 2213 mandata
2014 2157 2110 2215 Dei

530 2263 782 2336 promisit
807 2258 1218 2316 benedictiones
1265 2262 1321 2308 et
1346 2251 1734 2307 beatitudinem
1768 2257 2109 2320 perpetuam,

536 2357 616 2411 sic
637 2370 668 2409 e
698 2350 973 2409 contrario
1005 2362 1102 2418 per
1129 2344 1349 2401 easdem
1393 2341 1603 2412 species
1626 2354 1764 2410 quas
1789 2348 1916 2395 ante
1940 2339 1995 2393 in
2015 2340 2112 2395 be-

536 2443 932 2500 nedictionibus
980 2434 1337 2499 enumeravit,
1386 2432 1490 2487 illis
1516 2431 1610 2501 qui
1660 2445 1882 2486 servare
1930 2429 2111 2485 divina

534 2542 803 2606 praecepta
815 2531 1106 2586 noluerunt
1116 2524 1521 2582 maledictiones
1531 2531 1585 2577 et
1596 2522 1773 2592 ignem
1788 2521 2114 2593 praenuntiat

535 2633 853 2698 perpetuum
880 2640 893 2676 :
924 2621 1048 2690 quia
1066 2619 1207 2673 sicut
1232 2615 1360 2671 boni
1382 2615 1657 2685 perceptio
1671 2611 1947 2669 beatiﬁcat
1972 2612 2116 2668 acci-

532 2694 766 2789 pientes,
793 2714 873 2769 sic
888 2720 943 2766 et
968 2709 1203 2781 privatio
1224 2707 1396 2778 ipsius
1421 2705 1747 2761 condemnat
1772 2694 2110 2775 peccatores.

538 2826 559 2858 ι
605 2805 783 2861 Mittet
807 2801 1064 2858 Dominus
1112 2813 1276 2867 super
1302 2806 1357 2851 te
1382 2794 1579 2851 famem
1604 2803 1660 2849 et
1683 2794 1918 2850 esuriem
1947 2802 2004 2850 et
2032 2794 2117 2848 in-

540 2918 560 2952 ‹
607 2896 977 2967 crepationem
1006 2893 1058 2946 in
1078 2890 1261 2946 omnia
1283 2904 1445 2958 opera
1474 2897 1563 2943 tua
1590 2902 1712 2956 qua:
1732 2885 1921 2953 facies,
1941 2887 2116 2942 donec

542 3006 564 3041 ι
607 2991 850 3043 conterat
879 2991 932 3038 te
978 2990 1034 3036 et
1056 2979 1248 3051 perdat
1275 2977 1552 3041 velociter,
1596 2983 1820 3046 propter
1860 2975 2117 3031 adiuven-

544 3100 564 3131 ι
615 3079 786 3133 tiones
810 3085 929 3130 tuas
946 3071 1211 3143 pessimae
1237 3070 1289 3121 in
1315 3068 1513 3137 quibus
1541 3066 1806 3135 reliquisti
1831 3079 1936 3120 me.
1968 3085 1988 3117 ι
2008 3064 2115 3118 Fa-

2206 1887 2486 1951 mentiarn,
2514 1883 2609 1939 sed
2635 1883 2984 1938 durissimam
3016 1881 3255 1937 sentient
3278 1879 3619 1950 disciplinam,
3637 1894 3739 1949 quo-

2206 1978 2353 2031 niam
2388 1975 2491 2047 ipsl
2547 1990 2654 2029 non
2701 1989 2796 2028 cor
2824 1987 3080 2027 carneum
3132 1984 3235 2025 nec.
3264 1969 3470 2025 mollem
3518 1969 3736 2031 animum,

2188 2070 2301 2131 ,sed
2330 2081 2426 2122 cor
2452 2063 2723 2137 lapideum
2778 2071 2833 2117 et
2857 2062 3093 2117 ferream
3121 2069 3359 2116 mentem
3385 2060 3573 2113 habere
3591 2058 3740 2112 voluc-

2208 2168 2354 2212 runt.
2372 2157 2521 2213 Unde
2536 2156 2622 2210 lex
2649 2162 2805 2209 vetus
2824 2153 2961 2207 duro
2987 2151 3294 2206 Judaaorum
3322 2148 3571 2220 populoin
3594 2147 3741 2216 lapide

2209 2248 2512 2317 conscripta
2531 2246 2780 2310 dabatur,
2812 2250 2872 2297 ut
2896 2256 2961 2296 ex
2992 2241 3193 2297 collato
3224 2254 3446 2295 munere
3473 2238 3744 2292 manifesta—

2209 2346 2359 2393 retur
2379 2336 2565 2406 quals
2590 2334 2793 2390 fuerint
2820 2330 2940 2402 ejus
2968 2343 3300 2401 acceptores.
3337 2348 3356 2380 ι
3402 2329 3497 2383 Det
3523 2327 3742 2383 Dominus

2215 2446 2236 2480 ‹
2277 2427 2504 2482 imbrem
2534 2434 2694 2479 terrm
2731 2432 2837 2479 tua:
2878 2420 3158 2493 pulverem
3189 2439 3202 2474 :
3227 2428 3287 2476 et
3310 2419 3378 2474 de
3405 2419 3536 2475 caelo
3560 2418 3746 2473 descen-

2215 2538 2236 2571 ι
2281 2519 2372 2574 dat
2399 2531 2564 2586 super
2598 2523 2651 2570 te
2673 2515 2830 2579 cinis,
2858 2514 3033 2569 donec
3058 2511 3382 2568 co..tcraris.
3419 2531 3437 2563 ν
3480 2511 3609 2579 Ergo
3630 2509 3745 2564 sicut

2210 2608 2387 2680 pulvis
2416 2614 2472 2660 et
2499 2605 2637 2661 cinis
2675 2620 2781 2659 non
2811 2611 2937 2657 sunt
2963 2602 3245 2673 frugifera,
3301 2602 3375 2657 ita
3400 2600 3625 2655 doctrina
3649 2614 3743 2666 qua:

2212 2701 2309 2757 tibi
2338 2699 2665 2770 impenditur
2684 2712 2789 2752 non
2810 2694 3070 2751 excitabit
3100 2695 3154 2748 in
3179 2701 3233 2749 te
3249 2694 3484 2764 germina
3511 2690 3745 2753 virtutum,

2213 2792 2307 2847 sed
2333 2799 2592 2846 aeternum
2619 2788 2921 2843 incorrecto
2958 2783 3343 2855 prtenuntiabit
3367 2782 3640 2837 interitum.
3664 2777 3748 2832 Per

2213 2885 2492 2957 pulverem
2514 2882 2661 2939 enim
2704 2892 2993 2950 possumus
3022 2876 3360 2947 designatam
3389 2874 3577 2930 sentire
3605 2871 3744 2927 bona.

2216 2989 2335 3028 rum
2362 2986 2583 3042 operum
2606 2968 2963 3031 sterilitatem,
2992 2977 3047 3021 et
3068 2978 3167 3035 per
3184 2965 3423 3020 cinerem
3443 2962 3572 3033 ignis
3591 2959 3744 3015 πιετυί

2216 3063 2665 3124 combustionem,
2693 3058 2817 3128 quia
2838 3055 3004 3125 palea.-
3028 3062 3379 3125 peccatorum
3406 3051 3746 3107 comburuntur

538 3185 681 3225 mem
710 3167 841 3222 dicit
862 3127 965 3219 non
986 3162 1141 3232 panis
1166 3174 1338 3229 neque
1364 3159 1511 3213 sitim
1539 3127 1712 3227 aquae,
1738 3158 1831 3212 sed
1860 3156 2110 3211 audiendi
2140 3127 2185 3189 Ο
2218 3156 2341 3227 igne
2364 3150 2782 3223 inexstinguibili
2809 3148 3161 3204 infernorum.
3196 3165 3215 3197 ι
3239 3145 3437 3201 Tradet
3462 3154 3513 3199 te
3529 3143 3743 3198 Dominus

537 3259 762 3313 verbum
797 3253 1037 3317 Domini;
1066 3260 1121 3306 et
1136 3249 1477 3305 sterilitatem
1502 3248 1781 3313 virtutum,
1810 3262 1969 3317 quam
2011 3248 2116 3302 im-

536 3347 613 3417 pii
657 3343 854 3399 merito
898 3355 1010 3395 sua:
1050 3337 1420 3407 perversitatis
1468 3336 1766 3404 patiuntur,
1803 3336 1929 3404 quia
1961 3336 2114 3407 digni

540 3451 649 3491 non
678 3440 805 3488 sunt
822 3430 891 3484 ad
942 3426 1345 3498 percipiendum
1390 3424 1618 3496 gratiam
1655 3424 1911 3479 divinam.
1964 3425 2116 3481 Unde

539 3524 801 3594 scriptum
835 3527 917 3575 est
964 3518 1176 3573 dicente
1215 3514 1480 3569 Domino:
1512 3532 1530 3565 ι
1570 3514 1833 3571 Mandabo
1881 3516 2114 3575 nubibus

540 3616 677 3672 meis
705 3629 773 3669 ne
796 3613 1162 3684 pluantsuper
1183 3622 1279 3662 eos
1307 3605 1535 3661 imbrem
1569 3626 1588 3658 ι
1627 3605 1761 3677 (Isa.
1789 3605 1864 3677 v).
1910 3608 2110 3663 Verum

539 3706 736 3761 merito
760 3718 870 3758 sure
906 3698 1278 3771 perversitatis
1321 3696 1711 3766 pestilentiam,
1742 3696 1845 3751 hoc
1873 3705 1957 3751 εει
1985 3713 2113 3767 per-

541 3797 901 3852 turbationem
929 3792 1188 3845 virtutum
1214 3797 1273 3870 et
1308 3787 1664 3856 malignorum
1702 3786 1988 3855 spirituum
2033 3794 2115 3841 to-

540 3887 717 3940 lerant
742 3890 1138 3952 tempestatem,
1187 3878 1537 3949 quoadusque
1583 3877 1651 3931 de
1675 3885 1819 3930 terra
1862 3877 2116 3933 Ecclesia:

539 3984 595 4030 tn
621 3972 912 4028 novissimo
936 3984 1034 4039 per
1057 3968 1366 4038 angelorum
1394 3965 1691 4019 ministeria
1719 3963 2032 4030 evellentur,
2060 3972 2118 4019 et

540 4062 735 4119 inferni
789 4058 1097 4115 carceribus
1146 4053 1401 4126 puniendi
1454 4052 1765 4107 tradentur.
1842 4052 2116 4109 Hactenus

539 4155 682 4210 enim
705 4165 904 4222 sagena
918 4147 1129 4202 Domini
1144 4144 1309 4200 trahit
1323 4145 1492 4199 bonos
1517 4143 1694 4211 pisces
1720 4149 1776 4196 et
1800 4142 1990 4208 malos,
2021 4144 2117 4199 do-

540 4265 642 4304 nec
664 4245 943 4320 perveniat
973 4242 1038 4296 ad
1068 4242 1236 4303 littus,
1289 4245 1344 4291 et
1375 4244 1501 4290 tunc
1547 4235 1868 4306 colligentur
1906 4236 2033 4291 boni
2057 4236 2115 4291 in

536 4355 690 4403 vasa,
715 4336 840 4391 mali
866 4343 1045 4388 autem
1066 4332 1349 4386 mittentur
1369 4328 1533 4384 foras.
1568 4344 1587 4377 ε
1624 4326 1901 4382 Percutiet
1929 4333 1983 4380 te
2008 4327 2114 4381 Do—

543 4450 565 4483 ι
606 4430 785 4484 minus
810 4432 1073 4497 egestate,
1103 4420 1236 4476 febri
1263 4427 1318 4475 et
1337 4418 1556 4490 frigore,
1584 4425 1642 4473 et
1662 4418 1856 4473 ardore
1878 4424 1931 4473 et
1953 4424 2113 4483 azstu,

544 4540 564 4575 ς
608 4530 663 4577 ει
690 4536 815 4576 aere
838 4527 1114 4586 corrupto,
1146 4528 1211 4567 ac
1234 4511 1514 4579 rubigine:
1547 4516 1601 4563 ct
1626 4517 1983 4580 persequetur
2019 4509 2117 4563 do-

544 4630 564 4662 ι
610 4626 711 4665 nec
737 4623 948 4680 pereas.
989 4626 1009 4659 ι
1037 4602 1307 4659 Percutiet
1329 4601 1588 4655 Dominus
1611 4607 1921 4669 peccatores
1946 4598 2114 4664 febre,

539 4699 756 4769 quando
787 4713 882 4752 eos
926 4694 1075 4764 justo
1098 4692 1301 4764 judicio
1326 4690 1526 4745 deserit
1573 4689 1743 4759 frigus
1786 4687 2119 4743 infidelitatis

539 4795 596 4840 et
619 4787 867 4841 ardorem
883 4785 1182 4839 carnalium
1198 4780 1590 4837 desideriorum
1616 4778 1747 4847 pati.
1772 4777 1967 4832 Aerem
1995 4793 2117 4833 cor-

540 4884 759 4946 ruptum
793 4876 961 4940 dabit,
1013 4890 1136 4929 cum
1164 4874 1329 4927 vitam
1356 4871 1616 4941 pollutam
1640 4870 1837 4923 ducere
1860 4869 2117 4938 reprobos

541 4965 824 5037 permittit.
875 4964 953 5018 Ex
975 4979 1100 5017 aere
1124 4964 1267 5018 enim
1292 4963 1425 5017 bene
1461 4961 1572 5015 vita
1597 4959 1829 5015 carnalis
1859 4961 2117 5030 exprimi-

542 5067 651 5122 tur,
683 5058 808 5128 quia
843 5071 909 5111 ex
938 5057 1080 5111 aeris
1109 5055 1401 5125 spiramine
1424 5056 1717 5110 humanum
1758 5069 1956 5123 corpus
1981 5056 2116 5109 vivi-

544 5154 757 5209 ficatur.
819 5148 972 5216 Quod
1015 5154 1193 5201 autem
1237 5145 1594 5217 subjungitur,
1628 5163 1647 5196 ι
1689 5155 1744 5200 ει
1782 5152 2038 5214 sequetur
2064 5156 2116 5202 te

543 5244 713 5298 donec
738 5254 945 5315 pereas,
988 5259 1006 5291 ι
1044 5247 1264 5293 nonest
1302 5238 1376 5291 ita
1410 5235 1750 5292 sentiendum
1794 5235 1948 5304 quasi
1974 5236 2116 5290 Deus

541 5335 776 5404 aliquem
817 5330 1190 5404 persequendo
1223 5329 1446 5384 interire
1476 5327 1659 5392 faciat,
1710 5327 1802 5396 qui
1844 5326 2114 5381 neminem

543 5434 713 5496 tentat
745 5426 880 5499 (ipse
911 5432 1089 5479 autem
1114 5423 1408 5477 intentator
1433 5419 1698 5474 malorum
1721 5418 1854 5491 est),
1892 5419 1983 5489 qui
2005 5433 2123 5472 om-

544 5532 640 5571 nes
669 5516 911 5572 homines
934 5516 1110 5572 salvos
1133 5513 1248 5568 vult
1274 5512 1393 5567 fieri
1444 5518 1500 5566 et
1527 5511 1595 5567 ad
1629 5511 1956 5581 agnitionem
1983 5509 2124 5565 veri-

545 5607 672 5661 tatis
718 5610 935 5674 venirc;
969 5608 1064 5663 sed
1107 5604 1224 5677 ejus
1248 5605 1427 5661 facere
1468 5605 1755 5676 aliquando
1802 5604 2116 5675 permittere

547 5693 943 5763 intelligendum
972 5710 1072 5765 est,
1102 5700 1225 5769 quia
1251 5697 1384 5753 nillil
1411 5697 1461 5753 in
1496 5698 1656 5779 rebus
1684 5695 1741 5750 fit
1772 5695 1873 5750 nisi
1896 5695 2120 5764 jubenle

2170 3278 2175 3282 -
2222 3264 2243 3298 ι
2285 3250 2627 3298 corruentem
2656 3248 2780 3294 ante
2809 3239 2992 3293 hostes
3014 3244 3152 3292 tuos.
3183 3235 3293 3291 Per
3315 3250 3469 3289 unam
3494 3229 3745 3305 egredieris

2223 3353 2244 3386 ι
2283 3334 2427 3388 viam
2457 3339 2643 3388 contra
2671 3346 2783 3395 eos,
2813 3338 2869 3385 et
2893 3343 2991 3399 per
3016 3335 3221 3397 septem
3259 3326 3428 3397 fugies
3455 3344 3468 3378 :
3498 3332 3549 3378 et
3575 3322 3745 3389 disper-

2221 3442 2243 3477 ι
2287 3424 2431 3494 geris
2457 3438 2555 3493 per
2577 3421 2757 3477 omnia
2804 3433 2969 3489 regna
3002 3426 3178 3471 teme.
3210 3435 3230 3467 ο
3277 3411 3596 3470 Sicutludzei
3638 3421 3742 3478 pro-

2216 3522 2339 3584 pter
2364 3512 2662 3567 caecitatem
2705 3509 2885 3565 cordis
2916 3508 2998 3563 sui
3034 3522 3139 3561 non
3171 3514 3483 3560 meruerunt
3506 3518 3534 3555 a
3561 3498 3745 3555 Domino

2217 3607 2285 3662 ab
2307 3605 2538 3660 inimicis
2567 3604 2680 3659 suis
2708 3601 2943 3665 defendi,
2972 3599 3069 3653 sed
3097 3599 3149 3652 in
3182 3605 3353 3651 totam
3386 3594 3557 3650 mundi
3597 3590 3745 3644 latitu-

2216 3697 2395 3752 dinem
2415 3696 2482 3749 ab
2507 3693 2753 3749 hostibus
2772 3690 3031 3760 dispergi,
3058 3688 3132 3741 ita
3156 3701 3350 3741 omnes
3376 3683 3560 3740 inimici
3581 3680 3658 3751 qui
3670 3691 3746 3750 per

2214 3785 2590 3856 paenitentiam
2621 3784 2687 3837 ad
2713 3780 2998 3836 Dominum
3024 3776 3445 3837 noluntreverti,
3474 3782 3656 3830 certum
3674 3774 3746 3823 est

2217 3877 2359 3946 quod
2379 3891 2409 3928 a
2438 3880 2702 3944 potestate
2736 3870 3094 3940 malignorum
3116 3867 3408 3936 spirituum
3443 3881 3541 3920 non
3569 3875 3742 3916 meren-

2218 3975 2307 4020 tur
2328 3966 2486 4035 eripi,
2514 3964 2606 4019 sed
2633 3963 2685 4016 in
2713 3961 2952 4017 diversas
2971 3972 3161 4027 poenas
3189 3958 3398 4025 pariter
3419 3972 3534 4011 cum
3556 3953 3646 4008 illis
3668 3950 3743 4003 de-

2218 4056 2408 4127 mergi.
2461 4055 2612 4110 Unde
2642 4053 2903 4122 scriptum
2932 4059 3016 4106 est
3041 4069 3054 4104 :
3094 4068 3113 4101 ι
3154 4050 3298 4105 Ecce
3330 4045 3525 4102 inimici
3554 4043 3637 4107 tui,
3657 4039 3742 4093 Do-

2215 4149 2378 4213 mine,
2424 4145 2707 4216 pcribunt,
2763 4153 2818 4198 et
2856 4143 3233 4211 dispergentur
3279 4152 3467 4195 omnes
3509 4134 3589 4205 qui
3629 4142 3737 4198 ope-

2218 4245 2408 4293 rantur
2436 4234 2772 4305 iniquitatem
2807 4253 2825 4285 ι
2872 4231 3044 4303 (Psal.
3075 4230 3204 4302 xei).
3274 4248 3294 4281 ‹
3332 4229 3513 4298 Sitque
3549 4223 3740 4278 cadaver

2225 4349 2243 4382 ι
2291 4339 2439 4383 tuum
2468 4329 2519 4381 in
2557 4342 2710 4382 escas
2738 4323 3048 4379 volatilibus
3080 4321 3203 4377 cmli
3238 4329 3295 4375 et
3321 4318 3505 4374 bestiis
3534 4324 3681 4374 terrae,
3702 4316 3745 4362 et

2229 4440 2248 4473 ‹
2293 4436 2398 4475 non
2412 4420 2483 4475 sit
2505 4419 2596 4489 qui
2629 4417 2830 4486 abigat.
2865 4434 2883 4467 ι
2926 4414 2983 4468 In
3009 4415 3272 4469 cadavere
3300 4410 3474 4465 futura
3495 4419 3633 4479 ptena
3652 4405 3746 4472 post

2222 4522 2451 4569 mortem
2493 4511 2818 4566 insinuatur.
2857 4507 3009 4561 Tunc
3044 4506 3188 4559 enim
3219 4503 3409 4558 bestia:
3438 4510 3583 4561 terrm
3606 4503 3653 4549 et
3675 4506 3746 4545 νου

2221 4603 2388 4658 latilia
2412 4602 2560 4666 cmli,
2602 4615 2721 4669 quae
2758 4614 2864 4652 non
2891 4596 2996 4651 alia
3023 4611 3185 4665 quam
3220 4593 3366 4648 aeris
3390 4594 3655 4662 potestates
3678 4582 3742 4635 iu-

2221 4694 2530 4765 telligimus.
2570 4691 2796 4747 diversis
2820 4688 2996 4759 pomis
3021 4702 3114 4742 eos
3147 4686 3388 4739 lacerant
3424 4680 3511 4751 qui
3536 4674 3742 4733 mandata

2220 4786 2315 4841 Dei
2336 4759 2807 4854 contempserunt.
2848 4779 2917 4834 Et
2952 4794 3056 4833 non
3085 4786 3168 4832 est
3189 4778 3283 4846 qui
3306 4776 3502 4845 abigat,
3524 4768 3632 4839 quia
3653 4759 3744 4817 uul-

2219 4875 2303 4930 lus
2322 4875 2510 4943 estqui
2532 4874 2654 4929 inde
2673 4887 2768 4927 eos
2782 4879 2958 4935 eruat,
2994 4884 3117 4924 cum
3145 4867 3406 4921 Dominus
3432 4878 3519 4918 eos
3544 4858 3740 4929 spernat

2225 4965 2376 5021 Unde
2404 4962 2690 5018 Psalmista
2712 4962 2779 5016 ad
2807 4960 3091 5015 Dominum
3116 4958 3192 5010 ait
3216 4975 3228 5009 :
3265 4975 3284 5006 ι
3332 4955 3443 5009 Non
3467 4947 3640 5018 estqui
3658 4955 3745 4996 me-

2230 5074 2249 5106 t
2295 5070 2414 5109 mor
2435 5055 2504 5109 sit
2532 5053 2606 5107 tui
2644 5052 2697 5106 in
2723 5060 2915 5106 morte.
2941 5050 2999 5103 lu
3028 5048 3239 5103 inferno
3266 5054 3447 5100 autem
3472 5040 3581 5111 quis
3605 5031 3742 5091 conﬁ-

2229 5164 2248 5197 t
2296 5146 2494 5200 tebitur
2522 5143 2656 5198 tibi?
2681 5162 2699 5195 ι
2728 5140 2901 5213 (Psal.
2930 5140 3028 5211 vi.)
3065 5159 3083 5189 ι
3128 5137 3402 5193 Percutiet
3442 5143 3491 5186 te
3533 5125 3744 5209 Dominus

2228 5256 2247 5289 ι
2292 5237 2475 5291 ulcere
2498 5234 2739 5307 Egypti,
2764 5241 2819 5289 et
2843 5244 3051 5303 partem
3072 5229 3312 5300 corporis
3340 5243 3434 5297 per
3456 5236 3602 5294 quam
3629 5228 3741 5307 ster-

2230 5347 2249 5381 ι
2294 5344 2421 5384 cora
2469 5304 2807 5398 digeruntur,
2847 5325 3025 5380 scabie
3050 5334 3259 5392 quoque
3288 5327 3343 5372 et
3381 5312 3646 5386 prurigine,
3688 5304 3742 5355 ila

2231 5440 2250 5472 ι
2292 5429 2353 5476 ιιι
2369 5420 2547 5476 curari
2583 5433 2840 5488 nequeas,
2870 5425 2977 5471 etc.
3016 5437 3034 5468 ›
3084 5415 3269 5470 Ulcera
3310 5406 3524 5480 ,Εἶθ’ιηί
3556 5400 3740 5488 vulnera

2225 5510 2446 5567 fuerunt
2473 5519 2528 5565 et
2549 5484 2740 5565 vesica:
2769 5515 3062 5579 turgentes.
3089 5501 3409 5560 Ριιίιίειιιίἰιη
3434 5504 3600 5551 autem
3620 5484 3741 5542 dolo-

2226 5621 2339 5659 rem
2373 5603 2713 5675 patiebantur
2742 5601 2793 5654 in
2823 5598 3228 5668 posterioribus,
3251 5590 3462 5661 quando
3482 5586 3741 5651 computre~

2228 5695 2449 5751 sccbaut
2474 5693 2664 5748 auinia'
2680 5708 2886 5747 eorum.
2906 5690 3034 5757 Qum
3055 5688 3210 5758 digne.
3227 5682 3392 5754 pl:th
3414 5670 3682 5732 infidelibus
3697 5668 3737 5713 cl
