  <div class='ocr_page' id='page_1' title='image "/cluster/home/n/w/nwhite01/storage/ocr_20150623/108/hvd.32044054759733/484.png"; bbox 0 0 3978 6182; ppageno 0'>
   <div class='ocr_carea' id='block_1_1' title="bbox 345 311 447 367">
    <p class='ocr_par' dir='ltr' id='par_1_1' title="bbox 345 311 447 367">
     <span class='ocr_line' id='line_1_1' title="bbox 345 311 447 367; baseline -0.059 1"><span class='ocrx_word' id='word_1_1' title='bbox 345 311 447 367; x_wconf 75' lang='grc'><strong>957</strong></span> 
     </span>
    </p>
   </div>
   <div class='ocr_carea' id='block_1_2' title="bbox 338 513 1914 587">
    <p class='ocr_par' dir='ltr' id='par_1_2' title="bbox 338 513 1914 587">
     <span class='ocr_line' id='line_1_2' title="bbox 338 513 1914 587; baseline 0.012 -19"><span class='ocrx_word' id='word_1_2' title='bbox 338 513 548 569; x_wconf 83' lang='lat' dir='ltr'><strong>meritis</strong></span> <span class='ocrx_word' id='word_1_3' title='bbox 571 529 758 570; x_wconf 89' lang='lat' dir='ltr'><strong>eorum</strong></span> <span class='ocrx_word' id='word_1_4' title='bbox 781 517 1121 587; x_wconf 73' lang='lat' dir='ltr'><strong>impenditur.</strong></span> <span class='ocrx_word' id='word_1_5' title='bbox 1152 522 1340 587; x_wconf 80' lang='lat' dir='ltr'><strong>Aliter,</strong></span> <span class='ocrx_word' id='word_1_6' title='bbox 1365 526 1418 580; x_wconf 92' lang='lat' dir='ltr'><strong>in</strong></span> <span class='ocrx_word' id='word_1_7' title='bbox 1441 527 1712 585; x_wconf 82' lang='lat' dir='ltr'><strong>ulceribus</strong></span> <span class='ocrx_word' id='word_1_8' title='bbox 1731 531 1914 586; x_wconf 87' lang='lat' dir='ltr'><strong>dolosa</strong></span> 
     </span>
    </p>
   </div>
   <div class='ocr_carea' id='block_1_3' title="bbox 336 605 1915 687">
    <p class='ocr_par' dir='ltr' id='par_1_3' title="bbox 336 605 1915 687">
     <span class='ocr_line' id='line_1_3' title="bbox 336 605 1915 687; baseline 0.013 -29"><span class='ocrx_word' id='word_1_9' title='bbox 336 605 503 675; x_wconf 89' lang='lat' dir='ltr'><strong>hujus</strong></span> <span class='ocrx_word' id='word_1_10' title='bbox 543 608 724 661; x_wconf 73' lang='lat' dir='ltr'><strong>smculi</strong></span> <span class='ocrx_word' id='word_1_11' title='bbox 775 618 829 663; x_wconf 87' lang='lat' dir='ltr'><strong>et</strong></span> <span class='ocrx_word' id='word_1_12' title='bbox 864 609 1149 679; x_wconf 85' lang='lat' dir='ltr'><strong>purulenta</strong></span> <span class='ocrx_word' id='word_1_13' title='bbox 1190 615 1436 683; x_wconf 89' lang='lat' dir='ltr'><strong>malitia;</strong></span> <span class='ocrx_word' id='word_1_14' title='bbox 1474 618 1526 672; x_wconf 91' lang='lat' dir='ltr'><strong>in</strong></span> <span class='ocrx_word' id='word_1_15' title='bbox 1571 621 1787 687; x_wconf 79' lang='lat' dir='ltr'><strong>vesicis,</strong></span> <span class='ocrx_word' id='word_1_16' title='bbox 1831 633 1915 677; x_wconf 90' lang='lat' dir='ltr'><strong>tu-</strong></span> 
     </span>
    </p>
   </div>
   <div class='ocr_carea' id='block_1_4' title="bbox 334 697 1910 785">
    <p class='ocr_par' dir='ltr' id='par_1_4' title="bbox 334 697 1910 785">
     <span class='ocr_line' id='line_1_4' title="bbox 334 697 1910 785; baseline 0.012 -34"><span class='ocrx_word' id='word_1_17' title='bbox 334 711 494 752; x_wconf 86' lang='lat' dir='ltr'><strong>mens</strong></span> <span class='ocrx_word' id='word_1_18' title='bbox 543 706 599 752; x_wconf 92' lang='lat' dir='ltr'><strong>et</strong></span> <span class='ocrx_word' id='word_1_19' title='bbox 638 697 824 757; x_wconf 82' lang='lat' dir='ltr'><strong>inﬂata</strong></span> <span class='ocrx_word' id='word_1_20' title='bbox 865 703 1150 771; x_wconf 82' lang='lat' dir='ltr'><strong>superbia;</strong></span> <span class='ocrx_word' id='word_1_21' title='bbox 1204 706 1260 761; x_wconf 89' lang='lat' dir='ltr'><strong>in</strong></span> <span class='ocrx_word' id='word_1_22' title='bbox 1297 709 1481 765; x_wconf 83' lang='lat' dir='ltr'><strong>scabie</strong></span> <span class='ocrx_word' id='word_1_23' title='bbox 1529 720 1587 766; x_wconf 90' lang='lat' dir='ltr'><strong>et</strong></span> <span class='ocrx_word' id='word_1_24' title='bbox 1604 714 1910 785; x_wconf 72' lang='lat' dir='ltr'><strong>prurigine,</strong></span> 
     </span>
    </p>
   </div>
   <div class='ocr_carea' id='block_1_5' title="bbox 331 786 1911 876">
    <p class='ocr_par' dir='ltr' id='par_1_5' title="bbox 331 786 1911 876">
     <span class='ocr_line' id='line_1_5' title="bbox 331 786 1911 876; baseline 0.013 -36"><span class='ocrx_word' id='word_1_25' title='bbox 331 786 520 844; x_wconf 87' lang='lat' dir='ltr'><strong>fervor</strong></span> <span class='ocrx_word' id='word_1_26' title='bbox 552 790 647 844; x_wconf 73' lang='lat' dir='ltr'><strong>ine</strong></span> <span class='ocrx_word' id='word_1_27' title='bbox 679 805 743 845; x_wconf 87' lang='lat' dir='ltr'><strong>ac</strong></span> <span class='ocrx_word' id='word_1_28' title='bbox 766 789 966 847; x_wconf 89' lang='lat' dir='ltr'><strong>furoris</strong></span> <span class='ocrx_word' id='word_1_29' title='bbox 992 793 1198 851; x_wconf 87' lang='lat' dir='ltr'><strong>insania</strong></span> <span class='ocrx_word' id='word_1_30' title='bbox 1236 799 1577 867; x_wconf 74' lang='lat' dir='ltr'><strong>exprimitur.</strong></span> <span class='ocrx_word' id='word_1_31' title='bbox 1630 802 1754 859; x_wconf 74' lang='lat' dir='ltr'><strong>limo</strong></span> <span class='ocrx_word' id='word_1_32' title='bbox 1782 820 1911 876; x_wconf 82' lang='lat' dir='ltr'><strong>ergo</strong></span> 
     </span>
    </p>
   </div>
   <div class='ocr_carea' id='block_1_6' title="bbox 329 879 1909 963">
    <p class='ocr_par' dir='ltr' id='par_1_6' title="bbox 329 879 1909 963">
     <span class='ocr_line' id='line_1_6' title="bbox 329 879 1909 963; baseline 0.01 -28"><span class='ocrx_word' id='word_1_33' title='bbox 329 893 398 935; x_wconf 74' lang='lat' dir='ltr'><strong>ex</strong></span> <span class='ocrx_word' id='word_1_34' title='bbox 431 879 633 933; x_wconf 89' lang='lat' dir='ltr'><strong>inimici</strong></span> <span class='ocrx_word' id='word_1_35' title='bbox 663 879 897 937; x_wconf 81' lang='lat' dir='ltr'><strong>factione</strong></span> <span class='ocrx_word' id='word_1_36' title='bbox 924 887 1304 952; x_wconf 83' lang='lat' dir='ltr'><strong>peccatoribus</strong></span> <span class='ocrx_word' id='word_1_37' title='bbox 1336 892 1531 945; x_wconf 84' lang='lat' dir='ltr'><strong>merito</strong></span> <span class='ocrx_word' id='word_1_38' title='bbox 1568 891 1626 949; x_wconf 87' lang='lat' dir='ltr'><strong>in</strong></span> <span class='ocrx_word' id='word_1_39' title='bbox 1654 897 1909 963; x_wconf 61' lang='lat' dir='ltr'><strong>praesenti</strong></span> 
     </span>
    </p>
   </div>
   <div class='ocr_carea' id='block_1_7' title="bbox 328 968 1910 1056">
    <p class='ocr_par' dir='ltr' id='par_1_7' title="bbox 328 968 1910 1056">
     <span class='ocr_line' id='line_1_7' title="bbox 328 968 1910 1056; baseline 0.012 -35"><span class='ocrx_word' id='word_1_40' title='bbox 328 969 440 1023; x_wconf 86' lang='lat' dir='ltr'><strong>vita</strong></span> <span class='ocrx_word' id='word_1_41' title='bbox 467 968 801 1038; x_wconf 84' lang='lat' dir='ltr'><strong>inlliguntur.</strong></span> <span class='ocrx_word' id='word_1_42' title='bbox 818 971 1083 1028; x_wconf 66' lang='lat' dir='ltr'><strong>CiBleI&#39;lltll</strong></span> <span class='ocrx_word' id='word_1_43' title='bbox 1108 985 1228 1046; x_wconf 89' lang='lat' dir='ltr'><strong>post</strong></span> <span class='ocrx_word' id='word_1_44' title='bbox 1242 978 1403 1035; x_wconf 87' lang='lat' dir='ltr'><strong>ﬁnem</strong></span> <span class='ocrx_word' id='word_1_45' title='bbox 1428 982 1572 1046; x_wconf 62' lang='lat' dir='ltr'><strong>vitae,</strong></span> <span class='ocrx_word' id='word_1_46' title='bbox 1599 999 1722 1053; x_wconf 64' lang='lat' dir='ltr'><strong>quae</strong></span> <span class='ocrx_word' id='word_1_47' title='bbox 1743 986 1910 1056; x_wconf 84' lang='lat' dir='ltr'><strong>signi-</strong></span> 
     </span>
    </p>
   </div>
   <div class='ocr_carea' id='block_1_8' title="bbox 328 1058 1907 1131">
    <p class='ocr_par' dir='ltr' id='par_1_8' title="bbox 328 1058 1907 1131">
     <span class='ocr_line' id='line_1_8' title="bbox 328 1058 1907 1131; baseline 0.009 -17"><span class='ocrx_word' id='word_1_48' title='bbox 328 1058 495 1114; x_wconf 88' lang='lat' dir='ltr'><strong>ﬁcant</strong></span> <span class='ocrx_word' id='word_1_49' title='bbox 518 1060 842 1131; x_wconf 83' lang='lat' dir='ltr'><strong>posteriora,</strong></span> <span class='ocrx_word' id='word_1_50' title='bbox 890 1061 1189 1120; x_wconf 77' lang='lat' dir='ltr'><strong>fceditatcm</strong></span> <span class='ocrx_word' id='word_1_51' title='bbox 1211 1082 1431 1125; x_wconf 82' lang='lat' dir='ltr'><strong>suorum</strong></span> <span class='ocrx_word' id='word_1_52' title='bbox 1460 1070 1725 1125; x_wconf 71' lang='lat' dir='ltr'><strong>scelerum</strong></span> <span class='ocrx_word' id='word_1_53' title='bbox 1746 1081 1907 1128; x_wconf 71' lang='lat' dir='ltr'><strong>teter-</strong></span> 
     </span>
    </p>
   </div>
   <div class='ocr_carea' id='block_1_9' title="bbox 326 1148 1908 1218">
    <p class='ocr_par' dir='ltr' id='par_1_9' title="bbox 326 1148 1908 1218">
     <span class='ocr_line' id='line_1_9' title="bbox 326 1148 1908 1218; baseline 0.008 -13"><span class='ocrx_word' id='word_1_54' title='bbox 326 1148 413 1205; x_wconf 70' lang='lat' dir='ltr'><strong>nis</strong></span> <span class='ocrx_word' id='word_1_55' title='bbox 453 1148 786 1205; x_wconf 86' lang='lat' dir='ltr'><strong>cruciatibus</strong></span> <span class='ocrx_word' id='word_1_56' title='bbox 809 1153 1169 1209; x_wconf 87' lang='lat' dir='ltr'><strong>sustinebunt.</strong></span> <span class='ocrx_word' id='word_1_57' title='bbox 1205 1174 1225 1207; x_wconf 77' lang='lat' dir='ltr'><strong>r</strong></span> <span class='ocrx_word' id='word_1_58' title='bbox 1267 1158 1539 1214; x_wconf 86' lang='lat' dir='ltr'><strong>Percutiat</strong></span> <span class='ocrx_word' id='word_1_59' title='bbox 1564 1168 1615 1216; x_wconf 92' lang='lat' dir='ltr'><strong>te</strong></span> <span class='ocrx_word' id='word_1_60' title='bbox 1646 1163 1908 1218; x_wconf 84' lang='lat' dir='ltr'><strong>Dominus</strong></span> 
     </span>
    </p>
   </div>
   <div class='ocr_carea' id='block_1_10' title="bbox 331 1239 1907 1321">
    <p class='ocr_par' dir='ltr' id='par_1_10' title="bbox 331 1239 1907 1321">
     <span class='ocr_line' id='line_1_10' title="bbox 331 1239 1907 1321; baseline 0.011 -32"><span class='ocrx_word' id='word_1_61' title='bbox 331 1257 351 1288; x_wconf 76' lang='grc' dir='ltr'><strong>ι</strong></span> <span class='ocrx_word' id='word_1_62' title='bbox 395 1239 627 1293; x_wconf 87' lang='lat' dir='ltr'><strong>amentia</strong></span> <span class='ocrx_word' id='word_1_63' title='bbox 640 1247 700 1296; x_wconf 90' lang='lat' dir='ltr'><strong>et</strong></span> <span class='ocrx_word' id='word_1_64' title='bbox 721 1240 982 1307; x_wconf 68' lang='lat' dir='ltr'><strong>caecitate,</strong></span> <span class='ocrx_word' id='word_1_65' title='bbox 1009 1251 1067 1298; x_wconf 93' lang='lat' dir='ltr'><strong>ut</strong></span> <span class='ocrx_word' id='word_1_66' title='bbox 1092 1244 1278 1315; x_wconf 87' lang='lat' dir='ltr'><strong>palpes</strong></span> <span class='ocrx_word' id='word_1_67' title='bbox 1302 1247 1359 1302; x_wconf 91' lang='lat' dir='ltr'><strong>in</strong></span> <span class='ocrx_word' id='word_1_68' title='bbox 1392 1249 1616 1304; x_wconf 82' lang='lat' dir='ltr'><strong>meridie</strong></span> <span class='ocrx_word' id='word_1_69' title='bbox 1635 1251 1907 1321; x_wconf 90' lang='lat' dir='ltr'><strong>sicutpal-</strong></span> 
     </span>
    </p>
   </div>
   <div class='ocr_carea' id='block_1_11' title="bbox 1121 317 2843 399">
    <p class='ocr_par' dir='ltr' id='par_1_11' title="bbox 1121 317 2843 399">
     <span class='ocr_line' id='line_1_11' title="bbox 1121 317 2843 399; baseline 0.015 -25"><span class='ocrx_word' id='word_1_70' title='bbox 1121 317 1521 378; x_wconf 74' lang='lat' dir='ltr'><strong>ENARRATIO</strong></span> <span class='ocrx_word' id='word_1_71' title='bbox 1562 322 1788 382; x_wconf 80' lang='lat' dir='ltr'><strong>SUPER</strong></span> <span class='ocrx_word' id='word_1_72' title='bbox 1823 327 2443 392; x_wconf 72' lang='lat' dir='ltr'><strong>DEUTERONOMIUM.</strong></span> <span class='ocrx_word' id='word_1_73' title='bbox 2482 368 2553 379; x_wconf 90' lang='lat'><strong>-—</strong></span> <span class='ocrx_word' id='word_1_74' title='bbox 2587 339 2714 397; x_wconf 81' lang='lat' dir='ltr'><strong>LIB.</strong></span> <span class='ocrx_word' id='word_1_75' title='bbox 2756 342 2843 399; x_wconf 87' lang='lat' dir='ltr'><strong>III.</strong></span> 
     </span>
    </p>
   </div>
   <div class='ocr_carea' id='block_1_12' title="bbox 236 424 2174 511">
    <p class='ocr_par' dir='ltr' id='par_1_12' title="bbox 236 424 2174 511">
     <span class='ocr_line' id='line_1_12' title="bbox 236 424 2174 511; baseline 0.012 -35"><span class='ocrx_word' id='word_1_76' title='bbox 236 448 239 451; x_wconf 57' lang='grc' dir='ltr'><strong><em>ν</em></strong></span> <span class='ocrx_word' id='word_1_77' title='bbox 339 424 801 495; x_wconf 84' lang='lat' dir='ltr'><strong>contemptoribus</strong></span> <span class='ocrx_word' id='word_1_78' title='bbox 834 425 1153 500; x_wconf 86' lang='lat' dir='ltr'><strong>ingeruntur</strong></span> <span class='ocrx_word' id='word_1_79' title='bbox 1178 447 1301 488; x_wconf 88' lang='lat' dir='ltr'><strong>cum</strong></span> <span class='ocrx_word' id='word_1_80' title='bbox 1339 436 1622 493; x_wconf 89' lang='lat' dir='ltr'><strong>retributio</strong></span> <span class='ocrx_word' id='word_1_81' title='bbox 1651 441 1914 511; x_wconf 81' lang='lat' dir='ltr'><strong>condigna</strong></span> <span class='ocrx_word' id='word_1_82' title='bbox 1940 450 1993 507; x_wconf 79' lang='grc' dir='ltr'>Α</span> <span class='ocrx_word' id='word_1_83' title='bbox 2018 454 2174 500; x_wconf 91' lang='lat' dir='ltr'><strong>antea</strong></span> 
     </span>
    </p>
   </div>
   <div class='ocr_carea' id='block_1_13' title="bbox 3494 359 3602 418">
    <p class='ocr_par' dir='ltr' id='par_1_13' title="bbox 3494 359 3602 418">
     <span class='ocr_line' id='line_1_13' title="bbox 3494 359 3602 418; baseline 0.019 -2"><span class='ocrx_word' id='word_1_84' title='bbox 3494 359 3602 418; x_wconf 66' lang='lat'><strong>938</strong></span> 
     </span>
    </p>
   </div>
   <div class='ocr_carea' id='block_1_14' title="bbox 2219 451 3597 542">
    <p class='ocr_par' dir='ltr' id='par_1_14' title="bbox 2219 451 3597 542">
     <span class='ocr_line' id='line_1_14' title="bbox 2219 451 3597 542; baseline 0.021 -41"><span class='ocrx_word' id='word_1_85' title='bbox 2219 463 2326 542; x_wconf 66' lang='lat' dir='ltr'><strong>per</strong></span> <span class='ocrx_word' id='word_1_86' title='bbox 2332 451 2626 542; x_wconf 74' lang='lat' dir='ltr'><strong>magistros</strong></span> <span class='ocrx_word' id='word_1_87' title='bbox 2651 458 2860 525; x_wconf 83' lang='lat' dir='ltr'><strong>priores</strong></span> <span class='ocrx_word' id='word_1_88' title='bbox 2893 460 3038 518; x_wconf 87' lang='lat' dir='ltr'><strong>nullo</strong></span> <span class='ocrx_word' id='word_1_89' title='bbox 3077 466 3237 523; x_wconf 88' lang='lat' dir='ltr'><strong>modo</strong></span> <span class='ocrx_word' id='word_1_90' title='bbox 3264 468 3477 527; x_wconf 88' lang='lat' dir='ltr'><strong>discere</strong></span> <span class='ocrx_word' id='word_1_91' title='bbox 3499 487 3597 542; x_wconf 84' lang='lat' dir='ltr'><strong>po-</strong></span> 
     </span>
    </p>
   </div>
   <div class='ocr_carea' id='block_1_15' title="bbox 2015 538 3593 626">
    <p class='ocr_par' dir='ltr' id='par_1_15' title="bbox 2015 538 3593 626">
     <span class='ocr_line' id='line_1_15' title="bbox 2015 538 3593 626; baseline 0.021 -40"><span class='ocrx_word' id='word_1_92' title='bbox 2015 543 2254 590; x_wconf 87' lang='lat' dir='ltr'><strong>tuerunt.</strong></span> <span class='ocrx_word' id='word_1_93' title='bbox 2307 538 2419 594; x_wconf 81' lang='lat' dir='ltr'><strong>Hoc</strong></span> <span class='ocrx_word' id='word_1_94' title='bbox 2438 542 2634 613; x_wconf 82' lang='lat' dir='ltr'><strong>quippe</strong></span> <span class='ocrx_word' id='word_1_95' title='bbox 2656 545 2902 604; x_wconf 83' lang='lat' dir='ltr'><strong>videntes</strong></span> <span class='ocrx_word' id='word_1_96' title='bbox 2924 549 3094 608; x_wconf 69' lang='lat' dir='ltr'><strong>Judaei</strong></span> <span class='ocrx_word' id='word_1_97' title='bbox 3136 563 3301 626; x_wconf 84' lang='lat' dir='ltr'><strong>atque</strong></span> <span class='ocrx_word' id='word_1_98' title='bbox 3330 538 3593 626; x_wconf 67' lang='lat' dir='ltr'><strong>hmretici,</strong></span> 
     </span>
    </p>
   </div>
   <div class='ocr_carea' id='block_1_16' title="bbox 2012 626 3594 718">
    <p class='ocr_par' dir='ltr' id='par_1_16' title="bbox 2012 626 3594 718">
     <span class='ocr_line' id='line_1_16' title="bbox 2012 626 3594 718; baseline 0.016 -38"><span class='ocrx_word' id='word_1_99' title='bbox 2012 626 2264 683; x_wconf 90' lang='lat' dir='ltr'><strong>deﬁcient</strong></span> <span class='ocrx_word' id='word_1_100' title='bbox 2302 631 2495 697; x_wconf 89' lang='lat' dir='ltr'><strong>oculis,</strong></span> <span class='ocrx_word' id='word_1_101' title='bbox 2547 636 2671 703; x_wconf 88' lang='lat' dir='ltr'><strong>quia</strong></span> <span class='ocrx_word' id='word_1_102' title='bbox 2713 637 3069 698; x_wconf 89' lang='lat' dir='ltr'><strong>intentionem</strong></span> <span class='ocrx_word' id='word_1_103' title='bbox 3111 660 3288 712; x_wconf 88' lang='lat' dir='ltr'><strong>suam,</strong></span> <span class='ocrx_word' id='word_1_104' title='bbox 3341 665 3507 718; x_wconf 89' lang='lat' dir='ltr'><strong>quam</strong></span> <span class='ocrx_word' id='word_1_105' title='bbox 3536 652 3594 706; x_wconf 91' lang='lat' dir='ltr'><strong>in</strong></span> 
     </span>
    </p>
   </div>
   <div class='ocr_carea' id='block_1_17' title="bbox 2009 716 3588 810">
    <p class='ocr_par' dir='ltr' id='par_1_17' title="bbox 2009 716 3588 810">
     <span class='ocr_line' id='line_1_17' title="bbox 2009 716 3588 810; baseline 0.016 -40"><span class='ocrx_word' id='word_1_106' title='bbox 2009 716 2278 788; x_wconf 79' lang='lat' dir='ltr'><strong>dogmatis</strong></span> <span class='ocrx_word' id='word_1_107' title='bbox 2300 722 2382 776; x_wconf 87' lang='lat' dir='ltr'><strong>sui</strong></span> <span class='ocrx_word' id='word_1_108' title='bbox 2418 727 2884 786; x_wconf 84' lang='lat' dir='ltr'><strong>commendatione</strong></span> <span class='ocrx_word' id='word_1_109' title='bbox 2925 744 3203 801; x_wconf 79' lang='lat' dir='ltr'><strong>exercent,</strong></span> <span class='ocrx_word' id='word_1_110' title='bbox 3248 716 3588 810; x_wconf 80' lang='lat' dir='ltr'><strong>nequaquam</strong></span> 
     </span>
    </p>
   </div>
   <div class='ocr_carea' id='block_1_18' title="bbox 2010 811 3595 888">
    <p class='ocr_par' dir='ltr' id='par_1_18' title="bbox 2010 811 3595 888">
     <span class='ocr_line' id='line_1_18' title="bbox 2010 811 3595 888; baseline 0.015 -24"><span class='ocrx_word' id='word_1_111' title='bbox 2010 812 2078 865; x_wconf 87' lang='lat' dir='ltr'><strong>ad</strong></span> <span class='ocrx_word' id='word_1_112' title='bbox 2119 811 2368 869; x_wconf 74' lang='lat' dir='ltr'><strong>effectum</strong></span> <span class='ocrx_word' id='word_1_113' title='bbox 2411 818 2707 886; x_wconf 86' lang='lat' dir='ltr'><strong>perducere</strong></span> <span class='ocrx_word' id='word_1_114' title='bbox 2731 823 2931 879; x_wconf 84' lang='lat' dir='ltr'><strong>valent.</strong></span> <span class='ocrx_word' id='word_1_115' title='bbox 2967 845 2989 878; x_wconf 84' lang='grc'><em>‹</em></span> <span class='ocrx_word' id='word_1_116' title='bbox 3031 828 3263 885; x_wconf 86' lang='lat' dir='ltr'><strong>Fructus</strong></span> <span class='ocrx_word' id='word_1_117' title='bbox 3290 838 3450 887; x_wconf 61' lang='lat' dir='ltr'><strong>terra:</strong></span> <span class='ocrx_word' id='word_1_118' title='bbox 3490 842 3595 888; x_wconf 70' lang='lat' dir='ltr'><strong>tum</strong></span> 
     </span>
    </p>
   </div>
   <div class='ocr_carea' id='block_1_19' title="bbox 2014 904 3595 992">
    <p class='ocr_par' dir='ltr' id='par_1_19' title="bbox 2014 904 3595 992">
     <span class='ocr_line' id='line_1_19' title="bbox 2014 904 3595 992; baseline 0.018 -40"><span class='ocrx_word' id='word_1_119' title='bbox 2014 917 2034 950; x_wconf 70' lang='grc' dir='ltr'><strong>ι</strong></span> <span class='ocrx_word' id='word_1_120' title='bbox 2080 909 2136 955; x_wconf 91' lang='lat' dir='ltr'><strong>et</strong></span> <span class='ocrx_word' id='word_1_121' title='bbox 2158 917 2347 959; x_wconf 90' lang='lat' dir='ltr'><strong>omnes</strong></span> <span class='ocrx_word' id='word_1_122' title='bbox 2361 904 2571 963; x_wconf 83' lang='lat' dir='ltr'><strong>labores</strong></span> <span class='ocrx_word' id='word_1_123' title='bbox 2593 917 2714 965; x_wconf 87' lang='lat' dir='ltr'><strong>tuos</strong></span> <span class='ocrx_word' id='word_1_124' title='bbox 2736 915 3221 986; x_wconf 86' lang='lat' dir='ltr'><strong>comedatpopulus</strong></span> <span class='ocrx_word' id='word_1_125' title='bbox 3250 936 3409 990; x_wconf 88' lang='lat' dir='ltr'><strong>quem</strong></span> <span class='ocrx_word' id='word_1_126' title='bbox 3442 922 3595 992; x_wconf 85' lang='lat' dir='ltr'><strong>igno-</strong></span> 
     </span>
    </p>
   </div>
   <div class='ocr_carea' id='block_1_20' title="bbox 2013 994 3589 1074">
    <p class='ocr_par' dir='ltr' id='par_1_20' title="bbox 2013 994 3589 1074">
     <span class='ocr_line' id='line_1_20' title="bbox 2013 994 3589 1074; baseline 0.016 -34"><span class='ocrx_word' id='word_1_127' title='bbox 2013 1006 2034 1040; x_wconf 73' lang='grc' dir='ltr'><strong>ι</strong></span> <span class='ocrx_word' id='word_1_128' title='bbox 2079 1006 2190 1057; x_wconf 88' lang='lat' dir='ltr'><strong>ras,</strong></span> <span class='ocrx_word' id='word_1_129' title='bbox 2226 1011 2247 1044; x_wconf 73' lang='grc' dir='ltr'><strong>ι</strong></span> <span class='ocrx_word' id='word_1_130' title='bbox 2281 1002 2387 1049; x_wconf 89' lang='lat' dir='ltr'><strong>etc.</strong></span> <span class='ocrx_word' id='word_1_131' title='bbox 2416 994 2682 1067; x_wconf 84' lang='lat' dir='ltr'><strong>Quidquid</strong></span> <span class='ocrx_word' id='word_1_132' title='bbox 2710 1003 2861 1071; x_wconf 90' lang='lat' dir='ltr'><strong>prior</strong></span> <span class='ocrx_word' id='word_1_133' title='bbox 2885 1006 3113 1074; x_wconf 88' lang='lat' dir='ltr'><strong>populus</strong></span> <span class='ocrx_word' id='word_1_134' title='bbox 3150 1009 3205 1061; x_wconf 89' lang='lat' dir='ltr'><strong>in</strong></span> <span class='ocrx_word' id='word_1_135' title='bbox 3239 1008 3391 1064; x_wconf 86' lang='lat' dir='ltr'><strong>libris</strong></span> <span class='ocrx_word' id='word_1_136' title='bbox 3426 1011 3511 1064; x_wconf 89' lang='lat' dir='ltr'><strong>vel</strong></span> <span class='ocrx_word' id='word_1_137' title='bbox 3536 1013 3589 1066; x_wconf 93' lang='lat' dir='ltr'><strong>in</strong></span> 
     </span>
    </p>
   </div>
   <div class='ocr_carea' id='block_1_21' title="bbox 2000 1084 3591 1169">
    <p class='ocr_par' dir='ltr' id='par_1_21' title="bbox 2000 1084 3591 1169">
     <span class='ocr_line' id='line_1_21' title="bbox 2000 1084 3591 1169; baseline 0.012 -33"><span class='ocrx_word' id='word_1_138' title='bbox 2000 1084 2328 1138; x_wconf 86' lang='lat' dir='ltr'><strong>ceremoniis</strong></span> <span class='ocrx_word' id='word_1_139' title='bbox 2368 1085 2580 1143; x_wconf 86' lang='lat' dir='ltr'><strong>laborat</strong></span> <span class='ocrx_word' id='word_1_140' title='bbox 2614 1089 2766 1161; x_wconf 89' lang='lat' dir='ltr'><strong>legis,</strong></span> <span class='ocrx_word' id='word_1_141' title='bbox 2809 1101 2977 1147; x_wconf 83' lang='lat' dir='ltr'><strong>totum</strong></span> <span class='ocrx_word' id='word_1_142' title='bbox 3002 1096 3254 1152; x_wconf 67' lang='lat' dir='ltr'><strong>Ecclesiae</strong></span> <span class='ocrx_word' id='word_1_143' title='bbox 3291 1100 3487 1169; x_wconf 86' lang='lat' dir='ltr'><strong>populo</strong></span> <span class='ocrx_word' id='word_1_144' title='bbox 3522 1102 3591 1155; x_wconf 87' lang='lat' dir='ltr'><strong>ad</strong></span> 
     </span>
    </p>
   </div>
   <div class='ocr_carea' id='block_1_22' title="bbox 2005 1171 3587 1259">
    <p class='ocr_par' dir='ltr' id='par_1_22' title="bbox 2005 1171 3587 1259">
     <span class='ocr_line' id='line_1_22' title="bbox 2005 1171 3587 1259; baseline 0.015 -35"><span class='ocrx_word' id='word_1_145' title='bbox 2005 1171 2418 1230; x_wconf 80' lang='lat' dir='ltr'><strong>instructionem</strong></span> <span class='ocrx_word' id='word_1_146' title='bbox 2448 1178 2748 1247; x_wconf 84' lang='lat' dir='ltr'><strong>spiritalem</strong></span> <span class='ocrx_word' id='word_1_147' title='bbox 2772 1182 3027 1238; x_wconf 87' lang='lat' dir='ltr'><strong>collatum</strong></span> <span class='ocrx_word' id='word_1_148' title='bbox 3059 1194 3159 1241; x_wconf 88' lang='lat' dir='ltr'><strong>est.</strong></span> <span class='ocrx_word' id='word_1_149' title='bbox 3190 1187 3416 1259; x_wconf 84' lang='lat' dir='ltr'><strong>Ipseque</strong></span> <span class='ocrx_word' id='word_1_150' title='bbox 3440 1189 3587 1246; x_wconf 86' lang='lat' dir='ltr'><strong>frue-</strong></span> 
     </span>
    </p>
   </div>
   <div class='ocr_carea' id='block_1_23' title="bbox 2008 1261 3592 1349">
    <p class='ocr_par' dir='ltr' id='par_1_23' title="bbox 2008 1261 3592 1349">
     <span class='ocr_line' id='line_1_23' title="bbox 2008 1261 3592 1349; baseline 0.014 -36"><span class='ocrx_word' id='word_1_151' title='bbox 2008 1268 2096 1313; x_wconf 89' lang='lat' dir='ltr'><strong>tur</strong></span> <span class='ocrx_word' id='word_1_152' title='bbox 2117 1261 2470 1326; x_wconf 85' lang='lat' dir='ltr'><strong>abuudantia,</strong></span> <span class='ocrx_word' id='word_1_153' title='bbox 2498 1266 2625 1321; x_wconf 88' lang='lat' dir='ltr'><strong>dum</strong></span> <span class='ocrx_word' id='word_1_154' title='bbox 2648 1268 2721 1322; x_wconf 90' lang='lat' dir='ltr'><strong>illi</strong></span> <span class='ocrx_word' id='word_1_155' title='bbox 2746 1271 2996 1327; x_wconf 85' lang='lat' dir='ltr'><strong>deﬁcient</strong></span> <span class='ocrx_word' id='word_1_156' title='bbox 3015 1276 3254 1331; x_wconf 83' lang='lat' dir='ltr'><strong>vanitate</strong></span> <span class='ocrx_word' id='word_1_157' title='bbox 3279 1294 3293 1342; x_wconf 93' lang='lat'><strong>;</strong></span> <span class='ocrx_word' id='word_1_158' title='bbox 3325 1288 3379 1332; x_wconf 92' lang='lat' dir='ltr'><strong>et</strong></span> <span class='ocrx_word' id='word_1_159' title='bbox 3401 1279 3592 1349; x_wconf 87' lang='lat' dir='ltr'><strong>imple-</strong></span> 
     </span>
    </p>
   </div>
   <div class='ocr_carea' id='block_1_24' title="bbox 329 1329 3586 1432">
    <p class='ocr_par' dir='ltr' id='par_1_24' title="bbox 329 1329 3586 1432">
     <span class='ocr_line' id='line_1_24' title="bbox 329 1329 3586 1432; baseline 0.014 -54"><span class='ocrx_word' id='word_1_160' title='bbox 329 1347 349 1378; x_wconf 73' lang='grc' dir='ltr'>σ</span> <span class='ocrx_word' id='word_1_161' title='bbox 396 1344 526 1399; x_wconf 88' lang='lat' dir='ltr'><strong>pare</strong></span> <span class='ocrx_word' id='word_1_162' title='bbox 570 1329 709 1432; x_wconf 72' lang='lat' dir='ltr'><strong>solet</strong></span> <span class='ocrx_word' id='word_1_163' title='bbox 734 1345 913 1432; x_wconf 68' lang='lat' dir='ltr'><strong>caecus</strong></span> <span class='ocrx_word' id='word_1_164' title='bbox 948 1333 1003 1387; x_wconf 89' lang='lat' dir='ltr'><strong>in</strong></span> <span class='ocrx_word' id='word_1_165' title='bbox 1040 1336 1298 1432; x_wconf 80' lang='lat' dir='ltr'><strong>tenebris,</strong></span> <span class='ocrx_word' id='word_1_166' title='bbox 1337 1346 1392 1432; x_wconf 74' lang='lat' dir='ltr'><strong>et</strong></span> <span class='ocrx_word' id='word_1_167' title='bbox 1420 1355 1524 1395; x_wconf 83' lang='lat' dir='ltr'><strong>non</strong></span> <span class='ocrx_word' id='word_1_168' title='bbox 1552 1339 1757 1412; x_wconf 79' lang='lat' dir='ltr'><strong>dirigas</strong></span> <span class='ocrx_word' id='word_1_169' title='bbox 1786 1342 1906 1395; x_wconf 83' lang='lat' dir='ltr'><strong>vias</strong></span> <span class='ocrx_word' id='word_1_170' title='bbox 2003 1349 2151 1405; x_wconf 89' lang='lat' dir='ltr'><strong>bitur</strong></span> <span class='ocrx_word' id='word_1_171' title='bbox 2176 1352 2307 1407; x_wconf 91' lang='lat' dir='ltr'><strong>illud</strong></span> <span class='ocrx_word' id='word_1_172' title='bbox 2333 1356 2476 1423; x_wconf 89' lang='lat' dir='ltr'><strong>quod</strong></span> <span class='ocrx_word' id='word_1_173' title='bbox 2501 1373 2596 1426; x_wconf 91' lang='lat' dir='ltr'><strong>per</strong></span> <span class='ocrx_word' id='word_1_174' title='bbox 2617 1357 2810 1414; x_wconf 89' lang='lat' dir='ltr'><strong>Isaiam</strong></span> <span class='ocrx_word' id='word_1_175' title='bbox 2836 1365 3154 1432; x_wconf 85' lang='lat' dir='ltr'><strong>prophetam</strong></span> <span class='ocrx_word' id='word_1_176' title='bbox 3185 1329 3586 1425; x_wconf 30' lang='lat' dir='ltr'><strong>Dominus—ait:</strong></span> 
     </span>
    </p>
   </div>
   <div class='ocr_carea' id='block_1_25' title="bbox 328 1418 1890 1524">
    <p class='ocr_par' dir='ltr' id='par_1_25' title="bbox 328 1418 1890 1500">
     <span class='ocr_line' id='line_1_25' title="bbox 328 1418 1890 1500; baseline 0.012 -32"><span class='ocrx_word' id='word_1_177' title='bbox 328 1435 346 1468; x_wconf 76' lang='grc' dir='ltr'><strong>ι</strong></span> <span class='ocrx_word' id='word_1_178' title='bbox 394 1425 532 1474; x_wconf 89' lang='lat' dir='ltr'><strong>tuas.</strong></span> <span class='ocrx_word' id='word_1_179' title='bbox 572 1439 592 1472; x_wconf 70' lang='grc' dir='ltr'><strong>ι</strong></span> <span class='ocrx_word' id='word_1_180' title='bbox 634 1418 885 1479; x_wconf 63' lang='grc' dir='ltr'><strong>Αωεηιίε</strong></span> <span class='ocrx_word' id='word_1_181' title='bbox 912 1425 1158 1497; x_wconf 85' lang='lat' dir='ltr'><strong>percussi</strong></span> <span class='ocrx_word' id='word_1_182' title='bbox 1185 1434 1309 1481; x_wconf 90' lang='lat' dir='ltr'><strong>sunt</strong></span> <span class='ocrx_word' id='word_1_183' title='bbox 1333 1427 1523 1494; x_wconf 70' lang='lat' dir='ltr'><strong>Judaei,</strong></span> <span class='ocrx_word' id='word_1_184' title='bbox 1568 1432 1785 1500; x_wconf 85' lang='lat' dir='ltr'><strong>quando</strong></span> <span class='ocrx_word' id='word_1_185' title='bbox 1810 1432 1890 1486; x_wconf 86' lang='lat' dir='ltr'><strong>Fi-</strong></span> 
     </span>
    </p>
   </div>
   <div class='ocr_carea' id='block_1_26' title="bbox 1993 1418 3588 1524">
    <p class='ocr_par' dir='ltr' id='par_1_26' title="bbox 2008 1441 3588 1524">
     <span class='ocr_line' id='line_1_26' title="bbox 2008 1441 3588 1524; baseline 0.014 -31"><span class='ocrx_word' id='word_1_186' title='bbox 2008 1458 2028 1492; x_wconf 86' lang='grc'><strong>‹</strong></span> <span class='ocrx_word' id='word_1_187' title='bbox 2073 1441 2213 1497; x_wconf 82' lang='lat' dir='ltr'><strong>Ecce</strong></span> <span class='ocrx_word' id='word_1_188' title='bbox 2247 1445 2392 1499; x_wconf 87' lang='lat' dir='ltr'><strong>servi</strong></span> <span class='ocrx_word' id='word_1_189' title='bbox 2418 1447 2522 1500; x_wconf 90' lang='lat' dir='ltr'><strong>mei</strong></span> <span class='ocrx_word' id='word_1_190' title='bbox 2549 1450 2854 1515; x_wconf 89' lang='lat' dir='ltr'><strong>comedent,</strong></span> <span class='ocrx_word' id='word_1_191' title='bbox 2907 1461 2964 1507; x_wconf 90' lang='lat' dir='ltr'><strong>et</strong></span> <span class='ocrx_word' id='word_1_192' title='bbox 3009 1469 3106 1509; x_wconf 89' lang='lat' dir='ltr'><strong>vos</strong></span> <span class='ocrx_word' id='word_1_193' title='bbox 3132 1457 3419 1524; x_wconf 87' lang='lat' dir='ltr'><strong>esurietis;</strong></span> <span class='ocrx_word' id='word_1_194' title='bbox 3459 1473 3588 1514; x_wconf 87' lang='lat' dir='ltr'><strong>ecce</strong></span> 
     </span>
    </p>
   </div>
   <div class='ocr_carea' id='block_1_27' title="bbox 320 1508 3574 1609">
    <p class='ocr_par' dir='ltr' id='par_1_27' title="bbox 320 1508 3574 1609">
     <span class='ocr_line' id='line_1_27' title="bbox 320 1508 3574 1609; baseline 0.012 -44"><span class='ocrx_word' id='word_1_195' title='bbox 320 1508 714 1609; x_wconf 42' lang='lat' dir='ltr'><strong>lium‘Deiﬁui</strong></span> <span class='ocrx_word' id='word_1_196' title='bbox 739 1512 796 1571; x_wconf 78' lang='lat' dir='ltr'><strong>in</strong></span> <span class='ocrx_word' id='word_1_197' title='bbox 819 1513 1023 1609; x_wconf 57' lang='lat' dir='ltr'><strong>virtute</strong></span> <span class='ocrx_word' id='word_1_198' title='bbox 1051 1513 1288 1609; x_wconf 71' lang='lat' dir='ltr'><strong>Spiritus</strong></span> <span class='ocrx_word' id='word_1_199' title='bbox 1314 1520 1485 1574; x_wconf 72' lang='lat' dir='ltr'><strong>sancti</strong></span> <span class='ocrx_word' id='word_1_200' title='bbox 1521 1521 1676 1591; x_wconf 79' lang='lat' dir='ltr'><strong>signa</strong></span> <span class='ocrx_word' id='word_1_201' title='bbox 1708 1532 1765 1577; x_wconf 71' lang='lat' dir='ltr'><strong>et</strong></span> <span class='ocrx_word' id='word_1_202' title='bbox 1795 1524 1902 1577; x_wconf 82' lang='lat' dir='ltr'><strong>mi-</strong></span> <span class='ocrx_word' id='word_1_203' title='bbox 1996 1533 2146 1588; x_wconf 85' lang='lat' dir='ltr'><strong>servi</strong></span> <span class='ocrx_word' id='word_1_204' title='bbox 2166 1533 2273 1589; x_wconf 90' lang='lat' dir='ltr'><strong>mei</strong></span> <span class='ocrx_word' id='word_1_205' title='bbox 2293 1534 2499 1602; x_wconf 88' lang='lat' dir='ltr'><strong>bibent,</strong></span> <span class='ocrx_word' id='word_1_206' title='bbox 2519 1546 2577 1593; x_wconf 89' lang='lat' dir='ltr'><strong>et</strong></span> <span class='ocrx_word' id='word_1_207' title='bbox 2594 1555 2692 1594; x_wconf 92' lang='lat' dir='ltr'><strong>vos</strong></span> <span class='ocrx_word' id='word_1_208' title='bbox 2714 1508 2941 1609; x_wconf 80' lang='lat' dir='ltr'><strong>sitietis;</strong></span> <span class='ocrx_word' id='word_1_209' title='bbox 2973 1559 3101 1599; x_wconf 92' lang='lat' dir='ltr'><strong>ecce</strong></span> <span class='ocrx_word' id='word_1_210' title='bbox 3130 1547 3273 1601; x_wconf 88' lang='lat' dir='ltr'><strong>servi</strong></span> <span class='ocrx_word' id='word_1_211' title='bbox 3301 1508 3419 1602; x_wconf 45' lang='lat' dir='ltr'><strong>mei,</strong></span> <span class='ocrx_word' id='word_1_212' title='bbox 3440 1549 3574 1604; x_wconf 62' lang='lat' dir='ltr'><strong>laeta-</strong></span> 
     </span>
    </p>
   </div>
   <div class='ocr_carea' id='block_1_28' title="bbox 321 1599 3584 1700">
    <p class='ocr_par' dir='ltr' id='par_1_28' title="bbox 321 1599 3584 1700">
     <span class='ocr_line' id='line_1_28' title="bbox 321 1599 3584 1700; baseline 0.007 -26"><span class='ocrx_word' id='word_1_213' title='bbox 321 1599 505 1700; x_wconf 61' lang='grc' dir='ltr'><strong>’ξλειξίίῖ</strong></span> <span class='ocrx_word' id='word_1_214' title='bbox 536 1599 791 1700; x_wconf 32' lang='grc' dir='ltr'><strong>ίδεοίθδίητ</strong></span> <span class='ocrx_word' id='word_1_215' title='bbox 820 1603 881 1663; x_wconf 66' lang='lat' dir='ltr'><strong>in</strong></span> <span class='ocrx_word' id='word_1_216' title='bbox 902 1604 1205 1700; x_wconf 43' lang='lat' dir='ltr'><strong>9%”?be</strong></span> <span class='ocrx_word' id='word_1_217' title='bbox 1232 1609 1476 1700; x_wconf 59' lang='grc' dir='ltr'><strong>Ρτίυιξὶρθ</strong></span> <span class='ocrx_word' id='word_1_218' title='bbox 1507 1612 1899 1671; x_wconf 68' lang='lat' dir='ltr'><strong>dmmoniorum</strong></span> <span class='ocrx_word' id='word_1_219' title='bbox 2000 1621 2220 1689; x_wconf 91' lang='lat' dir='ltr'><strong>buntur,</strong></span> <span class='ocrx_word' id='word_1_220' title='bbox 2273 1634 2328 1681; x_wconf 90' lang='lat' dir='ltr'><strong>et</strong></span> <span class='ocrx_word' id='word_1_221' title='bbox 2348 1643 2445 1683; x_wconf 90' lang='lat' dir='ltr'><strong>vos</strong></span> <span class='ocrx_word' id='word_1_222' title='bbox 2469 1599 2904 1700; x_wconf 86' lang='lat' dir='ltr'><strong>confundemini;</strong></span> <span class='ocrx_word' id='word_1_223' title='bbox 2927 1599 3066 1691; x_wconf 75' lang='lat' dir='ltr'><strong>ecce</strong></span> <span class='ocrx_word' id='word_1_224' title='bbox 3101 1599 3584 1696; x_wconf 29' lang='lat' dir='ltr'><strong>inuida-</strong></span> 
     </span>
    </p>
   </div>
   <div class='ocr_carea' id='block_1_29' title="bbox 319 1687 3571 1793">
    <p class='ocr_par' dir='ltr' id='par_1_29' title="bbox 319 1687 3571 1793">
     <span class='ocr_line' id='line_1_29' title="bbox 319 1687 3571 1793; baseline 0.011 -49"><span class='ocrx_word' id='word_1_225' title='bbox 561 1690 824 1748; x_wconf 66' lang='lat' dir='ltr'><strong>daamonia</strong></span> <span class='ocrx_word' id='word_1_226' title='bbox 853 1694 1339 1793; x_wconf 79' lang='lat' dir='ltr'><strong>calumniabantur.</strong></span> <span class='ocrx_word' id='word_1_227' title='bbox 1373 1699 1672 1769; x_wconf 76' lang='lat' dir='ltr'><strong>Palpabant</strong></span> <span class='ocrx_word' id='word_1_228' title='bbox 1700 1704 1753 1758; x_wconf 90' lang='lat' dir='ltr'><strong>in</strong></span> <span class='ocrx_word' id='word_1_229' title='bbox 1786 1720 1899 1760; x_wconf 88' lang='lat' dir='ltr'><strong>me-</strong></span> <span class='ocrx_word' id='word_1_230' title='bbox 2007 1713 2142 1767; x_wconf 87' lang='lat' dir='ltr'><strong>hunt</strong></span> <span class='ocrx_word' id='word_1_231' title='bbox 2172 1687 2289 1784; x_wconf 9' lang='lat' dir='ltr'><strong>pira</strong></span> <span class='ocrx_word' id='word_1_232' title='bbox 2314 1717 2677 1772; x_wconf 71' lang='lat' dir='ltr'><strong>exsultatione</strong></span> <span class='ocrx_word' id='word_1_233' title='bbox 2702 1687 2904 1783; x_wconf 64' lang='lat' dir='ltr'><strong>cordis,</strong></span> <span class='ocrx_word' id='word_1_234' title='bbox 2930 1687 2999 1777; x_wconf 22' lang='lat' dir='ltr'><strong>eit—</strong></span> <span class='ocrx_word' id='word_1_235' title='bbox 3011 1687 3124 1779; x_wconf 51' lang='lat' dir='ltr'><strong>1-st</strong></span> <span class='ocrx_word' id='word_1_236' title='bbox 3137 1726 3437 1780; x_wconf 68' lang='lat' dir='ltr'><strong>claritaltitis</strong></span> <span class='ocrx_word' id='word_1_237' title='bbox 3463 1739 3571 1793; x_wconf 73' lang='lat' dir='ltr'><strong>pm</strong></span> 
     </span>
    </p>
   </div>
   <div class='ocr_carea' id='block_1_30' title="bbox 317 1779 3570 1878">
    <p class='ocr_par' dir='ltr' id='par_1_30' title="bbox 317 1779 3570 1878">
     <span class='ocr_line' id='line_1_30' title="bbox 317 1779 3570 1878; baseline 0.007 -30"><span class='ocrx_word' id='word_1_238' title='bbox 317 1779 456 1878; x_wconf 59' lang='grc' dir='ltr'><strong>ξξάξθ</strong></span> <span class='ocrx_word' id='word_1_239' title='bbox 476 1780 634 1878; x_wconf 53' lang='lat' dir='ltr'><strong>fi?“</strong></span> <span class='ocrx_word' id='word_1_240' title='bbox 670 1797 846 1838; x_wconf 71' lang='grc' dir='ltr'>οωουε</span> <span class='ocrx_word' id='word_1_241' title='bbox 897 1784 952 1839; x_wconf 75' lang='lat' dir='ltr'><strong>in</strong></span> <span class='ocrx_word' id='word_1_242' title='bbox 993 1787 1270 1878; x_wconf 48' lang='grc' dir='ltr'><strong>ξειιϐὒνὶεν</strong></span> <span class='ocrx_word' id='word_1_243' title='bbox 1312 1790 1530 1858; x_wconf 67' lang='lat' dir='ltr'><strong>Quando</strong></span> <span class='ocrx_word' id='word_1_244' title='bbox 1565 1802 1720 1846; x_wconf 79' lang='lat' dir='ltr'><strong>sexta</strong></span> <span class='ocrx_word' id='word_1_245' title='bbox 1766 1795 1898 1850; x_wconf 84' lang='lat' dir='ltr'><strong>hora</strong></span> <span class='ocrx_word' id='word_1_246' title='bbox 1926 1803 1973 1862; x_wconf 85' lang='grc' dir='ltr'><strong>Β</strong></span> <span class='ocrx_word' id='word_1_247' title='bbox 2002 1805 2188 1859; x_wconf 71' lang='lat' dir='ltr'><strong>dolare</strong></span> <span class='ocrx_word' id='word_1_248' title='bbox 2201 1806 2401 1872; x_wconf 84' lang='lat' dir='ltr'><strong>cordis,</strong></span> <span class='ocrx_word' id='word_1_249' title='bbox 2420 1817 2472 1861; x_wconf 87' lang='lat' dir='ltr'><strong>et</strong></span> <span class='ocrx_word' id='word_1_250' title='bbox 2491 1824 2601 1878; x_wconf 73' lang='lat' dir='ltr'><strong>pra:</strong></span> <span class='ocrx_word' id='word_1_251' title='bbox 2623 1812 2949 1866; x_wconf 78' lang='lat' dir='ltr'><strong>contritione</strong></span> <span class='ocrx_word' id='word_1_252' title='bbox 2973 1814 3249 1869; x_wconf 87' lang='lat' dir='ltr'><strong>ululahitis</strong></span> <span class='ocrx_word' id='word_1_253' title='bbox 3276 1826 3360 1869; x_wconf 86' lang='lat' dir='ltr'><strong>:ct</strong></span> <span class='ocrx_word' id='word_1_254' title='bbox 3383 1817 3570 1871; x_wconf 82' lang='lat' dir='ltr'><strong>dimit-</strong></span> 
     </span>
    </p>
   </div>
   <div class='ocr_carea' id='block_1_31' title="bbox 315 1868 3571 1971">
    <p class='ocr_par' dir='ltr' id='par_1_31' title="bbox 315 1868 3571 1971">
     <span class='ocr_line' id='line_1_31' title="bbox 315 1868 3571 1971; baseline 0.006 -29"><span class='ocrx_word' id='word_1_255' title='bbox 315 1868 422 1925; x_wconf 62' lang='grc' dir='ltr'><strong>δίθί</strong></span> <span class='ocrx_word' id='word_1_256' title='bbox 453 1868 811 1971; x_wconf 37' lang='grc' dir='ltr'><strong>’ξθξναιοτ</strong></span> <span class='ocrx_word' id='word_1_257' title='bbox 842 1874 1030 1971; x_wconf 46' lang='lat' dir='ltr'><strong>“Iunii</strong></span> <span class='ocrx_word' id='word_1_258' title='bbox 1077 1892 1229 1971; x_wconf 55' lang='grc' dir='ltr'>ξ’θιιιξι</span> <span class='ocrx_word' id='word_1_259' title='bbox 1257 1880 1800 1971; x_wconf 14' lang='grc' dir='ltr'><strong>θδδθγνοθίΐθΐθὺδηιι</strong></span> <span class='ocrx_word' id='word_1_260' title='bbox 1845 1893 1903 1940; x_wconf 63' lang='lat' dir='ltr'><strong>ei</strong></span> <span class='ocrx_word' id='word_1_261' title='bbox 2004 1897 2129 1949; x_wconf 66' lang='lat' dir='ltr'><strong>lctis</strong></span> <span class='ocrx_word' id='word_1_262' title='bbox 2155 1912 2351 1952; x_wconf 87' lang='lat' dir='ltr'><strong>nomen</strong></span> <span class='ocrx_word' id='word_1_263' title='bbox 2384 1910 2618 1954; x_wconf 85' lang='lat' dir='ltr'><strong>vestrum</strong></span> <span class='ocrx_word' id='word_1_264' title='bbox 2645 1903 2696 1956; x_wconf 89' lang='lat' dir='ltr'><strong>in</strong></span> <span class='ocrx_word' id='word_1_265' title='bbox 2726 1903 3097 1971; x_wconf 72' lang='lat' dir='ltr'><strong>juramentum</strong></span> <span class='ocrx_word' id='word_1_266' title='bbox 3122 1907 3309 1961; x_wconf 78' lang='lat' dir='ltr'><strong>electis</strong></span> <span class='ocrx_word' id='word_1_267' title='bbox 3331 1908 3492 1968; x_wconf 88' lang='lat' dir='ltr'><strong>meis,</strong></span> <span class='ocrx_word' id='word_1_268' title='bbox 3513 1916 3571 1961; x_wconf 67' lang='lat' dir='ltr'><strong>et</strong></span> 
     </span>
    </p>
   </div>
   <div class='ocr_carea' id='block_1_32' title="bbox 316 1957 1899 2040">
    <p class='ocr_par' dir='ltr' id='par_1_32' title="bbox 316 1957 1899 2040">
     <span class='ocr_line' id='line_1_32' title="bbox 316 1957 1899 2040; baseline 0.011 -29"><span class='ocrx_word' id='word_1_269' title='bbox 316 1957 559 2029; x_wconf 86' lang='lat' dir='ltr'><strong>cruciﬁgi</strong></span> <span class='ocrx_word' id='word_1_270' title='bbox 579 1960 943 2030; x_wconf 85' lang='lat' dir='ltr'><strong>postulabant.</strong></span> <span class='ocrx_word' id='word_1_271' title='bbox 978 1962 1132 2019; x_wconf 88' lang='lat' dir='ltr'><strong>Unde</strong></span> <span class='ocrx_word' id='word_1_272' title='bbox 1148 1965 1234 2020; x_wconf 89' lang='lat' dir='ltr'><strong>eis</strong></span> <span class='ocrx_word' id='word_1_273' title='bbox 1269 1970 1526 2035; x_wconf 64' lang='lat' dir='ltr'><strong>tenebrae,</strong></span> <span class='ocrx_word' id='word_1_274' title='bbox 1555 1986 1691 2040; x_wconf 88' lang='lat' dir='ltr'><strong>quas</strong></span> <span class='ocrx_word' id='word_1_275' title='bbox 1717 1972 1792 2027; x_wconf 89' lang='lat' dir='ltr'><strong>illi</strong></span> <span class='ocrx_word' id='word_1_276' title='bbox 1814 1973 1899 2028; x_wconf 85' lang='lat' dir='ltr'><strong>itt-</strong></span> 
     </span>
    </p>
   </div>
   <div class='ocr_carea' id='block_1_33' title="bbox 315 2048 1899 2124">
    <p class='ocr_par' dir='ltr' id='par_1_33' title="bbox 315 2048 1899 2124">
     <span class='ocr_line' id='line_1_33' title="bbox 315 2048 1899 2124; baseline 0.011 -23"><span class='ocrx_word' id='word_1_277' title='bbox 315 2055 403 2102; x_wconf 90' lang='lat' dir='ltr'><strong>tus</strong></span> <span class='ocrx_word' id='word_1_278' title='bbox 427 2048 480 2101; x_wconf 92' lang='lat' dir='ltr'><strong>in</strong></span> <span class='ocrx_word' id='word_1_279' title='bbox 506 2049 687 2105; x_wconf 88' lang='lat' dir='ltr'><strong>animo</strong></span> <span class='ocrx_word' id='word_1_280' title='bbox 708 2050 1000 2119; x_wconf 90' lang='lat' dir='ltr'><strong>habebant,</strong></span> <span class='ocrx_word' id='word_1_281' title='bbox 1028 2068 1129 2124; x_wconf 92' lang='lat' dir='ltr'><strong>per</strong></span> <span class='ocrx_word' id='word_1_282' title='bbox 1156 2056 1540 2114; x_wconf 78' lang='lat' dir='ltr'><strong>obscuritatem</strong></span> <span class='ocrx_word' id='word_1_283' title='bbox 1556 2060 1899 2117; x_wconf 88' lang='lat' dir='ltr'><strong>luminarium</strong></span> 
     </span>
    </p>
   </div>
   <div class='ocr_carea' id='block_1_34' title="bbox 310 2137 1902 2214">
    <p class='ocr_par' dir='ltr' id='par_1_34' title="bbox 310 2137 1902 2214">
     <span class='ocr_line' id='line_1_34' title="bbox 310 2137 1902 2214; baseline 0.009 -21"><span class='ocrx_word' id='word_1_284' title='bbox 310 2137 617 2195; x_wconf 78' lang='lat' dir='ltr'><strong>forinsecus</strong></span> <span class='ocrx_word' id='word_1_285' title='bbox 653 2140 708 2195; x_wconf 92' lang='lat' dir='ltr'><strong>in</strong></span> <span class='ocrx_word' id='word_1_286' title='bbox 734 2140 846 2211; x_wconf 89' lang='lat' dir='ltr'><strong>ipsa</strong></span> <span class='ocrx_word' id='word_1_287' title='bbox 874 2143 1006 2197; x_wconf 88' lang='lat' dir='ltr'><strong>hora</strong></span> <span class='ocrx_word' id='word_1_288' title='bbox 1027 2145 1297 2214; x_wconf 85' lang='lat' dir='ltr'><strong>passionis</strong></span> <span class='ocrx_word' id='word_1_289' title='bbox 1323 2148 1537 2205; x_wconf 84' lang='lat' dir='ltr'><strong>Domini</strong></span> <span class='ocrx_word' id='word_1_290' title='bbox 1562 2152 1902 2208; x_wconf 89' lang='lat' dir='ltr'><strong>demonstra-</strong></span> 
     </span>
    </p>
   </div>
   <div class='ocr_carea' id='block_1_35' title="bbox 312 2230 1896 2311">
    <p class='ocr_par' dir='ltr' id='par_1_35' title="bbox 312 2230 1896 2311">
     <span class='ocr_line' id='line_1_35' title="bbox 312 2230 1896 2311; baseline 0.008 -25"><span class='ocrx_word' id='word_1_291' title='bbox 312 2230 536 2286; x_wconf 84' lang='lat' dir='ltr'><strong>bantur.</strong></span> <span class='ocrx_word' id='word_1_292' title='bbox 584 2230 691 2287; x_wconf 85' lang='lat' dir='ltr'><strong>Sed</strong></span> <span class='ocrx_word' id='word_1_293' title='bbox 710 2232 840 2288; x_wconf 71' lang='grc' dir='ltr'><strong>(εωεί</strong></span> <span class='ocrx_word' id='word_1_294' title='bbox 865 2234 1120 2292; x_wconf 91' lang='lat' dir='ltr'><strong>cordibus</strong></span> <span class='ocrx_word' id='word_1_295' title='bbox 1149 2253 1253 2293; x_wconf 91' lang='lat' dir='ltr'><strong>non</strong></span> <span class='ocrx_word' id='word_1_296' title='bbox 1276 2238 1581 2311; x_wconf 89' lang='lat' dir='ltr'><strong>dirigebant</strong></span> <span class='ocrx_word' id='word_1_297' title='bbox 1608 2242 1724 2297; x_wconf 84' lang='lat' dir='ltr'><strong>vias</strong></span> <span class='ocrx_word' id='word_1_298' title='bbox 1746 2258 1896 2310; x_wconf 87' lang='lat' dir='ltr'><strong>suas,</strong></span> 
     </span>
    </p>
   </div>
   <div class='ocr_carea' id='block_1_36' title="bbox 308 2321 1899 2398">
    <p class='ocr_par' dir='ltr' id='par_1_36' title="bbox 308 2321 1899 2398">
     <span class='ocr_line' id='line_1_36' title="bbox 308 2321 1899 2398; baseline 0.013 -27"><span class='ocrx_word' id='word_1_299' title='bbox 308 2321 438 2391; x_wconf 83' lang='lat' dir='ltr'><strong>quia</strong></span> <span class='ocrx_word' id='word_1_300' title='bbox 461 2335 562 2376; x_wconf 92' lang='lat' dir='ltr'><strong>nec</strong></span> <span class='ocrx_word' id='word_1_301' title='bbox 584 2322 959 2391; x_wconf 64' lang='lat' dir='ltr'><strong>paenitentiam</strong></span> <span class='ocrx_word' id='word_1_302' title='bbox 983 2340 1143 2396; x_wconf 86' lang='lat' dir='ltr'><strong>agere</strong></span> <span class='ocrx_word' id='word_1_303' title='bbox 1168 2327 1234 2383; x_wconf 87' lang='lat' dir='ltr'><strong>de</strong></span> <span class='ocrx_word' id='word_1_304' title='bbox 1260 2330 1495 2398; x_wconf 78' lang='lat' dir='ltr'><strong>peccatis</strong></span> <span class='ocrx_word' id='word_1_305' title='bbox 1519 2332 1633 2387; x_wconf 90' lang='lat' dir='ltr'><strong>suis</strong></span> <span class='ocrx_word' id='word_1_306' title='bbox 1682 2348 1785 2389; x_wconf 86' lang='lat' dir='ltr'><strong>nec</strong></span> <span class='ocrx_word' id='word_1_307' title='bbox 1808 2350 1899 2391; x_wconf 81' lang='lat' dir='ltr'><strong>ve-</strong></span> 
     </span>
    </p>
   </div>
   <div class='ocr_carea' id='block_1_37' title="bbox 310 2411 1900 2492">
    <p class='ocr_par' dir='ltr' id='par_1_37' title="bbox 310 2411 1900 2492">
     <span class='ocr_line' id='line_1_37' title="bbox 310 2411 1900 2492; baseline 0.01 -27"><span class='ocrx_word' id='word_1_308' title='bbox 310 2411 461 2466; x_wconf 88' lang='lat' dir='ltr'><strong>ritati</strong></span> <span class='ocrx_word' id='word_1_309' title='bbox 499 2413 723 2468; x_wconf 88' lang='lat' dir='ltr'><strong>credere</strong></span> <span class='ocrx_word' id='word_1_310' title='bbox 749 2413 1022 2470; x_wconf 88' lang='lat' dir='ltr'><strong>volebant.</strong></span> <span class='ocrx_word' id='word_1_311' title='bbox 1067 2417 1193 2475; x_wconf 83' lang='lat' dir='ltr'><strong>Ideo</strong></span> <span class='ocrx_word' id='word_1_312' title='bbox 1237 2420 1386 2475; x_wconf 92' lang='lat' dir='ltr'><strong>omni</strong></span> <span class='ocrx_word' id='word_1_313' title='bbox 1414 2428 1656 2492; x_wconf 88' lang='lat' dir='ltr'><strong>tempore</strong></span> <span class='ocrx_word' id='word_1_314' title='bbox 1693 2424 1900 2481; x_wconf 78' lang='lat' dir='ltr'><strong>calum-</strong></span> 
     </span>
    </p>
   </div>
   <div class='ocr_carea' id='block_1_38' title="bbox 311 2503 1900 2578">
    <p class='ocr_par' dir='ltr' id='par_1_38' title="bbox 311 2503 1900 2578">
     <span class='ocr_line' id='line_1_38' title="bbox 311 2503 1900 2578; baseline 0.009 -21"><span class='ocrx_word' id='word_1_315' title='bbox 311 2503 458 2558; x_wconf 82' lang='lat' dir='ltr'><strong>niam</strong></span> <span class='ocrx_word' id='word_1_316' title='bbox 478 2504 846 2572; x_wconf 81' lang='lat' dir='ltr'><strong>sustinebunt,</strong></span> <span class='ocrx_word' id='word_1_317' title='bbox 867 2515 923 2562; x_wconf 81' lang='lat' dir='ltr'><strong>et</strong></span> <span class='ocrx_word' id='word_1_318' title='bbox 937 2509 1179 2578; x_wconf 85' lang='lat' dir='ltr'><strong>oppressi</strong></span> <span class='ocrx_word' id='word_1_319' title='bbox 1199 2509 1471 2567; x_wconf 88' lang='lat' dir='ltr'><strong>violentiis</strong></span> <span class='ocrx_word' id='word_1_320' title='bbox 1488 2528 1595 2567; x_wconf 85' lang='lat' dir='ltr'><strong>non</strong></span> <span class='ocrx_word' id='word_1_321' title='bbox 1620 2514 1900 2572; x_wconf 74' lang='lat' dir='ltr'><strong>habebunt</strong></span> 
     </span>
    </p>
   </div>
   <div class='ocr_carea' id='block_1_39' title="bbox 306 2591 1899 2660">
    <p class='ocr_par' dir='ltr' id='par_1_39' title="bbox 306 2591 1899 2660">
     <span class='ocr_line' id='line_1_39' title="bbox 306 2591 1899 2660; baseline 0.008 -13"><span class='ocrx_word' id='word_1_322' title='bbox 306 2591 676 2649; x_wconf 84' lang='lat' dir='ltr'><strong>liberatorem.</strong></span> <span class='ocrx_word' id='word_1_323' title='bbox 701 2591 962 2651; x_wconf 89' lang='lat' dir='ltr'><strong>Similiter</strong></span> <span class='ocrx_word' id='word_1_324' title='bbox 987 2605 1044 2651; x_wconf 91' lang='lat' dir='ltr'><strong>et</strong></span> <span class='ocrx_word' id='word_1_325' title='bbox 1068 2612 1257 2655; x_wconf 88' lang='lat' dir='ltr'><strong>omnes</strong></span> <span class='ocrx_word' id='word_1_326' title='bbox 1276 2600 1519 2657; x_wconf 62' lang='lat' dir='ltr'><strong>haeretici</strong></span> <span class='ocrx_word' id='word_1_327' title='bbox 1561 2611 1618 2658; x_wconf 91' lang='lat' dir='ltr'><strong>et</strong></span> <span class='ocrx_word' id='word_1_328' title='bbox 1634 2604 1899 2660; x_wconf 87' lang='lat' dir='ltr'><strong>schisma-</strong></span> 
     </span>
    </p>
   </div>
   <div class='ocr_carea' id='block_1_40' title="bbox 308 2682 1895 2759">
    <p class='ocr_par' dir='ltr' id='par_1_40' title="bbox 308 2682 1895 2759">
     <span class='ocr_line' id='line_1_40' title="bbox 308 2682 1895 2759; baseline 0.008 -24"><span class='ocrx_word' id='word_1_329' title='bbox 308 2682 402 2736; x_wconf 87' lang='lat' dir='ltr'><strong>tici</strong></span> <span class='ocrx_word' id='word_1_330' title='bbox 432 2682 807 2752; x_wconf 85' lang='lat' dir='ltr'><strong>percutiuntur</strong></span> <span class='ocrx_word' id='word_1_331' title='bbox 831 2685 1088 2751; x_wconf 86' lang='lat' dir='ltr'><strong>amentia,</strong></span> <span class='ocrx_word' id='word_1_332' title='bbox 1134 2688 1423 2759; x_wconf 84' lang='lat' dir='ltr'><strong>etpalpant</strong></span> <span class='ocrx_word' id='word_1_333' title='bbox 1448 2691 1508 2748; x_wconf 88' lang='lat' dir='ltr'><strong>in</strong></span> <span class='ocrx_word' id='word_1_334' title='bbox 1540 2692 1767 2749; x_wconf 79' lang='lat' dir='ltr'><strong>meridie</strong></span> <span class='ocrx_word' id='word_1_335' title='bbox 1788 2707 1895 2747; x_wconf 90' lang='lat' dir='ltr'><strong>ve-</strong></span> 
     </span>
    </p>
   </div>
   <div class='ocr_carea' id='block_1_41' title="bbox 307 2774 1897 2850">
    <p class='ocr_par' dir='ltr' id='par_1_41' title="bbox 307 2774 1897 2850">
     <span class='ocr_line' id='line_1_41' title="bbox 307 2774 1897 2850; baseline 0.008 -20"><span class='ocrx_word' id='word_1_336' title='bbox 307 2774 389 2831; x_wconf 78' lang='lat' dir='ltr'><strong>lut</strong></span> <span class='ocrx_word' id='word_1_337' title='bbox 414 2775 547 2835; x_wconf 64' lang='lat' dir='ltr'><strong>caci</strong></span> <span class='ocrx_word' id='word_1_338' title='bbox 590 2776 809 2846; x_wconf 86' lang='lat' dir='ltr'><strong>quando</strong></span> <span class='ocrx_word' id='word_1_339' title='bbox 835 2776 1166 2835; x_wconf 86' lang='lat' dir='ltr'><strong>clarescente</strong></span> <span class='ocrx_word' id='word_1_340' title='bbox 1211 2781 1504 2850; x_wconf 84' lang='lat' dir='ltr'><strong>Evangelia</strong></span> <span class='ocrx_word' id='word_1_341' title='bbox 1550 2785 1603 2840; x_wconf 91' lang='lat' dir='ltr'><strong>in</strong></span> <span class='ocrx_word' id='word_1_342' title='bbox 1628 2793 1742 2842; x_wconf 88' lang='lat' dir='ltr'><strong>toto</strong></span> <span class='ocrx_word' id='word_1_343' title='bbox 1765 2788 1897 2843; x_wconf 83' lang='lat' dir='ltr'><strong>orbe</strong></span> 
     </span>
    </p>
   </div>
   <div class='ocr_carea' id='block_1_42' title="bbox 305 2867 1896 2945">
    <p class='ocr_par' dir='ltr' id='par_1_42' title="bbox 305 2867 1896 2945">
     <span class='ocr_line' id='line_1_42' title="bbox 305 2867 1896 2945; baseline 0.007 -24"><span class='ocrx_word' id='word_1_344' title='bbox 305 2873 602 2933; x_wconf 79' lang='lat' dir='ltr'><strong>terrarum,</strong></span> <span class='ocrx_word' id='word_1_345' title='bbox 652 2867 753 2937; x_wconf 85' lang='lat' dir='ltr'><strong>ipsi</strong></span> <span class='ocrx_word' id='word_1_346' title='bbox 797 2882 1047 2945; x_wconf 81' lang='lat' dir='ltr'><strong>errorum</strong></span> <span class='ocrx_word' id='word_1_347' title='bbox 1091 2871 1329 2927; x_wconf 86' lang='lat' dir='ltr'><strong>tenebris</strong></span> <span class='ocrx_word' id='word_1_348' title='bbox 1385 2873 1628 2940; x_wconf 86' lang='lat' dir='ltr'><strong>involuti,</strong></span> <span class='ocrx_word' id='word_1_349' title='bbox 1658 2870 1896 2932; x_wconf 82' lang='lat' dir='ltr'><strong>animam</strong></span> 
     </span>
    </p>
   </div>
   <div class='ocr_carea' id='block_1_43' title="bbox 301 2961 1897 3039">
    <p class='ocr_par' dir='ltr' id='par_1_43' title="bbox 301 2961 1897 3039">
     <span class='ocr_line' id='line_1_43' title="bbox 301 2961 1897 3039; baseline 0.004 -21"><span class='ocrx_word' id='word_1_350' title='bbox 301 2976 461 3018; x_wconf 85' lang='lat' dir='ltr'><strong>suam</strong></span> <span class='ocrx_word' id='word_1_351' title='bbox 486 2961 542 3016; x_wconf 92' lang='lat' dir='ltr'><strong>in</strong></span> <span class='ocrx_word' id='word_1_352' title='bbox 566 2962 677 3017; x_wconf 76' lang='lat' dir='ltr'><strong>hoc</strong></span> <span class='ocrx_word' id='word_1_353' title='bbox 713 2964 1006 3021; x_wconf 82' lang='lat' dir='ltr'><strong>ostendunt</strong></span> <span class='ocrx_word' id='word_1_354' title='bbox 1054 2966 1197 3035; x_wconf 88' lang='lat' dir='ltr'><strong>quod</strong></span> <span class='ocrx_word' id='word_1_355' title='bbox 1220 2965 1498 3027; x_wconf 61' lang='lat' dir='ltr'><strong>catholica:</strong></span> <span class='ocrx_word' id='word_1_356' title='bbox 1520 2966 1646 3026; x_wconf 84' lang='lat' dir='ltr'><strong>ﬁdei</strong></span> <span class='ocrx_word' id='word_1_357' title='bbox 1691 2968 1745 3024; x_wconf 91' lang='lat' dir='ltr'><strong>in</strong></span> <span class='ocrx_word' id='word_1_358' title='bbox 1771 2968 1897 3039; x_wconf 85' lang='lat' dir='ltr'><strong>dog-</strong></span> 
     </span>
    </p>
   </div>
   <div class='ocr_carea' id='block_1_44' title="bbox 308 3051 1893 3115">
    <p class='ocr_par' dir='ltr' id='par_1_44' title="bbox 308 3051 1893 3115">
     <span class='ocr_line' id='line_1_44' title="bbox 308 3051 1893 3115; baseline 0.006 -10"><span class='ocrx_word' id='word_1_359' title='bbox 308 3051 549 3111; x_wconf 77' lang='lat' dir='ltr'><strong>matibus</strong></span> <span class='ocrx_word' id='word_1_360' title='bbox 583 3051 700 3108; x_wconf 88' lang='lat' dir='ltr'><strong>suis</strong></span> <span class='ocrx_word' id='word_1_361' title='bbox 721 3054 1057 3115; x_wconf 82' lang='lat' dir='ltr'><strong>concordare</strong></span> <span class='ocrx_word' id='word_1_362' title='bbox 1088 3054 1296 3113; x_wconf 88' lang='lat' dir='ltr'><strong>uolunt.</strong></span> <span class='ocrx_word' id='word_1_363' title='bbox 1342 3054 1552 3112; x_wconf 87' lang='lat' dir='ltr'><strong>Idcirco</strong></span> <span class='ocrx_word' id='word_1_364' title='bbox 1581 3059 1731 3113; x_wconf 86' lang='lat' dir='ltr'><strong>omni</strong></span> <span class='ocrx_word' id='word_1_365' title='bbox 1758 3068 1893 3115; x_wconf 90' lang='lat' dir='ltr'><strong>tem-</strong></span> 
     </span>
    </p>
   </div>
   <div class='ocr_carea' id='block_1_45' title="bbox 2002 1986 3571 2055">
    <p class='ocr_par' dir='ltr' id='par_1_45' title="bbox 2002 1986 3571 2055">
     <span class='ocr_line' id='line_1_45' title="bbox 2002 1986 3571 2055; baseline 0.008 -16"><span class='ocrx_word' id='word_1_366' title='bbox 2002 1986 2298 2041; x_wconf 87' lang='lat' dir='ltr'><strong>intcrliciet</strong></span> <span class='ocrx_word' id='word_1_367' title='bbox 2323 1996 2376 2043; x_wconf 89' lang='lat' dir='ltr'><strong>te</strong></span> <span class='ocrx_word' id='word_1_368' title='bbox 2398 1988 2686 2055; x_wconf 88' lang='lat' dir='ltr'><strong>Dominus;</strong></span> <span class='ocrx_word' id='word_1_369' title='bbox 2712 2004 2764 2046; x_wconf 82' lang='lat' dir='ltr'><strong>rt</strong></span> <span class='ocrx_word' id='word_1_370' title='bbox 2790 2011 2975 2052; x_wconf 84' lang='lat' dir='ltr'><strong>servos</strong></span> <span class='ocrx_word' id='word_1_371' title='bbox 3002 2012 3131 2050; x_wconf 85' lang='lat' dir='ltr'><strong>suos</strong></span> <span class='ocrx_word' id='word_1_372' title='bbox 3161 1997 3372 2053; x_wconf 84' lang='lat' dir='ltr'><strong>vocabit</strong></span> <span class='ocrx_word' id='word_1_373' title='bbox 3397 1997 3571 2050; x_wconf 87' lang='lat' dir='ltr'><strong>nomi-</strong></span> 
     </span>
    </p>
   </div>
   <div class='ocr_carea' id='block_1_46' title="bbox 2000 2076 3567 2153">
    <p class='ocr_par' dir='ltr' id='par_1_46' title="bbox 2000 2076 3567 2153">
     <span class='ocr_line' id='line_1_46' title="bbox 2000 2076 3567 2153; baseline 0.008 -24"><span class='ocrx_word' id='word_1_374' title='bbox 2000 2092 2067 2130; x_wconf 88' lang='lat' dir='ltr'><strong>ne</strong></span> <span class='ocrx_word' id='word_1_375' title='bbox 2099 2076 2224 2143; x_wconf 87' lang='lat' dir='ltr'><strong>alio,</strong></span> <span class='ocrx_word' id='word_1_376' title='bbox 2256 2077 2309 2132; x_wconf 88' lang='lat' dir='ltr'><strong>in</strong></span> <span class='ocrx_word' id='word_1_377' title='bbox 2343 2095 2453 2147; x_wconf 88' lang='lat' dir='ltr'><strong>quo</strong></span> <span class='ocrx_word' id='word_1_378' title='bbox 2479 2082 2569 2149; x_wconf 87' lang='lat' dir='ltr'><strong>qui</strong></span> <span class='ocrx_word' id='word_1_379' title='bbox 2600 2082 2916 2139; x_wconf 84' lang='lat' dir='ltr'><strong>benedictus</strong></span> <span class='ocrx_word' id='word_1_380' title='bbox 2947 2096 3033 2141; x_wconf 88' lang='lat' dir='ltr'><strong>est</strong></span> <span class='ocrx_word' id='word_1_381' title='bbox 3059 2102 3220 2153; x_wconf 84' lang='lat' dir='ltr'><strong>super</strong></span> <span class='ocrx_word' id='word_1_382' title='bbox 3247 2096 3440 2140; x_wconf 79' lang='lat' dir='ltr'><strong>terram</strong></span> <span class='ocrx_word' id='word_1_383' title='bbox 3474 2088 3567 2142; x_wconf 71' lang='lat' dir='ltr'><strong>be»-</strong></span> 
     </span>
    </p>
   </div>
   <div class='ocr_carea' id='block_1_47' title="bbox 2000 2168 3566 2245">
    <p class='ocr_par' dir='ltr' id='par_1_47' title="bbox 2000 2168 3566 2245">
     <span class='ocr_line' id='line_1_47' title="bbox 2000 2168 3566 2245; baseline 0.003 -23"><span class='ocrx_word' id='word_1_384' title='bbox 2000 2168 2280 2223; x_wconf 78' lang='lat' dir='ltr'><strong>uetlicetur</strong></span> <span class='ocrx_word' id='word_1_385' title='bbox 2305 2170 2355 2224; x_wconf 90' lang='lat' dir='ltr'><strong>in</strong></span> <span class='ocrx_word' id='word_1_386' title='bbox 2389 2170 2616 2227; x_wconf 87' lang='lat' dir='ltr'><strong>Domino</strong></span> <span class='ocrx_word' id='word_1_387' title='bbox 2650 2191 2673 2227; x_wconf 73' lang='grc' dir='ltr'><strong>ι</strong></span> <span class='ocrx_word' id='word_1_388' title='bbox 2710 2175 2841 2243; x_wconf 77' lang='lat' dir='ltr'><strong>(Ian.</strong></span> <span class='ocrx_word' id='word_1_389' title='bbox 2872 2176 3021 2245; x_wconf 70' lang='grc' dir='ltr'><strong>ων).</strong></span> <span class='ocrx_word' id='word_1_390' title='bbox 3048 2196 3067 2228; x_wconf 77' lang='grc' dir='ltr'><strong>ι</strong></span> <span class='ocrx_word' id='word_1_391' title='bbox 3098 2177 3367 2232; x_wconf 82' lang='lat' dir='ltr'><strong>Pcrcutiat</strong></span> <span class='ocrx_word' id='word_1_392' title='bbox 3386 2188 3436 2232; x_wconf 92' lang='lat' dir='ltr'><strong>te</strong></span> <span class='ocrx_word' id='word_1_393' title='bbox 3459 2176 3566 2227; x_wconf 77' lang='lat' dir='ltr'><strong>hu-</strong></span> 
     </span>
    </p>
   </div>
   <div class='ocr_carea' id='block_1_48' title="bbox 2004 2252 3579 2326">
    <p class='ocr_par' dir='ltr' id='par_1_48' title="bbox 2004 2252 3579 2326">
     <span class='ocr_line' id='line_1_48' title="bbox 2004 2252 3579 2326; baseline 0.006 -23"><span class='ocrx_word' id='word_1_394' title='bbox 2004 2272 2022 2302; x_wconf 73' lang='lat' dir='ltr'><strong>t</strong></span> <span class='ocrx_word' id='word_1_395' title='bbox 2070 2252 2247 2307; x_wconf 89' lang='lat' dir='ltr'><strong>minus</strong></span> <span class='ocrx_word' id='word_1_396' title='bbox 2281 2252 2458 2308; x_wconf 87' lang='lat' dir='ltr'><strong>ulcere</strong></span> <span class='ocrx_word' id='word_1_397' title='bbox 2481 2256 2714 2324; x_wconf 86' lang='lat' dir='ltr'><strong>pessimo</strong></span> <span class='ocrx_word' id='word_1_398' title='bbox 2742 2256 2797 2309; x_wconf 90' lang='lat' dir='ltr'><strong>in</strong></span> <span class='ocrx_word' id='word_1_399' title='bbox 2826 2259 3051 2326; x_wconf 78' lang='lat' dir='ltr'><strong>genibus</strong></span> <span class='ocrx_word' id='word_1_400' title='bbox 3073 2266 3129 2312; x_wconf 91' lang='lat' dir='ltr'><strong>et</strong></span> <span class='ocrx_word' id='word_1_401' title='bbox 3152 2259 3299 2313; x_wconf 89' lang='lat' dir='ltr'><strong>suris</strong></span> <span class='ocrx_word' id='word_1_402' title='bbox 3325 2277 3337 2311; x_wconf 93' lang='lat'>:</span> <span class='ocrx_word' id='word_1_403' title='bbox 3369 2258 3579 2313; x_wconf 82' lang='lat' dir='ltr'><strong>sanari-</strong></span> 
     </span>
    </p>
   </div>
   <div class='ocr_carea' id='block_1_49' title="bbox 2003 2347 3575 2418">
    <p class='ocr_par' dir='ltr' id='par_1_49' title="bbox 2003 2347 3575 2418">
     <span class='ocr_line' id='line_1_49' title="bbox 2003 2347 3575 2418; baseline 0.003 -20"><span class='ocrx_word' id='word_1_404' title='bbox 2003 2365 2022 2398; x_wconf 71' lang='grc' dir='ltr'><strong>ι</strong></span> <span class='ocrx_word' id='word_1_405' title='bbox 2067 2361 2174 2414; x_wconf 89' lang='lat' dir='ltr'><strong>quc</strong></span> <span class='ocrx_word' id='word_1_406' title='bbox 2204 2362 2309 2401; x_wconf 89' lang='lat' dir='ltr'><strong>non</strong></span> <span class='ocrx_word' id='word_1_407' title='bbox 2331 2347 2528 2417; x_wconf 89' lang='lat' dir='ltr'><strong>possis,</strong></span> <span class='ocrx_word' id='word_1_408' title='bbox 2556 2363 2584 2401; x_wconf 87' lang='lat' dir='ltr'><strong>a</strong></span> <span class='ocrx_word' id='word_1_409' title='bbox 2614 2348 2795 2416; x_wconf 88' lang='lat' dir='ltr'><strong>planta</strong></span> <span class='ocrx_word' id='word_1_410' title='bbox 2829 2350 2983 2418; x_wconf 84' lang='lat' dir='ltr'><strong>pedis</strong></span> <span class='ocrx_word' id='word_1_411' title='bbox 3013 2365 3183 2418; x_wconf 87' lang='lat' dir='ltr'><strong>usque</strong></span> <span class='ocrx_word' id='word_1_412' title='bbox 3222 2352 3290 2404; x_wconf 89' lang='lat' dir='ltr'><strong>ad</strong></span> <span class='ocrx_word' id='word_1_413' title='bbox 3315 2351 3575 2406; x_wconf 88' lang='lat' dir='ltr'><strong>verticem</strong></span> 
     </span>
    </p>
   </div>
   <div class='ocr_carea' id='block_1_50' title="bbox 2005 2435 3582 2508">
    <p class='ocr_par' dir='ltr' id='par_1_50' title="bbox 2005 2435 3582 2508">
     <span class='ocr_line' id='line_1_50' title="bbox 2005 2435 3582 2508; baseline 0.004 -22"><span class='ocrx_word' id='word_1_414' title='bbox 2005 2454 2023 2486; x_wconf 76' lang='grc' dir='ltr'><strong>ι</strong></span> <span class='ocrx_word' id='word_1_415' title='bbox 2077 2444 2245 2490; x_wconf 72' lang='lat' dir='ltr'><strong>tuum;</strong></span> <span class='ocrx_word' id='word_1_416' title='bbox 2280 2456 2300 2487; x_wconf 77' lang='grc' dir='ltr'><strong>ι</strong></span> <span class='ocrx_word' id='word_1_417' title='bbox 2361 2435 2421 2490; x_wconf 89' lang='lat' dir='ltr'><strong>In</strong></span> <span class='ocrx_word' id='word_1_418' title='bbox 2452 2438 2678 2508; x_wconf 81' lang='lat' dir='ltr'><strong>genibus</strong></span> <span class='ocrx_word' id='word_1_419' title='bbox 2716 2438 2852 2492; x_wconf 89' lang='lat' dir='ltr'><strong>etin</strong></span> <span class='ocrx_word' id='word_1_420' title='bbox 2902 2439 3046 2493; x_wconf 89' lang='lat' dir='ltr'><strong>suris</strong></span> <span class='ocrx_word' id='word_1_421' title='bbox 3078 2438 3158 2493; x_wconf 91' lang='lat' dir='ltr'><strong>vel</strong></span> <span class='ocrx_word' id='word_1_422' title='bbox 3190 2438 3355 2492; x_wconf 90' lang='lat' dir='ltr'><strong>robur</strong></span> <span class='ocrx_word' id='word_1_423' title='bbox 3391 2438 3582 2493; x_wconf 87' lang='lat' dir='ltr'><strong>tollen-</strong></span> 
     </span>
    </p>
   </div>
   <div class='ocr_carea' id='block_1_51' title="bbox 1992 2526 3584 2599">
    <p class='ocr_par' dir='ltr' id='par_1_51' title="bbox 1992 2526 3584 2599">
     <span class='ocr_line' id='line_1_51' title="bbox 1992 2526 3584 2599; baseline 0 -18"><span class='ocrx_word' id='word_1_424' title='bbox 1992 2526 2149 2592; x_wconf 81' lang='lat' dir='ltr'><strong>dum,</strong></span> <span class='ocrx_word' id='word_1_425' title='bbox 2192 2526 2277 2581; x_wconf 86' lang='lat' dir='ltr'><strong>vel</strong></span> <span class='ocrx_word' id='word_1_426' title='bbox 2303 2528 2656 2583; x_wconf 87' lang='lat' dir='ltr'><strong>stabilitatem</strong></span> <span class='ocrx_word' id='word_1_427' title='bbox 2680 2527 2782 2583; x_wconf 93' lang='lat' dir='ltr'><strong>loci</strong></span> <span class='ocrx_word' id='word_1_428' title='bbox 2814 2528 3104 2599; x_wconf 87' lang='lat' dir='ltr'><strong>signiﬁcat.</strong></span> <span class='ocrx_word' id='word_1_429' title='bbox 3144 2528 3313 2599; x_wconf 85' lang='lat' dir='ltr'><strong>Igitur</strong></span> <span class='ocrx_word' id='word_1_430' title='bbox 3340 2528 3465 2598; x_wconf 90' lang='lat' dir='ltr'><strong>quia</strong></span> <span class='ocrx_word' id='word_1_431' title='bbox 3487 2527 3584 2582; x_wconf 81' lang='lat' dir='ltr'><strong>Ju-</strong></span> 
     </span>
    </p>
   </div>
   <div class='ocr_carea' id='block_1_52' title="bbox 1997 2616 3582 2689">
    <p class='ocr_par' dir='ltr' id='par_1_52' title="bbox 1997 2616 3582 2689">
     <span class='ocr_line' id='line_1_52' title="bbox 1997 2616 3582 2689; baseline 0.002 -18"><span class='ocrx_word' id='word_1_432' title='bbox 1997 2616 2096 2671; x_wconf 67' lang='lat' dir='ltr'><strong>daei</strong></span> <span class='ocrx_word' id='word_1_433' title='bbox 2148 2616 2233 2671; x_wconf 87' lang='lat' dir='ltr'><strong>vel</strong></span> <span class='ocrx_word' id='word_1_434' title='bbox 2272 2618 2512 2673; x_wconf 68' lang='lat' dir='ltr'><strong>haeretici</strong></span> <span class='ocrx_word' id='word_1_435' title='bbox 2555 2619 2624 2674; x_wconf 86' lang='lat' dir='ltr'><strong>ab</strong></span> <span class='ocrx_word' id='word_1_436' title='bbox 2657 2619 2814 2674; x_wconf 87' lang='lat' dir='ltr'><strong>initio</strong></span> <span class='ocrx_word' id='word_1_437' title='bbox 2835 2618 3127 2675; x_wconf 89' lang='lat' dir='ltr'><strong>voluntatis</strong></span> <span class='ocrx_word' id='word_1_438' title='bbox 3149 2635 3261 2673; x_wconf 68' lang='lat' dir='ltr'><strong>sua:</strong></span> <span class='ocrx_word' id='word_1_439' title='bbox 3313 2634 3484 2689; x_wconf 86' lang='lat' dir='ltr'><strong>usque</strong></span> <span class='ocrx_word' id='word_1_440' title='bbox 3511 2618 3582 2674; x_wconf 87' lang='lat' dir='ltr'><strong>ad</strong></span> 
     </span>
    </p>
   </div>
   <div class='ocr_carea' id='block_1_53' title="bbox 1994 2706 3578 2778">
    <p class='ocr_par' dir='ltr' id='par_1_53' title="bbox 1994 2706 3578 2778">
     <span class='ocr_line' id='line_1_53' title="bbox 1994 2706 3578 2778; baseline 0.001 -17"><span class='ocrx_word' id='word_1_441' title='bbox 1994 2706 2385 2775; x_wconf 80' lang='lat' dir='ltr'><strong>perfectionem</strong></span> <span class='ocrx_word' id='word_1_442' title='bbox 2430 2709 2610 2778; x_wconf 89' lang='lat' dir='ltr'><strong>operis</strong></span> <span class='ocrx_word' id='word_1_443' title='bbox 2672 2710 2935 2765; x_wconf 86' lang='lat' dir='ltr'><strong>malitiam</strong></span> <span class='ocrx_word' id='word_1_444' title='bbox 2983 2726 3135 2764; x_wconf 89' lang='lat' dir='ltr'><strong>suam</strong></span> <span class='ocrx_word' id='word_1_445' title='bbox 3186 2717 3578 2774; x_wconf 72' lang='lat' dir='ltr'><strong>exercuerunt,</strong></span> 
     </span>
    </p>
   </div>
   <div class='ocr_carea' id='block_1_54' title="bbox 1997 2796 3577 2868">
    <p class='ocr_par' dir='ltr' id='par_1_54' title="bbox 1997 2796 3577 2868">
     <span class='ocr_line' id='line_1_54' title="bbox 1997 2796 3577 2868; baseline 0.001 -17"><span class='ocrx_word' id='word_1_446' title='bbox 1997 2797 2193 2851; x_wconf 87' lang='lat' dir='ltr'><strong>merito</strong></span> <span class='ocrx_word' id='word_1_447' title='bbox 2220 2796 2419 2851; x_wconf 89' lang='lat' dir='ltr'><strong>dicitur</strong></span> <span class='ocrx_word' id='word_1_448' title='bbox 2452 2799 2522 2853; x_wconf 88' lang='lat' dir='ltr'><strong>de</strong></span> <span class='ocrx_word' id='word_1_449' title='bbox 2551 2798 2632 2853; x_wconf 93' lang='lat' dir='ltr'><strong>eis</strong></span> <span class='ocrx_word' id='word_1_450' title='bbox 2656 2802 2800 2868; x_wconf 87' lang='lat' dir='ltr'><strong>quod</strong></span> <span class='ocrx_word' id='word_1_451' title='bbox 2841 2815 2871 2853; x_wconf 88' lang='lat' dir='ltr'><strong>a</strong></span> <span class='ocrx_word' id='word_1_452' title='bbox 2894 2798 3075 2868; x_wconf 81' lang='lat' dir='ltr'><strong>planta</strong></span> <span class='ocrx_word' id='word_1_453' title='bbox 3099 2798 3253 2867; x_wconf 89' lang='lat' dir='ltr'><strong>pedis</strong></span> <span class='ocrx_word' id='word_1_454' title='bbox 3300 2812 3474 2867; x_wconf 86' lang='lat' dir='ltr'><strong>usque</strong></span> <span class='ocrx_word' id='word_1_455' title='bbox 3506 2797 3577 2852; x_wconf 89' lang='lat' dir='ltr'><strong>ad</strong></span> 
     </span>
    </p>
   </div>
   <div class='ocr_carea' id='block_1_55' title="bbox 1996 2886 3581 2957">
    <p class='ocr_par' dir='ltr' id='par_1_55' title="bbox 1996 2886 3581 2957">
     <span class='ocr_line' id='line_1_55' title="bbox 1996 2886 3581 2957; baseline 0.002 -18"><span class='ocrx_word' id='word_1_456' title='bbox 1996 2886 2253 2943; x_wconf 86' lang='lat' dir='ltr'><strong>verticem</strong></span> <span class='ocrx_word' id='word_1_457' title='bbox 2296 2895 2423 2942; x_wconf 89' lang='lat' dir='ltr'><strong>sunt</strong></span> <span class='ocrx_word' id='word_1_458' title='bbox 2443 2889 2708 2957; x_wconf 90' lang='lat' dir='ltr'><strong>percussi.</strong></span> <span class='ocrx_word' id='word_1_459' title='bbox 2760 2889 2916 2944; x_wconf 90' lang='lat' dir='ltr'><strong>Unde</strong></span> <span class='ocrx_word' id='word_1_460' title='bbox 2941 2898 2998 2943; x_wconf 92' lang='lat' dir='ltr'><strong>et</strong></span> <span class='ocrx_word' id='word_1_461' title='bbox 3022 2890 3189 2944; x_wconf 86' lang='lat' dir='ltr'><strong>Isaias</strong></span> <span class='ocrx_word' id='word_1_462' title='bbox 3219 2889 3412 2944; x_wconf 86' lang='lat' dir='ltr'><strong>talibus</strong></span> <span class='ocrx_word' id='word_1_463' title='bbox 3436 2903 3581 2944; x_wconf 86' lang='lat' dir='ltr'><strong>com-</strong></span> 
     </span>
    </p>
   </div>
   <div class='ocr_carea' id='block_1_56' title="bbox 1996 2977 3693 3051">
    <p class='ocr_par' dir='ltr' id='par_1_56' title="bbox 1996 2977 3693 3051">
     <span class='ocr_line' id='line_1_56' title="bbox 1996 2977 3693 3051; baseline 0.001 -20"><span class='ocrx_word' id='word_1_464' title='bbox 1996 2977 2210 3033; x_wconf 80' lang='lat' dir='ltr'><strong>minans</strong></span> <span class='ocrx_word' id='word_1_465' title='bbox 2233 2978 2310 3032; x_wconf 87' lang='lat' dir='ltr'><strong>ait</strong></span> <span class='ocrx_word' id='word_1_466' title='bbox 2342 2996 2356 3031; x_wconf 86' lang='lat'><strong>:</strong></span> <span class='ocrx_word' id='word_1_467' title='bbox 2393 2997 2413 3029; x_wconf 82' lang='grc'><strong>‹</strong></span> <span class='ocrx_word' id='word_1_468' title='bbox 2460 2979 2550 3034; x_wconf 76' lang='lat' dir='ltr'><strong>Va:</strong></span> <span class='ocrx_word' id='word_1_469' title='bbox 2575 2980 2720 3051; x_wconf 85' lang='lat' dir='ltr'><strong>genti</strong></span> <span class='ocrx_word' id='word_1_470' title='bbox 2740 2980 3052 3050; x_wconf 89' lang='lat' dir='ltr'><strong>peccatrici,</strong></span> <span class='ocrx_word' id='word_1_471' title='bbox 3082 2980 3280 3050; x_wconf 88' lang='lat' dir='ltr'><strong>populo</strong></span> <span class='ocrx_word' id='word_1_472' title='bbox 3292 2980 3444 3050; x_wconf 88' lang='lat' dir='ltr'><strong>gravi</strong></span> <span class='ocrx_word' id='word_1_473' title='bbox 3474 2979 3579 3033; x_wconf 91' lang='lat' dir='ltr'><strong>ini-</strong></span> <span class='ocrx_word' id='word_1_474' title='bbox 3682 2988 3693 2997; x_wconf 91' lang='lat'><em>‘</em></span> 
     </span>
    </p>
   </div>
   <div class='ocr_carea' id='block_1_57' title="bbox 1996 3067 3580 3139">
    <p class='ocr_par' dir='ltr' id='par_1_57' title="bbox 1996 3067 3580 3139">
     <span class='ocr_line' id='line_1_57' title="bbox 1996 3067 3580 3139; baseline 0.003 -20"><span class='ocrx_word' id='word_1_475' title='bbox 1996 3067 2225 3136; x_wconf 87' lang='lat' dir='ltr'><strong>quitate,</strong></span> <span class='ocrx_word' id='word_1_476' title='bbox 2247 3068 2440 3123; x_wconf 89' lang='lat' dir='ltr'><strong>semini</strong></span> <span class='ocrx_word' id='word_1_477' title='bbox 2477 3084 2729 3139; x_wconf 89' lang='lat' dir='ltr'><strong>nequam,</strong></span> <span class='ocrx_word' id='word_1_478' title='bbox 2770 3070 2895 3125; x_wconf 88' lang='lat' dir='ltr'><strong>ﬁliis</strong></span> <span class='ocrx_word' id='word_1_479' title='bbox 2920 3070 3218 3125; x_wconf 86' lang='lat' dir='ltr'><strong>sceleratis.</strong></span> <span class='ocrx_word' id='word_1_480' title='bbox 3267 3068 3580 3139; x_wconf 87' lang='lat' dir='ltr'><strong>Derelique—</strong></span> 
     </span>
    </p>
   </div>
   <div class='ocr_carea' id='block_1_58' title="bbox 299 3142 3573 3227">
    <p class='ocr_par' dir='ltr' id='par_1_58' title="bbox 299 3142 3573 3227">
     <span class='ocr_line' id='line_1_58' title="bbox 299 3142 3573 3227; baseline 0.004 -28"><span class='ocrx_word' id='word_1_481' title='bbox 299 3159 435 3216; x_wconf 80' lang='lat' dir='ltr'><strong>pore</strong></span> <span class='ocrx_word' id='word_1_482' title='bbox 467 3142 791 3201; x_wconf 84' lang='lat' dir='ltr'><strong>calumniam</strong></span> <span class='ocrx_word' id='word_1_483' title='bbox 829 3146 1190 3212; x_wconf 87' lang='lat' dir='ltr'><strong>sustinebunt,</strong></span> <span class='ocrx_word' id='word_1_484' title='bbox 1234 3147 1357 3218; x_wconf 74' lang='lat' dir='ltr'><strong>quia</strong></span> <span class='ocrx_word' id='word_1_485' title='bbox 1394 3148 1447 3203; x_wconf 85' lang='lat' dir='ltr'><strong>in</strong></span> <span class='ocrx_word' id='word_1_486' title='bbox 1483 3163 1712 3205; x_wconf 80' lang='lat' dir='ltr'><strong>vacuum</strong></span> <span class='ocrx_word' id='word_1_487' title='bbox 1742 3149 1890 3206; x_wconf 55' lang='lat' dir='ltr'><strong>labe.</strong></span> <span class='ocrx_word' id='word_1_488' title='bbox 1916 3145 1962 3209; x_wconf 89' lang='lat' dir='ltr'>C</span> <span class='ocrx_word' id='word_1_489' title='bbox 1992 3163 2122 3209; x_wconf 88' lang='lat' dir='ltr'><strong>runt</strong></span> <span class='ocrx_word' id='word_1_490' title='bbox 2168 3157 2476 3224; x_wconf 90' lang='lat' dir='ltr'><strong>Dominum,</strong></span> <span class='ocrx_word' id='word_1_491' title='bbox 2548 3158 3061 3227; x_wconf 83' lang='lat' dir='ltr'><strong>blasphemaverunt</strong></span> <span class='ocrx_word' id='word_1_492' title='bbox 3095 3166 3343 3213; x_wconf 89' lang='lat' dir='ltr'><strong>sanctum</strong></span> <span class='ocrx_word' id='word_1_493' title='bbox 3387 3157 3573 3220; x_wconf 86' lang='lat' dir='ltr'><strong>Israel,</strong></span> 
     </span>
    </p>
   </div>
   <div class='ocr_carea' id='block_1_59' title="bbox 302 3233 3576 3317">
    <p class='ocr_par' dir='ltr' id='par_1_59' title="bbox 302 3233 3576 3317">
     <span class='ocr_line' id='line_1_59' title="bbox 302 3233 3576 3317; baseline 0.004 -30"><span class='ocrx_word' id='word_1_494' title='bbox 302 3242 448 3288; x_wconf 86' lang='lat' dir='ltr'><strong>rant.</strong></span> <span class='ocrx_word' id='word_1_495' title='bbox 472 3233 716 3297; x_wconf 73' lang='lat' dir='ltr'><strong>Ecclesia</strong></span> <span class='ocrx_word' id='word_1_496' title='bbox 750 3235 894 3296; x_wconf 82' lang='lat' dir='ltr'><strong>enim</strong></span> <span class='ocrx_word' id='word_1_497' title='bbox 925 3235 1124 3293; x_wconf 76' lang='lat' dir='ltr'><strong>Christi</strong></span> <span class='ocrx_word' id='word_1_498' title='bbox 1154 3239 1451 3295; x_wconf 88' lang='lat' dir='ltr'><strong>contemnit</strong></span> <span class='ocrx_word' id='word_1_499' title='bbox 1474 3240 1737 3311; x_wconf 87' lang='lat' dir='ltr'><strong>malignas</strong></span> <span class='ocrx_word' id='word_1_500' title='bbox 1758 3256 1888 3313; x_wconf 87' lang='lat' dir='ltr'><strong>sug-</strong></span> <span class='ocrx_word' id='word_1_501' title='bbox 1986 3243 2275 3299; x_wconf 82' lang='lat' dir='ltr'><strong>abalienati</strong></span> <span class='ocrx_word' id='word_1_502' title='bbox 2302 3253 2431 3300; x_wconf 91' lang='lat' dir='ltr'><strong>sunt</strong></span> <span class='ocrx_word' id='word_1_503' title='bbox 2461 3254 2780 3301; x_wconf 78' lang='lat' dir='ltr'><strong>retrorsum.</strong></span> <span class='ocrx_word' id='word_1_504' title='bbox 2809 3246 2987 3317; x_wconf 85' lang='lat' dir='ltr'><strong>Super</strong></span> <span class='ocrx_word' id='word_1_505' title='bbox 3017 3262 3126 3317; x_wconf 92' lang='lat' dir='ltr'><strong>quo</strong></span> <span class='ocrx_word' id='word_1_506' title='bbox 3153 3245 3452 3316; x_wconf 85' lang='lat' dir='ltr'><strong>percutiam</strong></span> <span class='ocrx_word' id='word_1_507' title='bbox 3478 3259 3576 3300; x_wconf 87' lang='lat' dir='ltr'><strong>vos</strong></span> 
     </span>
    </p>
   </div>
   <div class='ocr_carea' id='block_1_60' title="bbox 298 3328 3573 3405">
    <p class='ocr_par' dir='ltr' id='par_1_60' title="bbox 298 3328 3573 3405">
     <span class='ocr_line' id='line_1_60' title="bbox 298 3328 3573 3405; baseline 0.002 -22"><span class='ocrx_word' id='word_1_508' title='bbox 298 3328 598 3398; x_wconf 82' lang='lat' dir='ltr'><strong>gestiones,</strong></span> <span class='ocrx_word' id='word_1_509' title='bbox 653 3348 672 3381; x_wconf 79' lang='grc' dir='ltr'><strong>ι</strong></span> <span class='ocrx_word' id='word_1_510' title='bbox 716 3345 818 3385; x_wconf 89' lang='lat' dir='ltr'><strong>nec</strong></span> <span class='ocrx_word' id='word_1_511' title='bbox 843 3339 1014 3400; x_wconf 68' lang='lat' dir='ltr'><strong>portas</strong></span> <span class='ocrx_word' id='word_1_512' title='bbox 1039 3330 1198 3389; x_wconf 84' lang='lat' dir='ltr'><strong>inferi</strong></span> <span class='ocrx_word' id='word_1_513' title='bbox 1228 3333 1596 3403; x_wconf 70' lang='lat' dir='ltr'><strong>praevalebunt</strong></span> <span class='ocrx_word' id='word_1_514' title='bbox 1623 3336 1882 3392; x_wconf 82' lang='lat' dir='ltr'><strong>adversus</strong></span> <span class='ocrx_word' id='word_1_515' title='bbox 1986 3334 2148 3400; x_wconf 89' lang='lat' dir='ltr'><strong>ultra,</strong></span> <span class='ocrx_word' id='word_1_516' title='bbox 2198 3335 2456 3391; x_wconf 83' lang='lat' dir='ltr'><strong>addentes</strong></span> <span class='ocrx_word' id='word_1_517' title='bbox 2480 3337 3015 3405; x_wconf 69' lang='lat' dir='ltr'><strong>praevaricationem?</strong></span> <span class='ocrx_word' id='word_1_518' title='bbox 3059 3352 3221 3392; x_wconf 86' lang='lat' dir='ltr'><strong>omne</strong></span> <span class='ocrx_word' id='word_1_519' title='bbox 3259 3344 3421 3405; x_wconf 88' lang='lat' dir='ltr'><strong>caput</strong></span> <span class='ocrx_word' id='word_1_520' title='bbox 3455 3335 3573 3389; x_wconf 89' lang='lat' dir='ltr'><strong>lan-</strong></span> 
     </span>
    </p>
   </div>
   <div class='ocr_carea' id='block_1_61' title="bbox 296 3418 1889 3493">
    <p class='ocr_par' dir='ltr' id='par_1_61' title="bbox 296 3418 1889 3493">
     <span class='ocr_line' id='line_1_61' title="bbox 296 3418 1889 3493; baseline 0.006 -20"><span class='ocrx_word' id='word_1_521' title='bbox 296 3433 420 3473; x_wconf 81' lang='lat' dir='ltr'><strong>eam</strong></span> <span class='ocrx_word' id='word_1_522' title='bbox 455 3438 474 3471; x_wconf 75' lang='grc' dir='ltr'><strong>ι</strong></span> <span class='ocrx_word' id='word_1_523' title='bbox 508 3418 726 3492; x_wconf 76' lang='lat' dir='ltr'><strong>(Matth.</strong></span> <span class='ocrx_word' id='word_1_524' title='bbox 757 3422 893 3490; x_wconf 75' lang='lat' dir='ltr'><strong>xvi).</strong></span> <span class='ocrx_word' id='word_1_525' title='bbox 926 3441 943 3471; x_wconf 81' lang='grc' dir='ltr'><strong>ι</strong></span> <span class='ocrx_word' id='word_1_526' title='bbox 980 3420 1215 3478; x_wconf 83' lang='lat' dir='ltr'><strong>Uxorem</strong></span> <span class='ocrx_word' id='word_1_527' title='bbox 1245 3424 1500 3493; x_wconf 86' lang='lat' dir='ltr'><strong>accipias,</strong></span> <span class='ocrx_word' id='word_1_528' title='bbox 1531 3434 1588 3481; x_wconf 90' lang='lat' dir='ltr'><strong>et</strong></span> <span class='ocrx_word' id='word_1_529' title='bbox 1608 3426 1747 3482; x_wconf 84' lang='lat' dir='ltr'><strong>alius</strong></span> <span class='ocrx_word' id='word_1_530' title='bbox 1765 3428 1889 3482; x_wconf 86' lang='lat' dir='ltr'><strong>dor-</strong></span> 
     </span>
    </p>
   </div>
   <div class='ocr_carea' id='block_1_62' title="bbox 302 3508 1886 3579">
    <p class='ocr_par' dir='ltr' id='par_1_62' title="bbox 302 3508 1886 3579">
     <span class='ocr_line' id='line_1_62' title="bbox 302 3508 1886 3579; baseline 0.007 -20"><span class='ocrx_word' id='word_1_531' title='bbox 302 3526 323 3559; x_wconf 77' lang='grc' dir='ltr'><strong>ι</strong></span> <span class='ocrx_word' id='word_1_532' title='bbox 370 3508 505 3564; x_wconf 86' lang='lat' dir='ltr'><strong>miat</strong></span> <span class='ocrx_word' id='word_1_533' title='bbox 524 3523 647 3563; x_wconf 91' lang='lat' dir='ltr'><strong>cum</strong></span> <span class='ocrx_word' id='word_1_534' title='bbox 671 3523 758 3565; x_wconf 88' lang='lat' dir='ltr'><strong>ea.</strong></span> <span class='ocrx_word' id='word_1_535' title='bbox 812 3511 1044 3566; x_wconf 87' lang='lat' dir='ltr'><strong>Domum</strong></span> <span class='ocrx_word' id='word_1_536' title='bbox 1069 3512 1324 3579; x_wconf 73' lang='lat' dir='ltr'><strong>aediﬁces,</strong></span> <span class='ocrx_word' id='word_1_537' title='bbox 1359 3523 1417 3570; x_wconf 90' lang='lat' dir='ltr'><strong>et</strong></span> <span class='ocrx_word' id='word_1_538' title='bbox 1444 3529 1553 3569; x_wconf 91' lang='lat' dir='ltr'><strong>non</strong></span> <span class='ocrx_word' id='word_1_539' title='bbox 1592 3516 1805 3571; x_wconf 76' lang='lat' dir='ltr'><strong>habites</strong></span> <span class='ocrx_word' id='word_1_540' title='bbox 1831 3517 1886 3570; x_wconf 92' lang='lat' dir='ltr'><strong>in</strong></span> 
     </span>
    </p>
   </div>
   <div class='ocr_carea' id='block_1_63' title="bbox 299 3599 1885 3669">
    <p class='ocr_par' dir='ltr' id='par_1_63' title="bbox 299 3599 1885 3669">
     <span class='ocr_line' id='line_1_63' title="bbox 299 3599 1885 3669; baseline 0.007 -17"><span class='ocrx_word' id='word_1_541' title='bbox 299 3618 321 3652; x_wconf 84' lang='grc'>‹</span> <span class='ocrx_word' id='word_1_542' title='bbox 364 3614 456 3655; x_wconf 88' lang='lat' dir='ltr'><strong>ea.</strong></span> <span class='ocrx_word' id='word_1_543' title='bbox 505 3599 725 3657; x_wconf 87' lang='lat' dir='ltr'><strong>Plantes</strong></span> <span class='ocrx_word' id='word_1_544' title='bbox 773 3601 1010 3669; x_wconf 89' lang='lat' dir='ltr'><strong>vineam,</strong></span> <span class='ocrx_word' id='word_1_545' title='bbox 1055 3612 1109 3658; x_wconf 90' lang='lat' dir='ltr'><strong>et</strong></span> <span class='ocrx_word' id='word_1_546' title='bbox 1132 3620 1240 3659; x_wconf 91' lang='lat' dir='ltr'><strong>non</strong></span> <span class='ocrx_word' id='word_1_547' title='bbox 1261 3605 1560 3661; x_wconf 90' lang='lat' dir='ltr'><strong>vindemies</strong></span> <span class='ocrx_word' id='word_1_548' title='bbox 1590 3621 1732 3662; x_wconf 89' lang='lat' dir='ltr'><strong>eam.</strong></span> <span class='ocrx_word' id='word_1_549' title='bbox 1779 3608 1885 3663; x_wconf 88' lang='lat' dir='ltr'><strong>Bos</strong></span> 
     </span>
    </p>
   </div>
   <div class='ocr_carea' id='block_1_64' title="bbox 299 3690 1877 3762">
    <p class='ocr_par' dir='ltr' id='par_1_64' title="bbox 299 3690 1877 3762">
     <span class='ocr_line' id='line_1_64' title="bbox 299 3690 1877 3762; baseline 0.005 -21"><span class='ocrx_word' id='word_1_550' title='bbox 299 3708 319 3741; x_wconf 74' lang='grc' dir='ltr'><strong>ι</strong></span> <span class='ocrx_word' id='word_1_551' title='bbox 366 3698 496 3745; x_wconf 89' lang='lat' dir='ltr'><strong>tuus</strong></span> <span class='ocrx_word' id='word_1_552' title='bbox 515 3690 822 3747; x_wconf 84' lang='lat' dir='ltr'><strong>immoletur</strong></span> <span class='ocrx_word' id='word_1_553' title='bbox 840 3707 1024 3747; x_wconf 90' lang='lat' dir='ltr'><strong>coram</strong></span> <span class='ocrx_word' id='word_1_554' title='bbox 1049 3700 1120 3759; x_wconf 92' lang='lat' dir='ltr'><strong>te,</strong></span> <span class='ocrx_word' id='word_1_555' title='bbox 1144 3703 1201 3750; x_wconf 91' lang='lat' dir='ltr'><strong>et</strong></span> <span class='ocrx_word' id='word_1_556' title='bbox 1226 3710 1334 3749; x_wconf 88' lang='lat' dir='ltr'><strong>non</strong></span> <span class='ocrx_word' id='word_1_557' title='bbox 1355 3697 1611 3751; x_wconf 85' lang='lat' dir='ltr'><strong>comedas</strong></span> <span class='ocrx_word' id='word_1_558' title='bbox 1637 3712 1701 3751; x_wconf 80' lang='lat' dir='ltr'><strong>ex</strong></span> <span class='ocrx_word' id='word_1_559' title='bbox 1724 3712 1813 3762; x_wconf 90' lang='lat' dir='ltr'><strong>eo,</strong></span> <span class='ocrx_word' id='word_1_560' title='bbox 1860 3716 1877 3749; x_wconf 76' lang='grc' dir='ltr'><strong>ι</strong></span> 
     </span>
    </p>
   </div>
   <div class='ocr_carea' id='block_1_65' title="bbox 291 3780 1885 3856">
    <p class='ocr_par' dir='ltr' id='par_1_65' title="bbox 291 3780 1885 3856">
     <span class='ocr_line' id='line_1_65' title="bbox 291 3780 1885 3856; baseline 0.005 -21"><span class='ocrx_word' id='word_1_561' title='bbox 291 3790 405 3836; x_wconf 82' lang='lat' dir='ltr'><strong>etc.</strong></span> <span class='ocrx_word' id='word_1_562' title='bbox 460 3780 690 3852; x_wconf 78' lang='lat' dir='ltr'><strong>Propter</strong></span> <span class='ocrx_word' id='word_1_563' title='bbox 713 3785 1217 3852; x_wconf 69' lang='lat' dir='ltr'><strong>praevaricationem</strong></span> <span class='ocrx_word' id='word_1_564' title='bbox 1246 3801 1353 3856; x_wconf 90' lang='lat' dir='ltr'><strong>qua</strong></span> <span class='ocrx_word' id='word_1_565' title='bbox 1388 3789 1729 3856; x_wconf 66' lang='lat' dir='ltr'><strong>praevaricati</strong></span> <span class='ocrx_word' id='word_1_566' title='bbox 1757 3797 1885 3843; x_wconf 85' lang='lat' dir='ltr'><strong>sunt</strong></span> 
     </span>
    </p>
   </div>
   <div class='ocr_carea' id='block_1_66' title="bbox 291 3870 1884 3948">
    <p class='ocr_par' dir='ltr' id='par_1_66' title="bbox 291 3870 1884 3948">
     <span class='ocr_line' id='line_1_66' title="bbox 291 3870 1884 3948; baseline 0.004 -20"><span class='ocrx_word' id='word_1_567' title='bbox 291 3870 554 3928; x_wconf 63' lang='lat' dir='ltr'><strong>Israelita:</strong></span> <span class='ocrx_word' id='word_1_568' title='bbox 591 3874 646 3928; x_wconf 91' lang='lat' dir='ltr'><strong>in</strong></span> <span class='ocrx_word' id='word_1_569' title='bbox 672 3876 942 3931; x_wconf 82' lang='lat' dir='ltr'><strong>mandatis</strong></span> <span class='ocrx_word' id='word_1_570' title='bbox 985 3877 1103 3943; x_wconf 89' lang='lat' dir='ltr'><strong>Dei,</strong></span> <span class='ocrx_word' id='word_1_571' title='bbox 1150 3885 1349 3933; x_wconf 86' lang='lat' dir='ltr'><strong>terram</strong></span> <span class='ocrx_word' id='word_1_572' title='bbox 1384 3880 1739 3948; x_wconf 88' lang='lat' dir='ltr'><strong>possessionis</strong></span> <span class='ocrx_word' id='word_1_573' title='bbox 1773 3895 1884 3935; x_wconf 66' lang='lat' dir='ltr'><strong>suae</strong></span> 
     </span>
    </p>
   </div>
   <div class='ocr_carea' id='block_1_67' title="bbox 294 3963 1882 4033">
    <p class='ocr_par' dir='ltr' id='par_1_67' title="bbox 294 3963 1882 4033">
     <span class='ocr_line' id='line_1_67' title="bbox 294 3963 1882 4033; baseline 0.005 -16"><span class='ocrx_word' id='word_1_574' title='bbox 294 3963 699 4033; x_wconf 84' lang='lat' dir='ltr'><strong>relinquebant,</strong></span> <span class='ocrx_word' id='word_1_575' title='bbox 743 3974 799 4029; x_wconf 83' lang='lat' dir='ltr'><strong>et</strong></span> <span class='ocrx_word' id='word_1_576' title='bbox 824 3967 1135 4023; x_wconf 88' lang='lat' dir='ltr'><strong>animalium</strong></span> <span class='ocrx_word' id='word_1_577' title='bbox 1177 3983 1395 4023; x_wconf 88' lang='lat' dir='ltr'><strong>suorum</strong></span> <span class='ocrx_word' id='word_1_578' title='bbox 1442 3970 1638 4024; x_wconf 88' lang='lat' dir='ltr'><strong>damna</strong></span> <span class='ocrx_word' id='word_1_579' title='bbox 1683 3972 1882 4026; x_wconf 89' lang='lat' dir='ltr'><strong>sentie-</strong></span> 
     </span>
    </p>
   </div>
   <div class='ocr_carea' id='block_1_68' title="bbox 294 4054 1882 4129">
    <p class='ocr_par' dir='ltr' id='par_1_68' title="bbox 294 4054 1882 4129">
     <span class='ocr_line' id='line_1_68' title="bbox 294 4054 1882 4129; baseline 0.006 -20"><span class='ocrx_word' id='word_1_580' title='bbox 294 4054 454 4109; x_wconf 76' lang='lat' dir='ltr'><strong>bant.</strong></span> <span class='ocrx_word' id='word_1_581' title='bbox 478 4055 569 4111; x_wconf 89' lang='lat' dir='ltr'><strong>Sic</strong></span> <span class='ocrx_word' id='word_1_582' title='bbox 586 4064 641 4111; x_wconf 87' lang='lat' dir='ltr'><strong>et</strong></span> <span class='ocrx_word' id='word_1_583' title='bbox 662 4058 814 4112; x_wconf 87' lang='lat' dir='ltr'><strong>avari</strong></span> <span class='ocrx_word' id='word_1_584' title='bbox 841 4059 1042 4129; x_wconf 88' lang='lat' dir='ltr'><strong>quique</strong></span> <span class='ocrx_word' id='word_1_585' title='bbox 1067 4071 1121 4114; x_wconf 87' lang='lat' dir='ltr'><strong>et</strong></span> <span class='ocrx_word' id='word_1_586' title='bbox 1147 4059 1480 4118; x_wconf 85' lang='lat' dir='ltr'><strong>facinoribus</strong></span> <span class='ocrx_word' id='word_1_587' title='bbox 1504 4063 1726 4128; x_wconf 88' lang='lat' dir='ltr'><strong>irretiti,</strong></span> <span class='ocrx_word' id='word_1_588' title='bbox 1754 4063 1882 4119; x_wconf 89' lang='lat' dir='ltr'><strong>licet</strong></span> 
     </span>
    </p>
   </div>
   <div class='ocr_carea' id='block_1_69' title="bbox 294 4147 1878 4223">
    <p class='ocr_par' dir='ltr' id='par_1_69' title="bbox 294 4147 1878 4223">
     <span class='ocr_line' id='line_1_69' title="bbox 294 4147 1878 4223; baseline 0.005 -22"><span class='ocrx_word' id='word_1_589' title='bbox 294 4147 354 4202; x_wconf 84' lang='lat' dir='ltr'><strong>in</strong></span> <span class='ocrx_word' id='word_1_590' title='bbox 394 4148 649 4217; x_wconf 59' lang='lat' dir='ltr'><strong>pruenti</strong></span> <span class='ocrx_word' id='word_1_591' title='bbox 678 4147 905 4203; x_wconf 90' lang='lat' dir='ltr'><strong>multum</strong></span> <span class='ocrx_word' id='word_1_592' title='bbox 932 4148 1198 4214; x_wconf 86' lang='lat' dir='ltr'><strong>laborent,</strong></span> <span class='ocrx_word' id='word_1_593' title='bbox 1242 4159 1449 4205; x_wconf 90' lang='lat' dir='ltr'><strong>tantum</strong></span> <span class='ocrx_word' id='word_1_594' title='bbox 1474 4152 1707 4223; x_wconf 87' lang='lat' dir='ltr'><strong>perdunt</strong></span> <span class='ocrx_word' id='word_1_595' title='bbox 1727 4154 1878 4209; x_wconf 87' lang='lat' dir='ltr'><strong>labo-</strong></span> 
     </span>
    </p>
   </div>
   <div class='ocr_carea' id='block_1_70' title="bbox 293 4238 1881 4307">
    <p class='ocr_par' dir='ltr' id='par_1_70' title="bbox 293 4238 1881 4307">
     <span class='ocr_line' id='line_1_70' title="bbox 293 4238 1881 4307; baseline 0.006 -17"><span class='ocrx_word' id='word_1_596' title='bbox 293 4249 437 4301; x_wconf 80' lang='lat' dir='ltr'><strong>rem,</strong></span> <span class='ocrx_word' id='word_1_597' title='bbox 481 4238 608 4307; x_wconf 88' lang='lat' dir='ltr'><strong>quia</strong></span> <span class='ocrx_word' id='word_1_598' title='bbox 638 4238 694 4293; x_wconf 91' lang='lat' dir='ltr'><strong>in</strong></span> <span class='ocrx_word' id='word_1_599' title='bbox 726 4239 833 4295; x_wconf 86' lang='lat' dir='ltr'><strong>line</strong></span> <span class='ocrx_word' id='word_1_600' title='bbox 858 4255 1048 4295; x_wconf 89' lang='lat' dir='ltr'><strong>eorum</strong></span> <span class='ocrx_word' id='word_1_601' title='bbox 1086 4240 1244 4296; x_wconf 88' lang='lat' dir='ltr'><strong>simul</strong></span> <span class='ocrx_word' id='word_1_602' title='bbox 1270 4257 1391 4297; x_wconf 90' lang='lat' dir='ltr'><strong>cum</strong></span> <span class='ocrx_word' id='word_1_603' title='bbox 1414 4243 1494 4297; x_wconf 92' lang='lat' dir='ltr'><strong>eis</strong></span> <span class='ocrx_word' id='word_1_604' title='bbox 1530 4244 1881 4299; x_wconf 89' lang='lat' dir='ltr'><strong>destruentur</strong></span> 
     </span>
    </p>
   </div>
   <div class='ocr_carea' id='block_1_71' title="bbox 289 4329 1881 4406">
    <p class='ocr_par' dir='ltr' id='par_1_71' title="bbox 289 4329 1881 4406">
     <span class='ocr_line' id='line_1_71' title="bbox 289 4329 1881 4406; baseline 0.006 -24"><span class='ocrx_word' id='word_1_605' title='bbox 289 4342 462 4397; x_wconf 78' lang='lat' dir='ltr'><strong>opera</strong></span> <span class='ocrx_word' id='word_1_606' title='bbox 485 4329 720 4385; x_wconf 87' lang='lat' dir='ltr'><strong>illorum.</strong></span> <span class='ocrx_word' id='word_1_607' title='bbox 747 4330 808 4385; x_wconf 90' lang='lat' dir='ltr'><strong>In</strong></span> <span class='ocrx_word' id='word_1_608' title='bbox 834 4347 1002 4388; x_wconf 83' lang='lat' dir='ltr'><strong>uxore</strong></span> <span class='ocrx_word' id='word_1_609' title='bbox 1020 4333 1165 4388; x_wconf 88' lang='lat' dir='ltr'><strong>enim</strong></span> <span class='ocrx_word' id='word_1_610' title='bbox 1187 4335 1548 4406; x_wconf 87' lang='lat' dir='ltr'><strong>potestaccipi</strong></span> <span class='ocrx_word' id='word_1_611' title='bbox 1569 4337 1741 4406; x_wconf 85' lang='lat' dir='ltr'><strong>plebs,</strong></span> <span class='ocrx_word' id='word_1_612' title='bbox 1771 4339 1881 4392; x_wconf 76' lang='lat' dir='ltr'><strong>hae-</strong></span> 
     </span>
    </p>
   </div>
   <div class='ocr_carea' id='block_1_72' title="bbox 293 4419 1879 4492">
    <p class='ocr_par' dir='ltr' id='par_1_72' title="bbox 293 4419 1879 4492">
     <span class='ocr_line' id='line_1_72' title="bbox 293 4419 1879 4492; baseline 0.004 -18"><span class='ocrx_word' id='word_1_613' title='bbox 293 4420 591 4474; x_wconf 82' lang='lat' dir='ltr'><strong>reticorum</strong></span> <span class='ocrx_word' id='word_1_614' title='bbox 621 4419 862 4491; x_wconf 70' lang='lat' dir='ltr'><strong>perﬁdiae</strong></span> <span class='ocrx_word' id='word_1_615' title='bbox 902 4423 1129 4489; x_wconf 88' lang='lat' dir='ltr'><strong>sociata,</strong></span> <span class='ocrx_word' id='word_1_616' title='bbox 1176 4439 1339 4492; x_wconf 86' lang='lat' dir='ltr'><strong>quam</strong></span> <span class='ocrx_word' id='word_1_617' title='bbox 1370 4425 1615 4480; x_wconf 87' lang='lat' dir='ltr'><strong>diabolus</strong></span> <span class='ocrx_word' id='word_1_618' title='bbox 1645 4426 1879 4480; x_wconf 90' lang='lat' dir='ltr'><strong>fornica-</strong></span> 
     </span>
    </p>
   </div>
   <div class='ocr_carea' id='block_1_73' title="bbox 1985 3428 3574 3499">
    <p class='ocr_par' dir='ltr' id='par_1_73' title="bbox 1985 3428 3574 3499">
     <span class='ocr_line' id='line_1_73' title="bbox 1985 3428 3574 3499; baseline -0.001 -18"><span class='ocrx_word' id='word_1_619' title='bbox 1985 3428 2229 3499; x_wconf 83' lang='lat' dir='ltr'><strong>guidum,</strong></span> <span class='ocrx_word' id='word_1_620' title='bbox 2255 3437 2311 3482; x_wconf 88' lang='lat' dir='ltr'><strong>et</strong></span> <span class='ocrx_word' id='word_1_621' title='bbox 2329 3444 2490 3483; x_wconf 90' lang='lat' dir='ltr'><strong>omne</strong></span> <span class='ocrx_word' id='word_1_622' title='bbox 2509 3445 2605 3484; x_wconf 89' lang='lat' dir='ltr'><strong>cor</strong></span> <span class='ocrx_word' id='word_1_623' title='bbox 2624 3444 2881 3484; x_wconf 74' lang='lat' dir='ltr'><strong>moerens.</strong></span> <span class='ocrx_word' id='word_1_624' title='bbox 2928 3429 2974 3483; x_wconf 80' lang='grc' dir='ltr'>Α</span> <span class='ocrx_word' id='word_1_625' title='bbox 3009 3429 3193 3499; x_wconf 85' lang='lat' dir='ltr'><strong>planta</strong></span> <span class='ocrx_word' id='word_1_626' title='bbox 3216 3428 3371 3496; x_wconf 87' lang='lat' dir='ltr'><strong>pedis</strong></span> <span class='ocrx_word' id='word_1_627' title='bbox 3402 3441 3574 3496; x_wconf 86' lang='lat' dir='ltr'><strong>usque</strong></span> 
     </span>
    </p>
   </div>
   <div class='ocr_carea' id='block_1_74' title="bbox 1983 3517 3563 3589">
    <p class='ocr_par' dir='ltr' id='par_1_74' title="bbox 1983 3517 3563 3589">
     <span class='ocr_line' id='line_1_74' title="bbox 1983 3517 3563 3589; baseline -0.001 -16"><span class='ocrx_word' id='word_1_628' title='bbox 1983 3520 2051 3574; x_wconf 87' lang='lat' dir='ltr'><strong>ad</strong></span> <span class='ocrx_word' id='word_1_629' title='bbox 2095 3519 2371 3581; x_wconf 85' lang='lat' dir='ltr'><strong>verticem,</strong></span> <span class='ocrx_word' id='word_1_630' title='bbox 2422 3534 2526 3573; x_wconf 90' lang='lat' dir='ltr'><strong>non</strong></span> <span class='ocrx_word' id='word_1_631' title='bbox 2572 3528 2657 3574; x_wconf 87' lang='lat' dir='ltr'><strong>est</strong></span> <span class='ocrx_word' id='word_1_632' title='bbox 2697 3521 2750 3575; x_wconf 90' lang='lat' dir='ltr'><strong>in</strong></span> <span class='ocrx_word' id='word_1_633' title='bbox 2776 3537 2840 3575; x_wconf 92' lang='lat' dir='ltr'><strong>eo</strong></span> <span class='ocrx_word' id='word_1_634' title='bbox 2870 3522 3093 3580; x_wconf 87' lang='lat' dir='ltr'><strong>sanitas.</strong></span> <span class='ocrx_word' id='word_1_635' title='bbox 3131 3539 3150 3571; x_wconf 74' lang='grc' dir='ltr'><strong>ι</strong></span> <span class='ocrx_word' id='word_1_636' title='bbox 3197 3527 3302 3574; x_wconf 91' lang='lat' dir='ltr'><strong>etc.</strong></span> <span class='ocrx_word' id='word_1_637' title='bbox 3331 3518 3468 3589; x_wconf 83' lang='lat' dir='ltr'><strong>(ha.</strong></span> <span class='ocrx_word' id='word_1_638' title='bbox 3500 3517 3563 3589; x_wconf 88' lang='lat' dir='ltr'><strong>t).</strong></span> 
     </span>
    </p>
   </div>
   <div class='ocr_carea' id='block_1_75' title="bbox 1983 3609 3564 3680">
    <p class='ocr_par' dir='ltr' id='par_1_75' title="bbox 1983 3609 3564 3680">
     <span class='ocr_line' id='line_1_75' title="bbox 1983 3609 3564 3680; baseline -0.001 -16"><span class='ocrx_word' id='word_1_639' title='bbox 1983 3609 2090 3664; x_wconf 89' lang='lat' dir='ltr'><strong>Per</strong></span> <span class='ocrx_word' id='word_1_640' title='bbox 2116 3610 2493 3678; x_wconf 88' lang='lat' dir='ltr'><strong>metaphoram</strong></span> <span class='ocrx_word' id='word_1_641' title='bbox 2521 3610 2680 3663; x_wconf 89' lang='lat' dir='ltr'><strong>docet</strong></span> <span class='ocrx_word' id='word_1_642' title='bbox 2705 3612 2848 3679; x_wconf 88' lang='lat' dir='ltr'><strong>quod</strong></span> <span class='ocrx_word' id='word_1_643' title='bbox 2882 3628 2912 3664; x_wconf 91' lang='lat' dir='ltr'><strong>a</strong></span> <span class='ocrx_word' id='word_1_644' title='bbox 2940 3611 3275 3680; x_wconf 88' lang='lat' dir='ltr'><strong>principibus</strong></span> <span class='ocrx_word' id='word_1_645' title='bbox 3304 3624 3474 3679; x_wconf 87' lang='lat' dir='ltr'><strong>usque</strong></span> <span class='ocrx_word' id='word_1_646' title='bbox 3496 3610 3564 3662; x_wconf 89' lang='lat' dir='ltr'><strong>ad</strong></span> 
     </span>
    </p>
   </div>
   <div class='ocr_carea' id='block_1_76' title="bbox 1985 3699 3568 3769">
    <p class='ocr_par' dir='ltr' id='par_1_76' title="bbox 1985 3699 3568 3769">
     <span class='ocr_line' id='line_1_76' title="bbox 1985 3699 3568 3769; baseline 0.001 -16"><span class='ocrx_word' id='word_1_647' title='bbox 1985 3708 2287 3753; x_wconf 78' lang='lat' dir='ltr'><strong>extremam</strong></span> <span class='ocrx_word' id='word_1_648' title='bbox 2313 3699 2547 3768; x_wconf 85' lang='lat' dir='ltr'><strong>plebem,</strong></span> <span class='ocrx_word' id='word_1_649' title='bbox 2572 3715 2602 3751; x_wconf 90' lang='lat' dir='ltr'><strong>a</strong></span> <span class='ocrx_word' id='word_1_650' title='bbox 2631 3700 2944 3755; x_wconf 86' lang='lat' dir='ltr'><strong>doctoribus</strong></span> <span class='ocrx_word' id='word_1_651' title='bbox 2978 3716 3148 3768; x_wconf 88' lang='lat' dir='ltr'><strong>usque</strong></span> <span class='ocrx_word' id='word_1_652' title='bbox 3172 3701 3238 3755; x_wconf 91' lang='lat' dir='ltr'><strong>ad</strong></span> <span class='ocrx_word' id='word_1_653' title='bbox 3262 3700 3568 3769; x_wconf 84' lang='lat' dir='ltr'><strong>imperitum</strong></span> 
     </span>
    </p>
   </div>
   <div class='ocr_carea' id='block_1_77' title="bbox 1982 3770 3570 3857">
    <p class='ocr_par' dir='ltr' id='par_1_77' title="bbox 1982 3770 3570 3857">
     <span class='ocr_line' id='line_1_77' title="bbox 1982 3770 3570 3857; baseline 0.001 -17"><span class='ocrx_word' id='word_1_654' title='bbox 1982 3788 2194 3857; x_wconf 85' lang='lat' dir='ltr'><strong>vulgus,</strong></span> <span class='ocrx_word' id='word_1_655' title='bbox 2224 3788 2278 3841; x_wconf 90' lang='lat' dir='ltr'><strong>in</strong></span> <span class='ocrx_word' id='word_1_656' title='bbox 2308 3787 2457 3843; x_wconf 89' lang='lat' dir='ltr'><strong>nullo</strong></span> <span class='ocrx_word' id='word_1_657' title='bbox 2480 3770 2819 3854; x_wconf 49' lang='lat' dir='ltr'><strong>sit&#39;sanitas,</strong></span> <span class='ocrx_word' id='word_1_658' title='bbox 2875 3790 2968 3844; x_wconf 83' lang='lat' dir='ltr'><strong>sed</strong></span> <span class='ocrx_word' id='word_1_659' title='bbox 2995 3805 3187 3844; x_wconf 88' lang='lat' dir='ltr'><strong>omnes</strong></span> <span class='ocrx_word' id='word_1_660' title='bbox 3213 3790 3266 3842; x_wconf 92' lang='lat' dir='ltr'><strong>in</strong></span> <span class='ocrx_word' id='word_1_661' title='bbox 3298 3788 3570 3857; x_wconf 70' lang='lat' dir='ltr'><strong>impietate</strong></span> 
     </span>
    </p>
   </div>
   <div class='ocr_carea' id='block_1_78' title="bbox 1980 3877 3569 3949">
    <p class='ocr_par' dir='ltr' id='par_1_78' title="bbox 1980 3877 3569 3949">
     <span class='ocr_line' id='line_1_78' title="bbox 1980 3877 3569 3949; baseline 0.001 -18"><span class='ocrx_word' id='word_1_662' title='bbox 1980 3878 2099 3947; x_wconf 88' lang='lat' dir='ltr'><strong>pari</strong></span> <span class='ocrx_word' id='word_1_663' title='bbox 2129 3877 2322 3931; x_wconf 87' lang='lat' dir='ltr'><strong>ardore</strong></span> <span class='ocrx_word' id='word_1_664' title='bbox 2348 3878 2709 3933; x_wconf 84' lang='lat' dir='ltr'><strong>consentiant.</strong></span> <span class='ocrx_word' id='word_1_665' title='bbox 2738 3879 2881 3949; x_wconf 86' lang='lat' dir='ltr'><strong>Ergo</strong></span> <span class='ocrx_word' id='word_1_666' title='bbox 2903 3881 3006 3934; x_wconf 90' lang='lat' dir='ltr'><strong>hoc</strong></span> <span class='ocrx_word' id='word_1_667' title='bbox 3025 3880 3166 3948; x_wconf 87' lang='lat' dir='ltr'><strong>quod</strong></span> <span class='ocrx_word' id='word_1_668' title='bbox 3191 3880 3322 3933; x_wconf 87' lang='lat' dir='ltr'><strong>dicit</strong></span> <span class='ocrx_word' id='word_1_669' title='bbox 3348 3919 3363 3943; x_wconf 97' lang='lat'><strong>,</strong></span> <span class='ocrx_word' id='word_1_670' title='bbox 3399 3897 3418 3930; x_wconf 71' lang='grc' dir='ltr'><strong>ι</strong></span> <span class='ocrx_word' id='word_1_671' title='bbox 3461 3893 3569 3933; x_wconf 88' lang='lat' dir='ltr'><strong>non</strong></span> 
     </span>
    </p>
   </div>
   <div class='ocr_carea' id='block_1_79' title="bbox 1980 3967 3567 4037">
    <p class='ocr_par' dir='ltr' id='par_1_79' title="bbox 1980 3967 3567 4037">
     <span class='ocr_line' id='line_1_79' title="bbox 1980 3967 3567 4037; baseline -0.003 -13"><span class='ocrx_word' id='word_1_672' title='bbox 1980 3977 2064 4024; x_wconf 88' lang='lat' dir='ltr'><strong>est</strong></span> <span class='ocrx_word' id='word_1_673' title='bbox 2084 3968 2136 4022; x_wconf 90' lang='lat' dir='ltr'><strong>in</strong></span> <span class='ocrx_word' id='word_1_674' title='bbox 2159 3983 2224 4023; x_wconf 91' lang='lat' dir='ltr'><strong>eo</strong></span> <span class='ocrx_word' id='word_1_675' title='bbox 2245 3968 2472 4031; x_wconf 87' lang='lat' dir='ltr'><strong>sanitas,</strong></span> <span class='ocrx_word' id='word_1_676' title='bbox 2508 3987 2526 4019; x_wconf 77' lang='grc' dir='ltr'><strong>ι</strong></span> <span class='ocrx_word' id='word_1_677' title='bbox 2568 3968 2636 4022; x_wconf 90' lang='lat' dir='ltr'><strong>ad</strong></span> <span class='ocrx_word' id='word_1_678' title='bbox 2657 3978 2959 4023; x_wconf 83' lang='lat' dir='ltr'><strong>extremam</strong></span> <span class='ocrx_word' id='word_1_679' title='bbox 2983 3967 3152 4023; x_wconf 78' lang='lat' dir='ltr'><strong>refert</strong></span> <span class='ocrx_word' id='word_1_680' title='bbox 3178 3967 3567 4037; x_wconf 83' lang='lat' dir='ltr'><strong>captivitatem,</strong></span> 
     </span>
    </p>
   </div>
   <div class='ocr_carea' id='block_1_80' title="bbox 1979 4060 3540 4131">
    <p class='ocr_par' dir='ltr' id='par_1_80' title="bbox 1979 4060 3540 4131">
     <span class='ocr_line' id='line_1_80' title="bbox 1979 4060 3540 4131; baseline -0.003 -17"><span class='ocrx_word' id='word_1_681' title='bbox 1979 4062 2193 4131; x_wconf 87' lang='lat' dir='ltr'><strong>quando</strong></span> <span class='ocrx_word' id='word_1_682' title='bbox 2221 4069 2342 4129; x_wconf 88' lang='lat' dir='ltr'><strong>post</strong></span> <span class='ocrx_word' id='word_1_683' title='bbox 2355 4060 2533 4114; x_wconf 84' lang='lat' dir='ltr'><strong>Titum</strong></span> <span class='ocrx_word' id='word_1_684' title='bbox 2555 4069 2608 4114; x_wconf 92' lang='lat' dir='ltr'><strong>et</strong></span> <span class='ocrx_word' id='word_1_685' title='bbox 2636 4061 3038 4129; x_wconf 85' lang='lat' dir='ltr'><strong>Vespasianum,</strong></span> <span class='ocrx_word' id='word_1_686' title='bbox 3064 4069 3119 4115; x_wconf 91' lang='lat' dir='ltr'><strong>et</strong></span> <span class='ocrx_word' id='word_1_687' title='bbox 3141 4060 3380 4113; x_wconf 88' lang='lat' dir='ltr'><strong>ultimam</strong></span> <span class='ocrx_word' id='word_1_688' title='bbox 3408 4073 3540 4112; x_wconf 82' lang='lat' dir='ltr'><strong>ever</strong></span> 
     </span>
    </p>
   </div>
   <div class='ocr_carea' id='block_1_81' title="bbox 1980 4147 3568 4217">
    <p class='ocr_par' dir='ltr' id='par_1_81' title="bbox 1980 4147 3568 4217">
     <span class='ocr_line' id='line_1_81' title="bbox 1980 4147 3568 4217; baseline -0.004 -12"><span class='ocrx_word' id='word_1_689' title='bbox 1980 4151 2186 4205; x_wconf 88' lang='lat' dir='ltr'><strong>sionem</strong></span> <span class='ocrx_word' id='word_1_690' title='bbox 2211 4147 2510 4203; x_wconf 86' lang='lat' dir='ltr'><strong>Jerusalem</strong></span> <span class='ocrx_word' id='word_1_691' title='bbox 2539 4151 2639 4204; x_wconf 86' lang='lat' dir='ltr'><strong>sub</strong></span> <span class='ocrx_word' id='word_1_692' title='bbox 2664 4148 2810 4203; x_wconf 66' lang='lat' dir='ltr'><strong>IElio</strong></span> <span class='ocrx_word' id='word_1_693' title='bbox 2835 4150 3095 4213; x_wconf 85' lang='lat' dir='ltr'><strong>Adriano,</strong></span> <span class='ocrx_word' id='word_1_694' title='bbox 3139 4163 3309 4217; x_wconf 85' lang='lat' dir='ltr'><strong>usque</strong></span> <span class='ocrx_word' id='word_1_695' title='bbox 3331 4147 3398 4200; x_wconf 90' lang='lat' dir='ltr'><strong>ad</strong></span> <span class='ocrx_word' id='word_1_696' title='bbox 3427 4161 3568 4214; x_wconf 76' lang='lat' dir='ltr'><strong>pra:-</strong></span> 
     </span>
    </p>
   </div>
   <div class='ocr_carea' id='block_1_82' title="bbox 1979 4236 3569 4307">
    <p class='ocr_par' dir='ltr' id='par_1_82' title="bbox 1979 4236 3569 4307">
     <span class='ocr_line' id='line_1_82' title="bbox 1979 4236 3569 4307; baseline -0.004 -14"><span class='ocrx_word' id='word_1_697' title='bbox 1979 4253 2105 4293; x_wconf 88' lang='lat' dir='ltr'><strong>sens</strong></span> <span class='ocrx_word' id='word_1_698' title='bbox 2157 4246 2398 4307; x_wconf 86' lang='lat' dir='ltr'><strong>tempus,</strong></span> <span class='ocrx_word' id='word_1_699' title='bbox 2448 4238 2651 4292; x_wconf 89' lang='lat' dir='ltr'><strong>nullum</strong></span> <span class='ocrx_word' id='word_1_700' title='bbox 2699 4239 3023 4293; x_wconf 66' lang='lat' dir='ltr'><strong>remedium.</strong></span> <span class='ocrx_word' id='word_1_701' title='bbox 3054 4245 3158 4301; x_wconf 92' lang='lat' dir='ltr'><strong>est,</strong></span> <span class='ocrx_word' id='word_1_702' title='bbox 3213 4236 3569 4305; x_wconf 85' lang='lat' dir='ltr'><strong>impleturque</strong></span> 
     </span>
    </p>
   </div>
   <div class='ocr_carea' id='block_1_83' title="bbox 1978 4322 3569 4396">
    <p class='ocr_par' dir='ltr' id='par_1_83' title="bbox 1978 4322 3569 4396">
     <span class='ocr_line' id='line_1_83' title="bbox 1978 4322 3569 4396; baseline -0.002 -16"><span class='ocrx_word' id='word_1_703' title='bbox 1978 4326 2120 4395; x_wconf 87' lang='lat' dir='ltr'><strong>quod</strong></span> <span class='ocrx_word' id='word_1_704' title='bbox 2145 4326 2406 4396; x_wconf 87' lang='lat' dir='ltr'><strong>scriptum</strong></span> <span class='ocrx_word' id='word_1_705' title='bbox 2442 4335 2526 4382; x_wconf 90' lang='lat' dir='ltr'><strong>est</strong></span> <span class='ocrx_word' id='word_1_706' title='bbox 2557 4343 2571 4380; x_wconf 91' lang='lat'><strong>:</strong></span> <span class='ocrx_word' id='word_1_707' title='bbox 2606 4344 2624 4377; x_wconf 75' lang='grc' dir='ltr'><strong>ι</strong></span> <span class='ocrx_word' id='word_1_708' title='bbox 2682 4324 2884 4381; x_wconf 89' lang='lat' dir='ltr'><strong>Omnes</strong></span> <span class='ocrx_word' id='word_1_709' title='bbox 2936 4326 3363 4390; x_wconf 87' lang='lat' dir='ltr'><strong>declinaverunt,</strong></span> <span class='ocrx_word' id='word_1_710' title='bbox 3407 4322 3569 4379; x_wconf 88' lang='lat' dir='ltr'><strong>simul</strong></span> 
     </span>
    </p>
   </div>
   <div class='ocr_carea' id='block_1_84' title="bbox 1982 4414 3568 4484">
    <p class='ocr_par' dir='ltr' id='par_1_84' title="bbox 1982 4414 3568 4484">
     <span class='ocr_line' id='line_1_84' title="bbox 1982 4414 3568 4484; baseline -0.004 -13"><span class='ocrx_word' id='word_1_711' title='bbox 1982 4415 2200 4471; x_wconf 87' lang='lat' dir='ltr'><strong>inutiles</strong></span> <span class='ocrx_word' id='word_1_712' title='bbox 2237 4414 2366 4469; x_wconf 90' lang='lat' dir='ltr'><strong>facti</strong></span> <span class='ocrx_word' id='word_1_713' title='bbox 2393 4426 2521 4471; x_wconf 88' lang='lat' dir='ltr'><strong>sunt</strong></span> <span class='ocrx_word' id='word_1_714' title='bbox 2552 4432 2565 4469; x_wconf 90' lang='lat'><strong>:</strong></span> <span class='ocrx_word' id='word_1_715' title='bbox 2600 4430 2707 4470; x_wconf 92' lang='lat' dir='ltr'><strong>non</strong></span> <span class='ocrx_word' id='word_1_716' title='bbox 2737 4423 2822 4470; x_wconf 91' lang='lat' dir='ltr'><strong>est</strong></span> <span class='ocrx_word' id='word_1_717' title='bbox 2849 4415 2940 4484; x_wconf 91' lang='lat' dir='ltr'><strong>qui</strong></span> <span class='ocrx_word' id='word_1_718' title='bbox 2986 4414 3148 4468; x_wconf 83' lang='lat' dir='ltr'><strong>faciat</strong></span> <span class='ocrx_word' id='word_1_719' title='bbox 3186 4414 3408 4477; x_wconf 90' lang='lat' dir='ltr'><strong>bonum,</strong></span> <span class='ocrx_word' id='word_1_720' title='bbox 3459 4427 3568 4466; x_wconf 92' lang='lat' dir='ltr'><strong>non</strong></span> 
     </span>
    </p>
   </div>
   <div class='ocr_carea' id='block_1_85' title="bbox 295 4483 3566 4582">
    <p class='ocr_par' dir='ltr' id='par_1_85' title="bbox 295 4483 3566 4582">
     <span class='ocr_line' id='line_1_85' title="bbox 295 4483 3566 4582; baseline -0.002 -20"><span class='ocrx_word' id='word_1_721' title='bbox 295 4507 446 4562; x_wconf 80' lang='lat' dir='ltr'><strong>tione</strong></span> <span class='ocrx_word' id='word_1_722' title='bbox 465 4483 695 4577; x_wconf 69' lang='lat' dir='ltr'><strong>spiritali</strong></span> <span class='ocrx_word' id='word_1_723' title='bbox 721 4511 1020 4581; x_wconf 86' lang='lat' dir='ltr'><strong>corrumpit</strong></span> <span class='ocrx_word' id='word_1_724' title='bbox 1049 4483 1265 4582; x_wconf 65' lang='lat' dir='ltr'><strong>quando</strong></span> <span class='ocrx_word' id='word_1_725' title='bbox 1293 4528 1414 4568; x_wconf 82' lang='lat' dir='ltr'><strong>eam</strong></span> <span class='ocrx_word' id='word_1_726' title='bbox 1444 4513 1497 4567; x_wconf 81' lang='lat' dir='ltr'><strong>in</strong></span> <span class='ocrx_word' id='word_1_727' title='bbox 1525 4529 1768 4570; x_wconf 71' lang='lat' dir='ltr'><strong>errorem</strong></span> <span class='ocrx_word' id='word_1_728' title='bbox 1793 4530 1877 4571; x_wconf 73' lang='lat' dir='ltr'><strong>se.</strong></span> <span class='ocrx_word' id='word_1_729' title='bbox 1905 4483 1958 4541; x_wconf 78' lang='grc' dir='ltr'><strong>Ῐ)</strong></span> <span class='ocrx_word' id='word_1_730' title='bbox 1982 4515 2065 4562; x_wconf 83' lang='lat' dir='ltr'><strong>est</strong></span> <span class='ocrx_word' id='word_1_731' title='bbox 2091 4521 2263 4577; x_wconf 90' lang='lat' dir='ltr'><strong>usque</strong></span> <span class='ocrx_word' id='word_1_732' title='bbox 2287 4506 2354 4561; x_wconf 90' lang='lat' dir='ltr'><strong>ad</strong></span> <span class='ocrx_word' id='word_1_733' title='bbox 2375 4522 2539 4562; x_wconf 91' lang='lat' dir='ltr'><strong>unum</strong></span> <span class='ocrx_word' id='word_1_734' title='bbox 2571 4527 2590 4557; x_wconf 73' lang='grc' dir='ltr'><strong>ι</strong></span> <span class='ocrx_word' id='word_1_735' title='bbox 2626 4506 2798 4577; x_wconf 77' lang='lat' dir='ltr'><strong>(Paul.</strong></span> <span class='ocrx_word' id='word_1_736' title='bbox 2831 4507 2971 4579; x_wconf 82' lang='lat' dir='ltr'><strong>xm).</strong></span> <span class='ocrx_word' id='word_1_737' title='bbox 3028 4506 3289 4575; x_wconf 83' lang='lat' dir='ltr'><strong>Quodque</strong></span> <span class='ocrx_word' id='word_1_738' title='bbox 3316 4505 3566 4569; x_wconf 84' lang='lat' dir='ltr'><strong>infertur,</strong></span> 
     </span>
    </p>
   </div>
   <div class='ocr_carea' id='block_1_86' title="bbox 296 4599 1876 4677">
    <p class='ocr_par' dir='ltr' id='par_1_86' title="bbox 296 4599 1876 4677">
     <span class='ocr_line' id='line_1_86' title="bbox 296 4599 1876 4677; baseline 0.006 -24"><span class='ocrx_word' id='word_1_739' title='bbox 296 4599 467 4654; x_wconf 89' lang='lat' dir='ltr'><strong>ducit.</strong></span> <span class='ocrx_word' id='word_1_740' title='bbox 508 4599 603 4657; x_wconf 85' lang='lat' dir='ltr'><strong>Sic</strong></span> <span class='ocrx_word' id='word_1_741' title='bbox 620 4609 677 4657; x_wconf 89' lang='lat' dir='ltr'><strong>et</strong></span> <span class='ocrx_word' id='word_1_742' title='bbox 703 4602 758 4657; x_wconf 92' lang='lat' dir='ltr'><strong>in</strong></span> <span class='ocrx_word' id='word_1_743' title='bbox 790 4603 1102 4659; x_wconf 84' lang='lat' dir='ltr'><strong>animalium</strong></span> <span class='ocrx_word' id='word_1_744' title='bbox 1134 4606 1352 4661; x_wconf 89' lang='lat' dir='ltr'><strong>nomine</strong></span> <span class='ocrx_word' id='word_1_745' title='bbox 1376 4607 1616 4677; x_wconf 88' lang='lat' dir='ltr'><strong>subjecta</strong></span> <span class='ocrx_word' id='word_1_746' title='bbox 1647 4623 1876 4676; x_wconf 88' lang='lat' dir='ltr'><strong>persona</strong></span> 
     </span>
    </p>
   </div>
   <div class='ocr_carea' id='block_1_87' title="bbox 292 4692 1877 4768">
    <p class='ocr_par' dir='ltr' id='par_1_87' title="bbox 292 4692 1877 4768">
     <span class='ocr_line' id='line_1_87' title="bbox 292 4692 1877 4768; baseline 0.006 -23"><span class='ocrx_word' id='word_1_747' title='bbox 292 4692 629 4761; x_wconf 70' lang='lat' dir='ltr'><strong>designatur,</strong></span> <span class='ocrx_word' id='word_1_748' title='bbox 653 4708 932 4763; x_wconf 63' lang='lat' dir='ltr'><strong>qnmnunc</strong></span> <span class='ocrx_word' id='word_1_749' title='bbox 949 4694 1017 4749; x_wconf 91' lang='lat' dir='ltr'><strong>ab</strong></span> <span class='ocrx_word' id='word_1_750' title='bbox 1041 4696 1308 4751; x_wconf 67' lang='lat' dir='ltr'><strong>haereticis</strong></span> <span class='ocrx_word' id='word_1_751' title='bbox 1333 4697 1634 4753; x_wconf 88' lang='lat' dir='ltr'><strong>cvellentur</strong></span> <span class='ocrx_word' id='word_1_752' title='bbox 1660 4700 1877 4768; x_wconf 88' lang='lat' dir='ltr'><strong>quando</strong></span> 
     </span>
    </p>
   </div>
   <div class='ocr_carea' id='block_1_88' title="bbox 292 4783 1880 4858">
    <p class='ocr_par' dir='ltr' id='par_1_88' title="bbox 292 4783 1880 4858">
     <span class='ocr_line' id='line_1_88' title="bbox 292 4783 1880 4858; baseline 0.005 -21"><span class='ocrx_word' id='word_1_753' title='bbox 292 4783 397 4852; x_wconf 82' lang='lat' dir='ltr'><strong>ipsi</strong></span> <span class='ocrx_word' id='word_1_754' title='bbox 430 4793 488 4839; x_wconf 90' lang='lat' dir='ltr'><strong>et</strong></span> <span class='ocrx_word' id='word_1_755' title='bbox 510 4785 620 4839; x_wconf 89' lang='lat' dir='ltr'><strong>vita</strong></span> <span class='ocrx_word' id='word_1_756' title='bbox 649 4795 704 4841; x_wconf 92' lang='lat' dir='ltr'><strong>et</strong></span> <span class='ocrx_word' id='word_1_757' title='bbox 729 4787 976 4842; x_wconf 86' lang='lat' dir='ltr'><strong>doctrina</strong></span> <span class='ocrx_word' id='word_1_758' title='bbox 1004 4788 1210 4857; x_wconf 88' lang='lat' dir='ltr'><strong>pariter</strong></span> <span class='ocrx_word' id='word_1_759' title='bbox 1242 4789 1618 4858; x_wconf 79' lang='lat' dir='ltr'><strong>privabantur.</strong></span> <span class='ocrx_word' id='word_1_760' title='bbox 1644 4789 1880 4845; x_wconf 87' lang='lat' dir='ltr'><strong>Possunt</strong></span> 
     </span>
    </p>
   </div>
   <div class='ocr_carea' id='block_1_89' title="bbox 290 4873 1876 4948">
    <p class='ocr_par' dir='ltr' id='par_1_89' title="bbox 290 4873 1876 4948">
     <span class='ocr_line' id='line_1_89' title="bbox 290 4873 1876 4948; baseline 0.002 -18"><span class='ocrx_word' id='word_1_761' title='bbox 290 4883 352 4930; x_wconf 88' lang='lat' dir='ltr'><strong>et</strong></span> <span class='ocrx_word' id='word_1_762' title='bbox 377 4874 495 4928; x_wconf 59' lang='lat' dir='ltr'><strong>hac</strong></span> <span class='ocrx_word' id='word_1_763' title='bbox 529 4874 599 4929; x_wconf 92' lang='lat' dir='ltr'><strong>ad</strong></span> <span class='ocrx_word' id='word_1_764' title='bbox 620 4873 927 4931; x_wconf 66' lang='lat' dir='ltr'><strong>Judarorum</strong></span> <span class='ocrx_word' id='word_1_765' title='bbox 978 4877 1232 4948; x_wconf 90' lang='lat' dir='ltr'><strong>populum</strong></span> <span class='ocrx_word' id='word_1_766' title='bbox 1283 4878 1606 4933; x_wconf 87' lang='lat' dir='ltr'><strong>transferri:</strong></span> <span class='ocrx_word' id='word_1_767' title='bbox 1635 4879 1762 4948; x_wconf 88' lang='lat' dir='ltr'><strong>quia</strong></span> <span class='ocrx_word' id='word_1_768' title='bbox 1811 4894 1876 4933; x_wconf 91' lang='lat' dir='ltr'><strong>ea</strong></span> 
     </span>
    </p>
   </div>
   <div class='ocr_carea' id='block_1_90' title="bbox 291 4963 1879 5040">
    <p class='ocr_par' dir='ltr' id='par_1_90' title="bbox 291 4963 1879 5040">
     <span class='ocr_line' id='line_1_90' title="bbox 291 4963 1879 5040; baseline 0.006 -22"><span class='ocrx_word' id='word_1_769' title='bbox 291 4978 417 5035; x_wconf 65' lang='lat' dir='ltr'><strong>quae</strong></span> <span class='ocrx_word' id='word_1_770' title='bbox 465 4963 555 5020; x_wconf 89' lang='lat' dir='ltr'><strong>ille</strong></span> <span class='ocrx_word' id='word_1_771' title='bbox 601 4966 705 5021; x_wconf 89' lang='lat' dir='ltr'><strong>sibi</strong></span> <span class='ocrx_word' id='word_1_772' title='bbox 755 4967 1044 5023; x_wconf 88' lang='lat' dir='ltr'><strong>scribendo</strong></span> <span class='ocrx_word' id='word_1_773' title='bbox 1080 4976 1242 5037; x_wconf 85' lang='lat' dir='ltr'><strong>atque</strong></span> <span class='ocrx_word' id='word_1_774' title='bbox 1286 4969 1529 5025; x_wconf 87' lang='lat' dir='ltr'><strong>docendo</strong></span> <span class='ocrx_word' id='word_1_775' title='bbox 1583 4969 1879 5040; x_wconf 74' lang='lat' dir='ltr'><strong>ﬁguraliter</strong></span> 
     </span>
    </p>
   </div>
   <div class='ocr_carea' id='block_1_91' title="bbox 289 5058 1880 5130">
    <p class='ocr_par' dir='ltr' id='par_1_91' title="bbox 289 5058 1880 5130">
     <span class='ocr_line' id='line_1_91' title="bbox 289 5058 1880 5130; baseline 0.006 -23"><span class='ocrx_word' id='word_1_776' title='bbox 289 5064 715 5123; x_wconf 60' lang='lat' dir='ltr'><strong>pmaraverat,</strong></span> <span class='ocrx_word' id='word_1_777' title='bbox 764 5058 944 5112; x_wconf 86' lang='lat' dir='ltr'><strong>omnia</strong></span> <span class='ocrx_word' id='word_1_778' title='bbox 975 5073 1119 5112; x_wconf 82' lang='lat' dir='ltr'><strong>nunc</strong></span> <span class='ocrx_word' id='word_1_779' title='bbox 1146 5058 1200 5112; x_wconf 91' lang='lat' dir='ltr'><strong>in</strong></span> <span class='ocrx_word' id='word_1_780' title='bbox 1231 5074 1387 5113; x_wconf 88' lang='lat' dir='ltr'><strong>usum</strong></span> <span class='ocrx_word' id='word_1_781' title='bbox 1411 5060 1729 5130; x_wconf 87' lang='lat' dir='ltr'><strong>spiritaliter</strong></span> <span class='ocrx_word' id='word_1_782' title='bbox 1751 5077 1880 5116; x_wconf 90' lang='lat' dir='ltr'><strong>cou-</strong></span> 
     </span>
    </p>
   </div>
   <div class='ocr_carea' id='block_1_92' title="bbox 293 5146 1880 5205">
    <p class='ocr_par' dir='ltr' id='par_1_92' title="bbox 293 5146 1880 5205">
     <span class='ocr_line' id='line_1_92' title="bbox 293 5146 1880 5205; baseline 0.004 -8"><span class='ocrx_word' id='word_1_783' title='bbox 293 5154 585 5200; x_wconf 78' lang='lat' dir='ltr'><strong>vertuntur</strong></span> <span class='ocrx_word' id='word_1_784' title='bbox 601 5146 874 5203; x_wconf 64' lang='lat' dir='ltr'><strong>Ecclesiae.</strong></span> <span class='ocrx_word' id='word_1_785' title='bbox 912 5167 931 5198; x_wconf 70' lang='grc' dir='ltr'><strong>ι</strong></span> <span class='ocrx_word' id='word_1_786' title='bbox 980 5147 1099 5202; x_wconf 87' lang='lat' dir='ltr'><strong>Filii</strong></span> <span class='ocrx_word' id='word_1_787' title='bbox 1129 5149 1203 5203; x_wconf 90' lang='lat' dir='ltr'><strong>tui</strong></span> <span class='ocrx_word' id='word_1_788' title='bbox 1226 5158 1281 5205; x_wconf 87' lang='lat' dir='ltr'><strong>et</strong></span> <span class='ocrx_word' id='word_1_789' title='bbox 1318 5149 1442 5204; x_wconf 72' lang='lat' dir='ltr'><strong>ﬁliae</strong></span> <span class='ocrx_word' id='word_1_790' title='bbox 1464 5158 1569 5205; x_wconf 74' lang='lat' dir='ltr'><strong>tua:</strong></span> <span class='ocrx_word' id='word_1_791' title='bbox 1600 5149 1880 5205; x_wconf 87' lang='lat' dir='ltr'><strong>tradantur</strong></span> 
     </span>
    </p>
   </div>
   <div class='ocr_carea' id='block_1_93' title="bbox 296 5238 1879 5308">
    <p class='ocr_par' dir='ltr' id='par_1_93' title="bbox 296 5238 1879 5308">
     <span class='ocr_line' id='line_1_93' title="bbox 296 5238 1879 5308; baseline 0.004 -17"><span class='ocrx_word' id='word_1_792' title='bbox 296 5259 318 5291; x_wconf 75' lang='grc' dir='ltr'><strong>ι</strong></span> <span class='ocrx_word' id='word_1_793' title='bbox 364 5238 521 5292; x_wconf 88' lang='lat' dir='ltr'><strong>alteri</strong></span> <span class='ocrx_word' id='word_1_794' title='bbox 546 5239 746 5308; x_wconf 78' lang='lat' dir='ltr'><strong>populo</strong></span> <span class='ocrx_word' id='word_1_795' title='bbox 767 5240 1074 5294; x_wconf 84' lang='lat' dir='ltr'><strong>videntibus</strong></span> <span class='ocrx_word' id='word_1_796' title='bbox 1100 5239 1272 5294; x_wconf 90' lang='lat' dir='ltr'><strong>oculis</strong></span> <span class='ocrx_word' id='word_1_797' title='bbox 1297 5240 1403 5295; x_wconf 91' lang='lat' dir='ltr'><strong>tuis</strong></span> <span class='ocrx_word' id='word_1_798' title='bbox 1424 5249 1478 5296; x_wconf 89' lang='lat' dir='ltr'><strong>et</strong></span> <span class='ocrx_word' id='word_1_799' title='bbox 1504 5242 1879 5298; x_wconf 81' lang='lat' dir='ltr'><strong>deﬁcientibus</strong></span> 
     </span>
    </p>
   </div>
   <div class='ocr_carea' id='block_1_94' title="bbox 296 5330 1876 5398">
    <p class='ocr_par' dir='ltr' id='par_1_94' title="bbox 296 5330 1876 5398">
     <span class='ocr_line' id='line_1_94' title="bbox 296 5330 1876 5398; baseline 0.004 -15"><span class='ocrx_word' id='word_1_800' title='bbox 296 5348 320 5383; x_wconf 69' lang='grc' dir='ltr'><strong>α</strong></span> <span class='ocrx_word' id='word_1_801' title='bbox 364 5346 395 5383; x_wconf 86' lang='lat' dir='ltr'><strong>a</strong></span> <span class='ocrx_word' id='word_1_802' title='bbox 424 5338 719 5398; x_wconf 79' lang='lat' dir='ltr'><strong>conspectu</strong></span> <span class='ocrx_word' id='word_1_803' title='bbox 749 5345 937 5385; x_wconf 89' lang='lat' dir='ltr'><strong>eorum</strong></span> <span class='ocrx_word' id='word_1_804' title='bbox 981 5339 1096 5385; x_wconf 88' lang='lat' dir='ltr'><strong>tota</strong></span> <span class='ocrx_word' id='word_1_805' title='bbox 1128 5330 1215 5387; x_wconf 90' lang='lat' dir='ltr'><strong>die</strong></span> <span class='ocrx_word' id='word_1_806' title='bbox 1241 5349 1254 5384; x_wconf 89' lang='lat'><strong>:</strong></span> <span class='ocrx_word' id='word_1_807' title='bbox 1286 5342 1343 5386; x_wconf 87' lang='lat' dir='ltr'><strong>et</strong></span> <span class='ocrx_word' id='word_1_808' title='bbox 1367 5348 1473 5387; x_wconf 90' lang='lat' dir='ltr'><strong>non</strong></span> <span class='ocrx_word' id='word_1_809' title='bbox 1504 5334 1574 5388; x_wconf 90' lang='lat' dir='ltr'><strong>sit</strong></span> <span class='ocrx_word' id='word_1_810' title='bbox 1619 5333 1876 5389; x_wconf 88' lang='lat' dir='ltr'><strong>fortitudo</strong></span> 
     </span>
    </p>
   </div>
   <div class='ocr_carea' id='block_1_95' title="bbox 296 5419 1877 5476">
    <p class='ocr_par' dir='ltr' id='par_1_95' title="bbox 296 5419 1877 5476">
     <span class='ocr_line' id='line_1_95' title="bbox 296 5419 1877 5476; baseline 0.003 -4"><span class='ocrx_word' id='word_1_811' title='bbox 296 5438 319 5471; x_wconf 73' lang='grc' dir='ltr'><strong>ι</strong></span> <span class='ocrx_word' id='word_1_812' title='bbox 363 5420 420 5473; x_wconf 88' lang='lat' dir='ltr'><strong>in</strong></span> <span class='ocrx_word' id='word_1_813' title='bbox 441 5435 606 5473; x_wconf 75' lang='lat' dir='ltr'><strong>manu</strong></span> <span class='ocrx_word' id='word_1_814' title='bbox 633 5427 744 5474; x_wconf 87' lang='lat' dir='ltr'><strong>tua.</strong></span> <span class='ocrx_word' id='word_1_815' title='bbox 784 5438 802 5471; x_wconf 77' lang='grc' dir='ltr'><strong>ι</strong></span> <span class='ocrx_word' id='word_1_816' title='bbox 855 5419 916 5474; x_wconf 90' lang='lat' dir='ltr'><strong>In</strong></span> <span class='ocrx_word' id='word_1_817' title='bbox 946 5419 1180 5475; x_wconf 89' lang='lat' dir='ltr'><strong>ﬁliorum</strong></span> <span class='ocrx_word' id='word_1_818' title='bbox 1213 5428 1269 5475; x_wconf 92' lang='lat' dir='ltr'><strong>et</strong></span> <span class='ocrx_word' id='word_1_819' title='bbox 1302 5420 1533 5475; x_wconf 85' lang='lat' dir='ltr'><strong>ﬁliarqu</strong></span> <span class='ocrx_word' id='word_1_820' title='bbox 1560 5422 1778 5476; x_wconf 90' lang='lat' dir='ltr'><strong>nomine</strong></span> <span class='ocrx_word' id='word_1_821' title='bbox 1798 5423 1877 5476; x_wconf 90' lang='lat' dir='ltr'><strong>di-</strong></span> 
     </span>
    </p>
   </div>
   <div class='ocr_carea' id='block_1_96' title="bbox 291 5509 1880 5582">
    <p class='ocr_par' dir='ltr' id='par_1_96' title="bbox 291 5509 1880 5582">
     <span class='ocr_line' id='line_1_96' title="bbox 291 5509 1880 5582; baseline 0.001 -16"><span class='ocrx_word' id='word_1_822' title='bbox 291 5510 532 5578; x_wconf 77' lang='lat' dir='ltr'><strong>scipulos</strong></span> <span class='ocrx_word' id='word_1_823' title='bbox 574 5511 842 5582; x_wconf 79' lang='lat' dir='ltr'><strong>designat,</strong></span> <span class='ocrx_word' id='word_1_824' title='bbox 884 5526 1021 5582; x_wconf 88' lang='lat' dir='ltr'><strong>quos</strong></span> <span class='ocrx_word' id='word_1_825' title='bbox 1040 5511 1154 5567; x_wconf 85' lang='lat' dir='ltr'><strong>sive</strong></span> <span class='ocrx_word' id='word_1_826' title='bbox 1177 5509 1346 5565; x_wconf 65' lang='lat' dir='ltr'><strong>Judaei</strong></span> <span class='ocrx_word' id='word_1_827' title='bbox 1373 5512 1487 5567; x_wconf 91' lang='lat' dir='ltr'><strong>sive</strong></span> <span class='ocrx_word' id='word_1_828' title='bbox 1507 5511 1745 5566; x_wconf 75' lang='lat' dir='ltr'><strong>haeretici</strong></span> <span class='ocrx_word' id='word_1_829' title='bbox 1780 5529 1880 5567; x_wconf 91' lang='lat' dir='ltr'><strong>nu-</strong></span> 
     </span>
    </p>
   </div>
   <div class='ocr_carea' id='block_1_97' title="bbox 295 5598 1881 5669">
    <p class='ocr_par' dir='ltr' id='par_1_97' title="bbox 295 5598 1881 5669">
     <span class='ocr_line' id='line_1_97' title="bbox 295 5598 1881 5669; baseline 0.001 -16"><span class='ocrx_word' id='word_1_830' title='bbox 295 5600 551 5654; x_wconf 81' lang='lat' dir='ltr'><strong>trierant.</strong></span> <span class='ocrx_word' id='word_1_831' title='bbox 580 5600 886 5656; x_wconf 85' lang='lat' dir='ltr'><strong>Tradeutur</strong></span> <span class='ocrx_word' id='word_1_832' title='bbox 924 5598 1081 5654; x_wconf 84' lang='lat' dir='ltr'><strong>alteri</strong></span> <span class='ocrx_word' id='word_1_833' title='bbox 1106 5598 1322 5669; x_wconf 90' lang='lat' dir='ltr'><strong>populo,</strong></span> <span class='ocrx_word' id='word_1_834' title='bbox 1362 5614 1484 5654; x_wconf 87' lang='lat' dir='ltr'><strong>cum</strong></span> <span class='ocrx_word' id='word_1_835' title='bbox 1512 5599 1706 5668; x_wconf 88' lang='lat' dir='ltr'><strong>populo</strong></span> <span class='ocrx_word' id='word_1_836' title='bbox 1728 5616 1881 5655; x_wconf 90' lang='lat' dir='ltr'><strong>mau-</strong></span> 
     </span>
    </p>
   </div>
   <div class='ocr_carea' id='block_1_98' title="bbox 295 5688 1877 5766">
    <p class='ocr_par' dir='ltr' id='par_1_98' title="bbox 295 5688 1877 5766">
     <span class='ocr_line' id='line_1_98' title="bbox 295 5688 1877 5766; baseline -0.002 -19"><span class='ocrx_word' id='word_1_837' title='bbox 295 5690 551 5766; x_wconf 72' lang='lat' dir='ltr'><strong>cipantur</strong></span> <span class='ocrx_word' id='word_1_838' title='bbox 585 5688 912 5756; x_wconf 84' lang='lat' dir='ltr'><strong>Christiano,</strong></span> <span class='ocrx_word' id='word_1_839' title='bbox 964 5698 1023 5744; x_wconf 89' lang='lat' dir='ltr'><strong>ut</strong></span> <span class='ocrx_word' id='word_1_840' title='bbox 1050 5688 1124 5745; x_wconf 91' lang='lat' dir='ltr'><strong>ibi</strong></span> <span class='ocrx_word' id='word_1_841' title='bbox 1152 5689 1367 5745; x_wconf 88' lang='lat' dir='ltr'><strong>discant</strong></span> <span class='ocrx_word' id='word_1_842' title='bbox 1401 5688 1683 5744; x_wconf 84' lang='lat' dir='ltr'><strong>veritatem</strong></span> <span class='ocrx_word' id='word_1_843' title='bbox 1717 5705 1877 5758; x_wconf 84' lang='lat' dir='ltr'><strong>quam</strong></span> 
     </span>
    </p>
   </div>
   <div class='ocr_carea' id='block_1_99' title="bbox 1985 4594 3567 4667">
    <p class='ocr_par' dir='ltr' id='par_1_99' title="bbox 1985 4594 3567 4667">
     <span class='ocr_line' id='line_1_99' title="bbox 1985 4594 3567 4667; baseline -0.001 -18"><span class='ocrx_word' id='word_1_844' title='bbox 1985 4616 2004 4649; x_wconf 77' lang='grc' dir='ltr'><strong>ι</strong></span> <span class='ocrx_word' id='word_1_845' title='bbox 2048 4612 2157 4651; x_wconf 91' lang='lat' dir='ltr'><strong>non</strong></span> <span class='ocrx_word' id='word_1_846' title='bbox 2184 4605 2270 4652; x_wconf 89' lang='lat' dir='ltr'><strong>est</strong></span> <span class='ocrx_word' id='word_1_847' title='bbox 2296 4596 2351 4652; x_wconf 89' lang='lat' dir='ltr'><strong>in</strong></span> <span class='ocrx_word' id='word_1_848' title='bbox 2373 4612 2439 4655; x_wconf 87' lang='lat' dir='ltr'><strong>eo</strong></span> <span class='ocrx_word' id='word_1_849' title='bbox 2463 4597 2690 4662; x_wconf 88' lang='lat' dir='ltr'><strong>sanitas,</strong></span> <span class='ocrx_word' id='word_1_850' title='bbox 2724 4617 2744 4649; x_wconf 73' lang='grc' dir='ltr'><strong>ι</strong></span> <span class='ocrx_word' id='word_1_851' title='bbox 2787 4598 2873 4653; x_wconf 88' lang='lat' dir='ltr'><strong>vel</strong></span> <span class='ocrx_word' id='word_1_852' title='bbox 2904 4599 2956 4652; x_wconf 89' lang='lat' dir='ltr'><strong>in</strong></span> <span class='ocrx_word' id='word_1_853' title='bbox 2986 4596 3183 4667; x_wconf 90' lang='lat' dir='ltr'><strong>populo</strong></span> <span class='ocrx_word' id='word_1_854' title='bbox 3199 4596 3456 4662; x_wconf 83' lang='lat' dir='ltr'><strong>intellige,</strong></span> <span class='ocrx_word' id='word_1_855' title='bbox 3480 4594 3567 4651; x_wconf 86' lang='lat' dir='ltr'><strong>vel</strong></span> 
     </span>
    </p>
   </div>
   <div class='ocr_carea' id='block_1_100' title="bbox 1978 4686 2757 4757">
    <p class='ocr_par' dir='ltr' id='par_1_100' title="bbox 1978 4686 2757 4757">
     <span class='ocr_line' id='line_1_100' title="bbox 1978 4686 2757 4757; baseline -0.001 -15"><span class='ocrx_word' id='word_1_856' title='bbox 1978 4686 2034 4742; x_wconf 91' lang='lat' dir='ltr'><strong>in</strong></span> <span class='ocrx_word' id='word_1_857' title='bbox 2067 4701 2313 4757; x_wconf 90' lang='lat' dir='ltr'><strong>corpore,</strong></span> <span class='ocrx_word' id='word_1_858' title='bbox 2365 4687 2450 4742; x_wconf 86' lang='lat' dir='ltr'><strong>vel</strong></span> <span class='ocrx_word' id='word_1_859' title='bbox 2476 4687 2529 4742; x_wconf 90' lang='lat' dir='ltr'><strong>in</strong></span> <span class='ocrx_word' id='word_1_860' title='bbox 2557 4687 2757 4757; x_wconf 89' lang='lat' dir='ltr'><strong>capite.</strong></span> 
     </span>
    </p>
   </div>
   <div class='ocr_carea' id='block_1_101' title="bbox 2055 4777 3568 4850">
    <p class='ocr_par' dir='ltr' id='par_1_101' title="bbox 2055 4777 3568 4850">
     <span class='ocr_line' id='line_1_101' title="bbox 2055 4777 3568 4850; baseline 0.003 -21"><span class='ocrx_word' id='word_1_861' title='bbox 2055 4797 2075 4829; x_wconf 74' lang='grc' dir='ltr'><strong>ι</strong></span> <span class='ocrx_word' id='word_1_862' title='bbox 2118 4777 2288 4834; x_wconf 91' lang='lat' dir='ltr'><strong>Ducet</strong></span> <span class='ocrx_word' id='word_1_863' title='bbox 2325 4786 2380 4834; x_wconf 90' lang='lat' dir='ltr'><strong>te</strong></span> <span class='ocrx_word' id='word_1_864' title='bbox 2406 4779 2688 4843; x_wconf 89' lang='lat' dir='ltr'><strong>Dominus,</strong></span> <span class='ocrx_word' id='word_1_865' title='bbox 2728 4788 2784 4834; x_wconf 91' lang='lat' dir='ltr'><strong>et</strong></span> <span class='ocrx_word' id='word_1_866' title='bbox 2810 4795 2995 4850; x_wconf 89' lang='lat' dir='ltr'><strong>regem</strong></span> <span class='ocrx_word' id='word_1_867' title='bbox 3038 4794 3197 4848; x_wconf 88' lang='lat' dir='ltr'><strong>quem</strong></span> <span class='ocrx_word' id='word_1_868' title='bbox 3221 4778 3568 4833; x_wconf 87' lang='lat' dir='ltr'><strong>constitueris</strong></span> 
     </span>
    </p>
   </div>
   <div class='ocr_carea' id='block_1_102' title="bbox 1984 4869 3562 4941">
    <p class='ocr_par' dir='ltr' id='par_1_102' title="bbox 1984 4869 3562 4941">
     <span class='ocr_line' id='line_1_102' title="bbox 1984 4869 3562 4941; baseline 0.002 -20"><span class='ocrx_word' id='word_1_869' title='bbox 1984 4887 2002 4920; x_wconf 74' lang='grc' dir='ltr'><strong>ε</strong></span> <span class='ocrx_word' id='word_1_870' title='bbox 2041 4882 2204 4939; x_wconf 85' lang='lat' dir='ltr'><strong>super</strong></span> <span class='ocrx_word' id='word_1_871' title='bbox 2236 4878 2307 4933; x_wconf 91' lang='lat' dir='ltr'><strong>te,</strong></span> <span class='ocrx_word' id='word_1_872' title='bbox 2342 4869 2395 4924; x_wconf 91' lang='lat' dir='ltr'><strong>in</strong></span> <span class='ocrx_word' id='word_1_873' title='bbox 2426 4878 2614 4939; x_wconf 86' lang='lat' dir='ltr'><strong>gentes</strong></span> <span class='ocrx_word' id='word_1_874' title='bbox 2644 4886 2779 4941; x_wconf 87' lang='lat' dir='ltr'><strong>quas</strong></span> <span class='ocrx_word' id='word_1_875' title='bbox 2815 4871 3034 4940; x_wconf 83' lang='lat' dir='ltr'><strong>ignoras</strong></span> <span class='ocrx_word' id='word_1_876' title='bbox 3060 4879 3113 4925; x_wconf 92' lang='lat' dir='ltr'><strong>tu</strong></span> <span class='ocrx_word' id='word_1_877' title='bbox 3154 4881 3208 4925; x_wconf 89' lang='lat' dir='ltr'><strong>et</strong></span> <span class='ocrx_word' id='word_1_878' title='bbox 3237 4880 3417 4939; x_wconf 87' lang='lat' dir='ltr'><strong>patres</strong></span> <span class='ocrx_word' id='word_1_879' title='bbox 3442 4871 3517 4924; x_wconf 90' lang='lat' dir='ltr'><strong>tui</strong></span> <span class='ocrx_word' id='word_1_880' title='bbox 3548 4889 3562 4924; x_wconf 88' lang='lat'><strong>:</strong></span> 
     </span>
    </p>
   </div>
   <div class='ocr_carea' id='block_1_103' title="bbox 1983 4959 3567 5033">
    <p class='ocr_par' dir='ltr' id='par_1_103' title="bbox 1983 4959 3567 5033">
     <span class='ocr_line' id='line_1_103' title="bbox 1983 4959 3567 5033; baseline 0.002 -23"><span class='ocrx_word' id='word_1_881' title='bbox 1983 4978 2004 5010; x_wconf 83' lang='grc'><em>‹</em></span> <span class='ocrx_word' id='word_1_882' title='bbox 2046 4959 2250 5015; x_wconf 89' lang='lat' dir='ltr'><strong>servies</strong></span> <span class='ocrx_word' id='word_1_883' title='bbox 2274 4960 2346 5015; x_wconf 90' lang='lat' dir='ltr'><strong>ibi</strong></span> <span class='ocrx_word' id='word_1_884' title='bbox 2383 4960 2486 5016; x_wconf 90' lang='lat' dir='ltr'><strong>diis</strong></span> <span class='ocrx_word' id='word_1_885' title='bbox 2507 4960 2719 5027; x_wconf 89' lang='lat' dir='ltr'><strong>alienis,</strong></span> <span class='ocrx_word' id='word_1_886' title='bbox 2768 4962 2915 5032; x_wconf 83' lang='lat' dir='ltr'><strong>ligno</strong></span> <span class='ocrx_word' id='word_1_887' title='bbox 2943 4972 2998 5017; x_wconf 91' lang='lat' dir='ltr'><strong>et</strong></span> <span class='ocrx_word' id='word_1_888' title='bbox 3026 4962 3209 5033; x_wconf 87' lang='lat' dir='ltr'><strong>lapidi,</strong></span> <span class='ocrx_word' id='word_1_889' title='bbox 3235 4972 3291 5016; x_wconf 88' lang='lat' dir='ltr'><strong>et</strong></span> <span class='ocrx_word' id='word_1_890' title='bbox 3310 4963 3420 5017; x_wconf 89' lang='lat' dir='ltr'><strong>eris</strong></span> <span class='ocrx_word' id='word_1_891' title='bbox 3444 4976 3567 5030; x_wconf 88' lang='lat' dir='ltr'><strong>per-</strong></span> 
     </span>
    </p>
   </div>
   <div class='ocr_carea' id='block_1_104' title="bbox 1986 5049 3566 5122">
    <p class='ocr_par' dir='ltr' id='par_1_104' title="bbox 1986 5049 3566 5122">
     <span class='ocr_line' id='line_1_104' title="bbox 1986 5049 3566 5122; baseline -0.001 -18"><span class='ocrx_word' id='word_1_892' title='bbox 1986 5069 2006 5103; x_wconf 73' lang='grc'><strong>(</strong></span> <span class='ocrx_word' id='word_1_893' title='bbox 2048 5049 2195 5105; x_wconf 88' lang='lat' dir='ltr'><strong>ditus</strong></span> <span class='ocrx_word' id='word_1_894' title='bbox 2250 5052 2305 5106; x_wconf 91' lang='lat' dir='ltr'><strong>in</strong></span> <span class='ocrx_word' id='word_1_895' title='bbox 2333 5053 2677 5122; x_wconf 87' lang='lat' dir='ltr'><strong>proverbium</strong></span> <span class='ocrx_word' id='word_1_896' title='bbox 2721 5062 2778 5107; x_wconf 90' lang='lat' dir='ltr'><strong>et</strong></span> <span class='ocrx_word' id='word_1_897' title='bbox 2807 5053 3041 5108; x_wconf 87' lang='lat' dir='ltr'><strong>fabulam</strong></span> <span class='ocrx_word' id='word_1_898' title='bbox 3076 5054 3328 5109; x_wconf 85' lang='lat' dir='ltr'><strong>omnibus</strong></span> <span class='ocrx_word' id='word_1_899' title='bbox 3356 5050 3566 5122; x_wconf 83' lang='lat' dir='ltr'><strong>populis</strong></span> 
     </span>
    </p>
   </div>
   <div class='ocr_carea' id='block_1_105' title="bbox 1984 5141 3565 5210">
    <p class='ocr_par' dir='ltr' id='par_1_105' title="bbox 1984 5141 3565 5210">
     <span class='ocr_line' id='line_1_105' title="bbox 1984 5141 3565 5210; baseline -0.002 -15"><span class='ocrx_word' id='word_1_900' title='bbox 1984 5159 2004 5191; x_wconf 70' lang='grc' dir='ltr'><strong>ι</strong></span> <span class='ocrx_word' id='word_1_901' title='bbox 2050 5141 2114 5195; x_wconf 89' lang='lat' dir='ltr'><strong>ad</strong></span> <span class='ocrx_word' id='word_1_902' title='bbox 2131 5156 2267 5210; x_wconf 87' lang='lat' dir='ltr'><strong>quos</strong></span> <span class='ocrx_word' id='word_1_903' title='bbox 2292 5151 2344 5198; x_wconf 92' lang='lat' dir='ltr'><strong>te</strong></span> <span class='ocrx_word' id='word_1_904' title='bbox 2368 5143 3030 5199; x_wconf 77' lang='lat' dir='ltr'><strong>iutroduxeritDominus.</strong></span> <span class='ocrx_word' id='word_1_905' title='bbox 3056 5166 3073 5195; x_wconf 74' lang='grc' dir='ltr'><strong>ιι</strong></span> <span class='ocrx_word' id='word_1_906' title='bbox 3117 5145 3280 5199; x_wconf 76' lang='lat' dir='ltr'><strong>Duxit</strong></span> <span class='ocrx_word' id='word_1_907' title='bbox 3307 5142 3565 5196; x_wconf 88' lang='lat' dir='ltr'><strong>Dominus</strong></span> 
     </span>
    </p>
   </div>
   <div class='ocr_carea' id='block_1_106' title="bbox 1978 5234 3563 5306">
    <p class='ocr_par' dir='ltr' id='par_1_106' title="bbox 1978 5234 3563 5306">
     <span class='ocr_line' id='line_1_106' title="bbox 1978 5234 3563 5306; baseline -0.002 -20"><span class='ocrx_word' id='word_1_908' title='bbox 1978 5240 2191 5300; x_wconf 82' lang='lat' dir='ltr'><strong>gentem</strong></span> <span class='ocrx_word' id='word_1_909' title='bbox 2229 5234 2505 5303; x_wconf 90' lang='lat' dir='ltr'><strong>antiquam</strong></span> <span class='ocrx_word' id='word_1_910' title='bbox 2550 5235 2913 5291; x_wconf 85' lang='lat' dir='ltr'><strong>Israclitarum</strong></span> <span class='ocrx_word' id='word_1_911' title='bbox 2962 5248 3183 5306; x_wconf 88' lang='lat' dir='ltr'><strong>propter</strong></span> <span class='ocrx_word' id='word_1_912' title='bbox 3222 5241 3436 5302; x_wconf 77' lang='lat' dir='ltr'><strong>peccata</strong></span> <span class='ocrx_word' id='word_1_913' title='bbox 3466 5246 3563 5284; x_wconf 89' lang='lat' dir='ltr'><strong>sua</strong></span> 
     </span>
    </p>
   </div>
   <div class='ocr_carea' id='block_1_107' title="bbox 1982 5318 3563 5396">
    <p class='ocr_par' dir='ltr' id='par_1_107' title="bbox 1982 5318 3563 5396">
     <span class='ocr_line' id='line_1_107' title="bbox 1982 5318 3563 5396; baseline -0.003 -20"><span class='ocrx_word' id='word_1_914' title='bbox 1982 5322 2038 5376; x_wconf 88' lang='lat' dir='ltr'><strong>in</strong></span> <span class='ocrx_word' id='word_1_915' title='bbox 2077 5322 2445 5392; x_wconf 81' lang='lat' dir='ltr'><strong>captivitatem</strong></span> <span class='ocrx_word' id='word_1_916' title='bbox 2486 5341 2608 5379; x_wconf 90' lang='lat' dir='ltr'><strong>cum</strong></span> <span class='ocrx_word' id='word_1_917' title='bbox 2639 5340 2764 5396; x_wconf 83' lang='lat' dir='ltr'><strong>rege</strong></span> <span class='ocrx_word' id='word_1_918' title='bbox 2801 5341 2918 5391; x_wconf 91' lang='lat' dir='ltr'><strong>suo,</strong></span> <span class='ocrx_word' id='word_1_919' title='bbox 2970 5327 3110 5379; x_wconf 89' lang='lat' dir='ltr'><strong>sicut</strong></span> <span class='ocrx_word' id='word_1_920' title='bbox 3153 5322 3349 5375; x_wconf 85' lang='lat' dir='ltr'><strong>factum</strong></span> <span class='ocrx_word' id='word_1_921' title='bbox 3397 5326 3481 5372; x_wconf 88' lang='lat' dir='ltr'><strong>est</strong></span> <span class='ocrx_word' id='word_1_922' title='bbox 3508 5318 3563 5372; x_wconf 88' lang='lat' dir='ltr'><strong>in</strong></span> 
     </span>
    </p>
   </div>
   <div class='ocr_carea' id='block_1_108' title="bbox 1985 5408 3566 5486">
    <p class='ocr_par' dir='ltr' id='par_1_108' title="bbox 1985 5408 3566 5486">
     <span class='ocr_line' id='line_1_108' title="bbox 1985 5408 3566 5486; baseline -0.002 -18"><span class='ocrx_word' id='word_1_923' title='bbox 1985 5411 2122 5469; x_wconf 86' lang='lat' dir='ltr'><strong>Osee</strong></span> <span class='ocrx_word' id='word_1_924' title='bbox 2147 5429 2275 5486; x_wconf 85' lang='lat' dir='ltr'><strong>rege</strong></span> <span class='ocrx_word' id='word_1_925' title='bbox 2300 5414 2578 5481; x_wconf 75' lang='lat' dir='ltr'><strong>Samarim,</strong></span> <span class='ocrx_word' id='word_1_926' title='bbox 2605 5431 2763 5486; x_wconf 88' lang='lat' dir='ltr'><strong>quem</strong></span> <span class='ocrx_word' id='word_1_927' title='bbox 2795 5415 3171 5470; x_wconf 88' lang='lat' dir='ltr'><strong>Salmanassar</strong></span> <span class='ocrx_word' id='word_1_928' title='bbox 3200 5425 3292 5464; x_wconf 87' lang='lat' dir='ltr'><strong>rex</strong></span> <span class='ocrx_word' id='word_1_929' title='bbox 3313 5408 3566 5479; x_wconf 79' lang='lat' dir='ltr'><strong>Assyrio-</strong></span> 
     </span>
    </p>
   </div>
   <div class='ocr_carea' id='block_1_109' title="bbox 1979 5488 3563 5574">
    <p class='ocr_par' dir='ltr' id='par_1_109' title="bbox 1979 5488 3563 5574">
     <span class='ocr_line' id='line_1_109' title="bbox 1979 5488 3563 5574; baseline -0.003 -15"><span class='ocrx_word' id='word_1_930' title='bbox 1979 5488 2104 5560; x_wconf 76' lang='lat' dir='ltr'><strong>rum</strong></span> <span class='ocrx_word' id='word_1_931' title='bbox 2130 5505 2416 5562; x_wconf 77' lang='lat' dir='ltr'><strong>duxitcum</strong></span> <span class='ocrx_word' id='word_1_932' title='bbox 2428 5507 2612 5564; x_wconf 90' lang='lat' dir='ltr'><strong>decem</strong></span> <span class='ocrx_word' id='word_1_933' title='bbox 2637 5509 2883 5566; x_wconf 88' lang='lat' dir='ltr'><strong>tribubus</strong></span> <span class='ocrx_word' id='word_1_934' title='bbox 2905 5508 2958 5561; x_wconf 93' lang='lat' dir='ltr'><strong>in</strong></span> <span class='ocrx_word' id='word_1_935' title='bbox 2985 5504 3372 5574; x_wconf 83' lang='lat' dir='ltr'><strong>captivitatem.</strong></span> <span class='ocrx_word' id='word_1_936' title='bbox 3399 5501 3563 5556; x_wconf 36' lang='lat' dir='ltr'><strong>Simia</strong></span> 
     </span>
    </p>
   </div>
   <div class='ocr_carea' id='block_1_110' title="bbox 1986 5593 3564 5669">
    <p class='ocr_par' dir='ltr' id='par_1_110' title="bbox 1986 5593 3564 5669">
     <span class='ocr_line' id='line_1_110' title="bbox 1986 5593 3564 5669; baseline -0.003 -18"><span class='ocrx_word' id='word_1_937' title='bbox 1986 5596 2113 5652; x_wconf 90' lang='lat' dir='ltr'><strong>liter</strong></span> <span class='ocrx_word' id='word_1_938' title='bbox 2147 5604 2203 5652; x_wconf 91' lang='lat' dir='ltr'><strong>et</strong></span> <span class='ocrx_word' id='word_1_939' title='bbox 2226 5609 2441 5669; x_wconf 87' lang='lat' dir='ltr'><strong>gentem</strong></span> <span class='ocrx_word' id='word_1_940' title='bbox 2461 5598 2767 5654; x_wconf 65' lang='lat' dir='ltr'><strong>Iudaeorum</strong></span> <span class='ocrx_word' id='word_1_941' title='bbox 2804 5594 3298 5652; x_wconf 84' lang='lat' dir='ltr'><strong>Nabuchodonosor</strong></span> <span class='ocrx_word' id='word_1_942' title='bbox 3339 5610 3430 5649; x_wconf 78' lang='lat' dir='ltr'><strong>rex</strong></span> <span class='ocrx_word' id='word_1_943' title='bbox 3460 5593 3564 5647; x_wconf 78' lang='lat' dir='ltr'><strong>Ba-</strong></span> 
     </span>
    </p>
   </div>
   <div class='ocr_carea' id='block_1_111' title="bbox 1988 5684 3565 5758">
    <p class='ocr_par' dir='ltr' id='par_1_111' title="bbox 1988 5684 3565 5758">
     <span class='ocr_line' id='line_1_111' title="bbox 1988 5684 3565 5758; baseline -0.004 -14"><span class='ocrx_word' id='word_1_944' title='bbox 1988 5688 2199 5758; x_wconf 83' lang='lat' dir='ltr'><strong>bylonis</strong></span> <span class='ocrx_word' id='word_1_945' title='bbox 2241 5691 2540 5746; x_wconf 81' lang='lat' dir='ltr'><strong>introduxit</strong></span> <span class='ocrx_word' id='word_1_946' title='bbox 2592 5689 2997 5752; x_wconf 71' lang='lat' dir='ltr'><strong>inChaldzeatn,</strong></span> <span class='ocrx_word' id='word_1_947' title='bbox 3052 5702 3174 5741; x_wconf 82' lang='lat' dir='ltr'><strong>cum</strong></span> <span class='ocrx_word' id='word_1_948' title='bbox 3221 5684 3463 5741; x_wconf 67' lang='lat' dir='ltr'><strong>Joaxhim</strong></span> <span class='ocrx_word' id='word_1_949' title='bbox 3508 5691 3565 5749; x_wconf 75' lang='lat' dir='ltr'><strong>et</strong></span> 
     </span>
    </p>
   </div>
  </div>
