3978 6182
429 336 538 395 959

1104 336 1163 390 Β.
1207 333 1460 390 RABANI
1497 333 1714 391 MAURI
1755 331 2073 387 ARCllIEP.
2116 331 2424 389 MOCUNT.
2467 333 2758 397 OPERUM
2795 332 2973 389 PARS
3014 332 3056 388 Ι.

3593 335 3710 392 960

432 445 657 502 Sedecia
692 446 908 516 regibus
927 443 1096 501 Iuda).
1130 446 1235 501 Sed
1262 455 1318 502 et
1346 463 1489 501 nunc
1513 448 1566 501 in
1595 454 1838 515 tempore
1871 444 2005 498 Novi
2035 447 2081 506 Α
2111 445 2246 515 ejus.
2274 445 2426 501 Unde
2461 445 2678 515 legitur,
2703 446 2846 515 quod
2879 465 2898 496 ‹
2919 460 3042 500 cum
3073 447 3526 515 appropinquaret
3545 446 3713 505 Iesus

431 536 765 592 Testamenti
810 537 1114 605 quicunque
1138 537 1394 591 aberrant
1418 552 1449 589 a
1476 537 1580 590 ﬁde
1620 535 1880 599 haeretici,
1925 535 2010 588 vel

432 629 558 682 ntali
589 629 840 683 catholici
883 638 1146 698 spernunt
1179 640 1443 699 praecepta
1467 631 1562 684 Dei
1591 637 1645 683 et
1673 628 1890 684 obedire
1921 644 2014 682 no—

431 717 552 770 lunt
594 718 883 787 Evangelia
924 719 1150 783 Christi,
1193 733 1290 786 per
1313 718 1576 788 malignos
1604 719 1823 787 spiritus
1853 719 2015 772 variis

433 809 580 861 vitiis
606 809 947 876 captivantur
975 823 990 862 :
1022 818 1076 862 et
1119 810 1187 862 ad
1216 818 1539 873 extremum,
1593 810 1636 864 si
1670 825 1776 863 non
1809 824 1867 863 se
1895 825 2016 864 cor-

435 899 698 966 rexerint,
747 900 801 953 in
832 900 1146 954 barathrum
1199 901 1395 955 inferni
1439 903 1842 972 demergentur.
1901 901 2016 956 Nec

433 1003 519 1049 est
548 994 804 1047 distantia
848 994 985 1046 inter
1013 993 1292 1048 dominum
1333 1004 1387 1048 et
1414 1010 1651 1058 servum,
1695 995 1918 1048 militem
1960 1003 2016 1049 et

433 1103 636 1156 regem,
690 1087 1005 1155 magistrum
1037 1095 1092 1141 et
1129 1086 1482 1156 discipulum;
1515 1088 1609 1141 sed
1629 1085 1834 1153 jttstum
1869 1088 2014 1156 judi-

432 1177 575 1231 cium
605 1176 696 1230 Dei
727 1177 1017 1244 unicuique
1030 1177 1322 1230 secundum
1348 1178 1561 1246 prepria
1589 1179 1773 1232 reddet
1799 1179 2010 1232 merita.

434 1263 587 1319 Unde
627 1265 886 1332 scriptum
917 1255 1039 1320 est}
1092 1285 1109 1316 ι
1156 1265 1440 1334 Disperdet
1465 1267 1720 1320 Dominus
1752 1268 1819 1320 ab
1850 1267 2016 1320 Israel

431 1354 605 1406 virum
628 1355 717 1422 qtti
742 1353 933 1408 fecerit
963 1356 1082 1417 hoc,
1104 1355 1420 1423 magistrum
1438 1365 1489 1408 et
1509 1356 1825 1424 discipulum
1853 1355 1967 1423 ejus
1991 1377 2008 1408 ι

433 1443 690 1514 (ΜαιαοΙι.
742 1443 826 1514 ιι).
875 1464 893 1494 ι
923 1443 1277 1498 Commoncre
1306 1455 1485 1498 autem
1531 1461 1625 1499 vos
1655 1446 1796 1508 volo,
1842 1448 2016 1500 scien-

431 1541 513 1586 tes
536 1533 701 1586 semel
724 1533 924 1596 omnia,
941 1535 1194 1601 quoniam
1215 1533 1372 1588 Jesus
1400 1535 1652 1604 populum
1671 1535 1736 1588 de
1763 1543 1906 1589 terra
1922 1536 2016 1589 ΑΞ-

429 1623 578 1691 gypti
634 1621 882 1686 salvans,
939 1638 1032 1678 eos
1078 1623 1312 1678 secundo
1365 1624 1457 1692 qui
1508 1639 1614 1678 non
1672 1624 2017 1680 crediderunt

429 1714 680 1780 perdidit.
719 1716 951 1784 Angelos
993 1732 1144 1779 vero,
1185 1716 1274 1786 qtti
1308 1732 1412 1770 non
1460 1726 1812 1771 servaverunt
1857 1733 2012 1772 suum

431 1803 814 1871 principatum,
851 1806 942 1859 sed
972 1805 1378 1874 dercliquerunt
1405 1822 1559 1861 suum
1583 1808 1931 1872 domicilium,
1959 1810 2012 1863 in

423 1891 687 1959 judicium
743 1896 836 1951 Dei
888 1897 1066 1967 ntagni
1111 1897 1338 1952 vinculis
1374 1900 1592 1953 aeternis
1650 1901 1750 1954 sub
1786 1901 2014 1971 caligine

434 1985 705 2037 reservavi
745 2004 762 2035 ι
800 1985 951 2054 (Jud.
993 1987 1068 2057 v).
1118 2005 1136 2037 ‹
1185 1986 1490 2041 Sementem
1521 1988 1743 2042 multam
1766 1989 1936 2057 jacies
1957 1992 2013 2045 in

434 2091 452 2121 ι
503 2081 700 2128 terram
757 2085 813 2130 et
867 2079 1133 2133 modicum
1196 2081 1568 2150 congregabis,
1629 2083 1756 2152 quia
1790 2083 2011 2139 locusta:

432 2183 451 2215 ι
495 2165 675 2219 omnia
726 2167 1078 2222 devorabunt.
1135 2171 1357 2225 Vineam
1417 2171 1682 2240 plantabis
1740 2181 1797 2226 et
1842 2171 2014 2228 fodies

433 2271 453 2303 ‹
497 2267 652 2318 eam,
700 2263 755 2309 et
807 2271 910 2310 non
959 2258 1108 2312 bibes
1156 2259 1374 2323 vinum,
1415 2275 1516 2314 nec
1569 2261 1789 2331 colliges
1839 2277 1902 2316 ex
1949 2277 2014 2318 ea

432 2359 452 2391 ι
497 2343 805 2411 quidpiam,
847 2347 1102 2414 quoniam
1141 2350 1442 2403 vastabitur
1477 2351 1768 2405 vermibus.
1834 2351 2014 2407 Olivas

433 2449 455 2481 ι
501 2432 726 2488 habebis
757 2435 807 2487 itt
839 2437 1091 2492 omnibus
1125 2440 1368 2493 terminis
1399 2441 1528 2508 tuis,
1571 2449 1763 2494 et‘non
1793 2443 2015 2510 ungeris

431 2539 454 2571 ‹
498 2523 638 2587 oleo,
683 2525 809 2593 quia
851 2526 1084 2581 delhtcnt
1118 2536 1172 2582 et
1207 2530 1482 2598 peribunt,
1513 2539 1619 2585 etc.
1659 2551 1677 2581 ι
1742 2531 1900 2594 Nota,
1939 2531 2016 2586 le-

433 2622 581 2678 ctor,
643 2617 784 2684 quod
834 2628 1129 2673 sementem
1184 2621 1444 2677 devorant
1489 2623 1738 2688 locusta),
1803 2623 2013 2678 vineam

432 2705 716 2760 devastant
761 2723 992 2773 vermes,
1041 2711 1194 2765 olivae
1242 2711 1483 2767 deﬂuunt
1547 2722 1874 2783 et‘pereunt
1911 2729 1925 2766 :
1961 2721 2017 2768 et

428 2802 620 2850 cautus
659 2804 777 2851 esto
813 2813 881 2853 ne
927 2797 1066 2854 forte
1109 2801 1554 2870 gratiam,,quam
1582 2803 1764 2858 divino
1792 2818 2016 2858 munere

430 2886 756 2954 percepisti,
812 2888 1034 2944 locusta:
1073 2899 1128 2944 et
1180 2906 1394 2946 vermes
1443 2893 1713 2962 spiritales
1761 2895 2014 2959 exedant,

431 2973 717 3030 devastent
786 2985 949 3046 atque
1012 2994 1042 3032 a
1100 2988 1151 3034 te
1199 2980 1474 3046 auferant,
1533 2991 1588 3037 et
1633 2999 1752 3052 qua:
1799 2984 1894 3038 tibi
1962 2985 2016 3037 in

432 3075 777 3134 augmentum
815 3069 1004 3122 salutis
1042 3077 1145 3124 tua:
1186 3070 1380 3124 collata
1420 3080 1563 3138 sunt,
1599 3081 1821 3142 propter
1860 3073 2015 3128 incu-

2115 535 2434 600 Jerusalem,
2485 536 2672 590 videns
2727 536 3033 599 civitatem,
3091 533 3237 590 ﬂevit
3271 550 3434 604 super
3478 536 3623 590 illam
3651 547 3711 594 et

2116 626 2289 680 dixit:
2323 626 2457 692 Quia
2499 627 2544 680 si
2575 626 2919 695 cognovisses
2940 633 2994 679 et
3021 634 3096 690 tu,
3153 632 3208 680 et
3232 625 3449 694 quidem
3495 627 3550 680 in
3598 629 3705 684 hac

2117 718 2203 772 die
2241 725 2352 780 tua,
2378 733 2496 787 qua:
2523 718 2589 771 ad
2621 733 2809 787 pacem
2835 719 2953 783 tibi,
3002 733 3149 773 nunc
3179 727 3363 771 autem
3383 719 3698 776 abscondita

2117 817 2243 862 sunt
2278 810 2346 863 ab
2365 811 2538 864 oculis
2563 811 2687 865 tuis.
2740 810 2876 877 Quia
2904 810 3122 865 venient
3153 811 3268 864 dies
3296 810 3349 864 in
3383 817 3455 875 te,
3512 821 3569 864 et
3596 813 3700 866 cir-

2117 901 2449 955 cumdabunt
2474 912 2528 956 te
2555 903 2810 972 undique,
2837 911 2893 956 et
2919 903 2984 956 ad
3014 911 3216 956 terram
3249 910 3601 970 prosterncnt
3627 913 3701 965 te,

2116 997 2172 1043 et
2193 990 2330 1045 ﬁlios
2357 977 2478 1046 tuos
2522 993 2614 1061 qui
2647 992 2699 1045 in
2729 1001 2779 1046 te
2805 1001 2933 1046 sunt
2960 1009 2972 1044 :
3005 1000 3060 1045 et
3086 1007 3193 1045 non
3222 991 3528 1061 relinquent
3574 994 3628 1047 in
3649 1002 3708 1049 te

2117 1080 2347 1149 lapidem
2397 1096 2560 1151 super
2601 1082 2868 1151 lapidem,
2922 1097 2988 1136 eo
3036 1083 3180 1151 quod
3227 1098 3331 1136 non
3383 1085 3706 1153 cognoveris

2119 1180 2331 1241 tempus
2359 1173 2682 1227 visitationis
2709 1183 2813 1227 tuae
2843 1193 2860 1224 ι
2881 1173 3032 1243 (Luc.
3065 1172 3204 1243 χιιι).
3248 1171 3473 1228 Creator
3505 1175 3707 1244 quippe

2117 1261 2357 1313 omnium
2397 1275 2495 1329 per
2520 1261 2906 1316 incarnationis
2927 1278 3037 1316 suae
3058 1263 3373 1332 mysterium
3411 1265 3549 1318 hanc
3578 1265 3710 1318 visi-

2119 1355 2236 1402 tare
2270 1349 2522 1417 dignatus
2549 1358 2652 1414 est,
2709 1351 2802 1404 sed
2846 1351 2960 1420 ipsa
3003 1350 3214 1405 timoris
3241 1351 3382 1406 illius
3423 1361 3478 1406 et
3501 1353 3708 1408 amoris

2120 1436 2396 1490 recordata
2426 1453 2534 1491 non
2561 1446 2662 1491 est.
2696 1437 2851 1492 Unde
2880 1439 3043 1493 etiam
3074 1432 3171 1507 per
3196 1441 3515 1508 prophetam
3543 1442 3597 1494 in
3624 1442 3709 1494 in-

2118 1526 2427 1594 crepatione
2455 1529 2634 1582 cordis
2661 1529 2885 1582 humani
2935 1545 3063 1584 aves
3084 1529 3207 1584 caeli
3253 1531 3306 1584 in
3335 1533 3703 1587 testimonium

2120 1617 2512 1672 deducuntur:
2581 1638 2599 1670 ι
2645 1619 2858 1684 Milvus,
2920 1622 3116 1692 inquit,
3177 1623 3230 1676 in
3262 1623 3401 1677 ctelo
3450 1625 3707 1695 cognovit

2122 1717 2335 1778 tempus
2363 1725 2519 1764 suum
2549 1728 2561 1764 :
2590 1719 2791 1776 turtur,
2833 1721 2888 1766 et
2913 1713 3166 1776 hirundo,
3213 1722 3268 1766 et
3296 1713 3524 1778 ciconia,
3574 1730 3705 1769 cus-

2042 1786 2090 1844 B
2121 1800 2391 1854 todierunt
2426 1809 2638 1872 tempus
2665 1803 2930 1858 adventus
2953 1805 3054 1858 sui.
3088 1803 3322 1873 Populus
3339 1813 3518 1859 autem
3550 1821 3708 1861 meus

2118 1910 2222 1948 non
2244 1896 2496 1965 cognovit
2511 1895 2773 1966 judicium
2803 1899 3012 1952 Domini
3047 1919 3063 1950 ι
3101 1897 3235 1969 (Jer.
3259 1899 3397 1970 vm).
3428 1899 3557 1954 Inde
3574 1916 3704 1971 gen-

2119 1987 2258 2042 tibus
2299 1986 2609 2058 frequenter
2659 1989 2726 2043 ad
2758 1990 3174 2059 depraedandutn
3217 1991 3348 2056 dati,
3411 1992 3704 2048 novissime

2116 2087 2295 2133 autem
2329 2079 2590 2135 Romanis
2617 2081 2954 2151 principibus
2994 2082 3061 2136 ad
3083 2083 3488 2138 subversioncnt
3510 2099 3706 2154 perpe-

2115 2174 2264 2221 tuam
2316 2178 2441 2222 sunt
2466 2169 2672 2232 traditi,
2726 2178 3100 2240 veneruntque
3150 2170 3230 2225 eis
3273 2173 3453 2226 omnia
3501 2189 3704 2243 genera

2115 2259 2548 2314 maledictionum
2599 2276 2719 2330 qute
2763 2261 2815 2314 in
2861 2261 2998 2315 libro
3030 2261 3164 2332 legis
3216 2264 3523 2332 conscripta
3552 2273 3699 2318 sunt.

2117 2349 2379 2404 Similiter
2419 2359 2474 2405 et
2511 2351 2596 2406 his
2629 2351 2720 2420 qui
2756 2351 2986 2421 gratiam
3032 2352 3243 2422 ingrate
3282 2351 3377 2406 Dei
3427 2353 3700 2432 accipiunt

2117 2447 2262 2494 certa
2290 2447 2373 2494 est
2411 2440 2704 2494 damnatio.
2751 2440 2908 2508 Quia.
2958 2441 3250 2496 secundum
3298 2441 3451 2496 Pauli
3489 2459 3698 2509 vocent,

2127 2536 2150 2572 ι
2187 2523 2401 2577 [rt-itam
2424 2526 2542 2594 quis
2559 2526 2760 2583 faciens
2780 2529 2954 2598 legem
2986 2531 3157 2601 Moysi
3184 2531 3301 2586 sine
3324 2531 3430 2585 ulla
3455 2532 3688 2586 misera-

2122 2615 2271 2667 tione
2310 2614 2520 2670 duobus
2570 2627 2663 2671 aut
2712 2622 2886 2674 tribus
2918 2622 3142 2677 testibus
3180 2624 3430 2688 moritur,
3477 2632 3678 2691 quanto

2123 2709 2292 2774 magis
2313 2707 2510 2776 putatis
2539 2708 2806 2766 deteriora
2840 2713 3033 2768 mereri
3069 2712 3326 2783 supplicia
3369 2716 3459 2783 qui
3482 2714 3674 2767 Filium

2121 2796 2214 2849 Dei
2235 2799 2654 2867 conculcaverit,
2681 2813 2735 2857 et
2748 2817 2803 2855 sa
2816 2804 3067 2871 uguinem
3089 2805 3397 2859 testamenti
3416 2803 3677 2875 pollutum

2122 2885 2339 2941 duxerit
2375 2891 2424 2941 in
2452 2905 2556 2958 quo
2584 2891 2955 2947 sanctiﬁcatus
2981 2904 3086 2959 est,
3111 2907 3164 2948 et
3200 2895 3464 2962 spirituali
3488 2894 3672 2964 gratiae

2120 2980 2498 3034 contumeliam
2525 2982 2735 3037 fecerit.
2762 2983 2973 3039 Scimus
2997 2985 3162 3049 enim,
3185 2985 3274 3053 qui
3307 2985 3443 3039 dixit
3488 3000 3505 3040 :
3552 2985 3677 3036 Mihi

2119 3069 2377 3132 vindicta,
2408 3086 2506 3140 ego
2538 3072 2779 3130 reddam.
2839 3075 2905 3128 Et
2934 3075 3128 3130 iterum
3159 3093 3174 3129 :
3223 3076 3358 3141 Quia
3412 3075 3675 3144 ju-licabit

505 3119 535 3134 ν
766 3119 771 3120 γ
818 3119 854 3121 _.
1046 3119 1142 3124 η--
1192 3119 1380 3124 πη--
1420 3119 1563 3138 __---,
1601 3119 1810 3142 rur---
2147 3119 2243 3122 ,η
2278 3119 2377 3132 --_,
2413 3119 2501 3140 τη-
2538 3119 2779 3130 --_.-_....
2839 3119 2905 3128 ..-
3159 3119 3174 3129 .
3228 3119 3358 3141 υ...
3412 3119 3468 3144 ,η
3495 3119 3675 3130 ..ν-...-

430 3152 566 3204 riam
595 3161 740 3208 tuam
778 3158 842 3210 ad
872 3159 1252 3214 detrimentum
1292 3162 1627 3229 perveniant.
1690 3163 1831 3216 Dicit
1869 3163 2014 3216 enim
2043 3119 2088 3180 Ο
2121 3157 2376 3213 Dominus
2431 3161 2686 3229 populum
2734 3178 2914 3218 suum.
2966 3163 3303 3218 llorrendum
3334 3179 3545 3233 quoque
3594 3172 3682 3215 est

432 3241 752 3296 Psalmista:
781 3264 799 3294 ι
836 3247 1040 3300 Dedisti
1071 3247 1311 3301 laetitiam
1353 3249 1406 3302 in
1445 3250 1609 3304 corde
1633 3265 1785 3304 meo:
1819 3267 1849 3303 a
1887 3259 2017 3304 tem-

431 3343 566 3398 pore
601 3330 878 3397 frumenti,
913 3334 1022 3387 viui
1049 3343 1103 3388 et
1134 3336 1238 3389 olei
1276 3355 1294 3386 ι
1328 3335 1499 3406 (Psal.
1528 3337 1625 3407 tv).
1671 3357 1691 3388 ι
1729 3338 1890 3394 Panis
1919 3341 2018 3395 ho-

437 3419 599 3473 minis
647 3435 742 3474 cor
769 3422 1086 3490 confirmat;
1125 3425 1310 3478 vinum
1348 3425 1586 3480 laetificat
1631 3442 1726 3482 cor
1759 3429 2014 3496 hominis,

435 3505 629 3561 faciem
686 3509 862 3564 oleum
915 3513 1185 3568 exhilarat
1233 3533 1252 3566 ι
1287 3513 1460 3585 (Psal.
1503 3517 1640 3586 Clll).
1682 3518 2016 3584 Et,cBeatus

437 3600 530 3668 qui
560 3601 748 3670 vigilat
791 3613 850 3657 et
895 3605 1131 3661 custodit
1190 3607 1511 3662 vestimenta
1560 3624 1676 3674 sua,
1736 3625 1802 3664 ne
1841 3613 2017 3666 nudus

437 3690 674 3745 ambulet
698 3695 883 3764 (Apoc.
905 3695 1067 3753 XVIlJ

515 3799 533 3831 ι
576 3781 794 3836 Advcna
839 3787 930 3853 qui
962 3794 1142 3840 tecum
1185 3797 1434 3842 versatur
1464 3790 1517 3843 in
1547 3798 1710 3854 terra,
1762 3794 2018 3848 ascendet

435 3889 453 3920 ι
503 3885 666 3940 super
697 3882 768 3929 te.
811 3875 1022 3943 eritque
1044 3877 1343 3930 sublimior.
1377 3878 1455 3933 Tu
1491 3889 1669 3934 autem
1699 3882 2015 3949 descendes,

437 3978 454 4009 ι
502 3966 558 4012 et
582 3960 692 4013 eris
738 3961 981 4016 interior.
1029 3964 1144 4032 lpse
1173 3966 1439 4021 fencrabit
1467 3969 1586 4033 tibi,
1638 3979 1693 4023 et
1719 3981 1771 4024 ιιι
1806 3987 1912 4025 ιιοιι
1937 3972 2016 4027 fe—

436 4070 453 4101 ι
497 4052 712 4106 nerabis
734 4054 937 4122 ei.lpse
966 4057 1070 4108 erit
1096 4057 1149 4109 in
1171 4067 1352 4126 caput,
1383 4067 1436 4112 et
1459 4068 1512 4113 tu
1544 4062 1653 4116 eris
1681 4063 1734 4115 in
1764 4063 2012 4117 caudam.

437 4159 457 4189 ‹
505 4141 568 4194 E-t
598 4141 812 4196 venient
839 4156 1002 4212 super
1033 4151 1085 4198 te
1118 4161 1306 4200 omnes
1331 4149 1739 4206 maledictiones
1767 4152 1906 4218 ista,
1962 4162 2018 4208 et

437 4217 474 4281 ι’
499 4243 882 4302 persequentes
904 4238 1307 4305 apprehendent
1330 4246 1382 4294 te
1404 4240 1576 4296 donec
1600 4242 1860 4309 intereas,
1891 4246 2016 4314 quia

432 4339 455 4372 ι
499 4336 604 4376 non
634 4324 828 4378 audisti
881 4341 1068 4381 vocem
1100 4327 1310 4383 Domini
1343 4330 1439 4384 Dei
1471 4333 1568 4397 tui,
1629 4350 1730 4390 nec
1779 4338 2010 4392 servasti

2122 3249 2356 3302 incidere
2404 3251 2456 3304 in
2523 3267 2735 3306 manum
2803 3253 2895 3310 Dei
2948 3255 3179 3311 viventis
3233 3254 3444 3325 (Hebr.
3504 3255 3611 3323 ι).
3650 3269 3676 3306 ι

2117 3343 2185 3397 Et
2210 3344 2330 3399 ideo
2366 3343 2562 3398 bonum
2584 3355 2668 3398 est
2691 3358 3014 3414 prtecavere,
3061 3358 3131 3396 ne
3157 3353 3470 3412 peccantem
3522 3351 3577 3397 et
3601 3343 3707 3396 im-

2115 3432 2467 3502 ptnnitentcm
2519 3441 2719 3488 :eterna
2764 3433 2996 3501 perditio
3048 3433 3428 3502 subsequatur.
3480 3451 3500 3482 ι
3547 3433 3706 3486 Dabit

2122 3539 2141 3572 ι
2189 3521 2332 3576 enim
2352 3522 2446 3575 tibi
2473 3523 2730 3577 Dominus
2743 3537 2837 3576 cor
2859 3521 3134 3591 pavidum,
3166 3529 3223 3574 et
3243 3521 3554 3575 deﬁcientes
3575 3536 3707 3575 ocu-

2122 3633 2140 3663 ι
2187 3613 2288 3678 los,
2341 3621 2398 3668 et
2431 3613 2666 3667 animam
2703 3627 2935 3668 mmrore
2963 3621 3360 3682 consemptam.
3397 3632 3416 3663 ι
3476 3611 3708 3680 Propter

2116 3703 2394 3773 perfidiam
2429 3720 2580 3758 suam
2604 3706 2785 3757 datum
2807 3711 2892 3758 est
2915 3703 3117 3758 ludatis
3131 3718 3227 3758 cor
3250 3703 3535 3772 pavidum;
3561 3705 3707 3756 unde

2117 3794 2379 3864 scriptum
2401 3800 2523 3848 est:
2572 3813 2590 3844 ‹
2635 3793 2748 3847 lllic
2796 3793 3202 3861 trepidaverunt
3227 3793 3421 3846 timore
3474 3791 3566 3844 ttbi
3597 3807 3706 3845 non

2118 3890 2238 3936 erat
2263 3881 2427 3936 timor
2472 3901 2490 3932 ι
2529 3880 2702 3953 (Ρεαι.
2731 3880 2848 3953 ιιι).
2889 3881 3152 3936 Dicebant
3180 3891 3360 3936 autem
3388 3879 3706 3937 sacerdotes

2115 3985 2301 4025 eorum
2325 3971 2390 4025 ad
2416 3987 2511 4026 eos
2541 3989 2555 4024 :
2594 3991 2612 4023 ι
2657 3970 2862 4026 Videtis
2882 3972 3008 4041 quia
3039 3972 3172 4026 nihil
3199 3970 3534 4040 proﬁcimus.
3558 3971 3700 4026 Ecce

2118 4062 2349 4116 mundus
2380 4070 2522 4117 totus
2559 4070 2681 4131 post
2709 4063 2880 4131 ipsum
2931 4062 3082 4117 abiit.
3129 4061 3187 4116 Si
3210 4062 3530 4116 dimittimus
3574 4078 3703 4118 eum

2117 4155 2216 4218 sic,
2261 4171 2450 4211 omnes
2486 4156 2712 4211 credent
2739 4156 2791 4209 in
2815 4170 2960 4209 eum.
3003 4155 3070 4209 Et
3100 4155 3318 4209 venient
3347 4155 3601 4220 Romani,
3649 4165 3707 4210 et

2118 4249 2306 4303 tollent
2360 4258 2601 4303 nostrum
2630 4248 2806 4302 locum
2848 4257 2904 4303 et
2926 4257 3138 4317 gentem
3168 4267 3186 4298 ι
3223 4246 3405 4318 (Joan.
3439 4247 3541 4316 XI).
3589 4247 3705 4303 [loc

2117 4338 2197 4393 eis
2227 4337 2406 4392 evenit
2449 4338 2591 4407 quod
2629 4337 2979 4402 verebantur,
3025 4336 3263 4391 sedinde
3311 4336 3454 4390 unde
3477 4351 3583 4390 non
3615 4351 3708 4390 ar-

434 4430 455 4463 ι
501 4414 752 4467 mandata
785 4413 902 4484 ejus
949 4426 1003 4471 et
1045 4421 1380 4475 ceremonias
1424 4437 1560 4491 quas
1605 4423 2011 4496 praecepittibi
2038 4455 2092 4513 Β
2119 4429 2475 4482 bitrabantur.
2527 4427 2604 4480 llli
2645 4428 2985 4482 aestimabant
3014 4427 3080 4482 de
3119 4426 3223 4480 ﬁde
3259 4426 3464 4481 Christi
3513 4427 3705 4482 venire

437 4524 454 4554 ι
501 4505 776 4560 Dominus.
812 4528 829 4560 ι
888 4508 1172 4565 Manifeste
1195 4513 1296 4568 hoc
1327 4514 1565 4583 capitulo
1586 4517 1912 4572 describitur
1933 4519 2011 4574 ls-

431 4598 740 4652 raelitarum
767 4598 996 4667 abjeetto
1031 4611 1087 4656 et
1115 4604 1350 4673 gentium
1373 4605 1566 4660 electio
1605 4623 1620 4659 :
1665 4608 1790 4675 quia
1823 4623 2016 4662 secun-

429 4690 556 4742 dum
609 4691 864 4749 Veritatis
912 4711 1121 4761 vocem,
1167 4713 1272 4767 qua
1310 4699 1376 4752 ad
1423 4699 1570 4767 ipsos
1617 4698 1832 4755 Judteos
1889 4701 2009 4754 ait:

434 4797 453 4826 ι
497 4777 790 4834 Attferetur
816 4801 844 4835 a
877 4786 1028 4838 vobis
1075 4800 1300 4854 regnum
1357 4787 1475 4851 Dei,
1519 4798 1575 4842 et
1617 4787 1835 4842 dabitur
1863 4791 2010 4859 genti

430 4867 651 4921 facienti
678 4870 910 4926 fructum
937 4874 1094 4944 ejus;
1126 4876 1204 4930 sic
1235 4887 1396 4932 erunt
1419 4879 1580 4948 primi
1611 4881 1915 4946 novissimi,
1956 4890 2013 4936 et

451 4959 727 5012 novissimi
749 4964 901 5028 primi
927 4982 944 5013 ι
972 4964 1189 5033 (Matth.
1215 4968 1454 5034 xx,xxt);
1475 4966 1828 5020 etsecundutn
1849 4968 2015 5021 Anna:

449 5047 786 5114 prophetiam
824 5063 840 5102 :
877 5068 894 5100 ι
949 5051 1166 5107 Sterilis
1202 5058 1405 5122 peperit
1436 5056 1696 5125 plurimos
1746 5074 1760 5110 :
1807 5067 1861 5110 et
1893 5071 2014 5125 qum

450 5137 650 5192 multos
682 5140 913 5193 habebat
952 5143 1111 5208 filios,
1142 5146 1410 5201 inﬁrmata
1451 5158 1556 5206 est,
1587 5165 1606 5198 ι
1642 5162 1706 5200 eo
1728 5149 1868 5216 quod
1903 5165 2013 5205 non

447 5229 650 5283 audivit
687 5245 870 5285 vorent
899 5233 1110 5288 Domini
1146 5238 1234 5290 Dei
1265 5240 1369 5303 sui,
1397 5248 1448 5292 et
1494 5239 1742 5292 mandata
1771 5240 1889 5308 ejus
1908 5257 2010 5296 non

447 5322 680 5374 servavit
709 5318 760 5389 (1
815 5321 942 5391 Reg.
971 5323 1069 5390 tt);
1103 5323 1311 5378 ruinam
1341 5327 1520 5396 populi
1576 5327 1718 5383 illius
1753 5329 2012 5389 Dominus

450 5410 774 5474 pra-videns,
808 5414 1116 5468 miserando
1147 5431 1210 5468 ac
1243 5417 1439 5484 saepius
1467 5423 1733 5475 mouendo
1760 5437 1854 5475 eos
1877 5439 2013 5478 con-

452 5509 661 5554 vertere
690 5502 881 5567 voluit,
909 5503 1141 5572 primum
1167 5519 1261 5572 per
1288 5506 1481 5574 legem,
1504 5512 1742 5566 secundo
1771 5527 1868 5581 per
1889 5529 2016 5583 pro-

455 5590 660 5654 pltetas,
689 5593 854 5648 tertio
874 5609 969 5663 per
986 5595 1300 5650 sacerdotes
1321 5612 1385 5651 ac
1409 5598 1681 5661 doctores.
1717 5603 2015 5659 novissime

454 5692 552 5746 per
613 5681 809 5739 Filium
878 5701 1034 5742 suum
1082 5687 1412 5760 unigenitum
1467 5701 1522 5746 et
1584 5707 1678 5763 per
1738 5697 2019 5764 apostolus

2118 4521 2218 4575 sibi
2247 4522 2524 4582 damnum,
2573 4535 2698 4574 cum
2725 4520 2828 4573 hoc
2851 4519 3023 4590 magis
3057 4518 3124 4573 de
3160 4518 3387 4587 perﬁdia
3417 4533 3513 4572 sua
3554 4527 3611 4572 et
3637 4519 3705 4574 de

2116 4611 2493 4678 persecutione
2521 4611 2572 4663 itt
2595 4609 2884 4667 Christum
2900 4617 2956 4662 et
2977 4609 3250 4678 apostolos
3274 4607 3413 4678 ejus,
3453 4609 3559 4663 illis
3578 4625 3705 4664 eve-

2117 4704 2214 4757 nit.
2250 4723 2267 4753 ι
2315 4703 2379 4756 Et
2404 4704 2507 4758 erit
2527 4704 2632 4756 vita
2664 4711 2750 4756 tua
2785 4703 2936 4771 quasi
2973 4703 3212 4772 pendens
3241 4710 3363 4756 ante
3389 4711 3458 4765 te,
3488 4702 3704 4757 timebis

2122 4810 2138 4840 ι
2187 4800 2344 4845 nocte
2379 4799 2430 4845 et
2453 4791 2634 4856 dic,et
2658 4807 2762 4845 non
2790 4792 2980 4846 credes
3010 4791 3133 4845 vita:
3158 4799 3280 4846 tum.
3316 4810 3334 4841 ι
3377 4788 3542 4856 Quasi
3568 4805 3702 4846 veno

2115 4883 2407 4950 quidquam
2435 4882 2505 4936 sit
2533 4883 2685 4951 pejus
2724 4882 2865 4936 inter
2889 4881 3175 4938 maledicta
3225 4898 3345 4951 qua:
3365 4880 3568 4937 ludatis
3601 4897 3704 4951 pm

2115 4970 2311 5023 merito
2329 4971 2592 5035 superbia:
2607 4981 2658 5026 et
2677 4972 2968 5041 impietatis
2987 4974 3302 5028 acciderunt
3321 4989 3483 5042 quam
3503 4974 3690 5028 videre

2113 5060 2275 5111 vitant
2295 5075 2466 5127 suam,
2495 5061 2546 5114 id
2569 5071 2672 5126 est,
2693 5063 2882 5116 Filium
2909 5064 2999 5116 Dei
3021 5065 3360 5133 pendentem.
3379 5074 3433 5119 et
3451 5081 3556 5119 non
3573 5079 3700 5118 cre-

2111 5152 2239 5204 dere
2251 5152 2371 5205 vitae
2388 5153 2798 5208 sua-Maledicta
2818 5154 2959 5208 enim
2977 5169 3100 5210 cunt
3123 5172 3186 5211 ex
3203 5157 3484 5226 prophetia
3503 5156 3698 5209 dicun-

2115 5252 2223 5299 tur.
2243 5256 2348 5294 non
2371 5252 2499 5296 sunt
2523 5243 2592 5298 de
2611 5243 2752 5296 malo
2775 5256 2894 5297 ιοιο
2909 5245 3276 5315 imprecantis,
3297 5247 3389 5301 sed
3413 5262 3445 5302 e
3467 5250 3695 5314 pransi-io

2118 5334 2312 5401 spiritu
2336 5335 2770 5404 praenuntiantis.
2798 5334 2931 5390 Nam
2961 5339 3049 5392 illa
3083 5353 3201 5406 qua:
3237 5339 3378 5391 malo
3396 5349 3521 5392 voto
3537 5347 3690 5402 sunt,

2119 5424 2474 5492 prohibentur
2504 5441 2624 5479 cum
2647 5428 2842 5482 dicitur
2877 5428 3069 5497 (Rom.
3107 5445 3181 5484 xu
3213 5432 3229 5497 )
3258 5446 3273 5482 :
3321 5447 3340 5480 ι
3369 5429 3695 5485 Beuedicite

2119 5524 2172 5567 et
2208 5516 2372 5570 nolite
2403 5516 2743 5572 maledicere.
2780 5537 2798 5570 ι
2838 5519 2965 5572 Ηωο
3001 5533 3183 5574 autem
3217 5534 3359 5588 saepe
3396 5520 3696 5574 inveniun-

2122 5616 2212 5658 tur
2232 5607 2281 5660 itt
2302 5621 2552 5662 sermone
2568 5619 2900 5675 sanctorum,
2921 5611 3064 5666 sicut
3082 5611 3358 5680 apostolus
3376 5610 3578 5665 Paulus
3592 5615 3698 5665 ait:

2131 5713 2148 5744 ι
2189 5696 2508 5763 Alexander,
2547 5698 2745 5770 inquit,
2791 5702 3016 5758 aerarius
3051 5703 3219 5757 multa
3255 5701 3398 5757 mala
3438 5702 3572 5758 mihi
3603 5718 3696 5758 os-
