3964 6192
268 295 367 351 961

1046 285 1442 343 ENARRATIO
1484 284 1714 342 SUPER
1754 284 2381 342 DEUTERONOMIUM.
2420 312 2491 327 -α-
2528 286 2656 343 LIB.
2697 286 2787 342 lli.

3432 290 3539 347 962

271 401 490 458 tendit:
543 397 733 454 reddat
762 396 837 453 illi
872 396 1133 451 Dominus
1164 396 1460 453 secundum
1496 410 1661 466 opera
1687 410 1785 450 sua
1827 415 1847 447 ι
1881 398 1930 457 Α
1963 414 1980 446 ‹
2013 397 2164 451 vobis
2201 397 2255 451 in
2284 406 2427 452 terra
2454 398 2674 472 Egypti
2706 399 2975 454 Pharaoni
2995 405 3049 454 et
3073 401 3326 457 omnibus
3366 405 3543 460 servis

268 491 353 565 (II
383 490 519 543 Tim.
551 488 647 560 tv).
673 487 807 541 Nam
826 487 955 542 illud
976 498 1232 557 tanquam
1253 487 1623 541 stomachatus
1642 493 1697 541 et
1722 485 1860 540 indi-

266 590 467 656 gnatus
490 581 653 636 etiam
676 578 818 634 male
847 586 1065 649 optasse
1085 577 1299 633 videtur
1315 576 1606 648 Apostolus
1633 594 1646 630 :
1680 596 1698 627 ‹
1745 575 1861 631 Uti-

267 688 401 729 nam
438 681 493 727 et
518 670 906 727 abscindantur
949 668 1041 738 qui
1079 683 1177 724 vos
1203 667 1527 723 conturbant
1555 685 1573 719 ›
1608 663 1751 739 (Gal.
1781 665 1856 738 v).

268 762 427 831 Quod
472 762 660 831 utique
687 760 733 816 si
755 758 1070 815 consideres
1095 772 1381 828 personam
1412 756 1721 821 scribentis,
1746 771 1862 810 ma-

270 854 358 925 gis
402 870 522 909 eam
552 851 954 923 elegantissimo
982 849 1234 921 ambiguo
1273 849 1410 903 bene
1445 856 1663 918 optasse
1705 846 1862 902 intel-

273 942 427 1015 liges.
455 943 593 998 Sunt
635 942 781 997 enim
824 940 1090 1011 spadones
1132 939 1225 1008 qui
1260 953 1320 993 se
1348 938 1494 1009 ipsos
1536 938 1864 993 abscindunt

272 1042 498 1104 propter
522 1046 747 1101 regnum
775 1029 1058 1086 calorum.
1089 1028 1244 1095 Quod
1264 1028 1320 1081 in
1350 1028 1435 1083 his
1454 1042 1667 1099 quoque
1682 1028 1864 1083 verbis
1894 1075 1897 1078 ἠ

276 1123 510 1177 Faustus
537 1122 828 1193 rapuisset,
881 1120 927 1175 si
957 1120 1103 1189 pium
1134 1117 1372 1188 palatum
1399 1118 1466 1172 ad
1498 1133 1653 1174 escas
1679 1119 1864 1172 Domi-

276 1216 430 1270 nicas
453 1214 745 1270 attulisset.
771 1211 863 1268 Sic
886 1212 1028 1266 enim
1054 1210 1235 1265 sonuit
1256 1209 1485 1265 fortasse
1496 1208 1695 1264 Judaris
1720 1209 1863 1278 quod

277 1306 480 1360 dictum
497 1315 614 1360 est:
645 1324 663 1357 ι
696 1304 918 1360 Videbis
942 1302 1109 1357 vitam
1140 1309 1287 1355 tuam
1316 1300 1660 1370 pendentem,
1687 1306 1861 1354 etnon

278 1396 473 1451 credes
500 1397 626 1452 vita:
646 1404 770 1463 tute,
809 1415 829 1448 ι
870 1404 933 1450 ut
964 1395 1106 1451 inter
1127 1396 1304 1450 minas
1333 1395 1417 1449 vel
1445 1394 1595 1450 dolos
1625 1394 1862 1449 hostium

277 1501 500 1541 suorum
530 1486 696 1542 vitam
718 1501 872 1541 suam
902 1486 1151 1541 videntes
1176 1500 1241 1539 ex
1268 1485 1475 1542 incerto
1498 1484 1757 1555 pendere,
1784 1484 1866 1537 vi-

276 1584 460 1632 ctores
494 1591 554 1632 se
593 1591 715 1632 esse
754 1592 860 1631 non
905 1577 1209 1632 crederent.
1264 1575 1370 1632 Sed
1414 1575 1557 1630 filius
1591 1574 1865 1644 Evangelii

278 1680 404 1721 cum
426 1665 600 1730 audit,
654 1684 671 1716 ι
707 1665 800 1719 llle
838 1664 984 1719 enim
1010 1665 1077 1720 de
1099 1678 1184 1720 me
1204 1664 1441 1735 scripsit,
1476 1683 1495 1715 ι
1539 1663 1593 1718 in
1611 1665 1715 1719 hac
1751 1664 1866 1732 ipsa

1966 501 1985 534 ε
2009 485 2124 555 ejus
2140 522 2159 549 ,
2205 487 2584 557 universaque
2601 498 2760 543 terra:
2786 489 3278 547 illius.tentatioues
3294 508 3539 563 magnas,

1966 592 1984 624 ι
2012 590 2148 643 quas
2177 577 2428 632 viderunt
2468 579 2609 633 oculi
2640 578 2736 642 tui,
2782 579 2934 649 signa
2968 579 3055 632 illa
3086 589 3438 652 portentaque
3460 585 3542 640 in-

1966 684 1985 715 t
2014 667 2216 736 gentia.
2254 688 2272 721 ι
2324 668 2678 741 Septuaginta
2724 687 2739 723 :
2791 688 2809 721 ι
2838 670 2904 724 Et
2951 686 3046 725 vos
3103 671 3310 728 vidistis
3361 677 3542 731 omnia

1967 774 1985 805 ε
2014 771 2348 829 quaecunque
2400 760 2527 816 fecit
2573 762 2834 817 Dominus
2882 761 3024 818 Deus
3063 771 3243 818 vester
3291 766 3346 819 in
3399 776 3544 823 terra

1966 866 1984 898 ι
2014 847 2234 919 Egypti
2276 866 2458 905 coram
2504 852 2680 919 vobis,
2730 853 2995 907 Pharaoni
3032 861 3085 908 et
3106 854 3356 910 omnibus
3376 859 3546 912 servis

1967 956 1984 987 ‹
2013 939 2150 1008 ejus,
2194 940 2565 1010 universzeque
2616 950 2778 998 terra:
2830 942 2991 1005 illius,
3051 944 3376 999 tentationes
3432 961 3547 1000 ma-

1967 1048 1985 1079 t
2016 1046 2148 1100 gnas
2176 1046 2311 1101 quas
2337 1033 2588 1088 viderunt
2607 1034 2749 1089 oculi
2777 1034 2884 1099 tui;
2917 1035 3072 1104 signa
3100 1044 3155 1088 et
3189 1036 3430 1105 prodigia
3456 1036 3546 1090 illa

1968 1140 1986 1171 ι
2019 1139 2233 1194 magna,
2262 1133 2318 1179 et
2336 1141 2554 1180 manum
2590 1126 2824 1181 validam
2855 1146 2868 1180 :
2897 1137 2953 1181 et
2977 1143 3084 1181 non
3115 1128 3262 1183 dedit
3290 1129 3549 1185 Dominus

1967 1231 1985 1264 ι
2015 1214 2168 1269 vobis
2200 1230 2294 1270 cor
2321 1216 2484 1281 seire,
2511 1225 2568 1271 et
2585 1217 2771 1272 oculos
2816 1217 3022 1282 videre,
3073 1225 3130 1271 et
3163 1218 3351 1271 audire
3388 1233 3549 1273 aures

1968 1321 1987 1354 ε
2016 1320 2187 1374 usque
2211 1305 2264 1359 in
2286 1306 2427 1361 diem
2449 1308 2628 1361 istam.
2662 1327 2681 1359 ι
2712 1307 2992 1374 Quomodo
3015 1324 3144 1378 ergo
3158 1307 3235 1361 ait
3258 1308 3545 1378 superius:

1968 1411 1986 1443 ι
2018 1393 2122 1448 Vos
2143 1394 2354 1450 vidistis
2385 1397 2714 1451 tentationes
2733 1412 2956 1467 magnas
2981 1413 3115 1466 quas
3136 1398 3385 1452 viderunt
3406 1398 3549 1453 oeuli

1968 1500 1986 1531 ι
2031 1482 2129 1547 tui,
2184 1503 2203 1535 ι
2249 1483 2297 1538 si
2336 1498 2444 1539 non
2483 1485 2632 1540 dedit
2673 1485 2754 1541 eis
2792 1486 3052 1541 Dominus
3095 1486 3280 1541 oculos
3328 1489 3547 1551 videre,

1962 1581 2017 1628 et
2038 1588 2199 1628 aures
2220 1573 2431 1637 audire,
2462 1575 2565 1629 nisi
2591 1575 2716 1644 quia
2752 1575 3003 1630 viderunt
3030 1590 3277 1645 corpore,
3307 1583 3362 1630 et
3382 1576 3553 1631 corde

1965 1680 2071 1719 non
2120 1665 2408 1720 viderunt?
2437 1665 2563 1735 quia
2604 1665 2747 1719 oculi
2777 1665 3028 1720 dicuntur
3075 1674 3131 1719 et
3171 1666 3382 1731 cordis;
3429 1682 3556 1736 pro-

280 1755 634 1825 ambiguitate
679 1756 919 1812 scientiae
953 1755 1101 1811 videt
1171 1755 1300 1825 quid
1337 1755 1635 1826 prophetiae
1690 1755 1862 1824 portis
1888 1754 1937 1812 B
1964 1767 2148 1827 pterea
2185 1757 2309 1813 inde
2347 1758 2513 1828 coepit
2546 1777 2558 1811 :
2597 1776 2614 1807 ι
2645 1757 2714 1812 Et
2751 1774 2859 1811 non
2912 1758 3059 1813 dedit
3104 1757 3364 1812 Dominus
3409 1758 3556 1812 Deus

278 1844 588 1916 projieiant,
638 1847 767 1916 quid
804 1846 1117 1901 hominibus
1148 1845 1408 1908 innuant;
1440 1845 1732 1913 statimque
1774 1859 1867 1900 oc—

277 1936 454 1990 currit
479 1935 557 1989 illi
576 1935 691 1989 vita
718 1935 999 1991 hominum
1021 1934 1268 1991 Christus
1282 1934 1544 2004 pendens,
1575 1934 1732 2004 eique
1757 1950 1864 1990 non

277 2025 573 2080 credentes
596 2023 768 2079 Judaei
811 2024 881 2079 ob
922 2026 1025 2081 hoc
1055 2026 1230 2096 ipsum
1272 2026 1398 2095 quia
1428 2027 1749 2096 pendentem
1788 2027 1868 2080 vi-

277 2115 429 2169 dent.
486 2113 554 2168 Et
581 2114 719 2169 alius
741 2115 959 2184 quidem
989 2115 1188 2185 aliquis
1217 2115 1326 2171 cito
1358 2117 1562 2171 diceret
1598 2116 1740 2171 inter
1760 2132 1866 2171 cte-

276 2215 397 2261 tera
427 2206 709 2261 maledicta
728 2207 818 2262 illa
844 2223 964 2278 qua:
984 2206 1218 2263 lectione
1250 2208 1319 2261 ad
1342 2207 1542 2277 aliquid
1561 2208 1627 2263 de
1647 2207 1865 2263 Christo

277 2298 689 2368 intelligendum
719 2314 826 2353 non
849 2300 1147 2369 pertinent,
1197 2297 1303 2354 hoc
1329 2299 1502 2354 solum
1533 2298 1607 2354 ibi
1640 2313 1762 2354 esse.
1798 2300 1865 2354 de

278 2387 498 2442 Christo
527 2389 671 2457 quod
718 2389 978 2458 scriptum
1024 2398 1145 2444 est:
1183 2407 1203 2439 ‹
1248 2387 1470 2443 Videbis
1509 2388 1676 2443 vitam
1716 2398 1861 2443 tuam

274 2478 625 2546 pendentem,
657 2487 715 2534 et
753 2495 860 2533 non
887 2479 1078 2534 credes
1102 2480 1226 2534 vita;
1258 2489 1383 2534 tuae.
1433 2500 1452 2531 ι
1507 2479 1692 2550 Neque
1719 2482 1863 2536 enim

276 2569 399 2623 ﬁeri
421 2579 625 2639 posset,
651 2578 711 2624 ut
734 2570 876 2625 inter
896 2571 1110 2625 diversa
1136 2569 1421 2625 maledicta
1446 2584 1564 2639 quae
1585 2571 1751 2638 impio
1770 2585 1865 2640 po-

275 2659 408 2730 pulo
431 2661 730 2731 prophetiae
770 2660 1127 2731 imputabant,
1164 2661 1268 2715 hoc
1296 2674 1510 2729 quoque
1547 2668 1861 2729 poneretur.

280 2751 394 2810 Sed
418 2767 543 2822 ego,
574 2760 631 2808 et
662 2753 755 2824 qui
794 2768 1007 2808 mecum
1035 2753 1311 2821 aliquanto
1337 2751 1595 2805 attentius
1624 2751 1865 2821 cogitant

284 2840 655 2912 ovangelicam
703 2840 847 2895 illam
870 2840 1313 2909 Dominicamque
1355 2840 1697 2903 sententiam,
1737 2843 1864 2911 quia

299 2944 409 2984 non
436 2929 511 2983 ait
537 2944 551 2983 :
585 2948 603 2980 ι
631 2929 721 2984 llle
745 2931 885 2985 enim
908 2939 963 2985 et
988 2930 1056 2985 de
1085 2944 1172 2984 me
1197 2931 1434 3002 scripsit,
1474 2952 1492 2984 ι
1526 2941 1582 2987 ut
1613 2929 1718 2985 alia
1744 2946 1866 2999 qtae

281 3018 353 3073 ad
373 3017 645 3073 Christum
673 3034 780 3073 non
805 3019 1076 3089 pertinent
1101 3022 1385 3090 scripsisse
1412 3023 1743 3086 crederetur,
1769 3022 1863 3077 sed

1964 1849 2116 1904 vobis
2141 1864 2237 1904 cor
2266 1849 2425 1904 scire.
2466 1869 2484 1901 ι
2513 1849 2596 1905 Ad
2621 1851 2727 1905 hoc
2753 1850 3026 1920 pertinent
3054 1852 3161 1905 duo
3181 1866 3302 1920 quae
3321 1864 3559 1920 sequun-

1968 1945 2076 2000 tur,
2119 1956 2138 1989 α
2171 1946 2227 1992 et
2255 1937 2443 1993 oculos
2486 1938 2694 2003 videre,
2740 1949 2796 1993 et
2839 1954 2999 1994 aures
3043 1939 3254 2004 audire,
3293 1958 3312 1991 ι
3354 1939 3408 1993 id
3449 1950 3553 2003 est,
3629 1949 3633 1952 ’

1964 2026 2264 2098 intelligere
2297 2035 2352 2082 et
2379 2028 2777 2098 obtemperare.
2801 2028 2953 2095 Quod
2981 2043 3110 2083 vero
3139 2029 3289 2094 dicit,
3322 2036 3344 2080 ι
3377 2038 3551 2084 etnon

1965 2116 2111 2171 dedit
2143 2116 2297 2171 vobis
2327 2117 2589 2172 Dominus
2628 2118 2789 2181 Deus,
2829 2138 2848 2170 ›
2886 2118 3033 2172 nullo
3073 2119 3232 2172 modo
3266 2120 3553 2190 increpans

1964 2212 2021 2258 et
2045 2220 2280 2276 arguens
2305 2206 2410 2260 hoc
2436 2205 2663 2271 diceret,
2695 2207 2799 2260 nisi
2835 2208 2904 2261 ad
2929 2223 3116 2262 eorum
3160 2208 3374 2278 culpam
3416 2224 3552 2278 quo-

1963 2310 2069 2364 que
2106 2296 2382 2364 pertinere
2428 2295 2591 2351 vellet
2646 2296 2895 2365 intelligi,
2954 2311 3022 2351 ne
3059 2298 3345 2367 quisquam
3392 2313 3452 2352 se
3488 2313 3558 2352 ex

1965 2386 2068 2440 hoc
2114 2386 2477 2441 excusabilem
2504 2395 2675 2456 putet.
2709 2385 2879 2442 Simul
2912 2387 3055 2443 enim
3085 2388 3324 2459 ostendit
3351 2396 3408 2442 et
3438 2387 3557 2442 sine

1965 2472 2239 2543 adjutorio
2270 2474 2486 2531 Domini
2516 2475 2612 2531 Dei
2643 2491 2738 2531 eos
2766 2477 3066 2548 intelligere
3092 2487 3147 2532 et
3187 2478 3409 2533 obedire
3450 2492 3559 2532 non

1964 2581 2126 2635 posse
2153 2566 2326 2623 oculis
2351 2568 2531 2623 cordis
2579 2578 2636 2623 et
2681 2569 2904 2623 auribus
2952 2570 3166 2635 cordis;
3197 2578 3254 2623 et
3283 2577 3464 2623 tamen
3509 2568 3556 2623 si

1966 2657 2293 2727 adjutorium
2333 2658 2542 2712 Domini
2575 2658 2733 2723 desit,
2780 2674 2889 2714 non
2933 2660 3055 2715 ideo
3094 2675 3215 2714 esse
3256 2658 3563 2715 excusabile

1967 2749 2202 2804 hominis
2230 2750 2444 2812 vitium,
2486 2750 2744 2819 quoniam
2763 2749 2968 2818 judicia
3014 2751 3130 2818 Dei,
3174 2751 3424 2820 quamvis
3462 2765 3559 2805 oc-

1967 2839 2131 2901 culta,
2173 2849 2350 2894 tamen
2375 2838 2521 2907 justa
2551 2848 2697 2895 sunt.

2044 2947 2063 2981 t
2091 2929 2302 2983 Adduxi
2327 2944 2423 2984 vos
2442 2931 2801 2999 quadraginta
2829 2932 2987 2985 annis
3008 2946 3106 3000 per
3128 2931 3419 2985 desertum.
3437 2931 3554 2987 Non

1974 3036 1993 3068 ‹
2022 3026 2149 3073 sunt
2194 3019 2378 3073 attrita
2414 3020 2740 3075 vestimenta
2787 3028 2993 3086 vestra,
3052 3037 3153 3077 nec
3194 3022 3560 3078 calceamema

281 3110 406 3165 ait:
440 3129 458 3161 ι
499 3109 577 3165 De
604 3125 693 3164 me
724 3111 868 3164 enim
903 3110 990 3165 ille
1017 3110 1258 3180 scripsit,
1296 3132 1314 3165 ι
1359 3122 1419 3168 ut
1453 3128 1669 3168 omnem
1716 3111 1864 3167 Scri-
1889 3098 1935 3160 C
1973 3129 1992 3163 ‹
2020 3111 2216 3182 pedum
2244 3118 2550 3166 vestrorum
2590 3119 2858 3168 vetustate
2909 3121 3227 3181 consumpta
3274 3120 3417 3166 sunt.
3458 3112 3562 3166 Pa-

276 3204 454 3266 pturze
479 3195 839 3252 intentionem
864 3211 969 3251 non
1007 3197 1110 3253 nisi
1141 3199 1207 3253 ad
1231 3199 1637 3271 intelligendum
1661 3199 1864 3254 Christi

278 3286 511 3358 gratiam
564 3288 957 3357 perscrutando
1004 3289 1430 3355 consuleremus,
1462 3290 1626 3345 etiam
1671 3292 1877 3344 caetera'

280 3377 341 3431 in
368 3377 471 3431 ista
500 3376 729 3432 lectione
754 3376 1039 3433 maledicta
1058 3388 1281 3449 propter
1303 3379 1579 3445 Christum
1608 3382 1869 3451 praedicta

281 3480 685 3536 cognoscamus.

857 3574 1085 3633 CAPUT
1109 3576 1300 3634 XXVI.

280 3688 721 3745 Commemoratio
737 3690 997 3760 quomodo
1020 3693 1200 3745 eduxit
1222 3692 1482 3747 Dominus
1519 3691 1661 3761 ﬁlios
1697 3692 1873 3747 Israel

351 3776 444 3828 per
455 3760 716 3813 desertum
728 3761 1080 3830 quadraginta
1107 3763 1282 3827 annis,
1308 3778 1400 3816 nec
1424 3760 1546 3817 sunt
1567 3763 1869 3817 vestimenta

353 3845 535 3882 eorum
575 3830 760 3883 attrita
810 3845 973 3900 neque
1021 3832 1371 3887 calceamenta
1435 3842 1686 3888 vetustate
1745 3848 1871 3886 con-

351 3909 579 3968 sumpta.

355 4008 520 4080 (Car.
548 4010 734 4083 nix.)
771 4028 790 4062 ι
822 4010 950 4069 Haec
978 4022 1104 4068 sunt
1124 4013 1290 4070 verba
1320 4012 1541 4070 ftederis
1567 4017 1712 4085 quod
1732 4031 1872 4088 prte-

286 4114 307 4148 ι
336 4098 483 4167 cepit
508 4097 769 4156 Dominus
804 4101 973 4173 Moysi
999 4110 1061 4157 ut
1093 4101 1281 4158 feriret
1319 4119 1444 4160 cum
1473 4104 1600 4160 ﬁliis
1629 4105 1795 4161 Israel
1812 4107 1869 4161 in

285 4206 308 4241 ι
337 4198 483 4246 terra
518 4190 695 4258 Moab,
721 4201 924 4264 praeter
952 4201 1334 4250 testamentum
1363 4197 1508 4267 quod
1544 4205 1769 4254 testatus
1788 4205 1876 4255 est

283 4298 305 4333 ι
324 4279 379 4335 in
394 4280 593 4336 ﬂoreb.
616 4301 634 4335 ι
659 4281 1036 4355 Septuaginta:
1060 4303 1078 4336 ι
1098 4284 1223 4342 Ηεεε
1235 4288 1397 4342 verba
1413 4289 1719 4344 testamenti
1731 4288 1875 4359 quod

285 4387 307 4422 ι
331 4371 607 4427 mandavit
622 4373 1063 4445 Dominus’Moysi
1085 4383 1321 4431 statuere
1333 4375 1457 4432 ﬁliis
1467 4377 1632 4432 Israel
1656 4377 1711 4431 in
1727 4384 1868 4432 terra

1978 3219 1998 3253 ι
2026 3216 2150 3256 nem
2169 3215 2277 3255 non
2299 3201 2631 3267 eomedistis,
2660 3201 2914 3256 vinumet
2929 3202 3157 3256 siceram
3180 3217 3287 3256 non
3309 3201 3558 3257 bibistis;

1979 3312 1999 3345 ι
2025 3303 2086 3348 ut
2121 3292 2337 3348 sciretis
2367 3292 2494 3361 quia
2522 3307 2624 3361 ego
2658 3307 2778 3347 sum
2816 3291 3074 3345 Dominus
3112 3291 3254 3345 Deus
3294 3298 3494 3356 vester,
3533 3309 3556 3344 ι

1972 3392 2077 3438 etc.
2105 3381 2243 3437 Hinc
2275 3390 2500 3453 apparet
2527 3389 2738 3436 tantum
2778 3381 2888 3436 vini
2921 3382 2973 3435 in
3005 3381 3118 3435 suis
3159 3380 3563 3450 impedimentis

1973 3474 2214 3544 potuisse
2262 3481 2479 3541 portare
2539 3471 2835 3543 lsraelitas,
2892 3471 3109 3540 quando
3178 3471 3431 3526 exierunt
3494 3472 3565 3527 de

1975 3559 2229 3631 Egypto,
2251 3561 2395 3629 quod
2418 3568 2642 3629 possent
2667 3561 2777 3614 cito
2805 3572 3147 3614 consumere.
3191 3558 3325 3613 Nam
3355 3560 3401 3614 si
3440 3575 3562 3614 om-

1975 3651 2105 3706 nino
2128 3650 2262 3705 nihil
2297 3664 2479 3706 secum
2511 3649 2782 3713 tulissent,
2807 3649 2949 3703 unde
2974 3656 3118 3703 esset
3142 3648 3272 3703 illud
3293 3651 3437 3717 quod
3475 3651 3559 3704 di-

1975 3751 2120 3797 ctum
2148 3748 2271 3796 est:
2305 3759 2323 3791 ε
2354 3739 2502 3795 Sedit
2530 3739 2761 3809 populus
2783 3738 3111 3793 manducare
3149 3744 3205 3792 et
3251 3738 3461 3803 bibere,
3507 3748 3566 3793 et

1975 3838 2330 3890 surrexerunt
2354 3830 2573 3885 ludere?
2603 3849 2622 3883 ι
2656 3828 2773 3883 Non
2808 3828 2953 3887 enim
2985 3827 3086 3882 hoc
3115 3828 3181 3881 de
3223 3843 3362 3897 aqua
3410 3827 3564 3884 dice-

1974 3932 2145 3990 retur,
2175 3938 2297 3979 eum
2319 3931 2376 3977 et
2404 3923 2574 3993 ipsius
2595 3921 2764 3992 Moysi
2789 3918 3229 3975 manifestissima
3243 3919 3409 3974 verba
3427 3919 3562 3982 sint,

1976 4029 2083 4069 non
2122 4013 2289 4068 fuisse
2321 4012 2467 4068 illam
2493 4027 2681 4067 vocem
2710 4010 3035 4081 principium
3084 4008 3234 4075 belli,
3280 4010 3375 4065 sed
3416 4010 3568 4079 prin-

1975 4106 2177 4175 cipium
2213 4104 2322 4159 vini
2354 4099 2560 4176 (Exod.
2590 4119 2738 4157 xxxii
2763 4099 2804 4175 ).

2031 4195 2233 4271 (1810.)
2267 4214 2285 4248 ι
2322 4194 2434 4251 Vos
2495 4195 2642 4250 enim
2705 4194 2878 4248 nostis
2939 4200 3001 4246 ut
3051 4188 3474 4245 habitaverimus
3509 4189 3567 4243 in

1982 4306 2001 4339 ς
2028 4295 2172 4342 terra
2200 4285 2441 4356 Egypti,
2470 4293 2524 4338 et
2580 4282 2848 4352 quomodo
2894 4278 3268 4335 transierimus
3305 4292 3403 4347 per
3445 4293 3565 4334 me-

1982 4394 2001 4427 t
2032 4377 2178 4429 dium
2195 4375 2494 4439 nationum,
2510 4387 2644 4442 quas
2663 4377 3029 4433 transeuntes,
3054 4368 3265 4422 vidistis
3287 4366 3567 4422 abomina-

285 4479 305 4512 ‹
334 4461 516 4529 Moab,
541 4474 738 4534 praeter
764 4439 1144 4522 testamentum
1165 4468 1308 4537 quod
1340 4475 1569 4524 testatus
1593 4479 1677 4524 est
1703 4470 1783 4524 eis
1814 4470 1867 4523 in
1893 4439 1948 4498 Β
1979 4491 1997 4523 ‹
2029 4473 2202 4528 tiones
2221 4481 2278 4526 et
2303 4470 2492 4526 sordes
2519 4439 2806 4531 idolorum,
2842 4466 3046 4537 lignum
3086 4472 3142 4519 et
3181 4462 3434 4532 lapidem,
3477 4479 3564 4518 ar-

285 4569 304 4602 ς
338 4550 540 4608 Horcb.
566 4574 585 4607 ›
620 4554 871 4612 Ostendit
891 4558 1033 4613 unde
1057 4557 1356 4628 appellatus
1381 4558 1453 4613 sit
1496 4559 1635 4613 liber
1673 4560 1870 4615 Deute-

279 4645 517 4698 ronomii
541 4647 695 4715 quasi
721 4648 961 4702 secunda
988 4647 1109 4712 lex;
1138 4648 1230 4703 ubi
1261 4647 1434 4717 magis
1459 4647 1603 4703 illius
1634 4648 1692 4703 ﬁt
1715 4662 1867 4719 repe-

280 4735 407 4790 titio
433 4751 596 4806 quam
625 4737 827 4809 aliquid
858 4738 1004 4793 aliud
1037 4757 1049 4793 :
1078 4754 1251 4809 pauca
1275 4740 1421 4793 enim
1462 4749 1589 4794 sunt
1634 4755 1752 4809 qua:
1792 4741 1866 4795 ibi

278 4841 392 4880 non
413 4826 524 4881 sint
544 4827 598 4881 in
628 4841 695 4883 eo
724 4829 866 4897 quod
898 4829 1133 4898 primum
1160 4830 1345 4884 datum
1385 4839 1489 4885 est.
1524 4829 1639 4886 Nec
1686 4837 1864 4885 tamen

278 4916 399 4971 inec
423 4916 760 4987 appellantur
797 4920 904 4974 duo
944 4920 1311 4985 Testamenta,
1352 4920 1601 4989 quamvis
1634 4919 1710 4974 ita
1751 4921 1867 4975 haec

275 5007 445 5061 verba
476 5022 670 5063 sonare
714 5009 1014 5064 videantur.
1052 5009 1351 5082 Utrumque
1395 5011 1541 5066 enim
1579 5027 1744 5066 unum
1784 5022 1867 5067 est

277 5095 708 5164 Testamentum,
740 5099 962 5168 quodin
999 5100 1241 5154 Ecclesia
1277 5101 1477 5156 dicitur
1506 5100 1689 5157 Vetus.
1728 5099 1864 5155 Nam

275 5185 325 5241 si
354 5196 574 5256 propter
598 5189 713 5244 haec
734 5190 896 5245 verba
925 5193 1030 5246 duo
1051 5191 1393 5247 Testamenta
1414 5192 1640 5253 dicenda
1662 5202 1865 5260 essent,

274 5273 389 5344 jam
424 5291 531 5330 non
557 5278 681 5343 duo,
715 5282 809 5335 sed
843 5282 994 5351 plura
1022 5291 1225 5349 essent,
1249 5293 1472 5353 excepto
1515 5284 1681 5339 Novo.
1735 5283 1868 5338 Mul-

275 5366 355 5422 tis
380 5367 524 5421 enim
566 5367 699 5424 locis
734 5371 1015 5442 Scriptura
1061 5372 1195 5427 dicit
1243 5372 1648 5429 Testamentum
1682 5390 1696 5426 :
1730 5374 1871 5429 sicut

277 5454 414 5510 illud
442 5458 583 5527 quod
614 5458 819 5515 factum
842 5471 926 5516 est
948 5462 1015 5517 ad
1041 5462 1316 5519 Abraham
1339 5464 1405 5519 de
1433 5463 1868 5530 circumcisione,

276 5546 367 5601 vel
394 5547 524 5602 illud
550 5551 797 5619 superius
826 5554 893 5609 ad
923 5552 1051 5608 Noe.

367 5656 385 5688 ι
414 5639 519 5696 Vos
539 5642 751 5698 vidistis
778 5644 1029 5701 universa
1057 5661 1178 5715 quae
1220 5644 1346 5702 fecit
1378 5645 1636 5701 Dominus
1683 5660 1866 5700 coram

1976 4583 1993 4615 ι
2025 4570 2244 4634 gentum
2266 4570 2323 4618 et
2347 4576 2560 4625 aurum,
2594 4574 2713 4629 qua:
2735 4559 3002 4614 colebant.
3028 4555 3106 4611 Ne
3136 4554 3274 4610 forte
3314 4555 3387 4609 sit
3416 4555 3561 4610 inter

1976 4674 1995 4708 ι
2024 4670 2121 4710 vos
2154 4654 2239 4709 vir
2267 4659 2361 4707 aut
2400 4651 2620 4717 mulier,
2666 4648 2870 4704 familia
2922 4656 3015 4702 aut
3050 4647 3222 4701 tribus
3267 4644 3419 4714 cujus
3468 4662 3566 4702 cor

1976 4764 1995 4796 ‹
2022 4760 2273 4801 aversum
2299 4750 2385 4799 est
2411 4742 2572 4798 hodie
2600 4758 2631 4797 a
2658 4739 2889 4795 Domino
2921 4739 3035 4794 Deo
3064 4744 3272 4802 vestro,
3316 4745 3376 4791 ut
3404 4737 3566 4792 vadat

1975 4854 1993 4887 ι
2019 4844 2075 4891 et
2110 4836 2315 4892 serviat
2344 4833 2449 4889 diis
2470 4833 2689 4888 illarum
2709 4829 2973 4903 gentium,
3002 4837 3058 4883 et
3089 4828 3161 4884 sit
3185 4828 3327 4882 inter
3354 4842 3453 4882 vos
3476 4844 3564 4882 ra-

1980 4945 1999 4976 ε
2026 4927 2117 4982 dix
2141 4925 2453 4997 germinans
2486 4921 2558 4978 fel
2591 4931 2648 4978 et
2686 4920 3126 4976 amaritudinem.
3180 4918 3425 4989 Cumque
3463 4934 3562 4971 au-

1978 5035 1996 5066 ι
2028 5015 2190 5071 dierit
2230 5015 2392 5069 verba
2435 5010 2728 5083 juramenti
2786 5009 2968 5080 hujus,
3019 5008 3308 5064 benedicat
3354 5006 3454 5062 sibi
3506 5005 3560 5057 in

1979 5124 1997 5156 ι
2026 5103 2190 5160 corde
2232 5118 2330 5159 suo
2364 5103 2551 5158 dicens
2579 5119 2592 5155 :
2621 5099 2731 5154 Pax
2759 5098 2863 5153 erit
2890 5097 3041 5160 mihi,
3079 5105 3134 5151 et
3170 5094 3456 5151 ambulabo
3503 5092 3557 5145 in

1980 5214 1998 5245 ι
2027 5193 2292 5264 pravitate
2320 5192 2501 5248 cordis
2527 5190 2655 5245 mei.
2688 5189 2755 5242 Et
2786 5196 3027 5243 assumat
3075 5186 3224 5241 ebria
3265 5184 3556 5243 sitientem,

1981 5306 2000 5338 ς
2030 5294 2084 5342 et
2109 5285 2370 5341 Dominus
2392 5300 2497 5339 non
2524 5284 2770 5354 ignoscat
2795 5280 2866 5335 ei.
2897 5300 2917 5332 ι
2946 5277 3298 5348 Septuaginta
3324 5289 3336 5325 :
3371 5289 3390 5322 ι
3412 5269 3562 5324 Nun-

1979 5397 1999 5430 ‹
2027 5378 2156 5449 quid
2172 5377 2366 5448 aliquis
2389 5385 2475 5432 est
2507 5376 2648 5431 inter
2674 5388 2770 5429 vos
2794 5372 2879 5428 vir
2899 5380 2993 5425 aut
3011 5368 3224 5430 mulier,
3249 5364 3330 5418 vel
3353 5361 3557 5417 familia

1980 5487 1999 5519 ι
2028 5467 2110 5523 vel
2129 5468 2319 5532 tribus,
2343 5464 2496 5534 cujus
2535 5479 2688 5519 mens
2709 5460 2996 5517 declinavit
3016 5473 3047 5510 a
3071 5453 3297 5510 Domino
3318 5450 3431 5506 Deo
3467 5465 3560 5505 ve-

1981 5576 2000 5610 ι
2031 5566 2166 5623 stro,
2204 5556 2282 5611 ire
2317 5555 2525 5611 servire
2562 5552 2665 5608 diis
2695 5550 2907 5605 illarum
2944 5541 3220 5616 gentium?
3258 5553 3433 5609 neque
3473 5546 3561 5595 est

1982 5668 1999 5699 ε
2032 5649 2085 5703 ἰιι
2111 5661 2173 5703 eo
2204 5646 2354 5701 radix
2383 5660 2596 5703 sursum
2630 5640 2937 5713 germinans
2977 5635 3029 5688 in
3062 5630 3185 5688 felle
3211 5638 3267 5687 et
3297 5629 3565 5688 amaritu-

2068 5810 2137 5825 ..μιν
