  <div class='ocr_page' id='page_1' title='image "/cluster/home/n/w/nwhite01/storage/ocr_20150623/108/hvd.32044054759733/487.png"; bbox 0 0 3964 6192; ppageno 0'>
   <div class='ocr_carea' id='block_1_1' title="bbox 413 296 519 355">
    <p class='ocr_par' dir='ltr' id='par_1_1' title="bbox 413 296 519 355">
     <span class='ocr_line' id='line_1_1' title="bbox 413 296 519 355; baseline 0 0"><span class='ocrx_word' id='word_1_1' title='bbox 413 296 519 355; x_wconf 75' lang='lat'><strong>963</strong></span> 
     </span>
    </p>
   </div>
   <div class='ocr_carea' id='block_1_2' title="bbox 1048 272 3004 345">
    <p class='ocr_par' dir='ltr' id='par_1_2' title="bbox 1048 272 3004 345">
     <span class='ocr_line' id='line_1_2' title="bbox 1048 272 3004 345; baseline -0.009 0"><span class='ocrx_word' id='word_1_2' title='bbox 1048 289 1111 345; x_wconf 84' lang='lat' dir='ltr'><strong>B.</strong></span> <span class='ocrx_word' id='word_1_3' title='bbox 1152 287 1404 344; x_wconf 68' lang='lat' dir='ltr'><strong>RABANI</strong></span> <span class='ocrx_word' id='word_1_4' title='bbox 1446 284 1663 341; x_wconf 74' lang='lat' dir='ltr'><strong>MAURI</strong></span> <span class='ocrx_word' id='word_1_5' title='bbox 1703 282 2027 340; x_wconf 75' lang='lat' dir='ltr'><strong>ARClllEP.</strong></span> <span class='ocrx_word' id='word_1_6' title='bbox 2073 277 2382 338; x_wconf 76' lang='lat' dir='ltr'><strong>MOGUNT.</strong></span> <span class='ocrx_word' id='word_1_7' title='bbox 2420 275 2707 334; x_wconf 69' lang='lat' dir='ltr'><strong>OPERIJM</strong></span> <span class='ocrx_word' id='word_1_8' title='bbox 2745 272 2925 330; x_wconf 76' lang='lat' dir='ltr'><strong>PARS</strong></span> <span class='ocrx_word' id='word_1_9' title='bbox 2964 272 3004 328; x_wconf 89' lang='grc'><strong>1.</strong></span> 
     </span>
    </p>
   </div>
   <div class='ocr_carea' id='block_1_3' title="bbox 3576 275 3700 332">
    <p class='ocr_par' dir='ltr' id='par_1_3' title="bbox 3576 275 3700 332">
     <span class='ocr_line' id='line_1_3' title="bbox 3576 275 3700 332; baseline 0.024 -2"><span class='ocrx_word' id='word_1_10' title='bbox 3576 275 3700 332; x_wconf 65' lang='grc'><strong>965</strong></span> 
     </span>
    </p>
   </div>
   <div class='ocr_carea' id='block_1_4' title="bbox 420 385 3698 473">
    <p class='ocr_par' dir='ltr' id='par_1_4' title="bbox 420 385 3698 473">
     <span class='ocr_line' id='line_1_4' title="bbox 420 385 3698 473; baseline -0.007 -7"><span class='ocrx_word' id='word_1_11' title='bbox 420 434 441 466; x_wconf 74' lang='grc' dir='ltr'>ι</span> <span class='ocrx_word' id='word_1_12' title='bbox 468 412 628 470; x_wconf 81' lang='lat' dir='ltr'><strong>dine?</strong></span> <span class='ocrx_word' id='word_1_13' title='bbox 668 410 734 466; x_wconf 82' lang='lat' dir='ltr'><strong>Et</strong></span> <span class='ocrx_word' id='word_1_14' title='bbox 769 414 893 473; x_wconf 78' lang='lat' dir='ltr'><strong>erit,</strong></span> <span class='ocrx_word' id='word_1_15' title='bbox 941 420 1067 461; x_wconf 88' lang='lat' dir='ltr'><strong>eum</strong></span> <span class='ocrx_word' id='word_1_16' title='bbox 1113 402 1345 458; x_wconf 86' lang='lat' dir='ltr'><strong>audierit</strong></span> <span class='ocrx_word' id='word_1_17' title='bbox 1396 399 1560 455; x_wconf 90' lang='lat' dir='ltr'><strong>verba</strong></span> <span class='ocrx_word' id='word_1_18' title='bbox 1610 396 2005 453; x_wconf 87' lang='lat' dir='ltr'><strong>maledictionis</strong></span> <span class='ocrx_word' id='word_1_19' title='bbox 2034 400 2076 467; x_wconf 61' lang='grc' dir='ltr'><strong>Α</strong></span> <span class='ocrx_word' id='word_1_20' title='bbox 2108 392 2232 447; x_wconf 88' lang='lat' dir='ltr'><strong>dolo</strong></span> <span class='ocrx_word' id='word_1_21' title='bbox 2261 400 2423 461; x_wconf 81' lang='lat' dir='ltr'><strong>atque</strong></span> <span class='ocrx_word' id='word_1_22' title='bbox 2442 387 2677 454; x_wconf 78' lang='lat' dir='ltr'><strong>fallacia,</strong></span> <span class='ocrx_word' id='word_1_23' title='bbox 2709 389 2973 442; x_wconf 85' lang='lat' dir='ltr'><strong>seducunt</strong></span> <span class='ocrx_word' id='word_1_24' title='bbox 2995 394 3046 441; x_wconf 89' lang='lat' dir='ltr'><strong>et</strong></span> <span class='ocrx_word' id='word_1_25' title='bbox 3070 385 3432 451; x_wconf 85' lang='lat' dir='ltr'><strong>seducuntur;</strong></span> <span class='ocrx_word' id='word_1_26' title='bbox 3460 398 3698 456; x_wconf 63' lang='lat' dir='ltr'><strong>quorum</strong></span> 
     </span>
    </p>
   </div>
   <div class='ocr_carea' id='block_1_5' title="bbox 422 488 1998 572">
    <p class='ocr_par' dir='ltr' id='par_1_5' title="bbox 422 488 1998 572">
     <span class='ocr_line' id='line_1_5' title="bbox 422 488 1998 572; baseline -0.011 -15"><span class='ocrx_word' id='word_1_27' title='bbox 422 524 442 557; x_wconf 73' lang='grc' dir='ltr'>ι</span> <span class='ocrx_word' id='word_1_28' title='bbox 469 501 651 572; x_wconf 80' lang='lat' dir='ltr'><strong>hujus,</strong></span> <span class='ocrx_word' id='word_1_29' title='bbox 674 512 730 554; x_wconf 90' lang='lat' dir='ltr'><strong>et</strong></span> <span class='ocrx_word' id='word_1_30' title='bbox 753 497 1067 568; x_wconf 87' lang='lat' dir='ltr'><strong>opinabitur</strong></span> <span class='ocrx_word' id='word_1_31' title='bbox 1086 496 1141 549; x_wconf 88' lang='lat' dir='ltr'><strong>in</strong></span> <span class='ocrx_word' id='word_1_32' title='bbox 1172 494 1337 549; x_wconf 84' lang='lat' dir='ltr'><strong>corde</strong></span> <span class='ocrx_word' id='word_1_33' title='bbox 1366 490 1486 560; x_wconf 84' lang='lat' dir='ltr'><strong>ejus</strong></span> <span class='ocrx_word' id='word_1_34' title='bbox 1520 491 1707 546; x_wconf 88' lang='lat' dir='ltr'><strong>dicens</strong></span> <span class='ocrx_word' id='word_1_35' title='bbox 1749 509 1762 543; x_wconf 85' lang='lat'><strong>:</strong></span> <span class='ocrx_word' id='word_1_36' title='bbox 1796 488 1998 543; x_wconf 87' lang='lat' dir='ltr'><strong>Sancta</strong></span> 
     </span>
    </p>
   </div>
   <div class='ocr_carea' id='block_1_6' title="bbox 421 580 1997 660">
    <p class='ocr_par' dir='ltr' id='par_1_6' title="bbox 421 580 1997 660">
     <span class='ocr_line' id='line_1_6' title="bbox 421 580 1997 660; baseline -0.01 -11"><span class='ocrx_word' id='word_1_37' title='bbox 421 616 441 649; x_wconf 72' lang='grc' dir='ltr'>ι</span> <span class='ocrx_word' id='word_1_38' title='bbox 469 596 600 651; x_wconf 89' lang='lat' dir='ltr'><strong>mihi</strong></span> <span class='ocrx_word' id='word_1_39' title='bbox 629 593 780 655; x_wconf 86' lang='lat' dir='ltr'><strong>ﬁant,</strong></span> <span class='ocrx_word' id='word_1_40' title='bbox 807 589 1063 660; x_wconf 86' lang='lat' dir='ltr'><strong>quoniam</strong></span> <span class='ocrx_word' id='word_1_41' title='bbox 1096 587 1148 641; x_wconf 92' lang='lat' dir='ltr'><strong>in</strong></span> <span class='ocrx_word' id='word_1_42' title='bbox 1183 601 1372 641; x_wconf 88' lang='lat' dir='ltr'><strong>errore</strong></span> <span class='ocrx_word' id='word_1_43' title='bbox 1406 583 1587 639; x_wconf 83' lang='lat' dir='ltr'><strong>cordis</strong></span> <span class='ocrx_word' id='word_1_44' title='bbox 1623 583 1730 637; x_wconf 90' lang='lat' dir='ltr'><strong>mei</strong></span> <span class='ocrx_word' id='word_1_45' title='bbox 1787 580 1997 644; x_wconf 78' lang='lat' dir='ltr'><strong>incedo,</strong></span> 
     </span>
    </p>
   </div>
   <div class='ocr_carea' id='block_1_7' title="bbox 422 672 2000 749">
    <p class='ocr_par' dir='ltr' id='par_1_7' title="bbox 422 672 2000 749">
     <span class='ocr_line' id='line_1_7' title="bbox 422 672 2000 749; baseline -0.01 -12"><span class='ocrx_word' id='word_1_46' title='bbox 422 704 443 737; x_wconf 72' lang='grc' dir='ltr'>ι</span> <span class='ocrx_word' id='word_1_47' title='bbox 468 693 528 739; x_wconf 88' lang='lat' dir='ltr'><strong>ut</strong></span> <span class='ocrx_word' id='word_1_48' title='bbox 553 699 659 736; x_wconf 88' lang='lat' dir='ltr'><strong>non</strong></span> <span class='ocrx_word' id='word_1_49' title='bbox 686 680 847 735; x_wconf 88' lang='lat' dir='ltr'><strong>simul</strong></span> <span class='ocrx_word' id='word_1_50' title='bbox 870 678 1060 749; x_wconf 92' lang='lat' dir='ltr'><strong>perdat</strong></span> <span class='ocrx_word' id='word_1_51' title='bbox 1084 684 1340 746; x_wconf 74' lang='lat' dir='ltr'><strong>peccator</strong></span> <span class='ocrx_word' id='word_1_52' title='bbox 1361 689 1482 728; x_wconf 89' lang='lat' dir='ltr'><strong>eum</strong></span> <span class='ocrx_word' id='word_1_53' title='bbox 1506 672 1600 743; x_wconf 85' lang='lat' dir='ltr'><strong>qui</strong></span> <span class='ocrx_word' id='word_1_54' title='bbox 1626 673 1746 726; x_wconf 82' lang='lat' dir='ltr'><strong>sine</strong></span> <span class='ocrx_word' id='word_1_55' title='bbox 1770 677 2000 739; x_wconf 87' lang='lat' dir='ltr'><strong>peccato</strong></span> 
     </span>
    </p>
   </div>
   <div class='ocr_carea' id='block_1_8' title="bbox 423 759 2004 837">
    <p class='ocr_par' dir='ltr' id='par_1_8' title="bbox 423 759 2004 837">
     <span class='ocr_line' id='line_1_8' title="bbox 423 759 2004 837; baseline -0.011 -10"><span class='ocrx_word' id='word_1_56' title='bbox 423 794 442 827; x_wconf 75' lang='grc' dir='ltr'>ι</span> <span class='ocrx_word' id='word_1_57' title='bbox 465 781 577 837; x_wconf 88' lang='lat' dir='ltr'><strong>est;</strong></span> <span class='ocrx_word' id='word_1_58' title='bbox 610 771 755 825; x_wconf 88' lang='lat' dir='ltr'><strong>nolet</strong></span> <span class='ocrx_word' id='word_1_59' title='bbox 781 770 922 823; x_wconf 85' lang='lat' dir='ltr'><strong>Deus</strong></span> <span class='ocrx_word' id='word_1_60' title='bbox 955 764 1236 835; x_wconf 87' lang='lat' dir='ltr'><strong>propitiari</strong></span> <span class='ocrx_word' id='word_1_61' title='bbox 1267 763 1340 828; x_wconf 91' lang='lat' dir='ltr'><strong>ei,</strong></span> <span class='ocrx_word' id='word_1_62' title='bbox 1365 763 1460 818; x_wconf 87' lang='lat' dir='ltr'><strong>sed</strong></span> <span class='ocrx_word' id='word_1_63' title='bbox 1511 774 1639 816; x_wconf 89' lang='lat' dir='ltr'><strong>tunc</strong></span> <span class='ocrx_word' id='word_1_64' title='bbox 1682 759 2004 815; x_wconf 86' lang='lat' dir='ltr'><strong>incendetur</strong></span> 
     </span>
    </p>
   </div>
   <div class='ocr_carea' id='block_1_9' title="bbox 424 847 2005 922">
    <p class='ocr_par' dir='ltr' id='par_1_9' title="bbox 424 847 2005 922">
     <span class='ocr_line' id='line_1_9' title="bbox 424 847 2005 922; baseline -0.008 -7"><span class='ocrx_word' id='word_1_65' title='bbox 424 881 442 914; x_wconf 69' lang='grc' dir='ltr'><em>ς</em></span> <span class='ocrx_word' id='word_1_66' title='bbox 472 862 550 915; x_wconf 89' lang='lat' dir='ltr'><strong>ira</strong></span> <span class='ocrx_word' id='word_1_67' title='bbox 580 857 793 913; x_wconf 87' lang='lat' dir='ltr'><strong>Domini</strong></span> <span class='ocrx_word' id='word_1_68' title='bbox 820 866 874 911; x_wconf 91' lang='lat' dir='ltr'><strong>et</strong></span> <span class='ocrx_word' id='word_1_69' title='bbox 903 855 1051 909; x_wconf 86' lang='lat' dir='ltr'><strong>zelus</strong></span> <span class='ocrx_word' id='word_1_70' title='bbox 1080 852 1198 922; x_wconf 90' lang='lat' dir='ltr'><strong>ejus</strong></span> <span class='ocrx_word' id='word_1_71' title='bbox 1232 854 1282 907; x_wconf 93' lang='lat' dir='ltr'><strong>in</strong></span> <span class='ocrx_word' id='word_1_72' title='bbox 1313 852 1530 907; x_wconf 84' lang='lat' dir='ltr'><strong>homine</strong></span> <span class='ocrx_word' id='word_1_73' title='bbox 1556 851 1668 915; x_wconf 90' lang='lat' dir='ltr'><strong>illo,</strong></span> <span class='ocrx_word' id='word_1_74' title='bbox 1719 858 1775 904; x_wconf 90' lang='lat' dir='ltr'><strong>et</strong></span> <span class='ocrx_word' id='word_1_75' title='bbox 1828 847 2005 902; x_wconf 75' lang='lat' dir='ltr'><strong>adlue-</strong></span> 
     </span>
    </p>
   </div>
   <div class='ocr_carea' id='block_1_10' title="bbox 424 941 1999 1012">
    <p class='ocr_par' dir='ltr' id='par_1_10' title="bbox 424 941 1999 1012">
     <span class='ocr_line' id='line_1_10' title="bbox 424 941 1999 1012; baseline -0.006 -7"><span class='ocrx_word' id='word_1_76' title='bbox 424 973 441 1005; x_wconf 73' lang='grc' dir='ltr'>ι</span> <span class='ocrx_word' id='word_1_77' title='bbox 474 954 666 1008; x_wconf 88' lang='lat' dir='ltr'><strong>rebunt</strong></span> <span class='ocrx_word' id='word_1_78' title='bbox 693 950 746 1005; x_wconf 89' lang='lat' dir='ltr'><strong>in</strong></span> <span class='ocrx_word' id='word_1_79' title='bbox 774 964 839 1003; x_wconf 93' lang='lat' dir='ltr'><strong>eo</strong></span> <span class='ocrx_word' id='word_1_80' title='bbox 878 947 1162 1002; x_wconf 84' lang='lat' dir='ltr'><strong>maledicta</strong></span> <span class='ocrx_word' id='word_1_81' title='bbox 1216 947 1396 1001; x_wconf 87' lang='lat' dir='ltr'><strong>omnia</strong></span> <span class='ocrx_word' id='word_1_82' title='bbox 1436 943 1767 999; x_wconf 84' lang='lat' dir='ltr'><strong>Tcstamenti</strong></span> <span class='ocrx_word' id='word_1_83' title='bbox 1818 941 1999 1012; x_wconf 84' lang='lat' dir='ltr'><strong>hujus,</strong></span> 
     </span>
    </p>
   </div>
   <div class='ocr_carea' id='block_1_11' title="bbox 425 1031 2000 1112">
    <p class='ocr_par' dir='ltr' id='par_1_11' title="bbox 425 1031 2000 1112">
     <span class='ocr_line' id='line_1_11' title="bbox 425 1031 2000 1112; baseline -0.008 -17"><span class='ocrx_word' id='word_1_84' title='bbox 425 1064 443 1095; x_wconf 75' lang='grc' dir='ltr'>ι</span> <span class='ocrx_word' id='word_1_85' title='bbox 475 1057 594 1112; x_wconf 81' lang='lat' dir='ltr'><strong>quae</strong></span> <span class='ocrx_word' id='word_1_86' title='bbox 620 1040 823 1109; x_wconf 89' lang='lat' dir='ltr'><strong>scripta</strong></span> <span class='ocrx_word' id='word_1_87' title='bbox 845 1045 970 1091; x_wconf 90' lang='lat' dir='ltr'><strong>sunt</strong></span> <span class='ocrx_word' id='word_1_88' title='bbox 1000 1037 1053 1090; x_wconf 92' lang='lat' dir='ltr'><strong>in</strong></span> <span class='ocrx_word' id='word_1_89' title='bbox 1083 1036 1218 1090; x_wconf 89' lang='lat' dir='ltr'><strong>libro</strong></span> <span class='ocrx_word' id='word_1_90' title='bbox 1248 1035 1381 1106; x_wconf 76' lang='lat' dir='ltr'><strong>legis</strong></span> <span class='ocrx_word' id='word_1_91' title='bbox 1405 1031 1583 1101; x_wconf 86' lang='lat' dir='ltr'><strong>hujus.</strong></span> <span class='ocrx_word' id='word_1_92' title='bbox 1622 1052 1640 1085; x_wconf 74' lang='grc' dir='ltr'><strong><em>ι</em></strong></span> <span class='ocrx_word' id='word_1_93' title='bbox 1685 1032 1763 1085; x_wconf 89' lang='lat' dir='ltr'><strong>Ita</strong></span> <span class='ocrx_word' id='word_1_94' title='bbox 1797 1031 2000 1085; x_wconf 89' lang='lat' dir='ltr'><strong>dictum</strong></span> 
     </span>
    </p>
   </div>
   <div class='ocr_carea' id='block_1_12' title="bbox 418 1122 2004 1201">
    <p class='ocr_par' dir='ltr' id='par_1_12' title="bbox 418 1122 2004 1201">
     <span class='ocr_line' id='line_1_12' title="bbox 418 1122 2004 1201; baseline -0.01 -11"><span class='ocrx_word' id='word_1_95' title='bbox 418 1144 541 1190; x_wconf 89' lang='lat' dir='ltr'><strong>est:</strong></span> <span class='ocrx_word' id='word_1_96' title='bbox 578 1152 595 1183; x_wconf 85' lang='grc'><strong>‹</strong></span> <span class='ocrx_word' id='word_1_97' title='bbox 628 1130 879 1201; x_wconf 80' lang='lat' dir='ltr'><strong>Nunquid</strong></span> <span class='ocrx_word' id='word_1_98' title='bbox 903 1129 957 1182; x_wconf 89' lang='lat' dir='ltr'><strong>in</strong></span> <span class='ocrx_word' id='word_1_99' title='bbox 981 1127 1131 1182; x_wconf 81' lang='lat' dir='ltr'><strong>vobis</strong></span> <span class='ocrx_word' id='word_1_100' title='bbox 1156 1128 1273 1182; x_wconf 85' lang='lat' dir='ltr'><strong>est?</strong></span> <span class='ocrx_word' id='word_1_101' title='bbox 1309 1147 1327 1179; x_wconf 77' lang='grc' dir='ltr'><strong><em>ι</em></strong></span> <span class='ocrx_word' id='word_1_102' title='bbox 1361 1135 1419 1179; x_wconf 84' lang='grc' dir='ltr'><strong>ιιι</strong></span> <span class='ocrx_word' id='word_1_103' title='bbox 1441 1134 1700 1194; x_wconf 75' lang='lat' dir='ltr'><strong>tanquam</strong></span> <span class='ocrx_word' id='word_1_104' title='bbox 1721 1122 2004 1191; x_wconf 88' lang='lat' dir='ltr'><strong>requiren-</strong></span> 
     </span>
    </p>
   </div>
   <div class='ocr_carea' id='block_1_13' title="bbox 418 1214 2001 1292">
    <p class='ocr_par' dir='ltr' id='par_1_13' title="bbox 418 1214 2001 1292">
     <span class='ocr_line' id='line_1_13' title="bbox 418 1214 2001 1292; baseline -0.01 -12"><span class='ocrx_word' id='word_1_105' title='bbox 418 1236 527 1280; x_wconf 87' lang='lat' dir='ltr'><strong>tem</strong></span> <span class='ocrx_word' id='word_1_106' title='bbox 553 1221 934 1292; x_wconf 74' lang='lat' dir='ltr'><strong>intelligamus,</strong></span> <span class='ocrx_word' id='word_1_107' title='bbox 960 1234 1028 1273; x_wconf 88' lang='lat' dir='ltr'><strong>ne</strong></span> <span class='ocrx_word' id='word_1_108' title='bbox 1056 1218 1196 1272; x_wconf 82' lang='lat' dir='ltr'><strong>forte</strong></span> <span class='ocrx_word' id='word_1_109' title='bbox 1228 1217 1320 1271; x_wconf 91' lang='lat' dir='ltr'><strong>sit.</strong></span> <span class='ocrx_word' id='word_1_110' title='bbox 1351 1214 1409 1270; x_wconf 91' lang='lat' dir='ltr'><strong>Si</strong></span> <span class='ocrx_word' id='word_1_111' title='bbox 1457 1216 1578 1285; x_wconf 88' lang='lat' dir='ltr'><strong>quis</strong></span> <span class='ocrx_word' id='word_1_112' title='bbox 1614 1220 1757 1269; x_wconf 88' lang='lat' dir='ltr'><strong>esset</strong></span> <span class='ocrx_word' id='word_1_113' title='bbox 1799 1220 2001 1279; x_wconf 84' lang='lat' dir='ltr'><strong>autem,</strong></span> 
     </span>
    </p>
   </div>
   <div class='ocr_carea' id='block_1_14' title="bbox 419 1303 2007 1377">
    <p class='ocr_par' dir='ltr' id='par_1_14' title="bbox 419 1303 2007 1377">
     <span class='ocr_line' id='line_1_14' title="bbox 419 1303 2007 1377; baseline -0.008 -8"><span class='ocrx_word' id='word_1_114' title='bbox 419 1315 610 1371; x_wconf 89' lang='lat' dir='ltr'><strong>terruit</strong></span> <span class='ocrx_word' id='word_1_115' title='bbox 635 1327 759 1368; x_wconf 86' lang='lat' dir='ltr'><strong>eum</strong></span> <span class='ocrx_word' id='word_1_116' title='bbox 797 1312 1169 1373; x_wconf 77' lang='lat' dir='ltr'><strong>vehementer,</strong></span> <span class='ocrx_word' id='word_1_117' title='bbox 1198 1324 1266 1362; x_wconf 92' lang='lat' dir='ltr'><strong>ne</strong></span> <span class='ocrx_word' id='word_1_118' title='bbox 1288 1308 1572 1377; x_wconf 84' lang='lat' dir='ltr'><strong>quisquam</strong></span> <span class='ocrx_word' id='word_1_119' title='bbox 1614 1304 1753 1359; x_wconf 83' lang='lat' dir='ltr'><strong>forte</strong></span> <span class='ocrx_word' id='word_1_120' title='bbox 1802 1303 2007 1359; x_wconf 83' lang='lat' dir='ltr'><strong>diceret</strong></span> 
     </span>
    </p>
   </div>
   <div class='ocr_carea' id='block_1_15' title="bbox 420 1394 2003 1465">
    <p class='ocr_par' dir='ltr' id='par_1_15' title="bbox 420 1394 2003 1465">
     <span class='ocr_line' id='line_1_15' title="bbox 420 1394 2003 1465; baseline -0.009 -4"><span class='ocrx_word' id='word_1_121' title='bbox 420 1409 473 1461; x_wconf 92' lang='lat' dir='ltr'><strong>in</strong></span> <span class='ocrx_word' id='word_1_122' title='bbox 497 1405 660 1461; x_wconf 88' lang='lat' dir='ltr'><strong>corde</strong></span> <span class='ocrx_word' id='word_1_123' title='bbox 701 1418 818 1465; x_wconf 89' lang='lat' dir='ltr'><strong>suo,</strong></span> <span class='ocrx_word' id='word_1_124' title='bbox 848 1402 1072 1456; x_wconf 87' lang='lat' dir='ltr'><strong>audiens</strong></span> <span class='ocrx_word' id='word_1_125' title='bbox 1095 1400 1184 1454; x_wconf 90' lang='lat' dir='ltr'><strong>illa</strong></span> <span class='ocrx_word' id='word_1_126' title='bbox 1222 1399 1507 1454; x_wconf 88' lang='lat' dir='ltr'><strong>maledicta</strong></span> <span class='ocrx_word' id='word_1_127' title='bbox 1536 1415 1602 1451; x_wconf 62' lang='lat'><strong>:4</strong></span> <span class='ocrx_word' id='word_1_128' title='bbox 1634 1396 1833 1452; x_wconf 90' lang='lat' dir='ltr'><strong>Sancta</strong></span> <span class='ocrx_word' id='word_1_129' title='bbox 1873 1394 2003 1449; x_wconf 84' lang='lat' dir='ltr'><strong>mihi</strong></span> 
     </span>
    </p>
   </div>
   <div class='ocr_carea' id='block_1_16' title="bbox 420 1488 2003 1560">
    <p class='ocr_par' dir='ltr' id='par_1_16' title="bbox 420 1488 2003 1560">
     <span class='ocr_line' id='line_1_16' title="bbox 420 1488 2003 1560; baseline -0.007 -10"><span class='ocrx_word' id='word_1_130' title='bbox 420 1504 565 1560; x_wconf 90' lang='lat' dir='ltr'><strong>sunt,</strong></span> <span class='ocrx_word' id='word_1_131' title='bbox 604 1514 623 1547; x_wconf 71' lang='grc' dir='ltr'><strong><em>ι</em></strong></span> <span class='ocrx_word' id='word_1_132' title='bbox 666 1493 721 1547; x_wconf 89' lang='lat' dir='ltr'><strong>id</strong></span> <span class='ocrx_word' id='word_1_133' title='bbox 757 1500 861 1556; x_wconf 91' lang='lat' dir='ltr'><strong>est,</strong></span> <span class='ocrx_word' id='word_1_134' title='bbox 905 1490 1193 1547; x_wconf 83' lang='lat' dir='ltr'><strong>maledicta</strong></span> <span class='ocrx_word' id='word_1_135' title='bbox 1244 1498 1431 1545; x_wconf 89' lang='lat' dir='ltr'><strong>sancta</strong></span> <span class='ocrx_word' id='word_1_136' title='bbox 1476 1489 1609 1543; x_wconf 88' lang='lat' dir='ltr'><strong>mihi</strong></span> <span class='ocrx_word' id='word_1_137' title='bbox 1647 1488 1756 1542; x_wconf 89' lang='lat' dir='ltr'><strong>sint</strong></span> <span class='ocrx_word' id='word_1_138' title='bbox 1781 1504 1794 1540; x_wconf 91' lang='lat'><strong>:</strong></span> <span class='ocrx_word' id='word_1_139' title='bbox 1824 1500 2003 1555; x_wconf 75' lang='lat' dir='ltr'><strong>«quo-</strong></span> 
     </span>
    </p>
   </div>
   <div class='ocr_carea' id='block_1_17' title="bbox 419 1576 2006 1643">
    <p class='ocr_par' dir='ltr' id='par_1_17' title="bbox 419 1576 2006 1643">
     <span class='ocr_line' id='line_1_17' title="bbox 419 1576 2006 1643; baseline -0.007 -3"><span class='ocrx_word' id='word_1_140' title='bbox 419 1586 567 1640; x_wconf 83' lang='lat' dir='ltr'><strong>niam</strong></span> <span class='ocrx_word' id='word_1_141' title='bbox 619 1584 673 1638; x_wconf 90' lang='lat' dir='ltr'><strong>in</strong></span> <span class='ocrx_word' id='word_1_142' title='bbox 712 1597 898 1637; x_wconf 88' lang='lat' dir='ltr'><strong>errore</strong></span> <span class='ocrx_word' id='word_1_143' title='bbox 930 1582 1109 1637; x_wconf 85' lang='lat' dir='ltr'><strong>cordis</strong></span> <span class='ocrx_word' id='word_1_144' title='bbox 1159 1581 1264 1635; x_wconf 91' lang='lat' dir='ltr'><strong>mei</strong></span> <span class='ocrx_word' id='word_1_145' title='bbox 1320 1580 1531 1643; x_wconf 86' lang='lat' dir='ltr'><strong>incedo,</strong></span> <span class='ocrx_word' id='word_1_146' title='bbox 1567 1598 1587 1631; x_wconf 78' lang='grc' dir='ltr'><strong><em>ι</em></strong></span> <span class='ocrx_word' id='word_1_147' title='bbox 1626 1579 1680 1632; x_wconf 88' lang='lat' dir='ltr'><strong>id</strong></span> <span class='ocrx_word' id='word_1_148' title='bbox 1715 1586 1819 1643; x_wconf 86' lang='lat' dir='ltr'><strong>est,</strong></span> <span class='ocrx_word' id='word_1_149' title='bbox 1864 1576 2006 1631; x_wconf 82' lang='lat' dir='ltr'><strong>absit</strong></span> 
     </span>
    </p>
   </div>
   <div class='ocr_carea' id='block_1_18' title="bbox 421 1671 2003 1737">
    <p class='ocr_par' dir='ltr' id='par_1_18' title="bbox 421 1671 2003 1737">
     <span class='ocr_line' id='line_1_18' title="bbox 421 1671 2003 1737; baseline -0.004 -6"><span class='ocrx_word' id='word_1_150' title='bbox 421 1685 483 1732; x_wconf 89' lang='lat' dir='ltr'><strong>ut</strong></span> <span class='ocrx_word' id='word_1_151' title='bbox 505 1676 636 1730; x_wconf 90' lang='lat' dir='ltr'><strong>mihi</strong></span> <span class='ocrx_word' id='word_1_152' title='bbox 666 1674 936 1737; x_wconf 79' lang='lat' dir='ltr'><strong>eveniant,</strong></span> <span class='ocrx_word' id='word_1_153' title='bbox 973 1689 1082 1728; x_wconf 91' lang='lat' dir='ltr'><strong>non</strong></span> <span class='ocrx_word' id='word_1_154' title='bbox 1111 1674 1245 1727; x_wconf 81' lang='lat' dir='ltr'><strong>mihi</strong></span> <span class='ocrx_word' id='word_1_155' title='bbox 1279 1673 1390 1726; x_wconf 90' lang='lat' dir='ltr'><strong>sint</strong></span> <span class='ocrx_word' id='word_1_156' title='bbox 1418 1672 1533 1727; x_wconf 58' lang='lat' dir='ltr'><strong>hac</strong></span> <span class='ocrx_word' id='word_1_157' title='bbox 1567 1671 1727 1734; x_wconf 89' lang='lat' dir='ltr'><strong>mala,</strong></span> <span class='ocrx_word' id='word_1_158' title='bbox 1761 1672 1856 1725; x_wconf 85' lang='lat' dir='ltr'><strong>sed</strong></span> <span class='ocrx_word' id='word_1_159' title='bbox 1880 1686 2003 1725; x_wconf 87' lang='lat' dir='ltr'><strong>san-</strong></span> 
     </span>
    </p>
   </div>
   <div class='ocr_carea' id='block_1_19' title="bbox 2104 477 3171 540">
    <p class='ocr_par' dir='ltr' id='par_1_19' title="bbox 2104 477 3171 540">
     <span class='ocr_line' id='line_1_19' title="bbox 2104 477 3171 540; baseline -0.008 -2"><span class='ocrx_word' id='word_1_160' title='bbox 2104 485 2226 540; x_wconf 85' lang='lat' dir='ltr'><strong>linis</strong></span> <span class='ocrx_word' id='word_1_161' title='bbox 2249 485 2411 539; x_wconf 91' lang='lat' dir='ltr'><strong>etiam</strong></span> <span class='ocrx_word' id='word_1_162' title='bbox 2442 492 2651 536; x_wconf 83' lang='lat' dir='ltr'><strong>eertum</strong></span> <span class='ocrx_word' id='word_1_163' title='bbox 2676 479 2840 534; x_wconf 80' lang='lat' dir='ltr'><strong>habet</strong></span> <span class='ocrx_word' id='word_1_164' title='bbox 2871 477 3171 533; x_wconf 87' lang='lat' dir='ltr'><strong>interitum.</strong></span> 
     </span>
    </p>
   </div>
   <div class='ocr_carea' id='block_1_20' title="bbox 2172 568 3701 648">
    <p class='ocr_par' dir='ltr' id='par_1_20' title="bbox 2172 568 3701 648">
     <span class='ocr_line' id='line_1_20' title="bbox 2172 568 3701 648; baseline -0.005 -17"><span class='ocrx_word' id='word_1_165' title='bbox 2172 574 2333 648; x_wconf 66' lang='lat' dir='ltr'><strong>(Car.</strong></span> <span class='ocrx_word' id='word_1_166' title='bbox 2361 572 2528 644; x_wconf 79' lang='lat' dir='ltr'><strong>xxx.)</strong></span> <span class='ocrx_word' id='word_1_167' title='bbox 2562 592 2580 623; x_wconf 74' lang='grc' dir='ltr'>ι</span> <span class='ocrx_word' id='word_1_168' title='bbox 2611 572 2854 626; x_wconf 77' lang='lat' dir='ltr'><strong>Rcdueet</strong></span> <span class='ocrx_word' id='word_1_169' title='bbox 2880 569 3136 624; x_wconf 88' lang='lat' dir='ltr'><strong>Dominus</strong></span> <span class='ocrx_word' id='word_1_170' title='bbox 3155 569 3300 623; x_wconf 83' lang='lat' dir='ltr'><strong>Deus</strong></span> <span class='ocrx_word' id='word_1_171' title='bbox 3320 568 3701 637; x_wconf 70' lang='lat' dir='ltr'><strong>captivitatem</strong></span> 
     </span>
    </p>
   </div>
   <div class='ocr_carea' id='block_1_21' title="bbox 2109 663 3701 733">
    <p class='ocr_par' dir='ltr' id='par_1_21' title="bbox 2109 663 3701 733">
     <span class='ocr_line' id='line_1_21' title="bbox 2109 663 3701 733; baseline -0.001 -15"><span class='ocrx_word' id='word_1_172' title='bbox 2109 686 2127 718; x_wconf 75' lang='grc' dir='ltr'>ι</span> <span class='ocrx_word' id='word_1_173' title='bbox 2162 677 2309 722; x_wconf 90' lang='lat' dir='ltr'><strong>tuam</strong></span> <span class='ocrx_word' id='word_1_174' title='bbox 2332 682 2396 720; x_wconf 89' lang='lat' dir='ltr'><strong>ac</strong></span> <span class='ocrx_word' id='word_1_175' title='bbox 2426 664 2773 720; x_wconf 82' lang='lat' dir='ltr'><strong>miserebitur</strong></span> <span class='ocrx_word' id='word_1_176' title='bbox 2801 664 2875 717; x_wconf 90' lang='lat' dir='ltr'><strong>tui</strong></span> <span class='ocrx_word' id='word_1_177' title='bbox 2906 681 2918 717; x_wconf 90' lang='lat'><strong>:</strong></span> <span class='ocrx_word' id='word_1_178' title='bbox 2949 674 3005 717; x_wconf 90' lang='lat' dir='ltr'><strong>et</strong></span> <span class='ocrx_word' id='word_1_179' title='bbox 3032 677 3246 717; x_wconf 85' lang='lat' dir='ltr'><strong>rursum</strong></span> <span class='ocrx_word' id='word_1_180' title='bbox 3272 663 3625 733; x_wconf 72' lang='lat' dir='ltr'><strong>congregabit</strong></span> <span class='ocrx_word' id='word_1_181' title='bbox 3648 675 3701 717; x_wconf 89' lang='lat' dir='ltr'><strong>te</strong></span> 
     </span>
    </p>
   </div>
   <div class='ocr_carea' id='block_1_22' title="bbox 2110 751 3699 827">
    <p class='ocr_par' dir='ltr' id='par_1_22' title="bbox 2110 751 3699 827">
     <span class='ocr_line' id='line_1_22' title="bbox 2110 751 3699 827; baseline -0.003 -17"><span class='ocrx_word' id='word_1_182' title='bbox 2110 777 2129 810; x_wconf 71' lang='grc' dir='ltr'><strong>ε</strong></span> <span class='ocrx_word' id='word_1_183' title='bbox 2157 759 2224 814; x_wconf 90' lang='lat' dir='ltr'><strong>de</strong></span> <span class='ocrx_word' id='word_1_184' title='bbox 2254 759 2466 813; x_wconf 89' lang='lat' dir='ltr'><strong>cunctis</strong></span> <span class='ocrx_word' id='word_1_185' title='bbox 2494 756 2725 827; x_wconf 79' lang='lat' dir='ltr'><strong>populis,</strong></span> <span class='ocrx_word' id='word_1_186' title='bbox 2752 756 2805 809; x_wconf 93' lang='lat' dir='ltr'><strong>in</strong></span> <span class='ocrx_word' id='word_1_187' title='bbox 2828 770 2962 825; x_wconf 84' lang='lat' dir='ltr'><strong>quos</strong></span> <span class='ocrx_word' id='word_1_188' title='bbox 2992 765 3043 808; x_wconf 90' lang='lat' dir='ltr'><strong>te</strong></span> <span class='ocrx_word' id='word_1_189' title='bbox 3070 762 3196 807; x_wconf 84' lang='lat' dir='ltr'><strong>ante</strong></span> <span class='ocrx_word' id='word_1_190' title='bbox 3221 753 3499 821; x_wconf 83' lang='lat' dir='ltr'><strong>dispersit.</strong></span> <span class='ocrx_word' id='word_1_191' title='bbox 3546 751 3606 807; x_wconf 84' lang='lat' dir='ltr'><strong>Si</strong></span> <span class='ocrx_word' id='word_1_192' title='bbox 3634 753 3699 805; x_wconf 81' lang='lat' dir='ltr'><strong>al</strong></span> 
     </span>
    </p>
   </div>
   <div class='ocr_carea' id='block_1_23' title="bbox 2111 841 3705 913">
    <p class='ocr_par' dir='ltr' id='par_1_23' title="bbox 2111 841 3705 913">
     <span class='ocr_line' id='line_1_23' title="bbox 2111 841 3705 913; baseline -0.004 -13"><span class='ocrx_word' id='word_1_193' title='bbox 2111 867 2131 900; x_wconf 72' lang='grc' dir='ltr'><strong>ε</strong></span> <span class='ocrx_word' id='word_1_194' title='bbox 2159 849 2412 903; x_wconf 83' lang='lat' dir='ltr'><strong>cardines</strong></span> <span class='ocrx_word' id='word_1_195' title='bbox 2446 846 2572 901; x_wconf 79' lang='lat' dir='ltr'><strong>coeli</strong></span> <span class='ocrx_word' id='word_1_196' title='bbox 2621 844 2788 899; x_wconf 83' lang='lat' dir='ltr'><strong>fueris</strong></span> <span class='ocrx_word' id='word_1_197' title='bbox 2834 844 3147 913; x_wconf 89' lang='lat' dir='ltr'><strong>dissipatus,</strong></span> <span class='ocrx_word' id='word_1_198' title='bbox 3197 841 3323 896; x_wconf 88' lang='lat' dir='ltr'><strong>inde</strong></span> <span class='ocrx_word' id='word_1_199' title='bbox 3369 850 3420 896; x_wconf 91' lang='lat' dir='ltr'><strong>te</strong></span> <span class='ocrx_word' id='word_1_200' title='bbox 3458 843 3705 895; x_wconf 79' lang='lat' dir='ltr'><strong>retrahet</strong></span> 
     </span>
    </p>
   </div>
   <div class='ocr_carea' id='block_1_24' title="bbox 2111 933 3706 1004">
    <p class='ocr_par' dir='ltr' id='par_1_24' title="bbox 2111 933 3706 1004">
     <span class='ocr_line' id='line_1_24' title="bbox 2111 933 3706 1004; baseline -0.003 -12"><span class='ocrx_word' id='word_1_201' title='bbox 2111 960 2129 992; x_wconf 76' lang='grc' dir='ltr'>ι</span> <span class='ocrx_word' id='word_1_202' title='bbox 2162 940 2422 997; x_wconf 91' lang='lat' dir='ltr'><strong>Dominus</strong></span> <span class='ocrx_word' id='word_1_203' title='bbox 2450 940 2592 993; x_wconf 90' lang='lat' dir='ltr'><strong>Deus</strong></span> <span class='ocrx_word' id='word_1_204' title='bbox 2630 948 2775 1003; x_wconf 88' lang='lat' dir='ltr'><strong>tuus,</strong></span> <span class='ocrx_word' id='word_1_205' title='bbox 2814 945 2868 991; x_wconf 88' lang='lat' dir='ltr'><strong>et</strong></span> <span class='ocrx_word' id='word_1_206' title='bbox 2908 943 3148 990; x_wconf 87' lang='lat' dir='ltr'><strong>assumet</strong></span> <span class='ocrx_word' id='word_1_207' title='bbox 3189 945 3352 1004; x_wconf 88' lang='lat' dir='ltr'><strong>atque</strong></span> <span class='ocrx_word' id='word_1_208' title='bbox 3392 933 3706 989; x_wconf 87' lang='lat' dir='ltr'><strong>introducct</strong></span> 
     </span>
    </p>
   </div>
   <div class='ocr_carea' id='block_1_25' title="bbox 2112 1024 3708 1099">
    <p class='ocr_par' dir='ltr' id='par_1_25' title="bbox 2112 1024 3708 1099">
     <span class='ocr_line' id='line_1_25' title="bbox 2112 1024 3708 1099; baseline -0.001 -18"><span class='ocrx_word' id='word_1_209' title='bbox 2112 1052 2129 1081; x_wconf 75' lang='grc' dir='ltr'>ι</span> <span class='ocrx_word' id='word_1_210' title='bbox 2159 1031 2215 1085; x_wconf 91' lang='lat' dir='ltr'><strong>in</strong></span> <span class='ocrx_word' id='word_1_211' title='bbox 2248 1041 2448 1085; x_wconf 88' lang='lat' dir='ltr'><strong>terram</strong></span> <span class='ocrx_word' id='word_1_212' title='bbox 2470 1044 2631 1099; x_wconf 88' lang='lat' dir='ltr'><strong>quam</strong></span> <span class='ocrx_word' id='word_1_213' title='bbox 2661 1029 3021 1099; x_wconf 88' lang='lat' dir='ltr'><strong>possederunt</strong></span> <span class='ocrx_word' id='word_1_214' title='bbox 3048 1034 3232 1097; x_wconf 87' lang='lat' dir='ltr'><strong>patres</strong></span> <span class='ocrx_word' id='word_1_215' title='bbox 3254 1024 3352 1089; x_wconf 91' lang='lat' dir='ltr'><strong>tui,</strong></span> <span class='ocrx_word' id='word_1_216' title='bbox 3396 1032 3457 1080; x_wconf 85' lang='lat' dir='ltr'><strong>et</strong></span> <span class='ocrx_word' id='word_1_217' title='bbox 3486 1024 3708 1080; x_wconf 85' lang='lat' dir='ltr'><strong>obtine-</strong></span> 
     </span>
    </p>
   </div>
   <div class='ocr_carea' id='block_1_26' title="bbox 2112 1115 3706 1186">
    <p class='ocr_par' dir='ltr' id='par_1_26' title="bbox 2112 1115 3706 1186">
     <span class='ocr_line' id='line_1_26' title="bbox 2112 1115 3706 1186; baseline 0 -15"><span class='ocrx_word' id='word_1_218' title='bbox 2112 1139 2131 1171; x_wconf 83' lang='grc'><strong><em>‹</em></strong></span> <span class='ocrx_word' id='word_1_219' title='bbox 2162 1120 2243 1175; x_wconf 90' lang='lat' dir='ltr'><strong>bis</strong></span> <span class='ocrx_word' id='word_1_220' title='bbox 2267 1135 2405 1175; x_wconf 87' lang='lat' dir='ltr'><strong>eam.</strong></span> <span class='ocrx_word' id='word_1_221' title='bbox 2436 1120 2503 1173; x_wconf 83' lang='lat' dir='ltr'><strong>Et</strong></span> <span class='ocrx_word' id='word_1_222' title='bbox 2529 1118 2852 1173; x_wconf 84' lang='lat' dir='ltr'><strong>benedicens</strong></span> <span class='ocrx_word' id='word_1_223' title='bbox 2891 1116 3011 1181; x_wconf 90' lang='lat' dir='ltr'><strong>tibi,</strong></span> <span class='ocrx_word' id='word_1_224' title='bbox 3052 1116 3275 1186; x_wconf 78' lang='lat' dir='ltr'><strong>majoris</strong></span> <span class='ocrx_word' id='word_1_225' title='bbox 3314 1115 3532 1170; x_wconf 86' lang='lat' dir='ltr'><strong>numeri</strong></span> <span class='ocrx_word' id='word_1_226' title='bbox 3581 1130 3706 1171; x_wconf 84' lang='lat' dir='ltr'><strong>esse</strong></span> 
     </span>
    </p>
   </div>
   <div class='ocr_carea' id='block_1_27' title="bbox 2112 1206 3707 1279">
    <p class='ocr_par' dir='ltr' id='par_1_27' title="bbox 2112 1206 3707 1279">
     <span class='ocr_line' id='line_1_27' title="bbox 2112 1206 3707 1279; baseline -0.001 -17"><span class='ocrx_word' id='word_1_227' title='bbox 2112 1230 2130 1262; x_wconf 76' lang='grc' dir='ltr'>ι</span> <span class='ocrx_word' id='word_1_228' title='bbox 2165 1211 2326 1266; x_wconf 78' lang='lat' dir='ltr'><strong>faciet</strong></span> <span class='ocrx_word' id='word_1_229' title='bbox 2367 1218 2420 1263; x_wconf 87' lang='lat' dir='ltr'><strong>te</strong></span> <span class='ocrx_word' id='word_1_230' title='bbox 2469 1224 2630 1279; x_wconf 88' lang='lat' dir='ltr'><strong>quam</strong></span> <span class='ocrx_word' id='word_1_231' title='bbox 2686 1207 2905 1263; x_wconf 82' lang='lat' dir='ltr'><strong>fuerunt</strong></span> <span class='ocrx_word' id='word_1_232' title='bbox 2963 1214 3146 1278; x_wconf 87' lang='lat' dir='ltr'><strong>patres</strong></span> <span class='ocrx_word' id='word_1_233' title='bbox 3189 1206 3287 1259; x_wconf 89' lang='lat' dir='ltr'><strong>tui.</strong></span> <span class='ocrx_word' id='word_1_234' title='bbox 3335 1206 3707 1261; x_wconf 79' lang='lat' dir='ltr'><strong>Circumcjdct</strong></span> 
     </span>
    </p>
   </div>
   <div class='ocr_carea' id='block_1_28' title="bbox 2113 1298 3704 1363">
    <p class='ocr_par' dir='ltr' id='par_1_28' title="bbox 2113 1298 3704 1363">
     <span class='ocr_line' id='line_1_28' title="bbox 2113 1298 3704 1363; baseline -0.003 -8"><span class='ocrx_word' id='word_1_235' title='bbox 2113 1322 2131 1355; x_wconf 73' lang='grc' dir='ltr'>ι</span> <span class='ocrx_word' id='word_1_236' title='bbox 2161 1303 2419 1358; x_wconf 87' lang='lat' dir='ltr'><strong>Dominus</strong></span> <span class='ocrx_word' id='word_1_237' title='bbox 2449 1303 2590 1356; x_wconf 75' lang='lat' dir='ltr'><strong>Deus</strong></span> <span class='ocrx_word' id='word_1_238' title='bbox 2623 1308 2746 1355; x_wconf 89' lang='lat' dir='ltr'><strong>tuus</strong></span> <span class='ocrx_word' id='word_1_239' title='bbox 2774 1315 2868 1353; x_wconf 92' lang='lat' dir='ltr'><strong>cor</strong></span> <span class='ocrx_word' id='word_1_240' title='bbox 2895 1308 3043 1353; x_wconf 83' lang='lat' dir='ltr'><strong>tuum</strong></span> <span class='ocrx_word' id='word_1_241' title='bbox 3087 1306 3142 1352; x_wconf 88' lang='lat' dir='ltr'><strong>et</strong></span> <span class='ocrx_word' id='word_1_242' title='bbox 3181 1313 3277 1353; x_wconf 90' lang='lat' dir='ltr'><strong>cor</strong></span> <span class='ocrx_word' id='word_1_243' title='bbox 3327 1298 3559 1353; x_wconf 88' lang='lat' dir='ltr'><strong>seminis</strong></span> <span class='ocrx_word' id='word_1_244' title='bbox 3604 1298 3704 1363; x_wconf 89' lang='lat' dir='ltr'><strong>tui,</strong></span> 
     </span>
    </p>
   </div>
   <div class='ocr_carea' id='block_1_29' title="bbox 2114 1389 3705 1463">
    <p class='ocr_par' dir='ltr' id='par_1_29' title="bbox 2114 1389 3705 1463">
     <span class='ocr_line' id='line_1_29' title="bbox 2114 1389 3705 1463; baseline -0.001 -19"><span class='ocrx_word' id='word_1_245' title='bbox 2114 1411 2132 1444; x_wconf 70' lang='grc' dir='ltr'>ι</span> <span class='ocrx_word' id='word_1_246' title='bbox 2164 1401 2226 1447; x_wconf 89' lang='lat' dir='ltr'><strong>ut</strong></span> <span class='ocrx_word' id='word_1_247' title='bbox 2261 1393 2453 1463; x_wconf 72' lang='lat' dir='ltr'><strong>diligs</strong></span> <span class='ocrx_word' id='word_1_248' title='bbox 2498 1392 2785 1446; x_wconf 90' lang='lat' dir='ltr'><strong>Dominum</strong></span> <span class='ocrx_word' id='word_1_249' title='bbox 2835 1389 3005 1444; x_wconf 88' lang='lat' dir='ltr'><strong>Deum</strong></span> <span class='ocrx_word' id='word_1_250' title='bbox 3056 1398 3227 1454; x_wconf 87' lang='lat' dir='ltr'><strong>tuum,</strong></span> <span class='ocrx_word' id='word_1_251' title='bbox 3278 1389 3334 1443; x_wconf 90' lang='lat' dir='ltr'><strong>in</strong></span> <span class='ocrx_word' id='word_1_252' title='bbox 3371 1397 3487 1443; x_wconf 89' lang='lat' dir='ltr'><strong>toto</strong></span> <span class='ocrx_word' id='word_1_253' title='bbox 3535 1390 3705 1444; x_wconf 88' lang='lat' dir='ltr'><strong>corde</strong></span> 
     </span>
    </p>
   </div>
   <div class='ocr_carea' id='block_1_30' title="bbox 2115 1481 3710 1552">
    <p class='ocr_par' dir='ltr' id='par_1_30' title="bbox 2115 1481 3710 1552">
     <span class='ocr_line' id='line_1_30' title="bbox 2115 1481 3710 1552; baseline 0 -16"><span class='ocrx_word' id='word_1_254' title='bbox 2115 1504 2133 1536; x_wconf 76' lang='grc' dir='ltr'>ι</span> <span class='ocrx_word' id='word_1_255' title='bbox 2165 1495 2278 1551; x_wconf 90' lang='lat' dir='ltr'><strong>tuo,</strong></span> <span class='ocrx_word' id='word_1_256' title='bbox 2313 1493 2369 1539; x_wconf 89' lang='lat' dir='ltr'><strong>et</strong></span> <span class='ocrx_word' id='word_1_257' title='bbox 2395 1485 2447 1538; x_wconf 93' lang='lat' dir='ltr'><strong>in</strong></span> <span class='ocrx_word' id='word_1_258' title='bbox 2474 1491 2587 1538; x_wconf 89' lang='lat' dir='ltr'><strong>tota</strong></span> <span class='ocrx_word' id='word_1_259' title='bbox 2606 1484 2787 1537; x_wconf 88' lang='lat' dir='ltr'><strong>anima</strong></span> <span class='ocrx_word' id='word_1_260' title='bbox 2813 1491 2926 1548; x_wconf 88' lang='lat' dir='ltr'><strong>tua,</strong></span> <span class='ocrx_word' id='word_1_261' title='bbox 2967 1489 3028 1536; x_wconf 89' lang='lat' dir='ltr'><strong>ut</strong></span> <span class='ocrx_word' id='word_1_262' title='bbox 3068 1482 3245 1552; x_wconf 88' lang='lat' dir='ltr'><strong>possis</strong></span> <span class='ocrx_word' id='word_1_263' title='bbox 3290 1481 3496 1536; x_wconf 85' lang='lat' dir='ltr'><strong>vivere.</strong></span> <span class='ocrx_word' id='word_1_264' title='bbox 3531 1500 3553 1534; x_wconf 74' lang='grc' dir='ltr'><strong><em>ι</em></strong></span> <span class='ocrx_word' id='word_1_265' title='bbox 3607 1481 3710 1536; x_wconf 85' lang='lat' dir='ltr'><strong>Se-</strong></span> 
     </span>
    </p>
   </div>
   <div class='ocr_carea' id='block_1_31' title="bbox 2107 1574 3709 1648">
    <p class='ocr_par' dir='ltr' id='par_1_31' title="bbox 2107 1574 3709 1648">
     <span class='ocr_line' id='line_1_31' title="bbox 2107 1574 3709 1648; baseline -0.002 -16"><span class='ocrx_word' id='word_1_266' title='bbox 2107 1578 2389 1648; x_wconf 73' lang='lat' dir='ltr'><strong>ptuaginta</strong></span> <span class='ocrx_word' id='word_1_267' title='bbox 2419 1596 2433 1631; x_wconf 93' lang='lat'><strong>:</strong></span> <span class='ocrx_word' id='word_1_268' title='bbox 2469 1596 2488 1627; x_wconf 75' lang='grc' dir='ltr'>ι</span> <span class='ocrx_word' id='word_1_269' title='bbox 2514 1577 2580 1631; x_wconf 88' lang='lat' dir='ltr'><strong>Et</strong></span> <span class='ocrx_word' id='word_1_270' title='bbox 2608 1576 3069 1647; x_wconf 82' lang='lat' dir='ltr'><strong>circumpurgabit</strong></span> <span class='ocrx_word' id='word_1_271' title='bbox 3103 1574 3362 1629; x_wconf 78' lang='lat' dir='ltr'><strong>Dominus</strong></span> <span class='ocrx_word' id='word_1_272' title='bbox 3398 1589 3499 1629; x_wconf 83' lang='lat' dir='ltr'><strong>cor</strong></span> <span class='ocrx_word' id='word_1_273' title='bbox 3528 1585 3709 1639; x_wconf 72' lang='grc' dir='ltr'><strong>ωυω,</strong></span> 
     </span>
    </p>
   </div>
   <div class='ocr_carea' id='block_1_32' title="bbox 2116 1666 3707 1738">
    <p class='ocr_par' dir='ltr' id='par_1_32' title="bbox 2116 1666 3707 1738">
     <span class='ocr_line' id='line_1_32' title="bbox 2116 1666 3707 1738; baseline 0 -20"><span class='ocrx_word' id='word_1_274' title='bbox 2116 1685 2134 1718; x_wconf 70' lang='grc' dir='ltr'><strong>α</strong></span> <span class='ocrx_word' id='word_1_275' title='bbox 2157 1677 2212 1722; x_wconf 89' lang='lat' dir='ltr'><strong>et</strong></span> <span class='ocrx_word' id='word_1_276' title='bbox 2233 1683 2328 1722; x_wconf 92' lang='lat' dir='ltr'><strong>cor</strong></span> <span class='ocrx_word' id='word_1_277' title='bbox 2358 1667 2581 1722; x_wconf 88' lang='lat' dir='ltr'><strong>seminis</strong></span> <span class='ocrx_word' id='word_1_278' title='bbox 2614 1667 2713 1732; x_wconf 86' lang='lat' dir='ltr'><strong>tui,</strong></span> <span class='ocrx_word' id='word_1_279' title='bbox 2740 1666 2965 1738; x_wconf 79' lang='lat' dir='ltr'><strong>diligere</strong></span> <span class='ocrx_word' id='word_1_280' title='bbox 3003 1666 3289 1720; x_wconf 85' lang='lat' dir='ltr'><strong>Dominum</strong></span> <span class='ocrx_word' id='word_1_281' title='bbox 3332 1666 3503 1721; x_wconf 89' lang='lat' dir='ltr'><strong>Deum</strong></span> <span class='ocrx_word' id='word_1_282' title='bbox 3545 1674 3707 1719; x_wconf 78' lang='lat' dir='ltr'><strong>tuum</strong></span> 
     </span>
    </p>
   </div>
   <div class='ocr_carea' id='block_1_33' title="bbox 421 1747 3710 1833">
    <p class='ocr_par' dir='ltr' id='par_1_33' title="bbox 421 1747 3710 1833">
     <span class='ocr_line' id='line_1_33' title="bbox 421 1747 3710 1833; baseline -0.004 -11"><span class='ocrx_word' id='word_1_283' title='bbox 421 1775 531 1830; x_wconf 89' lang='lat' dir='ltr'><strong>cta,</strong></span> <span class='ocrx_word' id='word_1_284' title='bbox 557 1766 608 1819; x_wconf 88' lang='lat' dir='ltr'><strong>id</strong></span> <span class='ocrx_word' id='word_1_285' title='bbox 634 1772 739 1829; x_wconf 81' lang='lat' dir='ltr'><strong>est,</strong></span> <span class='ocrx_word' id='word_1_286' title='bbox 773 1763 1004 1833; x_wconf 84' lang='lat' dir='ltr'><strong>propitia</strong></span> <span class='ocrx_word' id='word_1_287' title='bbox 1033 1771 1090 1817; x_wconf 88' lang='lat' dir='ltr'><strong>et</strong></span> <span class='ocrx_word' id='word_1_288' title='bbox 1116 1763 1355 1826; x_wconf 82' lang='lat' dir='ltr'><strong>innoxia,</strong></span> <span class='ocrx_word' id='word_1_289' title='bbox 1388 1781 1406 1811; x_wconf 78' lang='grc' dir='ltr'>ι</span> <span class='ocrx_word' id='word_1_290' title='bbox 1437 1762 1691 1831; x_wconf 90' lang='lat' dir='ltr'><strong>quoniam</strong></span> <span class='ocrx_word' id='word_1_291' title='bbox 1734 1761 1786 1814; x_wconf 91' lang='lat' dir='ltr'><strong>in</strong></span> <span class='ocrx_word' id='word_1_292' title='bbox 1817 1776 2003 1815; x_wconf 84' lang='lat' dir='ltr'><strong>errore</strong></span> <span class='ocrx_word' id='word_1_293' title='bbox 2032 1747 2079 1805; x_wconf 83' lang='grc' dir='ltr'><strong><em>Β</em></strong></span> <span class='ocrx_word' id='word_1_294' title='bbox 2114 1778 2131 1810; x_wconf 77' lang='grc' dir='ltr'><strong><em>ι</em></strong></span> <span class='ocrx_word' id='word_1_295' title='bbox 2160 1774 2228 1813; x_wconf 90' lang='lat' dir='ltr'><strong>ex</strong></span> <span class='ocrx_word' id='word_1_296' title='bbox 2260 1767 2373 1813; x_wconf 90' lang='lat' dir='ltr'><strong>toto</strong></span> <span class='ocrx_word' id='word_1_297' title='bbox 2407 1757 2571 1812; x_wconf 89' lang='lat' dir='ltr'><strong>corde</strong></span> <span class='ocrx_word' id='word_1_298' title='bbox 2600 1766 2712 1822; x_wconf 89' lang='lat' dir='ltr'><strong>tuo,</strong></span> <span class='ocrx_word' id='word_1_299' title='bbox 2736 1764 2791 1810; x_wconf 90' lang='lat' dir='ltr'><strong>et</strong></span> <span class='ocrx_word' id='word_1_300' title='bbox 2825 1771 2890 1810; x_wconf 77' lang='lat' dir='ltr'><strong>ex</strong></span> <span class='ocrx_word' id='word_1_301' title='bbox 2917 1764 3026 1811; x_wconf 90' lang='lat' dir='ltr'><strong>tota</strong></span> <span class='ocrx_word' id='word_1_302' title='bbox 3057 1757 3239 1811; x_wconf 88' lang='lat' dir='ltr'><strong>anima</strong></span> <span class='ocrx_word' id='word_1_303' title='bbox 3282 1765 3393 1822; x_wconf 85' lang='lat' dir='ltr'><strong>tua,</strong></span> <span class='ocrx_word' id='word_1_304' title='bbox 3438 1766 3503 1810; x_wconf 92' lang='lat' dir='ltr'><strong>ut</strong></span> <span class='ocrx_word' id='word_1_305' title='bbox 3549 1756 3710 1811; x_wconf 83' lang='lat' dir='ltr'><strong>vivas</strong></span> 
     </span>
    </p>
   </div>
   <div class='ocr_carea' id='block_1_34' title="bbox 421 1852 2006 1922">
    <p class='ocr_par' dir='ltr' id='par_1_34' title="bbox 421 1852 2006 1922">
     <span class='ocr_line' id='line_1_34' title="bbox 421 1852 2006 1922; baseline -0.004 -11"><span class='ocrx_word' id='word_1_306' title='bbox 421 1856 604 1911; x_wconf 84' lang='lat' dir='ltr'><strong>cordis</strong></span> <span class='ocrx_word' id='word_1_307' title='bbox 631 1855 733 1909; x_wconf 92' lang='lat' dir='ltr'><strong>mei</strong></span> <span class='ocrx_word' id='word_1_308' title='bbox 781 1855 996 1916; x_wconf 90' lang='lat' dir='ltr'><strong>incedo,</strong></span> <span class='ocrx_word' id='word_1_309' title='bbox 1023 1874 1042 1907; x_wconf 71' lang='grc' dir='ltr'>ι</span> <span class='ocrx_word' id='word_1_310' title='bbox 1072 1854 1250 1908; x_wconf 87' lang='lat' dir='ltr'><strong>eundo</strong></span> <span class='ocrx_word' id='word_1_311' title='bbox 1297 1853 1506 1908; x_wconf 86' lang='lat' dir='ltr'><strong>scilicet</strong></span> <span class='ocrx_word' id='word_1_312' title='bbox 1546 1862 1670 1922; x_wconf 78' lang='lat' dir='ltr'><strong>post</strong></span> <span class='ocrx_word' id='word_1_313' title='bbox 1711 1852 1840 1906; x_wconf 87' lang='lat' dir='ltr'><strong>deos</strong></span> <span class='ocrx_word' id='word_1_314' title='bbox 1880 1867 2006 1922; x_wconf 80' lang='lat' dir='ltr'><strong>gen-</strong></span> 
     </span>
    </p>
   </div>
   <div class='ocr_carea' id='block_1_35' title="bbox 2111 1845 3708 1917">
    <p class='ocr_par' dir='ltr' id='par_1_35' title="bbox 2111 1845 3708 1917">
     <span class='ocr_line' id='line_1_35' title="bbox 2111 1845 3708 1917; baseline -0.001 -17"><span class='ocrx_word' id='word_1_315' title='bbox 2111 1867 2133 1900; x_wconf 79' lang='grc'><strong>‹</strong></span> <span class='ocrx_word' id='word_1_316' title='bbox 2163 1858 2239 1903; x_wconf 80' lang='grc' dir='ltr'><strong>ιιι.</strong></span> <span class='ocrx_word' id='word_1_317' title='bbox 2272 1867 2291 1900; x_wconf 71' lang='grc' dir='ltr'><strong><em>ι</em></strong></span> <span class='ocrx_word' id='word_1_318' title='bbox 2326 1847 2561 1902; x_wconf 88' lang='lat' dir='ltr'><strong>Evidens</strong></span> <span class='ocrx_word' id='word_1_319' title='bbox 2600 1845 2919 1917; x_wconf 82' lang='lat' dir='ltr'><strong>pollicitatio</strong></span> <span class='ocrx_word' id='word_1_320' title='bbox 2969 1847 3177 1916; x_wconf 71' lang='lat' dir='ltr'><strong>gratim.</strong></span> <span class='ocrx_word' id='word_1_321' title='bbox 3227 1846 3505 1901; x_wconf 86' lang='lat' dir='ltr'><strong>Promittit</strong></span> <span class='ocrx_word' id='word_1_322' title='bbox 3549 1846 3708 1901; x_wconf 83' lang='lat' dir='ltr'><strong>cnim</strong></span> 
     </span>
    </p>
   </div>
   <div class='ocr_carea' id='block_1_36' title="bbox 423 1935 3704 2015">
    <p class='ocr_par' dir='ltr' id='par_1_36' title="bbox 423 1935 3704 2015">
     <span class='ocr_line' id='line_1_36' title="bbox 423 1935 3704 2015; baseline -0.003 -15"><span class='ocrx_word' id='word_1_323' title='bbox 423 1947 577 2013; x_wconf 88' lang='lat' dir='ltr'><strong>tium,</strong></span> <span class='ocrx_word' id='word_1_324' title='bbox 606 1953 660 1999; x_wconf 92' lang='lat' dir='ltr'><strong>et</strong></span> <span class='ocrx_word' id='word_1_325' title='bbox 685 1945 765 1999; x_wconf 90' lang='lat' dir='ltr'><strong>eis</strong></span> <span class='ocrx_word' id='word_1_326' title='bbox 802 1956 1057 2015; x_wconf 87' lang='lat' dir='ltr'><strong>tanquam</strong></span> <span class='ocrx_word' id='word_1_327' title='bbox 1096 1944 1313 2013; x_wconf 90' lang='lat' dir='ltr'><strong>impune</strong></span> <span class='ocrx_word' id='word_1_328' title='bbox 1366 1944 1673 1998; x_wconf 83' lang='lat' dir='ltr'><strong>serviendo.</strong></span> <span class='ocrx_word' id='word_1_329' title='bbox 1726 1942 1866 2007; x_wconf 88' lang='lat' dir='ltr'><strong>Non,</strong></span> <span class='ocrx_word' id='word_1_330' title='bbox 1920 1942 2003 1996; x_wconf 83' lang='lat' dir='ltr'><strong>in-</strong></span> <span class='ocrx_word' id='word_1_331' title='bbox 2105 1939 2367 1994; x_wconf 88' lang='lat' dir='ltr'><strong>Dominus</strong></span> <span class='ocrx_word' id='word_1_332' title='bbox 2391 1954 2451 1993; x_wconf 91' lang='lat' dir='ltr'><strong>se</strong></span> <span class='ocrx_word' id='word_1_333' title='bbox 2480 1952 2601 1992; x_wconf 89' lang='lat' dir='ltr'><strong>esse</strong></span> <span class='ocrx_word' id='word_1_334' title='bbox 2624 1937 2894 1992; x_wconf 83' lang='lat' dir='ltr'><strong>facturum</strong></span> <span class='ocrx_word' id='word_1_335' title='bbox 2935 1937 3078 2006; x_wconf 91' lang='lat' dir='ltr'><strong>quod</strong></span> <span class='ocrx_word' id='word_1_336' title='bbox 3125 1936 3263 1993; x_wconf 81' lang='lat' dir='ltr'><strong>solet</strong></span> <span class='ocrx_word' id='word_1_337' title='bbox 3298 1937 3492 2007; x_wconf 87' lang='lat' dir='ltr'><strong>juvare</strong></span> <span class='ocrx_word' id='word_1_338' title='bbox 3532 1935 3661 2008; x_wconf 82' lang='grc' dir='ltr'><strong>[ΑΙ.</strong></span> <span class='ocrx_word' id='word_1_339' title='bbox 3690 1976 3704 1999; x_wconf 88' lang='grc'><strong>,</strong></span> 
     </span>
    </p>
   </div>
   <div class='ocr_carea' id='block_1_37' title="bbox 425 2027 2553 2104">
    <p class='ocr_par' dir='ltr' id='par_1_37' title="bbox 425 2027 2553 2104">
     <span class='ocr_line' id='line_1_37' title="bbox 425 2027 2553 2104; baseline -0.004 -15"><span class='ocrx_word' id='word_1_340' title='bbox 425 2036 561 2104; x_wconf 88' lang='lat' dir='ltr'><strong>quit,</strong></span> <span class='ocrx_word' id='word_1_341' title='bbox 598 2036 697 2089; x_wconf 91' lang='lat' dir='ltr'><strong>erit</strong></span> <span class='ocrx_word' id='word_1_342' title='bbox 728 2035 825 2089; x_wconf 92' lang='lat' dir='ltr'><strong>sic.</strong></span> <span class='ocrx_word' id='word_1_343' title='bbox 865 2053 882 2084; x_wconf 69' lang='grc' dir='ltr'><strong>ε</strong></span> <span class='ocrx_word' id='word_1_344' title='bbox 908 2033 1019 2089; x_wconf 88' lang='lat' dir='ltr'><strong>Non</strong></span> <span class='ocrx_word' id='word_1_345' title='bbox 1047 2034 1423 2104; x_wconf 74' lang='lat' dir='ltr'><strong>perdatsimul</strong></span> <span class='ocrx_word' id='word_1_346' title='bbox 1448 2042 1704 2104; x_wconf 87' lang='lat' dir='ltr'><strong>peccator</strong></span> <span class='ocrx_word' id='word_1_347' title='bbox 1747 2048 1870 2088; x_wconf 90' lang='lat' dir='ltr'><strong>eum</strong></span> <span class='ocrx_word' id='word_1_348' title='bbox 1911 2033 2002 2103; x_wconf 86' lang='lat' dir='ltr'><strong>qui</strong></span> <span class='ocrx_word' id='word_1_349' title='bbox 2098 2027 2323 2100; x_wconf 81' lang='lat' dir='ltr'><strong>jubere]</strong></span> <span class='ocrx_word' id='word_1_350' title='bbox 2352 2037 2410 2084; x_wconf 91' lang='lat' dir='ltr'><strong>ut</strong></span> <span class='ocrx_word' id='word_1_351' title='bbox 2439 2028 2553 2084; x_wconf 91' lang='lat' dir='ltr'><strong>ﬁat.</strong></span> 
     </span>
    </p>
   </div>
   <div class='ocr_carea' id='block_1_38' title="bbox 418 2122 2004 2193">
    <p class='ocr_par' dir='ltr' id='par_1_38' title="bbox 418 2122 2004 2193">
     <span class='ocr_line' id='line_1_38' title="bbox 418 2122 2004 2193; baseline -0.003 -13"><span class='ocrx_word' id='word_1_352' title='bbox 418 2126 537 2180; x_wconf 90' lang='lat' dir='ltr'><strong>sine</strong></span> <span class='ocrx_word' id='word_1_353' title='bbox 565 2132 786 2193; x_wconf 86' lang='lat' dir='ltr'><strong>peccato</strong></span> <span class='ocrx_word' id='word_1_354' title='bbox 814 2133 915 2179; x_wconf 91' lang='lat' dir='ltr'><strong>est.</strong></span> <span class='ocrx_word' id='word_1_355' title='bbox 953 2143 972 2175; x_wconf 73' lang='grc' dir='ltr'><strong><em>ι</em></strong></span> <span class='ocrx_word' id='word_1_356' title='bbox 1010 2124 1288 2192; x_wconf 85' lang='lat' dir='ltr'><strong>Tanquam</strong></span> <span class='ocrx_word' id='word_1_357' title='bbox 1310 2122 1517 2178; x_wconf 88' lang='lat' dir='ltr'><strong>diceret</strong></span> <span class='ocrx_word' id='word_1_358' title='bbox 1542 2142 1555 2177; x_wconf 88' lang='lat'><strong>:</strong></span> <span class='ocrx_word' id='word_1_359' title='bbox 1580 2124 1779 2179; x_wconf 86' lang='lat' dir='ltr'><strong>Cavete</strong></span> <span class='ocrx_word' id='word_1_360' title='bbox 1804 2139 1873 2179; x_wconf 88' lang='lat' dir='ltr'><strong>ne</strong></span> <span class='ocrx_word' id='word_1_361' title='bbox 1918 2122 2004 2176; x_wconf 84' lang='lat' dir='ltr'><strong>cui</strong></span> 
     </span>
    </p>
   </div>
   <div class='ocr_carea' id='block_1_39' title="bbox 416 2212 2008 2284">
    <p class='ocr_par' dir='ltr' id='par_1_39' title="bbox 416 2212 2008 2284">
     <span class='ocr_line' id='line_1_39' title="bbox 416 2212 2008 2284; baseline -0.001 -16"><span class='ocrx_word' id='word_1_362' title='bbox 416 2223 659 2269; x_wconf 87' lang='lat' dir='ltr'><strong>vestrum</strong></span> <span class='ocrx_word' id='word_1_363' title='bbox 693 2214 819 2267; x_wconf 89' lang='lat' dir='ltr'><strong>talia</strong></span> <span class='ocrx_word' id='word_1_364' title='bbox 843 2214 1187 2282; x_wconf 85' lang='lat' dir='ltr'><strong>persuadeat,</strong></span> <span class='ocrx_word' id='word_1_365' title='bbox 1247 2214 1339 2284; x_wconf 90' lang='lat' dir='ltr'><strong>qui</strong></span> <span class='ocrx_word' id='word_1_366' title='bbox 1376 2214 1502 2267; x_wconf 91' lang='lat' dir='ltr'><strong>talia</strong></span> <span class='ocrx_word' id='word_1_367' title='bbox 1549 2214 1770 2283; x_wconf 82' lang='lat' dir='ltr'><strong>cogitat.</strong></span> <span class='ocrx_word' id='word_1_368' title='bbox 1799 2231 1818 2264; x_wconf 86' lang='grc'><strong>‹</strong></span> <span class='ocrx_word' id='word_1_369' title='bbox 1853 2212 2008 2267; x_wconf 87' lang='lat' dir='ltr'><strong>Nolct</strong></span> 
     </span>
    </p>
   </div>
   <div class='ocr_carea' id='block_1_40' title="bbox 419 2305 2005 2378">
    <p class='ocr_par' dir='ltr' id='par_1_40' title="bbox 419 2305 2005 2378">
     <span class='ocr_line' id='line_1_40' title="bbox 419 2305 2005 2378; baseline 0 -18"><span class='ocrx_word' id='word_1_370' title='bbox 419 2307 565 2360; x_wconf 89' lang='lat' dir='ltr'><strong>Deus</strong></span> <span class='ocrx_word' id='word_1_371' title='bbox 601 2305 884 2376; x_wconf 88' lang='lat' dir='ltr'><strong>propitiari</strong></span> <span class='ocrx_word' id='word_1_372' title='bbox 917 2306 986 2371; x_wconf 90' lang='lat' dir='ltr'><strong>ei,</strong></span> <span class='ocrx_word' id='word_1_373' title='bbox 1020 2325 1039 2357; x_wconf 69' lang='grc' dir='ltr'><strong><em>ι</em></strong></span> <span class='ocrx_word' id='word_1_374' title='bbox 1073 2305 1187 2360; x_wconf 89' lang='lat' dir='ltr'><strong>sive</strong></span> <span class='ocrx_word' id='word_1_375' title='bbox 1217 2305 1341 2360; x_wconf 89' lang='lat' dir='ltr'><strong>talia</strong></span> <span class='ocrx_word' id='word_1_376' title='bbox 1372 2306 1654 2378; x_wconf 83' lang='lat' dir='ltr'><strong>cogitanti,</strong></span> <span class='ocrx_word' id='word_1_377' title='bbox 1678 2306 1792 2361; x_wconf 88' lang='lat' dir='ltr'><strong>sive</strong></span> <span class='ocrx_word' id='word_1_378' title='bbox 1815 2306 1888 2360; x_wconf 90' lang='lat' dir='ltr'><strong>illi</strong></span> <span class='ocrx_word' id='word_1_379' title='bbox 1918 2306 2005 2360; x_wconf 91' lang='lat' dir='ltr'><strong>cui</strong></span> 
     </span>
    </p>
   </div>
   <div class='ocr_carea' id='block_1_41' title="bbox 420 2397 2003 2467">
    <p class='ocr_par' dir='ltr' id='par_1_41' title="bbox 420 2397 2003 2467">
     <span class='ocr_line' id='line_1_41' title="bbox 420 2397 2003 2467; baseline 0.001 -17"><span class='ocrx_word' id='word_1_380' title='bbox 420 2397 548 2451; x_wconf 86' lang='lat' dir='ltr'><strong>talia</strong></span> <span class='ocrx_word' id='word_1_381' title='bbox 568 2398 764 2452; x_wconf 79' lang='lat' dir='ltr'><strong>fuerint</strong></span> <span class='ocrx_word' id='word_1_382' title='bbox 787 2411 1068 2467; x_wconf 87' lang='lat' dir='ltr'><strong>persuasa,</strong></span> <span class='ocrx_word' id='word_1_383' title='bbox 1094 2397 1363 2467; x_wconf 91' lang='lat' dir='ltr'><strong>sicutipse</strong></span> <span class='ocrx_word' id='word_1_384' title='bbox 1375 2398 1627 2466; x_wconf 89' lang='lat' dir='ltr'><strong>opinatus</strong></span> <span class='ocrx_word' id='word_1_385' title='bbox 1651 2405 1734 2451; x_wconf 91' lang='lat' dir='ltr'><strong>est</strong></span> <span class='ocrx_word' id='word_1_386' title='bbox 1756 2397 2003 2452; x_wconf 88' lang='lat' dir='ltr'><strong>dicendo:</strong></span> 
     </span>
    </p>
   </div>
   <div class='ocr_carea' id='block_1_42' title="bbox 427 2485 2008 2556">
    <p class='ocr_par' dir='ltr' id='par_1_42' title="bbox 427 2485 2008 2556">
     <span class='ocr_line' id='line_1_42' title="bbox 427 2485 2008 2556; baseline 0.003 -19"><span class='ocrx_word' id='word_1_387' title='bbox 427 2505 447 2537; x_wconf 72' lang='grc' dir='ltr'><strong><em>ι</em></strong></span> <span class='ocrx_word' id='word_1_388' title='bbox 478 2485 677 2541; x_wconf 87' lang='lat' dir='ltr'><strong>Sancta</strong></span> <span class='ocrx_word' id='word_1_389' title='bbox 725 2488 855 2541; x_wconf 89' lang='lat' dir='ltr'><strong>mihi</strong></span> <span class='ocrx_word' id='word_1_390' title='bbox 886 2488 1013 2552; x_wconf 92' lang='lat' dir='ltr'><strong>sint,</strong></span> <span class='ocrx_word' id='word_1_391' title='bbox 1050 2506 1069 2538; x_wconf 73' lang='grc' dir='ltr'><strong><em>ι</em></strong></span> <span class='ocrx_word' id='word_1_392' title='bbox 1100 2497 1155 2541; x_wconf 93' lang='lat' dir='ltr'><strong>et</strong></span> <span class='ocrx_word' id='word_1_393' title='bbox 1179 2488 1334 2556; x_wconf 90' lang='lat' dir='ltr'><strong>quasi</strong></span> <span class='ocrx_word' id='word_1_394' title='bbox 1364 2488 1470 2541; x_wconf 89' lang='lat' dir='ltr'><strong>hoc</strong></span> <span class='ocrx_word' id='word_1_395' title='bbox 1508 2487 1669 2541; x_wconf 90' lang='lat' dir='ltr'><strong>modo</strong></span> <span class='ocrx_word' id='word_1_396' title='bbox 1714 2485 2008 2541; x_wconf 86' lang='lat' dir='ltr'><strong>avertendo</strong></span> 
     </span>
    </p>
   </div>
   <div class='ocr_carea' id='block_1_43' title="bbox 426 2572 2009 2630">
    <p class='ocr_par' dir='ltr' id='par_1_43' title="bbox 426 2572 2009 2630">
     <span class='ocr_line' id='line_1_43' title="bbox 426 2572 2009 2630; baseline -0.001 -1"><span class='ocrx_word' id='word_1_397' title='bbox 426 2592 458 2629; x_wconf 90' lang='lat' dir='ltr'><strong>a</strong></span> <span class='ocrx_word' id='word_1_398' title='bbox 489 2590 547 2630; x_wconf 89' lang='lat' dir='ltr'><strong>se</strong></span> <span class='ocrx_word' id='word_1_399' title='bbox 573 2575 681 2628; x_wconf 86' lang='lat' dir='ltr'><strong>vim</strong></span> <span class='ocrx_word' id='word_1_400' title='bbox 706 2575 850 2630; x_wconf 90' lang='lat' dir='ltr'><strong>illius</strong></span> <span class='ocrx_word' id='word_1_401' title='bbox 870 2576 1165 2630; x_wconf 86' lang='lat' dir='ltr'><strong>maledicti.</strong></span> <span class='ocrx_word' id='word_1_402' title='bbox 1201 2593 1220 2625; x_wconf 74' lang='grc' dir='ltr'>ι</span> <span class='ocrx_word' id='word_1_403' title='bbox 1263 2574 1372 2629; x_wconf 86' lang='lat' dir='ltr'><strong>Sed</strong></span> <span class='ocrx_word' id='word_1_404' title='bbox 1396 2584 1525 2629; x_wconf 91' lang='lat' dir='ltr'><strong>tunc</strong></span> <span class='ocrx_word' id='word_1_405' title='bbox 1563 2572 1893 2630; x_wconf 64' lang='lat' dir='ltr'><strong>acce&#39;ndetur</strong></span> <span class='ocrx_word' id='word_1_406' title='bbox 1930 2576 2009 2627; x_wconf 86' lang='lat' dir='ltr'><strong>ira</strong></span> 
     </span>
    </p>
   </div>
   <div class='ocr_carea' id='block_1_44' title="bbox 424 2662 2013 2735">
    <p class='ocr_par' dir='ltr' id='par_1_44' title="bbox 424 2662 2013 2735">
     <span class='ocr_line' id='line_1_44' title="bbox 424 2662 2013 2735; baseline 0.001 -17"><span class='ocrx_word' id='word_1_407' title='bbox 424 2663 663 2729; x_wconf 88' lang='lat' dir='ltr'><strong>Domini,</strong></span> <span class='ocrx_word' id='word_1_408' title='bbox 703 2672 759 2719; x_wconf 89' lang='lat' dir='ltr'><strong>et</strong></span> <span class='ocrx_word' id='word_1_409' title='bbox 790 2664 942 2719; x_wconf 87' lang='lat' dir='ltr'><strong>zelus</strong></span> <span class='ocrx_word' id='word_1_410' title='bbox 969 2662 1086 2733; x_wconf 89' lang='lat' dir='ltr'><strong>ejus</strong></span> <span class='ocrx_word' id='word_1_411' title='bbox 1107 2665 1159 2719; x_wconf 90' lang='lat' dir='ltr'><strong>in</strong></span> <span class='ocrx_word' id='word_1_412' title='bbox 1186 2665 1403 2719; x_wconf 85' lang='lat' dir='ltr'><strong>homine</strong></span> <span class='ocrx_word' id='word_1_413' title='bbox 1436 2664 1546 2730; x_wconf 90' lang='lat' dir='ltr'><strong>illo,</strong></span> <span class='ocrx_word' id='word_1_414' title='bbox 1583 2684 1601 2717; x_wconf 75' lang='grc' dir='ltr'><strong><em>ι</em></strong></span> <span class='ocrx_word' id='word_1_415' title='bbox 1633 2666 1849 2735; x_wconf 85' lang='lat' dir='ltr'><strong>quando</strong></span> <span class='ocrx_word' id='word_1_416' title='bbox 1863 2674 2013 2735; x_wconf 88' lang='lat' dir='ltr'><strong>puta-</strong></span> 
     </span>
    </p>
   </div>
   <div class='ocr_carea' id='block_1_45' title="bbox 420 2753 2008 2811">
    <p class='ocr_par' dir='ltr' id='par_1_45' title="bbox 420 2753 2008 2811">
     <span class='ocr_line' id='line_1_45' title="bbox 420 2753 2008 2811; baseline 0.001 -3"><span class='ocrx_word' id='word_1_417' title='bbox 420 2753 503 2808; x_wconf 86' lang='lat' dir='ltr'><strong>bit</strong></span> <span class='ocrx_word' id='word_1_418' title='bbox 538 2767 657 2806; x_wconf 89' lang='lat' dir='ltr'><strong>eam</strong></span> <span class='ocrx_word' id='word_1_419' title='bbox 685 2768 716 2808; x_wconf 88' lang='lat' dir='ltr'><strong>a</strong></span> <span class='ocrx_word' id='word_1_420' title='bbox 747 2769 805 2810; x_wconf 88' lang='lat' dir='ltr'><strong>se</strong></span> <span class='ocrx_word' id='word_1_421' title='bbox 838 2763 1085 2810; x_wconf 86' lang='lat' dir='ltr'><strong>avertere</strong></span> <span class='ocrx_word' id='word_1_422' title='bbox 1132 2756 1233 2811; x_wconf 86' lang='lat' dir='ltr'><strong>ista</strong></span> <span class='ocrx_word' id='word_1_423' title='bbox 1273 2757 1327 2810; x_wconf 93' lang='lat' dir='ltr'><strong>in</strong></span> <span class='ocrx_word' id='word_1_424' title='bbox 1371 2756 1537 2811; x_wconf 88' lang='lat' dir='ltr'><strong>corde</strong></span> <span class='ocrx_word' id='word_1_425' title='bbox 1586 2770 1685 2810; x_wconf 91' lang='lat' dir='ltr'><strong>suo</strong></span> <span class='ocrx_word' id='word_1_426' title='bbox 1733 2755 1963 2811; x_wconf 85' lang='lat' dir='ltr'><strong>dicendo</strong></span> <span class='ocrx_word' id='word_1_427' title='bbox 1994 2771 2008 2809; x_wconf 90' lang='lat'>:</span> 
     </span>
    </p>
   </div>
   <div class='ocr_carea' id='block_1_46' title="bbox 430 2840 2013 2900">
    <p class='ocr_par' dir='ltr' id='par_1_46' title="bbox 430 2840 2013 2900">
     <span class='ocr_line' id='line_1_46' title="bbox 430 2840 2013 2900; baseline 0.004 -8"><span class='ocrx_word' id='word_1_428' title='bbox 430 2860 449 2891; x_wconf 73' lang='grc' dir='ltr'><strong>ι</strong></span> <span class='ocrx_word' id='word_1_429' title='bbox 483 2840 553 2896; x_wconf 85' lang='grc' dir='ltr'><strong>Ει</strong></span> <span class='ocrx_word' id='word_1_430' title='bbox 584 2843 1007 2899; x_wconf 65' lang='grc' dir='ltr'><strong>δάιιωνθὺυηιίιι</strong></span> <span class='ocrx_word' id='word_1_431' title='bbox 1047 2857 1112 2900; x_wconf 94' lang='lat' dir='ltr'><strong>eo</strong></span> <span class='ocrx_word' id='word_1_432' title='bbox 1155 2844 1336 2899; x_wconf 89' lang='lat' dir='ltr'><strong>omnia</strong></span> <span class='ocrx_word' id='word_1_433' title='bbox 1377 2843 1664 2900; x_wconf 82' lang='lat' dir='ltr'><strong>maledicta</strong></span> <span class='ocrx_word' id='word_1_434' title='bbox 1704 2844 2013 2899; x_wconf 78' lang='lat' dir='ltr'><strong>testamenti</strong></span> 
     </span>
    </p>
   </div>
   <div class='ocr_carea' id='block_1_47' title="bbox 423 2932 2011 3008">
    <p class='ocr_par' dir='ltr' id='par_1_47' title="bbox 423 2932 2011 3008">
     <span class='ocr_line' id='line_1_47' title="bbox 423 2932 2011 3008; baseline 0.001 -20"><span class='ocrx_word' id='word_1_435' title='bbox 423 2932 608 3003; x_wconf 88' lang='lat' dir='ltr'><strong>hujus,</strong></span> <span class='ocrx_word' id='word_1_436' title='bbox 645 2950 766 3005; x_wconf 70' lang='lat' dir='ltr'><strong>qum</strong></span> <span class='ocrx_word' id='word_1_437' title='bbox 805 2935 1004 3007; x_wconf 87' lang='lat' dir='ltr'><strong>scripta</strong></span> <span class='ocrx_word' id='word_1_438' title='bbox 1035 2938 1233 2991; x_wconf 89' lang='lat' dir='ltr'><strong>suntin</strong></span> <span class='ocrx_word' id='word_1_439' title='bbox 1258 2936 1397 2992; x_wconf 88' lang='lat' dir='ltr'><strong>libro</strong></span> <span class='ocrx_word' id='word_1_440' title='bbox 1440 2936 1574 3008; x_wconf 77' lang='lat' dir='ltr'><strong>legis</strong></span> <span class='ocrx_word' id='word_1_441' title='bbox 1624 2935 1806 3007; x_wconf 86' lang='lat' dir='ltr'><strong>hujus.</strong></span> <span class='ocrx_word' id='word_1_442' title='bbox 1840 2955 1861 2989; x_wconf 71' lang='grc' dir='ltr'><strong><em>ι</em></strong></span> <span class='ocrx_word' id='word_1_443' title='bbox 1895 2934 2011 2990; x_wconf 87' lang='lat' dir='ltr'><strong>Non</strong></span> 
     </span>
    </p>
   </div>
   <div class='ocr_carea' id='block_1_48' title="bbox 426 3026 2012 3094">
    <p class='ocr_par' dir='ltr' id='par_1_48' title="bbox 426 3026 2012 3094">
     <span class='ocr_line' id='line_1_48' title="bbox 426 3026 2012 3094; baseline 0 -15"><span class='ocrx_word' id='word_1_444' title='bbox 426 3035 655 3094; x_wconf 85' lang='lat' dir='ltr'><strong>possunt</strong></span> <span class='ocrx_word' id='word_1_445' title='bbox 679 3027 896 3094; x_wconf 83' lang='lat' dir='ltr'><strong>quidem</strong></span> <span class='ocrx_word' id='word_1_446' title='bbox 924 3029 1104 3080; x_wconf 86' lang='lat' dir='ltr'><strong>omnia</strong></span> <span class='ocrx_word' id='word_1_447' title='bbox 1132 3027 1350 3082; x_wconf 83' lang='lat' dir='ltr'><strong>evenire</strong></span> <span class='ocrx_word' id='word_1_448' title='bbox 1374 3027 1463 3082; x_wconf 91' lang='lat' dir='ltr'><strong>uni</strong></span> <span class='ocrx_word' id='word_1_449' title='bbox 1492 3026 1696 3082; x_wconf 91' lang='lat' dir='ltr'><strong>homini</strong></span> <span class='ocrx_word' id='word_1_450' title='bbox 1717 3040 1852 3080; x_wconf 90' lang='lat' dir='ltr'><strong>:non</strong></span> <span class='ocrx_word' id='word_1_451' title='bbox 1865 3026 2012 3081; x_wconf 87' lang='lat' dir='ltr'><strong>enim</strong></span> 
     </span>
    </p>
   </div>
   <div class='ocr_carea' id='block_1_49' title="bbox 2683 2118 3149 2178">
    <p class='ocr_par' dir='ltr' id='par_1_49' title="bbox 2683 2118 3149 2178">
     <span class='ocr_line' id='line_1_49' title="bbox 2683 2118 3149 2178; baseline -0.006 0"><span class='ocrx_word' id='word_1_452' title='bbox 2683 2120 2911 2178; x_wconf 79' lang='lat' dir='ltr'><strong>CAPUT</strong></span> <span class='ocrx_word' id='word_1_453' title='bbox 2936 2118 3149 2177; x_wconf 68' lang='lat' dir='ltr'><strong>XXVTI.</strong></span> 
     </span>
    </p>
   </div>
   <div class='ocr_carea' id='block_1_50' title="bbox 2111 2208 3709 2280">
    <p class='ocr_par' dir='ltr' id='par_1_50' title="bbox 2111 2208 3709 2280">
     <span class='ocr_line' id='line_1_50' title="bbox 2111 2208 3709 2280; baseline -0.001 -16"><span class='ocrx_word' id='word_1_454' title='bbox 2111 2209 2266 2276; x_wconf 85' lang='lat' dir='ltr'><strong>Quod</strong></span> <span class='ocrx_word' id='word_1_455' title='bbox 2324 2209 2633 2264; x_wconf 77' lang='lat' dir='ltr'><strong>mandatum</strong></span> <span class='ocrx_word' id='word_1_456' title='bbox 2694 2209 2910 2280; x_wconf 78' lang='lat' dir='ltr'><strong>Domini</strong></span> <span class='ocrx_word' id='word_1_457' title='bbox 2965 2225 3068 2262; x_wconf 87' lang='lat' dir='ltr'><strong>non</strong></span> <span class='ocrx_word' id='word_1_458' title='bbox 3112 2210 3180 2263; x_wconf 77' lang='lat' dir='ltr'><strong>sit</strong></span> <span class='ocrx_word' id='word_1_459' title='bbox 3220 2208 3406 2280; x_wconf 77' lang='lat' dir='ltr'><strong>procul</strong></span> <span class='ocrx_word' id='word_1_460' title='bbox 3446 2209 3709 2280; x_wconf 68' lang='lat' dir='ltr'><strong>positam,</strong></span> 
     </span>
    </p>
   </div>
   <div class='ocr_carea' id='block_1_51' title="bbox 2753 2279 3059 2347">
    <p class='ocr_par' dir='ltr' id='par_1_51' title="bbox 2753 2279 3059 2347">
     <span class='ocr_line' id='line_1_51' title="bbox 2753 2279 3059 2347; baseline -0.003 -15"><span class='ocrx_word' id='word_1_461' title='bbox 2753 2280 2843 2332; x_wconf 79' lang='lat' dir='ltr'><strong>sed</strong></span> <span class='ocrx_word' id='word_1_462' title='bbox 2885 2279 3059 2347; x_wconf 70' lang='lat' dir='ltr'><strong>juxta.</strong></span> 
     </span>
    </p>
   </div>
   <div class='ocr_carea' id='block_1_52' title="bbox 2183 2388 3710 2463">
    <p class='ocr_par' dir='ltr' id='par_1_52' title="bbox 2183 2388 3710 2463">
     <span class='ocr_line' id='line_1_52' title="bbox 2183 2388 3710 2463; baseline -0.001 -19"><span class='ocrx_word' id='word_1_463' title='bbox 2183 2389 2385 2463; x_wconf 83' lang='lat' dir='ltr'><strong>(lmn.)</strong></span> <span class='ocrx_word' id='word_1_464' title='bbox 2423 2409 2440 2439; x_wconf 76' lang='grc' dir='ltr'>ι</span> <span class='ocrx_word' id='word_1_465' title='bbox 2474 2389 2522 2443; x_wconf 86' lang='grc' dir='ltr'><strong>Μ</strong></span> <span class='ocrx_word' id='word_1_466' title='bbox 2563 2389 2783 2443; x_wconf 85' lang='lat' dir='ltr'><strong>ndatum</strong></span> <span class='ocrx_word' id='word_1_467' title='bbox 2812 2388 2952 2457; x_wconf 85' lang='lat' dir='ltr'><strong>quod</strong></span> <span class='ocrx_word' id='word_1_468' title='bbox 2982 2403 3080 2459; x_wconf 74' lang='lat' dir='ltr'><strong>ego</strong></span> <span class='ocrx_word' id='word_1_469' title='bbox 3098 2388 3353 2458; x_wconf 69' lang='lat' dir='ltr'><strong>prmcipio</strong></span> <span class='ocrx_word' id='word_1_470' title='bbox 3402 2389 3499 2443; x_wconf 86' lang='lat' dir='ltr'><strong>tibi</strong></span> <span class='ocrx_word' id='word_1_471' title='bbox 3546 2389 3710 2445; x_wconf 83' lang='lat' dir='ltr'><strong>hodie</strong></span> 
     </span>
    </p>
   </div>
   <div class='ocr_carea' id='block_1_53' title="bbox 2118 2477 3713 2548">
    <p class='ocr_par' dir='ltr' id='par_1_53' title="bbox 2118 2477 3713 2548">
     <span class='ocr_line' id='line_1_53' title="bbox 2118 2477 3713 2548; baseline 0.002 -17"><span class='ocrx_word' id='word_1_472' title='bbox 2118 2497 2138 2531; x_wconf 87' lang='grc'><strong>‹</strong></span> <span class='ocrx_word' id='word_1_473' title='bbox 2165 2494 2271 2533; x_wconf 88' lang='lat' dir='ltr'><strong>non</strong></span> <span class='ocrx_word' id='word_1_474' title='bbox 2305 2493 2465 2548; x_wconf 87' lang='lat' dir='ltr'><strong>supra</strong></span> <span class='ocrx_word' id='word_1_475' title='bbox 2490 2487 2544 2532; x_wconf 90' lang='lat' dir='ltr'><strong>te</strong></span> <span class='ocrx_word' id='word_1_476' title='bbox 2563 2485 2648 2532; x_wconf 91' lang='lat' dir='ltr'><strong>est</strong></span> <span class='ocrx_word' id='word_1_477' title='bbox 2669 2491 2843 2547; x_wconf 90' lang='lat' dir='ltr'><strong>neque</strong></span> <span class='ocrx_word' id='word_1_478' title='bbox 2861 2477 3049 2547; x_wconf 87' lang='lat' dir='ltr'><strong>procul</strong></span> <span class='ocrx_word' id='word_1_479' title='bbox 3067 2478 3323 2547; x_wconf 85' lang='lat' dir='ltr'><strong>positum,</strong></span> <span class='ocrx_word' id='word_1_480' title='bbox 3351 2494 3454 2534; x_wconf 90' lang='lat' dir='ltr'><strong>nec</strong></span> <span class='ocrx_word' id='word_1_481' title='bbox 3475 2479 3531 2533; x_wconf 90' lang='lat' dir='ltr'><strong>in</strong></span> <span class='ocrx_word' id='word_1_482' title='bbox 3565 2479 3713 2535; x_wconf 82' lang='lat' dir='ltr'><strong>ecelo</strong></span> 
     </span>
    </p>
   </div>
   <div class='ocr_carea' id='block_1_54' title="bbox 2118 2567 3710 2638">
    <p class='ocr_par' dir='ltr' id='par_1_54' title="bbox 2118 2567 3710 2638">
     <span class='ocr_line' id='line_1_54' title="bbox 2118 2567 3710 2638; baseline 0.002 -18"><span class='ocrx_word' id='word_1_483' title='bbox 2118 2587 2136 2620; x_wconf 71' lang='grc' dir='ltr'>ι</span> <span class='ocrx_word' id='word_1_484' title='bbox 2167 2570 2354 2632; x_wconf 80' lang='lat' dir='ltr'><strong>situm,</strong></span> <span class='ocrx_word' id='word_1_485' title='bbox 2392 2575 2451 2622; x_wconf 90' lang='lat' dir='ltr'><strong>ut</strong></span> <span class='ocrx_word' id='word_1_486' title='bbox 2484 2568 2662 2638; x_wconf 88' lang='lat' dir='ltr'><strong>possis</strong></span> <span class='ocrx_word' id='word_1_487' title='bbox 2690 2567 2871 2622; x_wconf 90' lang='lat' dir='ltr'><strong>dicere</strong></span> <span class='ocrx_word' id='word_1_488' title='bbox 2906 2585 2920 2621; x_wconf 88' lang='lat'><strong>:</strong></span> <span class='ocrx_word' id='word_1_489' title='bbox 2947 2567 3081 2634; x_wconf 78' lang='lat' dir='ltr'><strong>Quis</strong></span> <span class='ocrx_word' id='word_1_490' title='bbox 3110 2577 3354 2623; x_wconf 87' lang='lat' dir='ltr'><strong>nostrum</strong></span> <span class='ocrx_word' id='word_1_491' title='bbox 3387 2569 3455 2623; x_wconf 90' lang='lat' dir='ltr'><strong>ad</strong></span> <span class='ocrx_word' id='word_1_492' title='bbox 3505 2570 3710 2624; x_wconf 72' lang='lat' dir='ltr'><strong>ctelum</strong></span> 
     </span>
    </p>
   </div>
   <div class='ocr_carea' id='block_1_55' title="bbox 2119 2658 3714 2724">
    <p class='ocr_par' dir='ltr' id='par_1_55' title="bbox 2119 2658 3714 2724">
     <span class='ocr_line' id='line_1_55' title="bbox 2119 2658 3714 2724; baseline 0.004 -14"><span class='ocrx_word' id='word_1_493' title='bbox 2119 2678 2138 2710; x_wconf 74' lang='grc' dir='ltr'><strong><em>ι</em></strong></span> <span class='ocrx_word' id='word_1_494' title='bbox 2167 2659 2307 2714; x_wconf 88' lang='lat' dir='ltr'><strong>valet</strong></span> <span class='ocrx_word' id='word_1_495' title='bbox 2330 2659 2717 2724; x_wconf 87' lang='lat' dir='ltr'><strong>conscendere,</strong></span> <span class='ocrx_word' id='word_1_496' title='bbox 2750 2666 2810 2712; x_wconf 92' lang='lat' dir='ltr'><strong>ut</strong></span> <span class='ocrx_word' id='word_1_497' title='bbox 2836 2658 3043 2713; x_wconf 79' lang='lat' dir='ltr'><strong>delerat</strong></span> <span class='ocrx_word' id='word_1_498' title='bbox 3068 2659 3196 2714; x_wconf 78' lang='lat' dir='ltr'><strong>illud</strong></span> <span class='ocrx_word' id='word_1_499' title='bbox 3221 2661 3288 2715; x_wconf 88' lang='lat' dir='ltr'><strong>ad</strong></span> <span class='ocrx_word' id='word_1_500' title='bbox 3316 2675 3418 2716; x_wconf 91' lang='lat' dir='ltr'><strong>nos</strong></span> <span class='ocrx_word' id='word_1_501' title='bbox 3442 2668 3500 2717; x_wconf 91' lang='lat' dir='ltr'><strong>et</strong></span> <span class='ocrx_word' id='word_1_502' title='bbox 3524 2662 3714 2717; x_wconf 78' lang='lat' dir='ltr'><strong>audia-</strong></span> 
     </span>
    </p>
   </div>
   <div class='ocr_carea' id='block_1_56' title="bbox 2123 2749 3713 2820">
    <p class='ocr_par' dir='ltr' id='par_1_56' title="bbox 2123 2749 3713 2820">
     <span class='ocr_line' id='line_1_56' title="bbox 2123 2749 3713 2820; baseline 0.003 -20"><span class='ocrx_word' id='word_1_503' title='bbox 2123 2770 2140 2800; x_wconf 77' lang='grc' dir='ltr'>ι</span> <span class='ocrx_word' id='word_1_504' title='bbox 2168 2765 2310 2815; x_wconf 87' lang='lat' dir='ltr'><strong>mus,</strong></span> <span class='ocrx_word' id='word_1_505' title='bbox 2334 2758 2497 2818; x_wconf 88' lang='lat' dir='ltr'><strong>atque</strong></span> <span class='ocrx_word' id='word_1_506' title='bbox 2521 2764 2685 2819; x_wconf 87' lang='lat' dir='ltr'><strong>opere</strong></span> <span class='ocrx_word' id='word_1_507' title='bbox 2716 2749 3119 2819; x_wconf 86' lang='lat' dir='ltr'><strong>compleamus?</strong></span> <span class='ocrx_word' id='word_1_508' title='bbox 3146 2749 3331 2820; x_wconf 83' lang='lat' dir='ltr'><strong>Neque</strong></span> <span class='ocrx_word' id='word_1_509' title='bbox 3363 2758 3522 2807; x_wconf 89' lang='lat' dir='ltr'><strong>trans</strong></span> <span class='ocrx_word' id='word_1_510' title='bbox 3557 2766 3713 2805; x_wconf 84' lang='lat' dir='ltr'><strong>mare</strong></span> 
     </span>
    </p>
   </div>
   <div class='ocr_carea' id='block_1_57' title="bbox 2122 2840 3711 2912">
    <p class='ocr_par' dir='ltr' id='par_1_57' title="bbox 2122 2840 3711 2912">
     <span class='ocr_line' id='line_1_57' title="bbox 2122 2840 3711 2912; baseline 0.003 -19"><span class='ocrx_word' id='word_1_511' title='bbox 2122 2860 2141 2893; x_wconf 86' lang='grc'><strong><em>‹</em></strong></span> <span class='ocrx_word' id='word_1_512' title='bbox 2173 2842 2432 2912; x_wconf 88' lang='lat' dir='ltr'><strong>positum,</strong></span> <span class='ocrx_word' id='word_1_513' title='bbox 2457 2849 2517 2894; x_wconf 91' lang='lat' dir='ltr'><strong>ut</strong></span> <span class='ocrx_word' id='word_1_514' title='bbox 2534 2840 2779 2895; x_wconf 87' lang='lat' dir='ltr'><strong>causeris</strong></span> <span class='ocrx_word' id='word_1_515' title='bbox 2803 2848 2860 2896; x_wconf 91' lang='lat' dir='ltr'><strong>ct</strong></span> <span class='ocrx_word' id='word_1_516' title='bbox 2890 2841 3040 2896; x_wconf 90' lang='lat' dir='ltr'><strong>dicas</strong></span> <span class='ocrx_word' id='word_1_517' title='bbox 3067 2855 3083 2895; x_wconf 91' lang='lat'><strong>:</strong></span> <span class='ocrx_word' id='word_1_518' title='bbox 3112 2841 3244 2909; x_wconf 85' lang='lat' dir='ltr'><strong>Quis</strong></span> <span class='ocrx_word' id='word_1_519' title='bbox 3264 2857 3330 2897; x_wconf 86' lang='lat' dir='ltr'><strong>ex</strong></span> <span class='ocrx_word' id='word_1_520' title='bbox 3346 2842 3503 2898; x_wconf 89' lang='lat' dir='ltr'><strong>nobis</strong></span> <span class='ocrx_word' id='word_1_521' title='bbox 3527 2852 3711 2898; x_wconf 81' lang='lat' dir='ltr'><strong>trans—</strong></span> 
     </span>
    </p>
   </div>
   <div class='ocr_carea' id='block_1_58' title="bbox 2123 2928 3701 3002">
    <p class='ocr_par' dir='ltr' id='par_1_58' title="bbox 2123 2928 3701 3002">
     <span class='ocr_line' id='line_1_58' title="bbox 2123 2928 3701 3002; baseline 0.004 -20"><span class='ocrx_word' id='word_1_522' title='bbox 2123 2948 2143 2982; x_wconf 71' lang='grc' dir='ltr'><strong><em>ι</em></strong></span> <span class='ocrx_word' id='word_1_523' title='bbox 2174 2931 2376 2985; x_wconf 83' lang='lat' dir='ltr'><strong>frctare</strong></span> <span class='ocrx_word' id='word_1_524' title='bbox 2404 2928 2606 2999; x_wconf 90' lang='lat' dir='ltr'><strong>poterit</strong></span> <span class='ocrx_word' id='word_1_525' title='bbox 2638 2944 2805 2992; x_wconf 89' lang='lat' dir='ltr'><strong>mare,</strong></span> <span class='ocrx_word' id='word_1_526' title='bbox 2843 2937 2898 2983; x_wconf 86' lang='lat' dir='ltr'><strong>ct</strong></span> <span class='ocrx_word' id='word_1_527' title='bbox 2959 2929 3090 2985; x_wconf 84' lang='lat' dir='ltr'><strong>illud</strong></span> <span class='ocrx_word' id='word_1_528' title='bbox 3141 2932 3210 2986; x_wconf 86' lang='lat' dir='ltr'><strong>ad</strong></span> <span class='ocrx_word' id='word_1_529' title='bbox 3256 2945 3355 2986; x_wconf 91' lang='lat' dir='ltr'><strong>nos</strong></span> <span class='ocrx_word' id='word_1_530' title='bbox 3396 2947 3570 3002; x_wconf 89' lang='lat' dir='ltr'><strong>usque</strong></span> <span class='ocrx_word' id='word_1_531' title='bbox 3622 2933 3701 2989; x_wconf 86' lang='lat' dir='ltr'><strong>de-</strong></span> 
     </span>
    </p>
   </div>
   <div class='ocr_carea' id='block_1_59' title="bbox 2123 3017 3709 3093">
    <p class='ocr_par' dir='ltr' id='par_1_59' title="bbox 2123 3017 3709 3093">
     <span class='ocr_line' id='line_1_59' title="bbox 2123 3017 3709 3093; baseline 0.004 -21"><span class='ocrx_word' id='word_1_532' title='bbox 2123 3039 2143 3072; x_wconf 72' lang='grc' dir='ltr'>ι</span> <span class='ocrx_word' id='word_1_533' title='bbox 2171 3019 2336 3085; x_wconf 83' lang='lat' dir='ltr'><strong>ferre,</strong></span> <span class='ocrx_word' id='word_1_534' title='bbox 2372 3029 2432 3072; x_wconf 91' lang='lat' dir='ltr'><strong>ut</strong></span> <span class='ocrx_word' id='word_1_535' title='bbox 2453 3017 2725 3089; x_wconf 88' lang='lat' dir='ltr'><strong>possimus</strong></span> <span class='ocrx_word' id='word_1_536' title='bbox 2754 3019 2942 3074; x_wconf 90' lang='lat' dir='ltr'><strong>audire</strong></span> <span class='ocrx_word' id='word_1_537' title='bbox 2990 3031 3044 3074; x_wconf 86' lang='lat' dir='ltr'><strong>et</strong></span> <span class='ocrx_word' id='word_1_538' title='bbox 3092 3019 3270 3076; x_wconf 80' lang='lat' dir='ltr'><strong>facere</strong></span> <span class='ocrx_word' id='word_1_539' title='bbox 3315 3022 3458 3092; x_wconf 90' lang='lat' dir='ltr'><strong>quod</strong></span> <span class='ocrx_word' id='word_1_540' title='bbox 3506 3038 3709 3093; x_wconf 69' lang='lat' dir='ltr'><strong>prtece-</strong></span> 
     </span>
    </p>
   </div>
   <div class='ocr_carea' id='block_1_60' title="bbox 424 3096 3711 3188">
    <p class='ocr_par' dir='ltr' id='par_1_60' title="bbox 424 3096 3711 3188">
     <span class='ocr_line' id='line_1_60' title="bbox 424 3096 3711 3188; baseline 0.004 -19"><span class='ocrx_word' id='word_1_541' title='bbox 424 3114 589 3169; x_wconf 87' lang='lat' dir='ltr'><strong>etiam</strong></span> <span class='ocrx_word' id='word_1_542' title='bbox 622 3115 782 3170; x_wconf 59' lang='lat' dir='ltr'><strong>totks</strong></span> <span class='ocrx_word' id='word_1_543' title='bbox 820 3117 956 3170; x_wconf 90' lang='lat' dir='ltr'><strong>mori</strong></span> <span class='ocrx_word' id='word_1_544' title='bbox 995 3125 1193 3185; x_wconf 89' lang='lat' dir='ltr'><strong>potest,</strong></span> <span class='ocrx_word' id='word_1_545' title='bbox 1237 3127 1369 3186; x_wconf 90' lang='lat' dir='ltr'><strong>quot</strong></span> <span class='ocrx_word' id='word_1_546' title='bbox 1417 3133 1615 3188; x_wconf 82' lang='lat' dir='ltr'><strong>genera</strong></span> <span class='ocrx_word' id='word_1_547' title='bbox 1667 3117 1859 3172; x_wconf 88' lang='lat' dir='ltr'><strong>mortis</strong></span> <span class='ocrx_word' id='word_1_548' title='bbox 1922 3116 2012 3171; x_wconf 90' lang='lat' dir='ltr'><strong>hic</strong></span> <span class='ocrx_word' id='word_1_549' title='bbox 2040 3096 2086 3159; x_wconf 63' lang='grc' dir='ltr'><strong>(ἶ</strong></span> <span class='ocrx_word' id='word_1_550' title='bbox 2123 3130 2142 3163; x_wconf 71' lang='grc' dir='ltr'>ι</span> <span class='ocrx_word' id='word_1_551' title='bbox 2170 3119 2321 3181; x_wconf 89' lang='lat' dir='ltr'><strong>ptum</strong></span> <span class='ocrx_word' id='word_1_552' title='bbox 2345 3110 2462 3165; x_wconf 83' lang='lat' dir='ltr'><strong>est?</strong></span> <span class='ocrx_word' id='word_1_553' title='bbox 2491 3108 2752 3178; x_wconf 72' lang='lat' dir='ltr'><strong>sedjuxla</strong></span> <span class='ocrx_word' id='word_1_554' title='bbox 2787 3118 2839 3166; x_wconf 77' lang='grc' dir='ltr'><strong>ιθ</strong></span> <span class='ocrx_word' id='word_1_555' title='bbox 2875 3120 2960 3167; x_wconf 70' lang='grc' dir='ltr'><strong>σει</strong></span> <span class='ocrx_word' id='word_1_556' title='bbox 2985 3126 3164 3168; x_wconf 69' lang='lat' dir='ltr'><strong>sermo</strong></span> <span class='ocrx_word' id='word_1_557' title='bbox 3191 3114 3345 3170; x_wconf 58' lang='lat' dir='ltr'><strong>“me</strong></span> <span class='ocrx_word' id='word_1_558' title='bbox 3380 3114 3434 3169; x_wconf 75' lang='lat' dir='ltr'><strong>in</strong></span> <span class='ocrx_word' id='word_1_559' title='bbox 3461 3130 3561 3171; x_wconf 77' lang='lat' dir='ltr'><strong>Ol‘e</strong></span> <span class='ocrx_word' id='word_1_560' title='bbox 3591 3124 3711 3183; x_wconf 74' lang='grc' dir='ltr'><strong>ῑυοο</strong></span> 
     </span>
    </p>
   </div>
   <div class='ocr_carea' id='block_1_61' title="bbox 426 3202 2018 3275">
    <p class='ocr_par' dir='ltr' id='par_1_61' title="bbox 426 3202 2018 3275">
     <span class='ocr_line' id='line_1_61' title="bbox 426 3202 2018 3275; baseline 0.001 -19"><span class='ocrx_word' id='word_1_561' title='bbox 426 3202 570 3256; x_wconf 87' lang='lat' dir='ltr'><strong>dicta</strong></span> <span class='ocrx_word' id='word_1_562' title='bbox 599 3213 752 3269; x_wconf 87' lang='lat' dir='ltr'><strong>sunt;</strong></span> <span class='ocrx_word' id='word_1_563' title='bbox 788 3206 883 3259; x_wconf 85' lang='lat' dir='ltr'><strong>sed</strong></span> <span class='ocrx_word' id='word_1_564' title='bbox 915 3224 933 3255; x_wconf 75' lang='grc' dir='ltr'>ί</span> <span class='ocrx_word' id='word_1_565' title='bbox 958 3206 1139 3260; x_wconf 90' lang='lat' dir='ltr'><strong>omnia</strong></span> <span class='ocrx_word' id='word_1_566' title='bbox 1175 3225 1193 3258; x_wconf 74' lang='grc' dir='ltr'><strong><em>ι</em></strong></span> <span class='ocrx_word' id='word_1_567' title='bbox 1227 3205 1364 3259; x_wconf 91' lang='lat' dir='ltr'><strong>dixit</strong></span> <span class='ocrx_word' id='word_1_568' title='bbox 1409 3221 1510 3274; x_wconf 89' lang='lat' dir='ltr'><strong>pro</strong></span> <span class='ocrx_word' id='word_1_569' title='bbox 1563 3204 1908 3275; x_wconf 87' lang='lat' dir='ltr'><strong>quibuslibet,</strong></span> <span class='ocrx_word' id='word_1_570' title='bbox 1956 3211 2018 3258; x_wconf 91' lang='lat' dir='ltr'><strong>ut</strong></span> 
     </span>
    </p>
   </div>
   <div class='ocr_carea' id='block_1_62' title="bbox 428 3290 2013 3360">
    <p class='ocr_par' dir='ltr' id='par_1_62' title="bbox 428 3290 2013 3360">
     <span class='ocr_line' id='line_1_62' title="bbox 428 3290 2013 3360; baseline -0.003 -13"><span class='ocrx_word' id='word_1_571' title='bbox 428 3308 537 3347; x_wconf 90' lang='lat' dir='ltr'><strong>non</strong></span> <span class='ocrx_word' id='word_1_572' title='bbox 568 3293 638 3346; x_wconf 90' lang='lat' dir='ltr'><strong>sit</strong></span> <span class='ocrx_word' id='word_1_573' title='bbox 663 3291 921 3345; x_wconf 82' lang='lat' dir='ltr'><strong>immunis</strong></span> <span class='ocrx_word' id='word_1_574' title='bbox 945 3291 1013 3343; x_wconf 92' lang='lat' dir='ltr'><strong>ab</strong></span> <span class='ocrx_word' id='word_1_575' title='bbox 1038 3291 1314 3355; x_wconf 86' lang='lat' dir='ltr'><strong>omnibus,</strong></span> <span class='ocrx_word' id='word_1_576' title='bbox 1367 3292 1452 3346; x_wconf 92' lang='lat' dir='ltr'><strong>cui</strong></span> <span class='ocrx_word' id='word_1_577' title='bbox 1503 3292 1785 3346; x_wconf 90' lang='lat' dir='ltr'><strong>evenerint</strong></span> <span class='ocrx_word' id='word_1_578' title='bbox 1835 3290 2013 3360; x_wconf 88' lang='lat' dir='ltr'><strong>aliqua</strong></span> 
     </span>
    </p>
   </div>
   <div class='ocr_carea' id='block_1_63' title="bbox 428 3386 2019 3456">
    <p class='ocr_par' dir='ltr' id='par_1_63' title="bbox 428 3386 2019 3456">
     <span class='ocr_line' id='line_1_63' title="bbox 428 3386 2019 3456; baseline -0.001 -11"><span class='ocrx_word' id='word_1_579' title='bbox 428 3403 618 3445; x_wconf 89' lang='lat' dir='ltr'><strong>eorum</strong></span> <span class='ocrx_word' id='word_1_580' title='bbox 647 3387 843 3456; x_wconf 90' lang='lat' dir='ltr'><strong>quibus</strong></span> <span class='ocrx_word' id='word_1_581' title='bbox 869 3396 1075 3454; x_wconf 86' lang='lat' dir='ltr'><strong>pereat.</strong></span> <span class='ocrx_word' id='word_1_582' title='bbox 1105 3387 1258 3453; x_wconf 84' lang='lat' dir='ltr'><strong>Quod</strong></span> <span class='ocrx_word' id='word_1_583' title='bbox 1285 3396 1464 3441; x_wconf 88' lang='lat' dir='ltr'><strong>autem</strong></span> <span class='ocrx_word' id='word_1_584' title='bbox 1495 3387 1590 3452; x_wconf 89' lang='lat' dir='ltr'><strong>ait,</strong></span> <span class='ocrx_word' id='word_1_585' title='bbox 1622 3406 1640 3438; x_wconf 79' lang='grc' dir='ltr'>ι</span> <span class='ocrx_word' id='word_1_586' title='bbox 1668 3386 1738 3444; x_wconf 87' lang='lat' dir='ltr'><strong>Ut</strong></span> <span class='ocrx_word' id='word_1_587' title='bbox 1784 3402 1890 3443; x_wconf 88' lang='lat' dir='ltr'><strong>nou</strong></span> <span class='ocrx_word' id='word_1_588' title='bbox 1943 3388 2019 3443; x_wconf 87' lang='lat' dir='ltr'><strong>si-</strong></span> 
     </span>
    </p>
   </div>
   <div class='ocr_carea' id='block_1_64' title="bbox 433 3478 2009 3548">
    <p class='ocr_par' dir='ltr' id='par_1_64' title="bbox 433 3478 2009 3548">
     <span class='ocr_line' id='line_1_64' title="bbox 433 3478 2009 3548; baseline -0.002 -14"><span class='ocrx_word' id='word_1_589' title='bbox 433 3478 545 3534; x_wconf 88' lang='lat' dir='ltr'><strong>mul</strong></span> <span class='ocrx_word' id='word_1_590' title='bbox 570 3478 762 3547; x_wconf 88' lang='lat' dir='ltr'><strong>perdat</strong></span> <span class='ocrx_word' id='word_1_591' title='bbox 796 3484 1051 3545; x_wconf 87' lang='lat' dir='ltr'><strong>peccator</strong></span> <span class='ocrx_word' id='word_1_592' title='bbox 1095 3491 1219 3530; x_wconf 89' lang='lat' dir='ltr'><strong>eum</strong></span> <span class='ocrx_word' id='word_1_593' title='bbox 1272 3478 1364 3547; x_wconf 87' lang='lat' dir='ltr'><strong>qui</strong></span> <span class='ocrx_word' id='word_1_594' title='bbox 1401 3478 1520 3534; x_wconf 89' lang='lat' dir='ltr'><strong>sine</strong></span> <span class='ocrx_word' id='word_1_595' title='bbox 1566 3487 1793 3548; x_wconf 91' lang='lat' dir='ltr'><strong>peccato</strong></span> <span class='ocrx_word' id='word_1_596' title='bbox 1838 3486 1950 3544; x_wconf 91' lang='lat' dir='ltr'><strong>est;</strong></span> <span class='ocrx_word' id='word_1_597' title='bbox 1990 3498 2009 3531; x_wconf 75' lang='grc' dir='ltr'><strong><em>ι</em></strong></span> 
     </span>
    </p>
   </div>
   <div class='ocr_carea' id='block_1_65' title="bbox 430 3564 2016 3646">
    <p class='ocr_par' dir='ltr' id='par_1_65' title="bbox 430 3564 2016 3646">
     <span class='ocr_line' id='line_1_65' title="bbox 430 3564 2016 3646; baseline 0.001 -25"><span class='ocrx_word' id='word_1_598' title='bbox 430 3566 573 3638; x_wconf 88' lang='lat' dir='ltr'><strong>quod</strong></span> <span class='ocrx_word' id='word_1_599' title='bbox 596 3564 819 3621; x_wconf 64' lang='lat' dir='ltr'><strong>Graecus</strong></span> <span class='ocrx_word' id='word_1_600' title='bbox 834 3566 997 3620; x_wconf 87' lang='lat' dir='ltr'><strong>habet</strong></span> <span class='ocrx_word' id='word_1_601' title='bbox 1016 3567 1384 3646; x_wconf 79' lang='grc' dir='ltr'><strong>ἀναμάρτητον,</strong></span> <span class='ocrx_word' id='word_1_602' title='bbox 1412 3584 1519 3624; x_wconf 87' lang='lat' dir='ltr'><strong>non</strong></span> <span class='ocrx_word' id='word_1_603' title='bbox 1543 3568 1622 3624; x_wconf 90' lang='lat' dir='ltr'><strong>sic</strong></span> <span class='ocrx_word' id='word_1_604' title='bbox 1641 3569 2016 3639; x_wconf 84' lang='lat' dir='ltr'><strong>accipiendum</strong></span> 
     </span>
    </p>
   </div>
   <div class='ocr_carea' id='block_1_66' title="bbox 427 3656 2020 3729">
    <p class='ocr_par' dir='ltr' id='par_1_66' title="bbox 427 3656 2020 3729">
     <span class='ocr_line' id='line_1_66' title="bbox 427 3656 2020 3729; baseline 0.002 -16"><span class='ocrx_word' id='word_1_605' title='bbox 427 3666 511 3713; x_wconf 89' lang='lat' dir='ltr'><strong>est</strong></span> <span class='ocrx_word' id='word_1_606' title='bbox 533 3666 787 3729; x_wconf 88' lang='lat' dir='ltr'><strong>tanquam</strong></span> <span class='ocrx_word' id='word_1_607' title='bbox 825 3656 892 3711; x_wconf 88' lang='lat' dir='ltr'><strong>ab</strong></span> <span class='ocrx_word' id='word_1_608' title='bbox 927 3659 1074 3713; x_wconf 87' lang='lat' dir='ltr'><strong>omni</strong></span> <span class='ocrx_word' id='word_1_609' title='bbox 1123 3674 1347 3729; x_wconf 85' lang='lat' dir='ltr'><strong>prorsus</strong></span> <span class='ocrx_word' id='word_1_610' title='bbox 1393 3670 1618 3729; x_wconf 89' lang='lat' dir='ltr'><strong>peccato</strong></span> <span class='ocrx_word' id='word_1_611' title='bbox 1652 3661 1911 3716; x_wconf 89' lang='lat' dir='ltr'><strong>mundum</strong></span> <span class='ocrx_word' id='word_1_612' title='bbox 1963 3668 2020 3716; x_wconf 91' lang='lat' dir='ltr'><strong>et</strong></span> 
     </span>
    </p>
   </div>
   <div class='ocr_carea' id='block_1_67' title="bbox 430 3748 2021 3829">
    <p class='ocr_par' dir='ltr' id='par_1_67' title="bbox 430 3748 2021 3829">
     <span class='ocr_line' id='line_1_67' title="bbox 430 3748 2021 3829; baseline 0.003 -27"><span class='ocrx_word' id='word_1_613' title='bbox 430 3748 726 3804; x_wconf 84' lang='lat' dir='ltr'><strong>immunem</strong></span> <span class='ocrx_word' id='word_1_614' title='bbox 771 3749 873 3804; x_wconf 88' lang='lat' dir='ltr'><strong>hoc</strong></span> <span class='ocrx_word' id='word_1_615' title='bbox 925 3749 1124 3804; x_wconf 75' lang='lat' dir='ltr'><strong>dixerit</strong></span> <span class='ocrx_word' id='word_1_616' title='bbox 1171 3752 1541 3829; x_wconf 77' lang='grc' dir='ltr'><strong>ἀναμάρτητον,</strong></span> <span class='ocrx_word' id='word_1_617' title='bbox 1594 3751 1698 3807; x_wconf 90' lang='lat' dir='ltr'><strong>hoc</strong></span> <span class='ocrx_word' id='word_1_618' title='bbox 1751 3760 1854 3818; x_wconf 90' lang='lat' dir='ltr'><strong>est,</strong></span> <span class='ocrx_word' id='word_1_619' title='bbox 1902 3753 2021 3807; x_wconf 89' lang='lat' dir='ltr'><strong>sine</strong></span> 
     </span>
    </p>
   </div>
   <div class='ocr_carea' id='block_1_68' title="bbox 429 3840 2020 3912">
    <p class='ocr_par' dir='ltr' id='par_1_68' title="bbox 429 3840 2020 3912">
     <span class='ocr_line' id='line_1_68' title="bbox 429 3840 2020 3912; baseline 0.001 -17"><span class='ocrx_word' id='word_1_620' title='bbox 429 3849 683 3910; x_wconf 84' lang='lat' dir='ltr'><strong>peccato;</strong></span> <span class='ocrx_word' id='word_1_621' title='bbox 709 3840 802 3895; x_wconf 89' lang='lat' dir='ltr'><strong>sed</strong></span> <span class='ocrx_word' id='word_1_622' title='bbox 832 3855 954 3895; x_wconf 90' lang='lat' dir='ltr'><strong>eum</strong></span> <span class='ocrx_word' id='word_1_623' title='bbox 984 3841 1075 3910; x_wconf 87' lang='lat' dir='ltr'><strong>qui</strong></span> <span class='ocrx_word' id='word_1_624' title='bbox 1109 3841 1227 3896; x_wconf 89' lang='lat' dir='ltr'><strong>sine</strong></span> <span class='ocrx_word' id='word_1_625' title='bbox 1250 3842 1354 3897; x_wconf 88' lang='lat' dir='ltr'><strong>isto</strong></span> <span class='ocrx_word' id='word_1_626' title='bbox 1377 3853 1601 3911; x_wconf 88' lang='lat' dir='ltr'><strong>peccato</strong></span> <span class='ocrx_word' id='word_1_627' title='bbox 1627 3850 1773 3898; x_wconf 90' lang='lat' dir='ltr'><strong>esset</strong></span> <span class='ocrx_word' id='word_1_628' title='bbox 1796 3842 1863 3898; x_wconf 89' lang='lat' dir='ltr'><strong>de</strong></span> <span class='ocrx_word' id='word_1_629' title='bbox 1913 3857 2020 3912; x_wconf 89' lang='lat' dir='ltr'><strong>quo</strong></span> 
     </span>
    </p>
   </div>
   <div class='ocr_carea' id='block_1_69' title="bbox 430 3929 2018 4002">
    <p class='ocr_par' dir='ltr' id='par_1_69' title="bbox 430 3929 2018 4002">
     <span class='ocr_line' id='line_1_69' title="bbox 430 3929 2018 4002; baseline 0.003 -20"><span class='ocrx_word' id='word_1_630' title='bbox 430 3930 782 3999; x_wconf 88' lang='lat' dir='ltr'><strong>loquebatur,</strong></span> <span class='ocrx_word' id='word_1_631' title='bbox 814 3930 956 3985; x_wconf 87' lang='lat' dir='ltr'><strong>sicut</strong></span> <span class='ocrx_word' id='word_1_632' title='bbox 981 3929 1113 3985; x_wconf 87' lang='lat' dir='ltr'><strong>dicit</strong></span> <span class='ocrx_word' id='word_1_633' title='bbox 1144 3931 1405 3985; x_wconf 88' lang='lat' dir='ltr'><strong>Dominus</strong></span> <span class='ocrx_word' id='word_1_634' title='bbox 1438 3932 1491 3984; x_wconf 89' lang='lat' dir='ltr'><strong>in</strong></span> <span class='ocrx_word' id='word_1_635' title='bbox 1538 3931 1827 4002; x_wconf 73' lang='lat' dir='ltr'><strong>Evangelia</strong></span> <span class='ocrx_word' id='word_1_636' title='bbox 1859 3950 1872 3986; x_wconf 90' lang='lat'><strong>:</strong></span> <span class='ocrx_word' id='word_1_637' title='bbox 1910 3951 1927 3982; x_wconf 77' lang='grc' dir='ltr'>ι</span> <span class='ocrx_word' id='word_1_638' title='bbox 1960 3932 2018 3987; x_wconf 89' lang='lat' dir='ltr'><strong>Si</strong></span> 
     </span>
    </p>
   </div>
   <div class='ocr_carea' id='block_1_70' title="bbox 431 4020 2018 4092">
    <p class='ocr_par' dir='ltr' id='par_1_70' title="bbox 431 4020 2018 4092">
     <span class='ocr_line' id='line_1_70' title="bbox 431 4020 2018 4092; baseline 0.001 -18"><span class='ocrx_word' id='word_1_639' title='bbox 431 4035 539 4074; x_wconf 83' lang='lat' dir='ltr'><strong>non</strong></span> <span class='ocrx_word' id='word_1_640' title='bbox 571 4020 858 4084; x_wconf 83' lang='lat' dir='ltr'><strong>venissem,</strong></span> <span class='ocrx_word' id='word_1_641' title='bbox 899 4029 954 4073; x_wconf 87' lang='lat' dir='ltr'><strong>et</strong></span> <span class='ocrx_word' id='word_1_642' title='bbox 983 4020 1196 4076; x_wconf 90' lang='lat' dir='ltr'><strong>locutus</strong></span> <span class='ocrx_word' id='word_1_643' title='bbox 1219 4037 1325 4074; x_wconf 86' lang='lat' dir='ltr'><strong>non</strong></span> <span class='ocrx_word' id='word_1_644' title='bbox 1354 4020 1574 4076; x_wconf 84' lang='lat' dir='ltr'><strong>fuissem</strong></span> <span class='ocrx_word' id='word_1_645' title='bbox 1603 4022 1706 4087; x_wconf 84' lang='lat' dir='ltr'><strong>eis,</strong></span> <span class='ocrx_word' id='word_1_646' title='bbox 1736 4032 2018 4092; x_wconf 86' lang='lat' dir='ltr'><strong>peccatum</strong></span> 
     </span>
    </p>
   </div>
   <div class='ocr_carea' id='block_1_71' title="bbox 435 4108 2020 4181">
    <p class='ocr_par' dir='ltr' id='par_1_71' title="bbox 435 4108 2020 4181">
     <span class='ocr_line' id='line_1_71' title="bbox 435 4108 2020 4181; baseline 0.002 -18"><span class='ocrx_word' id='word_1_647' title='bbox 435 4124 541 4163; x_wconf 91' lang='lat' dir='ltr'><strong>non</strong></span> <span class='ocrx_word' id='word_1_648' title='bbox 571 4110 877 4164; x_wconf 68' lang='lat' dir='ltr'><strong>baberent»</strong></span> <span class='ocrx_word' id='word_1_649' title='bbox 917 4108 1110 4178; x_wconf 86' lang='lat' dir='ltr'><strong>(Joan.</strong></span> <span class='ocrx_word' id='word_1_650' title='bbox 1140 4109 1275 4181; x_wconf 82' lang='lat' dir='ltr'><strong>xv);</strong></span> <span class='ocrx_word' id='word_1_651' title='bbox 1303 4125 1407 4163; x_wconf 88' lang='lat' dir='ltr'><strong>non</strong></span> <span class='ocrx_word' id='word_1_652' title='bbox 1461 4110 1649 4179; x_wconf 86' lang='lat' dir='ltr'><strong>utique</strong></span> <span class='ocrx_word' id='word_1_653' title='bbox 1693 4125 1871 4174; x_wconf 88' lang='lat' dir='ltr'><strong>omne,</strong></span> <span class='ocrx_word' id='word_1_654' title='bbox 1926 4113 2020 4166; x_wconf 88' lang='lat' dir='ltr'><strong>sed</strong></span> 
     </span>
    </p>
   </div>
   <div class='ocr_carea' id='block_1_72' title="bbox 433 4201 2022 4271">
    <p class='ocr_par' dir='ltr' id='par_1_72' title="bbox 433 4201 2022 4271">
     <span class='ocr_line' id='line_1_72' title="bbox 433 4201 2022 4271; baseline 0.001 -14"><span class='ocrx_word' id='word_1_655' title='bbox 433 4204 536 4257; x_wconf 88' lang='lat' dir='ltr'><strong>hoc</strong></span> <span class='ocrx_word' id='word_1_656' title='bbox 560 4211 842 4271; x_wconf 80' lang='lat' dir='ltr'><strong>peccatum</strong></span> <span class='ocrx_word' id='word_1_657' title='bbox 874 4215 981 4270; x_wconf 87' lang='lat' dir='ltr'><strong>quo</strong></span> <span class='ocrx_word' id='word_1_658' title='bbox 1031 4216 1137 4256; x_wconf 90' lang='lat' dir='ltr'><strong>non</strong></span> <span class='ocrx_word' id='word_1_659' title='bbox 1189 4201 1536 4256; x_wconf 85' lang='lat' dir='ltr'><strong>crediderunt</strong></span> <span class='ocrx_word' id='word_1_660' title='bbox 1579 4202 1632 4255; x_wconf 88' lang='lat' dir='ltr'><strong>in</strong></span> <span class='ocrx_word' id='word_1_661' title='bbox 1679 4217 1823 4257; x_wconf 86' lang='lat' dir='ltr'><strong>eum.</strong></span> <span class='ocrx_word' id='word_1_662' title='bbox 1881 4201 2022 4258; x_wconf 88' lang='lat' dir='ltr'><strong>Dicit</strong></span> 
     </span>
    </p>
   </div>
   <div class='ocr_carea' id='block_1_73' title="bbox 430 4293 2019 4351">
    <p class='ocr_par' dir='ltr' id='par_1_73' title="bbox 430 4293 2019 4351">
     <span class='ocr_line' id='line_1_73' title="bbox 430 4293 2019 4351; baseline 0 -1"><span class='ocrx_word' id='word_1_663' title='bbox 430 4294 597 4350; x_wconf 90' lang='lat' dir='ltr'><strong>etiam</strong></span> <span class='ocrx_word' id='word_1_664' title='bbox 636 4293 778 4349; x_wconf 84' lang='lat' dir='ltr'><strong>Deus</strong></span> <span class='ocrx_word' id='word_1_665' title='bbox 808 4294 876 4348; x_wconf 87' lang='lat' dir='ltr'><strong>ad</strong></span> <span class='ocrx_word' id='word_1_666' title='bbox 903 4293 1213 4349; x_wconf 79' lang='lat' dir='ltr'><strong>Abimelcch</strong></span> <span class='ocrx_word' id='word_1_667' title='bbox 1246 4295 1310 4349; x_wconf 86' lang='lat' dir='ltr'><strong>de</strong></span> <span class='ocrx_word' id='word_1_668' title='bbox 1342 4294 1477 4349; x_wconf 85' lang='lat' dir='ltr'><strong>Sara</strong></span> <span class='ocrx_word' id='word_1_669' title='bbox 1526 4310 1695 4351; x_wconf 78' lang='lat' dir='ltr'><strong>uxore</strong></span> <span class='ocrx_word' id='word_1_670' title='bbox 1742 4295 1974 4351; x_wconf 61' lang='lat' dir='ltr'><strong>Abrahae</strong></span> <span class='ocrx_word' id='word_1_671' title='bbox 2002 4311 2019 4350; x_wconf 93' lang='lat'><strong>:</strong></span> 
     </span>
    </p>
   </div>
   <div class='ocr_carea' id='block_1_74' title="bbox 437 4383 2013 4460">
    <p class='ocr_par' dir='ltr' id='par_1_74' title="bbox 437 4383 2013 4460">
     <span class='ocr_line' id='line_1_74' title="bbox 437 4383 2013 4460; baseline 0.006 -26"><span class='ocrx_word' id='word_1_672' title='bbox 437 4402 456 4434; x_wconf 72' lang='grc' dir='ltr'>ι</span> <span class='ocrx_word' id='word_1_673' title='bbox 482 4383 608 4439; x_wconf 89' lang='lat' dir='ltr'><strong>Scio</strong></span> <span class='ocrx_word' id='word_1_674' title='bbox 642 4384 767 4453; x_wconf 86' lang='lat' dir='ltr'><strong>quia</strong></span> <span class='ocrx_word' id='word_1_675' title='bbox 822 4386 1024 4439; x_wconf 81' lang='lat' dir='ltr'><strong>mundo</strong></span> <span class='ocrx_word' id='word_1_676' title='bbox 1060 4385 1220 4440; x_wconf 89' lang='lat' dir='ltr'><strong>corde</strong></span> <span class='ocrx_word' id='word_1_677' title='bbox 1260 4384 1435 4441; x_wconf 82' lang='lat' dir='ltr'><strong>fecisti</strong></span> <span class='ocrx_word' id='word_1_678' title='bbox 1483 4388 1587 4443; x_wconf 91' lang='lat' dir='ltr'><strong>hoc</strong></span> <span class='ocrx_word' id='word_1_679' title='bbox 1621 4407 1638 4439; x_wconf 76' lang='grc' dir='ltr'><strong>ο</strong></span> <span class='ocrx_word' id='word_1_680' title='bbox 1680 4387 1845 4458; x_wconf 83' lang='lat' dir='ltr'><strong>(Cen.</strong></span> <span class='ocrx_word' id='word_1_681' title='bbox 1888 4388 2013 4460; x_wconf 77' lang='lat' dir='ltr'><strong>xx).</strong></span> 
     </span>
    </p>
   </div>
   <div class='ocr_carea' id='block_1_75' title="bbox 430 4474 2019 4551">
    <p class='ocr_par' dir='ltr' id='par_1_75' title="bbox 430 4474 2019 4551">
     <span class='ocr_line' id='line_1_75' title="bbox 430 4474 2019 4551; baseline 0.004 -23"><span class='ocrx_word' id='word_1_682' title='bbox 430 4474 548 4530; x_wconf 82' lang='lat' dir='ltr'><strong>Non</strong></span> <span class='ocrx_word' id='word_1_683' title='bbox 579 4476 766 4551; x_wconf 81' lang='lat' dir='ltr'><strong>utique</strong></span> <span class='ocrx_word' id='word_1_684' title='bbox 793 4475 1050 4530; x_wconf 86' lang='lat' dir='ltr'><strong>mundum</strong></span> <span class='ocrx_word' id='word_1_685' title='bbox 1077 4490 1172 4530; x_wconf 91' lang='lat' dir='ltr'><strong>cor</strong></span> <span class='ocrx_word' id='word_1_686' title='bbox 1199 4476 1341 4531; x_wconf 87' lang='lat' dir='ltr'><strong>illius</strong></span> <span class='ocrx_word' id='word_1_687' title='bbox 1369 4477 1443 4531; x_wconf 86' lang='lat' dir='ltr'><strong>ita</strong></span> <span class='ocrx_word' id='word_1_688' title='bbox 1471 4478 1639 4533; x_wconf 85' lang='lat' dir='ltr'><strong>voluit</strong></span> <span class='ocrx_word' id='word_1_689' title='bbox 1669 4479 1913 4550; x_wconf 79' lang='lat' dir='ltr'><strong>intelligi,</strong></span> <span class='ocrx_word' id='word_1_690' title='bbox 1960 4491 2019 4534; x_wconf 86' lang='lat' dir='ltr'><strong>ut</strong></span> 
     </span>
    </p>
   </div>
   <div class='ocr_carea' id='block_1_76' title="bbox 430 4566 2018 4636">
    <p class='ocr_par' dir='ltr' id='par_1_76' title="bbox 430 4566 2018 4636">
     <span class='ocr_line' id='line_1_76' title="bbox 430 4566 2018 4636; baseline 0.001 -14"><span class='ocrx_word' id='word_1_691' title='bbox 430 4566 871 4622; x_wconf 86' lang='lat' dir='ltr'><strong>similiseisesset</strong></span> <span class='ocrx_word' id='word_1_692' title='bbox 891 4566 956 4622; x_wconf 89' lang='lat' dir='ltr'><strong>de</strong></span> <span class='ocrx_word' id='word_1_693' title='bbox 976 4566 1172 4636; x_wconf 86' lang='lat' dir='ltr'><strong>quibus</strong></span> <span class='ocrx_word' id='word_1_694' title='bbox 1199 4568 1403 4623; x_wconf 86' lang='lat' dir='ltr'><strong>dictum</strong></span> <span class='ocrx_word' id='word_1_695' title='bbox 1433 4577 1517 4623; x_wconf 88' lang='lat' dir='ltr'><strong>est</strong></span> <span class='ocrx_word' id='word_1_696' title='bbox 1546 4586 1559 4622; x_wconf 86' lang='lat'><strong>:</strong></span> <span class='ocrx_word' id='word_1_697' title='bbox 1599 4587 1617 4617; x_wconf 77' lang='grc' dir='ltr'>ι</span> <span class='ocrx_word' id='word_1_698' title='bbox 1649 4570 1795 4623; x_wconf 71' lang='lat' dir='ltr'><strong>Beati</strong></span> <span class='ocrx_word' id='word_1_699' title='bbox 1817 4571 2018 4624; x_wconf 86' lang='lat' dir='ltr'><strong>mundo</strong></span> 
     </span>
    </p>
   </div>
   <div class='ocr_carea' id='block_1_77' title="bbox 429 4659 2015 4733">
    <p class='ocr_par' dir='ltr' id='par_1_77' title="bbox 429 4659 2015 4733">
     <span class='ocr_line' id='line_1_77' title="bbox 429 4659 2015 4733; baseline 0.001 -21"><span class='ocrx_word' id='word_1_700' title='bbox 429 4659 613 4723; x_wconf 89' lang='lat' dir='ltr'><strong>corde,</strong></span> <span class='ocrx_word' id='word_1_701' title='bbox 651 4659 904 4728; x_wconf 86' lang='lat' dir='ltr'><strong>quoniam</strong></span> <span class='ocrx_word' id='word_1_702' title='bbox 938 4660 1037 4730; x_wconf 83' lang='lat' dir='ltr'><strong>ipsi</strong></span> <span class='ocrx_word' id='word_1_703' title='bbox 1079 4661 1249 4715; x_wconf 92' lang='lat' dir='ltr'><strong>Deum</strong></span> <span class='ocrx_word' id='word_1_704' title='bbox 1276 4661 1535 4716; x_wconf 86' lang='lat' dir='ltr'><strong>videbunt</strong></span> <span class='ocrx_word' id='word_1_705' title='bbox 1570 4679 1588 4712; x_wconf 75' lang='grc' dir='ltr'><strong><em>ι</em></strong></span> <span class='ocrx_word' id='word_1_706' title='bbox 1640 4660 1865 4733; x_wconf 73' lang='lat' dir='ltr'><strong>(Matth.</strong></span> <span class='ocrx_word' id='word_1_707' title='bbox 1914 4660 2015 4732; x_wconf 89' lang='lat' dir='ltr'><strong>v);</strong></span> 
     </span>
    </p>
   </div>
   <div class='ocr_carea' id='block_1_78' title="bbox 430 4746 2020 4822">
    <p class='ocr_par' dir='ltr' id='par_1_78' title="bbox 430 4746 2020 4822">
     <span class='ocr_line' id='line_1_78' title="bbox 430 4746 2020 4822; baseline 0.001 -19"><span class='ocrx_word' id='word_1_708' title='bbox 430 4746 527 4803; x_wconf 87' lang='lat' dir='ltr'><strong>sed</strong></span> <span class='ocrx_word' id='word_1_709' title='bbox 556 4747 625 4801; x_wconf 88' lang='lat' dir='ltr'><strong>ab</strong></span> <span class='ocrx_word' id='word_1_710' title='bbox 650 4749 740 4803; x_wconf 88' lang='lat' dir='ltr'><strong>illo</strong></span> <span class='ocrx_word' id='word_1_711' title='bbox 766 4759 991 4819; x_wconf 86' lang='lat' dir='ltr'><strong>peccato</strong></span> <span class='ocrx_word' id='word_1_712' title='bbox 1014 4750 1080 4805; x_wconf 87' lang='lat' dir='ltr'><strong>de</strong></span> <span class='ocrx_word' id='word_1_713' title='bbox 1110 4765 1217 4820; x_wconf 91' lang='lat' dir='ltr'><strong>quo</strong></span> <span class='ocrx_word' id='word_1_714' title='bbox 1260 4750 1543 4822; x_wconf 81' lang='lat' dir='ltr'><strong>agebatur,</strong></span> <span class='ocrx_word' id='word_1_715' title='bbox 1606 4749 1866 4803; x_wconf 86' lang='lat' dir='ltr'><strong>mundum</strong></span> <span class='ocrx_word' id='word_1_716' title='bbox 1922 4766 2020 4806; x_wconf 89' lang='lat' dir='ltr'><strong>eor</strong></span> 
     </span>
    </p>
   </div>
   <div class='ocr_carea' id='block_1_79' title="bbox 434 4840 2015 4912">
    <p class='ocr_par' dir='ltr' id='par_1_79' title="bbox 434 4840 2015 4912">
     <span class='ocr_line' id='line_1_79' title="bbox 434 4840 2015 4912; baseline 0.001 -18"><span class='ocrx_word' id='word_1_717' title='bbox 434 4840 687 4904; x_wconf 88' lang='lat' dir='ltr'><strong>habebat,</strong></span> <span class='ocrx_word' id='word_1_718' title='bbox 728 4841 980 4909; x_wconf 83' lang='lat' dir='ltr'><strong>quoniam</strong></span> <span class='ocrx_word' id='word_1_719' title='bbox 1032 4842 1100 4897; x_wconf 89' lang='lat' dir='ltr'><strong>ad</strong></span> <span class='ocrx_word' id='word_1_720' title='bbox 1154 4841 1329 4912; x_wconf 88' lang='lat' dir='ltr'><strong>ipsum</strong></span> <span class='ocrx_word' id='word_1_721' title='bbox 1379 4850 1638 4912; x_wconf 88' lang='lat' dir='ltr'><strong>quantum</strong></span> <span class='ocrx_word' id='word_1_722' title='bbox 1689 4842 2015 4912; x_wconf 85' lang='lat' dir='ltr'><strong>pertinebat,</strong></span> 
     </span>
    </p>
   </div>
   <div class='ocr_carea' id='block_1_80' title="bbox 434 4933 2015 5006">
    <p class='ocr_par' dir='ltr' id='par_1_80' title="bbox 434 4933 2015 5006">
     <span class='ocr_line' id='line_1_80' title="bbox 434 4933 2015 5006; baseline 0.001 -19"><span class='ocrx_word' id='word_1_723' title='bbox 434 4948 540 4988; x_wconf 88' lang='lat' dir='ltr'><strong>non</strong></span> <span class='ocrx_word' id='word_1_724' title='bbox 562 4933 946 5002; x_wconf 84' lang='lat' dir='ltr'><strong>concupiverat</strong></span> <span class='ocrx_word' id='word_1_725' title='bbox 992 4935 1278 5006; x_wconf 77' lang='lat' dir='ltr'><strong>conjugem</strong></span> <span class='ocrx_word' id='word_1_726' title='bbox 1329 4935 1584 4990; x_wconf 87' lang='lat' dir='ltr'><strong>alienam.</strong></span> <span class='ocrx_word' id='word_1_727' title='bbox 1634 4934 1788 5002; x_wconf 89' lang='lat' dir='ltr'><strong>Quod</strong></span> <span class='ocrx_word' id='word_1_728' title='bbox 1834 4943 2015 4990; x_wconf 85' lang='lat' dir='ltr'><strong>autem</strong></span> 
     </span>
    </p>
   </div>
   <div class='ocr_carea' id='block_1_81' title="bbox 431 5023 2016 5098">
    <p class='ocr_par' dir='ltr' id='par_1_81' title="bbox 431 5023 2016 5098">
     <span class='ocr_line' id='line_1_81' title="bbox 431 5023 2016 5098; baseline 0.001 -18"><span class='ocrx_word' id='word_1_729' title='bbox 431 5024 530 5090; x_wconf 79' lang='lat' dir='ltr'><strong>ait,</strong></span> <span class='ocrx_word' id='word_1_730' title='bbox 559 5041 577 5075; x_wconf 73' lang='grc' dir='ltr'>ι</span> <span class='ocrx_word' id='word_1_731' title='bbox 597 5023 854 5077; x_wconf 83' lang='lat' dir='ltr'><strong>Assumat</strong></span> <span class='ocrx_word' id='word_1_732' title='bbox 872 5025 1020 5079; x_wconf 88' lang='lat' dir='ltr'><strong>ebria</strong></span> <span class='ocrx_word' id='word_1_733' title='bbox 1047 5026 1340 5090; x_wconf 89' lang='lat' dir='ltr'><strong>sitientem,</strong></span> <span class='ocrx_word' id='word_1_734' title='bbox 1370 5034 1423 5080; x_wconf 92' lang='lat' dir='ltr'><strong>et</strong></span> <span class='ocrx_word' id='word_1_735' title='bbox 1449 5025 1708 5080; x_wconf 88' lang='lat' dir='ltr'><strong>Dominus</strong></span> <span class='ocrx_word' id='word_1_736' title='bbox 1734 5041 1841 5082; x_wconf 89' lang='lat' dir='ltr'><strong>non</strong></span> <span class='ocrx_word' id='word_1_737' title='bbox 1865 5026 2016 5098; x_wconf 79' lang='lat' dir='ltr'><strong>igno-</strong></span> 
     </span>
    </p>
   </div>
   <div class='ocr_carea' id='block_1_82' title="bbox 430 5114 2017 5190">
    <p class='ocr_par' dir='ltr' id='par_1_82' title="bbox 430 5114 2017 5190">
     <span class='ocr_line' id='line_1_82' title="bbox 430 5114 2017 5190; baseline 0.001 -17"><span class='ocrx_word' id='word_1_738' title='bbox 430 5124 550 5173; x_wconf 86' lang='lat' dir='ltr'><strong>scat</strong></span> <span class='ocrx_word' id='word_1_739' title='bbox 576 5115 648 5180; x_wconf 90' lang='lat' dir='ltr'><strong>ei,</strong></span> <span class='ocrx_word' id='word_1_740' title='bbox 684 5135 703 5168; x_wconf 72' lang='grc' dir='ltr'>ι</span> <span class='ocrx_word' id='word_1_741' title='bbox 731 5114 872 5169; x_wconf 88' lang='lat' dir='ltr'><strong>idem</strong></span> <span class='ocrx_word' id='word_1_742' title='bbox 891 5120 1137 5187; x_wconf 86' lang='lat' dir='ltr'><strong>estquod</strong></span> <span class='ocrx_word' id='word_1_743' title='bbox 1165 5118 1267 5172; x_wconf 90' lang='lat' dir='ltr'><strong>alia</strong></span> <span class='ocrx_word' id='word_1_744' title='bbox 1298 5119 1462 5174; x_wconf 85' lang='lat' dir='ltr'><strong>editio</strong></span> <span class='ocrx_word' id='word_1_745' title='bbox 1483 5119 1668 5185; x_wconf 87' lang='lat' dir='ltr'><strong>habet,</strong></span> <span class='ocrx_word' id='word_1_746' title='bbox 1699 5139 1717 5169; x_wconf 84' lang='grc'><em>‹</em></span> <span class='ocrx_word' id='word_1_747' title='bbox 1746 5118 1860 5175; x_wconf 83' lang='lat' dir='ltr'><strong>Non</strong></span> <span class='ocrx_word' id='word_1_748' title='bbox 1891 5135 2017 5190; x_wconf 88' lang='lat' dir='ltr'><strong>per-</strong></span> 
     </span>
    </p>
   </div>
   <div class='ocr_carea' id='block_1_83' title="bbox 430 5206 2014 5277">
    <p class='ocr_par' dir='ltr' id='par_1_83' title="bbox 430 5206 2014 5277">
     <span class='ocr_line' id='line_1_83' title="bbox 430 5206 2014 5277; baseline 0.002 -16"><span class='ocrx_word' id='word_1_749' title='bbox 430 5207 526 5261; x_wconf 86' lang='lat' dir='ltr'><strong>dat</strong></span> <span class='ocrx_word' id='word_1_750' title='bbox 551 5212 808 5276; x_wconf 87' lang='lat' dir='ltr'><strong>peccator</strong></span> <span class='ocrx_word' id='word_1_751' title='bbox 825 5218 948 5258; x_wconf 87' lang='lat' dir='ltr'><strong>eum</strong></span> <span class='ocrx_word' id='word_1_752' title='bbox 976 5206 1065 5274; x_wconf 91' lang='lat' dir='ltr'><strong>qui</strong></span> <span class='ocrx_word' id='word_1_753' title='bbox 1098 5206 1215 5261; x_wconf 87' lang='lat' dir='ltr'><strong>sine</strong></span> <span class='ocrx_word' id='word_1_754' title='bbox 1239 5217 1464 5277; x_wconf 88' lang='lat' dir='ltr'><strong>peccato</strong></span> <span class='ocrx_word' id='word_1_755' title='bbox 1489 5216 1592 5262; x_wconf 92' lang='lat' dir='ltr'><strong>est.</strong></span> <span class='ocrx_word' id='word_1_756' title='bbox 1630 5228 1648 5261; x_wconf 75' lang='grc' dir='ltr'><strong><em>ι</em></strong></span> <span class='ocrx_word' id='word_1_757' title='bbox 1693 5209 1771 5263; x_wconf 83' lang='lat' dir='ltr'><strong>Ac</strong></span> <span class='ocrx_word' id='word_1_758' title='bbox 1797 5209 1841 5265; x_wconf 91' lang='lat' dir='ltr'><strong>si</strong></span> <span class='ocrx_word' id='word_1_759' title='bbox 1871 5209 2014 5264; x_wconf 85' lang='lat' dir='ltr'><strong>dice-</strong></span> 
     </span>
    </p>
   </div>
   <div class='ocr_carea' id='block_1_84' title="bbox 432 5293 2008 5367">
    <p class='ocr_par' dir='ltr' id='par_1_84' title="bbox 432 5293 2008 5367">
     <span class='ocr_line' id='line_1_84' title="bbox 432 5293 2008 5367; baseline 0.003 -18"><span class='ocrx_word' id='word_1_760' title='bbox 432 5303 551 5350; x_wconf 88' lang='lat' dir='ltr'><strong>ret:</strong></span> <span class='ocrx_word' id='word_1_761' title='bbox 583 5293 894 5350; x_wconf 82' lang='lat' dir='ltr'><strong>Cavendum</strong></span> <span class='ocrx_word' id='word_1_762' title='bbox 919 5302 1024 5361; x_wconf 91' lang='lat' dir='ltr'><strong>est,</strong></span> <span class='ocrx_word' id='word_1_763' title='bbox 1046 5311 1114 5351; x_wconf 88' lang='lat' dir='ltr'><strong>ne</strong></span> <span class='ocrx_word' id='word_1_764' title='bbox 1143 5295 1229 5352; x_wconf 87' lang='lat' dir='ltr'><strong>ille</strong></span> <span class='ocrx_word' id='word_1_765' title='bbox 1262 5297 1352 5367; x_wconf 90' lang='lat' dir='ltr'><strong>qui</strong></span> <span class='ocrx_word' id='word_1_766' title='bbox 1375 5296 1557 5352; x_wconf 89' lang='lat' dir='ltr'><strong>ebrius</strong></span> <span class='ocrx_word' id='word_1_767' title='bbox 1578 5307 1662 5353; x_wconf 87' lang='lat' dir='ltr'><strong>est</strong></span> <span class='ocrx_word' id='word_1_768' title='bbox 1691 5299 1894 5353; x_wconf 86' lang='lat' dir='ltr'><strong>malitia</strong></span> <span class='ocrx_word' id='word_1_769' title='bbox 1933 5307 2008 5355; x_wconf 88' lang='lat' dir='ltr'><strong>at-</strong></span> 
     </span>
    </p>
   </div>
   <div class='ocr_carea' id='block_1_85' title="bbox 428 5386 2015 5461">
    <p class='ocr_par' dir='ltr' id='par_1_85' title="bbox 428 5386 2015 5461">
     <span class='ocr_line' id='line_1_85' title="bbox 428 5386 2015 5461; baseline 0.002 -20"><span class='ocrx_word' id='word_1_770' title='bbox 428 5401 537 5457; x_wconf 86' lang='lat' dir='ltr'><strong>que</strong></span> <span class='ocrx_word' id='word_1_771' title='bbox 567 5386 867 5443; x_wconf 85' lang='lat' dir='ltr'><strong>idololatria</strong></span> <span class='ocrx_word' id='word_1_772' title='bbox 902 5387 1123 5443; x_wconf 84' lang='lat' dir='ltr'><strong>seducat</strong></span> <span class='ocrx_word' id='word_1_773' title='bbox 1150 5403 1274 5443; x_wconf 87' lang='lat' dir='ltr'><strong>eum</strong></span> <span class='ocrx_word' id='word_1_774' title='bbox 1316 5389 1369 5443; x_wconf 91' lang='lat' dir='ltr'><strong>iu</strong></span> <span class='ocrx_word' id='word_1_775' title='bbox 1403 5403 1666 5454; x_wconf 88' lang='lat' dir='ltr'><strong>errorem,</strong></span> <span class='ocrx_word' id='word_1_776' title='bbox 1716 5390 1808 5461; x_wconf 87' lang='lat' dir='ltr'><strong>qui</strong></span> <span class='ocrx_word' id='word_1_777' title='bbox 1853 5391 2015 5446; x_wconf 84' lang='lat' dir='ltr'><strong>habet</strong></span> 
     </span>
    </p>
   </div>
   <div class='ocr_carea' id='block_1_86' title="bbox 431 5479 2015 5555">
    <p class='ocr_par' dir='ltr' id='par_1_86' title="bbox 431 5479 2015 5555">
     <span class='ocr_line' id='line_1_86' title="bbox 431 5479 2015 5555; baseline 0.006 -24"><span class='ocrx_word' id='word_1_778' title='bbox 431 5488 618 5534; x_wconf 87' lang='lat' dir='ltr'><strong>votum</strong></span> <span class='ocrx_word' id='word_1_779' title='bbox 638 5479 879 5536; x_wconf 80' lang='lat' dir='ltr'><strong>discendi</strong></span> <span class='ocrx_word' id='word_1_780' title='bbox 909 5490 1071 5551; x_wconf 88' lang='lat' dir='ltr'><strong>atque</strong></span> <span class='ocrx_word' id='word_1_781' title='bbox 1093 5481 1296 5537; x_wconf 85' lang='lat' dir='ltr'><strong>sciendi</strong></span> <span class='ocrx_word' id='word_1_782' title='bbox 1329 5482 1645 5550; x_wconf 87' lang='lat' dir='ltr'><strong>veritatem;</strong></span> <span class='ocrx_word' id='word_1_783' title='bbox 1675 5484 1800 5554; x_wconf 90' lang='lat' dir='ltr'><strong>quia</strong></span> <span class='ocrx_word' id='word_1_784' title='bbox 1828 5485 2015 5555; x_wconf 81' lang='lat' dir='ltr'><strong>hujus-</strong></span> 
     </span>
    </p>
   </div>
   <div class='ocr_carea' id='block_1_87' title="bbox 431 5572 2014 5646">
    <p class='ocr_par' dir='ltr' id='par_1_87' title="bbox 431 5572 2014 5646">
     <span class='ocr_line' id='line_1_87' title="bbox 431 5572 2014 5646; baseline 0.003 -22"><span class='ocrx_word' id='word_1_785' title='bbox 431 5572 575 5625; x_wconf 82' lang='lat' dir='ltr'><strong>modi</strong></span> <span class='ocrx_word' id='word_1_786' title='bbox 606 5573 858 5630; x_wconf 87' lang='lat' dir='ltr'><strong>delictum</strong></span> <span class='ocrx_word' id='word_1_787' title='bbox 914 5591 1020 5631; x_wconf 90' lang='lat' dir='ltr'><strong>non</strong></span> <span class='ocrx_word' id='word_1_788' title='bbox 1064 5573 1278 5630; x_wconf 82' lang='lat' dir='ltr'><strong>facilem</strong></span> <span class='ocrx_word' id='word_1_789' title='bbox 1319 5574 1482 5631; x_wconf 81' lang='lat' dir='ltr'><strong>habet</strong></span> <span class='ocrx_word' id='word_1_790' title='bbox 1528 5576 1742 5630; x_wconf 89' lang='lat' dir='ltr'><strong>veniam</strong></span> <span class='ocrx_word' id='word_1_791' title='bbox 1776 5594 1788 5630; x_wconf 93' lang='lat'><strong>:</strong></span> <span class='ocrx_word' id='word_1_792' title='bbox 1825 5576 1878 5629; x_wconf 92' lang='lat' dir='ltr'><strong>in</strong></span> <span class='ocrx_word' id='word_1_793' title='bbox 1909 5592 2014 5646; x_wconf 89' lang='lat' dir='ltr'><strong>qua</strong></span> 
     </span>
    </p>
   </div>
   <div class='ocr_carea' id='block_1_88' title="bbox 435 5660 2014 5737">
    <p class='ocr_par' dir='ltr' id='par_1_88' title="bbox 435 5660 2014 5737">
     <span class='ocr_line' id='line_1_88' title="bbox 435 5660 2014 5737; baseline 0.007 -27"><span class='ocrx_word' id='word_1_794' title='bbox 435 5660 667 5713; x_wconf 82' lang='lat' dir='ltr'><strong>maxime</strong></span> <span class='ocrx_word' id='word_1_795' title='bbox 704 5667 967 5721; x_wconf 84' lang='lat' dir='ltr'><strong>sententia</strong></span> <span class='ocrx_word' id='word_1_796' title='bbox 1018 5667 1398 5737; x_wconf 81' lang='lat' dir='ltr'><strong>percutiuntur</strong></span> <span class='ocrx_word' id='word_1_797' title='bbox 1439 5667 1676 5723; x_wconf 55' lang='lat' dir='ltr'><strong>liaéretici</strong></span> <span class='ocrx_word' id='word_1_798' title='bbox 1727 5667 1839 5737; x_wconf 87' lang='lat' dir='ltr'><strong>qui,</strong></span> <span class='ocrx_word' id='word_1_799' title='bbox 1875 5667 2014 5735; x_wconf 56' lang='lat' dir='ltr'><strong>pltui</strong></span> 
     </span>
    </p>
   </div>
   <div class='ocr_carea' id='block_1_89' title="bbox 2046 4442 2096 4502">
    <p class='ocr_par' dir='ltr' id='par_1_89' title="bbox 2046 4442 2096 4502">
     <span class='ocr_line' id='line_1_89' title="bbox 2046 4442 2096 4502; baseline 0 0"><span class='ocrx_word' id='word_1_800' title='bbox 2046 4442 2096 4502; x_wconf 79' lang='grc' dir='ltr'><strong><em>Β</em></strong></span> 
     </span>
    </p>
   </div>
   <div class='ocr_carea' id='block_1_90' title="bbox 2124 3200 3713 3276">
    <p class='ocr_par' dir='ltr' id='par_1_90' title="bbox 2124 3200 3713 3276">
     <span class='ocr_line' id='line_1_90' title="bbox 2124 3200 3713 3276; baseline 0.006 -23"><span class='ocrx_word' id='word_1_801' title='bbox 2124 3221 2142 3253; x_wconf 74' lang='grc' dir='ltr'>ι</span> <span class='ocrx_word' id='word_1_802' title='bbox 2171 3210 2228 3256; x_wconf 87' lang='lat' dir='ltr'><strong>et</strong></span> <span class='ocrx_word' id='word_1_803' title='bbox 2253 3202 2306 3255; x_wconf 91' lang='lat' dir='ltr'><strong>iu</strong></span> <span class='ocrx_word' id='word_1_804' title='bbox 2341 3200 2503 3254; x_wconf 85' lang='lat' dir='ltr'><strong>corde</strong></span> <span class='ocrx_word' id='word_1_805' title='bbox 2530 3212 2644 3264; x_wconf 89' lang='lat' dir='ltr'><strong>tuo,</strong></span> <span class='ocrx_word' id='word_1_806' title='bbox 2678 3208 2738 3255; x_wconf 89' lang='lat' dir='ltr'><strong>ut</strong></span> <span class='ocrx_word' id='word_1_807' title='bbox 2782 3200 2951 3256; x_wconf 77' lang='lat' dir='ltr'><strong>facias</strong></span> <span class='ocrx_word' id='word_1_808' title='bbox 2992 3201 3161 3270; x_wconf 90' lang='lat' dir='ltr'><strong>illum,</strong></span> <span class='ocrx_word' id='word_1_809' title='bbox 3195 3223 3214 3256; x_wconf 75' lang='grc' dir='ltr'><strong>ι</strong></span> <span class='ocrx_word' id='word_1_810' title='bbox 3259 3212 3315 3259; x_wconf 94' lang='lat' dir='ltr'><strong>et</strong></span> <span class='ocrx_word' id='word_1_811' title='bbox 3349 3205 3577 3276; x_wconf 80' lang='lat' dir='ltr'><strong>reliqua.</strong></span> <span class='ocrx_word' id='word_1_812' title='bbox 3616 3205 3713 3263; x_wconf 81' lang='lat' dir='ltr'><strong>Se-</strong></span> 
     </span>
    </p>
   </div>
   <div class='ocr_carea' id='block_1_91' title="bbox 2172 3291 3715 3367">
    <p class='ocr_par' dir='ltr' id='par_1_91' title="bbox 2172 3291 3715 3367">
     <span class='ocr_line' id='line_1_91' title="bbox 2172 3291 3715 3367; baseline 0.005 -20"><span class='ocrx_word' id='word_1_813' title='bbox 2172 3291 2449 3362; x_wconf 75' lang='lat' dir='ltr'><strong>ptuaginta</strong></span> <span class='ocrx_word' id='word_1_814' title='bbox 2480 3310 2493 3346; x_wconf 92' lang='lat'>:</span> <span class='ocrx_word' id='word_1_815' title='bbox 2526 3311 2544 3343; x_wconf 73' lang='grc' dir='ltr'><strong><em>ι</em></strong></span> <span class='ocrx_word' id='word_1_816' title='bbox 2572 3291 2709 3359; x_wconf 86' lang='lat' dir='ltr'><strong>Quia</strong></span> <span class='ocrx_word' id='word_1_817' title='bbox 2740 3293 3056 3347; x_wconf 88' lang='lat' dir='ltr'><strong>mandatum</strong></span> <span class='ocrx_word' id='word_1_818' title='bbox 3079 3293 3184 3350; x_wconf 88' lang='lat' dir='ltr'><strong>hoc</strong></span> <span class='ocrx_word' id='word_1_819' title='bbox 3206 3295 3351 3365; x_wconf 88' lang='lat' dir='ltr'><strong>quod</strong></span> <span class='ocrx_word' id='word_1_820' title='bbox 3376 3312 3477 3367; x_wconf 82' lang='lat' dir='ltr'><strong>ego</strong></span> <span class='ocrx_word' id='word_1_821' title='bbox 3508 3298 3715 3354; x_wconf 78' lang='lat' dir='ltr'><strong>mando</strong></span> 
     </span>
    </p>
   </div>
   <div class='ocr_carea' id='block_1_92' title="bbox 2126 3383 3713 3457">
    <p class='ocr_par' dir='ltr' id='par_1_92' title="bbox 2126 3383 3713 3457">
     <span class='ocr_line' id='line_1_92' title="bbox 2126 3383 3713 3457; baseline 0.004 -22"><span class='ocrx_word' id='word_1_822' title='bbox 2126 3401 2144 3434; x_wconf 71' lang='grc' dir='ltr'><strong>ε</strong></span> <span class='ocrx_word' id='word_1_823' title='bbox 2175 3383 2270 3437; x_wconf 86' lang='lat' dir='ltr'><strong>tibi</strong></span> <span class='ocrx_word' id='word_1_824' title='bbox 2300 3384 2461 3439; x_wconf 87' lang='lat' dir='ltr'><strong>hodie</strong></span> <span class='ocrx_word' id='word_1_825' title='bbox 2485 3400 2591 3439; x_wconf 86' lang='lat' dir='ltr'><strong>non</strong></span> <span class='ocrx_word' id='word_1_826' title='bbox 2617 3390 2702 3439; x_wconf 90' lang='lat' dir='ltr'><strong>est</strong></span> <span class='ocrx_word' id='word_1_827' title='bbox 2726 3396 2888 3453; x_wconf 88' lang='lat' dir='ltr'><strong>supra</strong></span> <span class='ocrx_word' id='word_1_828' title='bbox 2922 3383 3160 3448; x_wconf 89' lang='lat' dir='ltr'><strong>modum,</strong></span> <span class='ocrx_word' id='word_1_829' title='bbox 3198 3399 3373 3454; x_wconf 86' lang='lat' dir='ltr'><strong>neque</strong></span> <span class='ocrx_word' id='word_1_830' title='bbox 3400 3385 3562 3457; x_wconf 83' lang='lat' dir='ltr'><strong>longe</strong></span> <span class='ocrx_word' id='word_1_831' title='bbox 3614 3387 3713 3442; x_wconf 81' lang='lat' dir='ltr'><strong>abs</strong></span> 
     </span>
    </p>
   </div>
   <div class='ocr_carea' id='block_1_93' title="bbox 2125 3474 3710 3543">
    <p class='ocr_par' dir='ltr' id='par_1_93' title="bbox 2125 3474 3710 3543">
     <span class='ocr_line' id='line_1_93' title="bbox 2125 3474 3710 3543; baseline 0.004 -17"><span class='ocrx_word' id='word_1_832' title='bbox 2125 3493 2144 3525; x_wconf 73' lang='grc' dir='ltr'>ι</span> <span class='ocrx_word' id='word_1_833' title='bbox 2177 3483 2228 3530; x_wconf 89' lang='lat' dir='ltr'><strong>te</strong></span> <span class='ocrx_word' id='word_1_834' title='bbox 2252 3487 2336 3531; x_wconf 90' lang='lat' dir='ltr'><strong>est</strong></span> <span class='ocrx_word' id='word_1_835' title='bbox 2366 3495 2379 3530; x_wconf 86' lang='lat'><strong>:</strong></span> <span class='ocrx_word' id='word_1_836' title='bbox 2408 3492 2514 3532; x_wconf 90' lang='lat' dir='ltr'><strong>non</strong></span> <span class='ocrx_word' id='word_1_837' title='bbox 2549 3476 2604 3531; x_wconf 91' lang='lat' dir='ltr'><strong>in</strong></span> <span class='ocrx_word' id='word_1_838' title='bbox 2639 3474 2779 3530; x_wconf 78' lang='lat' dir='ltr'><strong>ctelo</strong></span> <span class='ocrx_word' id='word_1_839' title='bbox 2817 3481 2921 3539; x_wconf 87' lang='lat' dir='ltr'><strong>est,</strong></span> <span class='ocrx_word' id='word_1_840' title='bbox 2954 3475 3163 3541; x_wconf 90' lang='lat' dir='ltr'><strong>dicens,</strong></span> <span class='ocrx_word' id='word_1_841' title='bbox 3193 3474 3245 3530; x_wconf 89' lang='lat' dir='ltr'><strong>id</strong></span> <span class='ocrx_word' id='word_1_842' title='bbox 3274 3484 3377 3542; x_wconf 87' lang='lat' dir='ltr'><strong>est,</strong></span> <span class='ocrx_word' id='word_1_843' title='bbox 3432 3484 3492 3531; x_wconf 88' lang='lat' dir='ltr'><strong>ut</strong></span> <span class='ocrx_word' id='word_1_844' title='bbox 3531 3475 3710 3543; x_wconf 81' lang='lat' dir='ltr'><strong>dicas,</strong></span> 
     </span>
    </p>
   </div>
   <div class='ocr_carea' id='block_1_94' title="bbox 2126 3566 3708 3638">
    <p class='ocr_par' dir='ltr' id='par_1_94' title="bbox 2126 3566 3708 3638">
     <span class='ocr_line' id='line_1_94' title="bbox 2126 3566 3708 3638; baseline 0 -15"><span class='ocrx_word' id='word_1_845' title='bbox 2126 3588 2144 3619; x_wconf 75' lang='grc' dir='ltr'>ι</span> <span class='ocrx_word' id='word_1_846' title='bbox 2173 3568 2305 3636; x_wconf 87' lang='lat' dir='ltr'><strong>Quis</strong></span> <span class='ocrx_word' id='word_1_847' title='bbox 2348 3569 2602 3624; x_wconf 87' lang='lat' dir='ltr'><strong>ascendet</strong></span> <span class='ocrx_word' id='word_1_848' title='bbox 2645 3568 2804 3622; x_wconf 86' lang='lat' dir='ltr'><strong>nobis</strong></span> <span class='ocrx_word' id='word_1_849' title='bbox 2852 3566 2907 3621; x_wconf 88' lang='lat' dir='ltr'><strong>in</strong></span> <span class='ocrx_word' id='word_1_850' title='bbox 2957 3566 3172 3631; x_wconf 61' lang='lat' dir='ltr'><strong>ciuium,</strong></span> <span class='ocrx_word' id='word_1_851' title='bbox 3218 3576 3274 3622; x_wconf 90' lang='lat' dir='ltr'><strong>et</strong></span> <span class='ocrx_word' id='word_1_852' title='bbox 3297 3568 3529 3638; x_wconf 84' lang='lat' dir='ltr'><strong>accipiet</strong></span> <span class='ocrx_word' id='word_1_853' title='bbox 3558 3568 3708 3623; x_wconf 87' lang='lat' dir='ltr'><strong>.illuJ</strong></span> 
     </span>
    </p>
   </div>
   <div class='ocr_carea' id='block_1_95' title="bbox 2126 3657 3713 3730">
    <p class='ocr_par' dir='ltr' id='par_1_95' title="bbox 2126 3657 3713 3730">
     <span class='ocr_line' id='line_1_95' title="bbox 2126 3657 3713 3730; baseline 0.001 -17"><span class='ocrx_word' id='word_1_854' title='bbox 2126 3679 2145 3713; x_wconf 72' lang='grc' dir='ltr'>ι</span> <span class='ocrx_word' id='word_1_855' title='bbox 2174 3661 2349 3726; x_wconf 89' lang='lat' dir='ltr'><strong>nobis,</strong></span> <span class='ocrx_word' id='word_1_856' title='bbox 2393 3670 2451 3716; x_wconf 89' lang='lat' dir='ltr'><strong>ct</strong></span> <span class='ocrx_word' id='word_1_857' title='bbox 2487 3659 2768 3715; x_wconf 88' lang='lat' dir='ltr'><strong>audientes</strong></span> <span class='ocrx_word' id='word_1_858' title='bbox 2815 3657 2947 3713; x_wconf 88' lang='lat' dir='ltr'><strong>illud</strong></span> <span class='ocrx_word' id='word_1_859' title='bbox 2994 3657 3287 3715; x_wconf 81' lang='lat' dir='ltr'><strong>iaciemus?</strong></span> <span class='ocrx_word' id='word_1_860' title='bbox 3325 3657 3513 3730; x_wconf 84' lang='lat' dir='ltr'><strong>Neque</strong></span> <span class='ocrx_word' id='word_1_861' title='bbox 3559 3668 3713 3715; x_wconf 84' lang='lat' dir='ltr'><strong>trans</strong></span> 
     </span>
    </p>
   </div>
   <div class='ocr_carea' id='block_1_96' title="bbox 2127 3749 3711 3818">
    <p class='ocr_par' dir='ltr' id='par_1_96' title="bbox 2127 3749 3711 3818">
     <span class='ocr_line' id='line_1_96' title="bbox 2127 3749 3711 3818; baseline 0.002 -14"><span class='ocrx_word' id='word_1_862' title='bbox 2127 3771 2145 3803; x_wconf 74' lang='grc' dir='ltr'>ι</span> <span class='ocrx_word' id='word_1_863' title='bbox 2177 3768 2325 3807; x_wconf 84' lang='lat' dir='ltr'><strong>mare</strong></span> <span class='ocrx_word' id='word_1_864' title='bbox 2347 3762 2448 3816; x_wconf 87' lang='lat' dir='ltr'><strong>est,</strong></span> <span class='ocrx_word' id='word_1_865' title='bbox 2494 3753 2700 3817; x_wconf 89' lang='lat' dir='ltr'><strong>dicens,</strong></span> <span class='ocrx_word' id='word_1_866' title='bbox 2730 3751 2784 3807; x_wconf 88' lang='lat' dir='ltr'><strong>id</strong></span> <span class='ocrx_word' id='word_1_867' title='bbox 2814 3758 2919 3817; x_wconf 89' lang='lat' dir='ltr'><strong>est,</strong></span> <span class='ocrx_word' id='word_1_868' title='bbox 2949 3759 3009 3806; x_wconf 91' lang='lat' dir='ltr'><strong>ut</strong></span> <span class='ocrx_word' id='word_1_869' title='bbox 3035 3749 3365 3818; x_wconf 72' lang='lat' dir='ltr'><strong>dicaszouis</strong></span> <span class='ocrx_word' id='word_1_870' title='bbox 3388 3750 3711 3807; x_wconf 78' lang='lat' dir='ltr'><strong>transfreta-</strong></span> 
     </span>
    </p>
   </div>
   <div class='ocr_carea' id='block_1_97' title="bbox 2126 3842 3707 3913">
    <p class='ocr_par' dir='ltr' id='par_1_97' title="bbox 2126 3842 3707 3913">
     <span class='ocr_line' id='line_1_97' title="bbox 2126 3842 3707 3913; baseline 0.001 -19"><span class='ocrx_word' id='word_1_871' title='bbox 2126 3861 2144 3894; x_wconf 73' lang='grc' dir='ltr'>ι</span> <span class='ocrx_word' id='word_1_872' title='bbox 2173 3844 2252 3899; x_wconf 87' lang='lat' dir='ltr'><strong>hit</strong></span> <span class='ocrx_word' id='word_1_873' title='bbox 2281 3843 2435 3898; x_wconf 88' lang='lat' dir='ltr'><strong>nobis</strong></span> <span class='ocrx_word' id='word_1_874' title='bbox 2467 3852 2618 3899; x_wconf 89' lang='lat' dir='ltr'><strong>trans</strong></span> <span class='ocrx_word' id='word_1_875' title='bbox 2656 3857 2826 3907; x_wconf 90' lang='lat' dir='ltr'><strong>mare,</strong></span> <span class='ocrx_word' id='word_1_876' title='bbox 2873 3851 2929 3897; x_wconf 90' lang='lat' dir='ltr'><strong>et</strong></span> <span class='ocrx_word' id='word_1_877' title='bbox 2974 3843 3204 3913; x_wconf 89' lang='lat' dir='ltr'><strong>accipiet</strong></span> <span class='ocrx_word' id='word_1_878' title='bbox 3250 3842 3379 3899; x_wconf 89' lang='lat' dir='ltr'><strong>illud</strong></span> <span class='ocrx_word' id='word_1_879' title='bbox 3426 3844 3609 3911; x_wconf 89' lang='lat' dir='ltr'><strong>nobis,</strong></span> <span class='ocrx_word' id='word_1_880' title='bbox 3658 3852 3707 3899; x_wconf 88' lang='lat' dir='ltr'><strong>et</strong></span> 
     </span>
    </p>
   </div>
   <div class='ocr_carea' id='block_1_98' title="bbox 2126 3933 3708 4003">
    <p class='ocr_par' dir='ltr' id='par_1_98' title="bbox 2126 3933 3708 4003">
     <span class='ocr_line' id='line_1_98' title="bbox 2126 3933 3708 4003; baseline 0.002 -18"><span class='ocrx_word' id='word_1_881' title='bbox 2126 3953 2145 3985; x_wconf 70' lang='grc' dir='ltr'><strong><em>ι</em></strong></span> <span class='ocrx_word' id='word_1_882' title='bbox 2176 3934 2457 3989; x_wconf 87' lang='lat' dir='ltr'><strong>audientes</strong></span> <span class='ocrx_word' id='word_1_883' title='bbox 2480 3934 2610 3988; x_wconf 90' lang='lat' dir='ltr'><strong>illud</strong></span> <span class='ocrx_word' id='word_1_884' title='bbox 2649 3933 2950 3990; x_wconf 85' lang='lat' dir='ltr'><strong>faciemus?</strong></span> <span class='ocrx_word' id='word_1_885' title='bbox 2982 3933 3158 4003; x_wconf 84' lang='lat' dir='ltr'><strong>Prope</strong></span> <span class='ocrx_word' id='word_1_886' title='bbox 3199 3941 3284 3988; x_wconf 91' lang='lat' dir='ltr'><strong>est</strong></span> <span class='ocrx_word' id='word_1_887' title='bbox 3331 3934 3566 3988; x_wconf 88' lang='lat' dir='ltr'><strong>verbum</strong></span> <span class='ocrx_word' id='word_1_888' title='bbox 3608 3933 3708 3988; x_wconf 82' lang='lat' dir='ltr'><strong>hoc</strong></span> 
     </span>
    </p>
   </div>
   <div class='ocr_carea' id='block_1_99' title="bbox 2127 4021 3703 4090">
    <p class='ocr_par' dir='ltr' id='par_1_99' title="bbox 2127 4021 3703 4090">
     <span class='ocr_line' id='line_1_99' title="bbox 2127 4021 3703 4090; baseline 0.001 -15"><span class='ocrx_word' id='word_1_889' title='bbox 2127 4041 2155 4075; x_wconf 64' lang='grc' dir='ltr'><em>ς</em></span> <span class='ocrx_word' id='word_1_890' title='bbox 2174 4024 2329 4079; x_wconf 82' lang='lat' dir='ltr'><strong>valde</strong></span> <span class='ocrx_word' id='word_1_891' title='bbox 2359 4024 2415 4078; x_wconf 88' lang='lat' dir='ltr'><strong>in</strong></span> <span class='ocrx_word' id='word_1_892' title='bbox 2442 4040 2537 4079; x_wconf 92' lang='lat' dir='ltr'><strong>ore</strong></span> <span class='ocrx_word' id='word_1_893' title='bbox 2563 4032 2675 4090; x_wconf 89' lang='lat' dir='ltr'><strong>tuo,</strong></span> <span class='ocrx_word' id='word_1_894' title='bbox 2706 4031 2762 4079; x_wconf 91' lang='lat' dir='ltr'><strong>et</strong></span> <span class='ocrx_word' id='word_1_895' title='bbox 2788 4024 2841 4078; x_wconf 90' lang='lat' dir='ltr'><strong>iu</strong></span> <span class='ocrx_word' id='word_1_896' title='bbox 2876 4023 3126 4077; x_wconf 89' lang='lat' dir='ltr'><strong>manibus</strong></span> <span class='ocrx_word' id='word_1_897' title='bbox 3151 4022 3259 4077; x_wconf 89' lang='lat' dir='ltr'><strong>tuis</strong></span> <span class='ocrx_word' id='word_1_898' title='bbox 3286 4021 3466 4078; x_wconf 86' lang='lat' dir='ltr'><strong>facere</strong></span> <span class='ocrx_word' id='word_1_899' title='bbox 3489 4021 3642 4077; x_wconf 91' lang='lat' dir='ltr'><strong>illud.</strong></span> <span class='ocrx_word' id='word_1_900' title='bbox 3685 4043 3703 4076; x_wconf 75' lang='grc' dir='ltr'><strong><em>ι</em></strong></span> 
     </span>
    </p>
   </div>
   <div class='ocr_carea' id='block_1_100' title="bbox 2121 4111 3708 4183">
    <p class='ocr_par' dir='ltr' id='par_1_100' title="bbox 2121 4111 3708 4183">
     <span class='ocr_line' id='line_1_100' title="bbox 2121 4111 3708 4183; baseline -0.003 -12"><span class='ocrx_word' id='word_1_901' title='bbox 2121 4115 2236 4171; x_wconf 77' lang='lat' dir='ltr'><strong>Hoc</strong></span> <span class='ocrx_word' id='word_1_902' title='bbox 2250 4114 2569 4170; x_wconf 89' lang='lat' dir='ltr'><strong>estverbum</strong></span> <span class='ocrx_word' id='word_1_903' title='bbox 2586 4113 2733 4179; x_wconf 86' lang='lat' dir='ltr'><strong>ﬁdei,</strong></span> <span class='ocrx_word' id='word_1_904' title='bbox 2759 4113 2889 4169; x_wconf 87' lang='lat' dir='ltr'><strong>dicit</strong></span> <span class='ocrx_word' id='word_1_905' title='bbox 2908 4111 3215 4183; x_wconf 87' lang='lat' dir='ltr'><strong>Apostolus,</strong></span> <span class='ocrx_word' id='word_1_906' title='bbox 3243 4111 3384 4182; x_wconf 88' lang='lat' dir='ltr'><strong>quod</strong></span> <span class='ocrx_word' id='word_1_907' title='bbox 3412 4111 3478 4165; x_wconf 88' lang='lat' dir='ltr'><strong>ad</strong></span> <span class='ocrx_word' id='word_1_908' title='bbox 3501 4111 3708 4166; x_wconf 82' lang='lat' dir='ltr'><strong>Novum</strong></span> 
     </span>
    </p>
   </div>
   <div class='ocr_carea' id='block_1_101' title="bbox 2120 4204 3717 4278">
    <p class='ocr_par' dir='ltr' id='par_1_101' title="bbox 2120 4204 3717 4278">
     <span class='ocr_line' id='line_1_101' title="bbox 2120 4204 3717 4278; baseline -0.003 -16"><span class='ocrx_word' id='word_1_909' title='bbox 2120 4207 2354 4278; x_wconf 89' lang='lat' dir='ltr'><strong>pertinet</strong></span> <span class='ocrx_word' id='word_1_910' title='bbox 2388 4207 2816 4261; x_wconf 87' lang='lat' dir='ltr'><strong>Testamentum.</strong></span> <span class='ocrx_word' id='word_1_911' title='bbox 2844 4204 2949 4259; x_wconf 89' lang='lat' dir='ltr'><strong>Sed</strong></span> <span class='ocrx_word' id='word_1_912' title='bbox 2972 4204 3139 4274; x_wconf 62' lang='lat' dir='ltr'><strong>quaeri</strong></span> <span class='ocrx_word' id='word_1_913' title='bbox 3169 4211 3350 4274; x_wconf 88' lang='lat' dir='ltr'><strong>potest</strong></span> <span class='ocrx_word' id='word_1_914' title='bbox 3387 4218 3488 4258; x_wconf 88' lang='lat' dir='ltr'><strong>cur</strong></span> <span class='ocrx_word' id='word_1_915' title='bbox 3518 4218 3585 4258; x_wconf 88' lang='lat' dir='ltr'><strong>ea</strong></span> <span class='ocrx_word' id='word_1_916' title='bbox 3625 4219 3717 4258; x_wconf 84' lang='lat' dir='ltr'><strong>su-</strong></span> 
     </span>
    </p>
   </div>
   <div class='ocr_carea' id='block_1_102' title="bbox 2120 4293 3715 4368">
    <p class='ocr_par' dir='ltr' id='par_1_102' title="bbox 2120 4293 3715 4368">
     <span class='ocr_line' id='line_1_102' title="bbox 2120 4293 3715 4368; baseline -0.004 -15"><span class='ocrx_word' id='word_1_917' title='bbox 2120 4299 2303 4368; x_wconf 86' lang='lat' dir='ltr'><strong>perius</strong></span> <span class='ocrx_word' id='word_1_918' title='bbox 2330 4298 2585 4352; x_wconf 82' lang='lat' dir='ltr'><strong>mandata</strong></span> <span class='ocrx_word' id='word_1_919' title='bbox 2612 4296 2831 4362; x_wconf 79' lang='lat' dir='ltr'><strong>dixerit,</strong></span> <span class='ocrx_word' id='word_1_920' title='bbox 2856 4310 2976 4366; x_wconf 62' lang='lat' dir='ltr'><strong>quae</strong></span> <span class='ocrx_word' id='word_1_921' title='bbox 3002 4295 3201 4366; x_wconf 87' lang='lat' dir='ltr'><strong>scripta</strong></span> <span class='ocrx_word' id='word_1_922' title='bbox 3226 4301 3353 4350; x_wconf 87' lang='lat' dir='ltr'><strong>sunt</strong></span> <span class='ocrx_word' id='word_1_923' title='bbox 3382 4293 3437 4348; x_wconf 92' lang='lat' dir='ltr'><strong>in</strong></span> <span class='ocrx_word' id='word_1_924' title='bbox 3462 4293 3604 4349; x_wconf 86' lang='lat' dir='ltr'><strong>libro</strong></span> <span class='ocrx_word' id='word_1_925' title='bbox 3638 4294 3715 4347; x_wconf 89' lang='lat' dir='ltr'><strong>lc-</strong></span> 
     </span>
    </p>
   </div>
   <div class='ocr_carea' id='block_1_103' title="bbox 2120 4385 3702 4462">
    <p class='ocr_par' dir='ltr' id='par_1_103' title="bbox 2120 4385 3702 4462">
     <span class='ocr_line' id='line_1_103' title="bbox 2120 4385 3702 4462; baseline -0.004 -17"><span class='ocrx_word' id='word_1_926' title='bbox 2120 4392 2201 4462; x_wconf 79' lang='lat' dir='ltr'><strong>gis</strong></span> <span class='ocrx_word' id='word_1_927' title='bbox 2233 4389 2412 4460; x_wconf 88' lang='lat' dir='ltr'><strong>hujus,</strong></span> <span class='ocrx_word' id='word_1_928' title='bbox 2458 4389 2564 4444; x_wconf 87' lang='lat' dir='ltr'><strong>nisi</strong></span> <span class='ocrx_word' id='word_1_929' title='bbox 2600 4389 2726 4459; x_wconf 90' lang='lat' dir='ltr'><strong>quia</strong></span> <span class='ocrx_word' id='word_1_930' title='bbox 2765 4388 2849 4443; x_wconf 91' lang='lat' dir='ltr'><strong>his</strong></span> <span class='ocrx_word' id='word_1_931' title='bbox 2889 4388 3139 4443; x_wconf 83' lang='lat' dir='ltr'><strong>omnibus</strong></span> <span class='ocrx_word' id='word_1_932' title='bbox 3188 4385 3450 4458; x_wconf 86' lang='lat' dir='ltr'><strong>spiritalia</strong></span> <span class='ocrx_word' id='word_1_933' title='bbox 3506 4386 3702 4458; x_wconf 79' lang='lat' dir='ltr'><strong>signiﬁ-</strong></span> 
     </span>
    </p>
   </div>
   <div class='ocr_carea' id='block_1_104' title="bbox 2121 4477 3706 4551">
    <p class='ocr_par' dir='ltr' id='par_1_104' title="bbox 2121 4477 3706 4551">
     <span class='ocr_line' id='line_1_104' title="bbox 2121 4477 3706 4551; baseline -0.003 -13"><span class='ocrx_word' id='word_1_934' title='bbox 2121 4492 2330 4547; x_wconf 89' lang='lat' dir='ltr'><strong>cantur,</strong></span> <span class='ocrx_word' id='word_1_935' title='bbox 2354 4482 2422 4536; x_wconf 89' lang='lat' dir='ltr'><strong>ad</strong></span> <span class='ocrx_word' id='word_1_936' title='bbox 2452 4481 2661 4537; x_wconf 83' lang='lat' dir='ltr'><strong>Novum</strong></span> <span class='ocrx_word' id='word_1_937' title='bbox 2684 4480 3089 4538; x_wconf 87' lang='lat' dir='ltr'><strong>Testamentum</strong></span> <span class='ocrx_word' id='word_1_938' title='bbox 3113 4479 3466 4551; x_wconf 88' lang='lat' dir='ltr'><strong>pertinentia,</strong></span> <span class='ocrx_word' id='word_1_939' title='bbox 3497 4479 3547 4534; x_wconf 89' lang='lat' dir='ltr'><strong>si</strong></span> <span class='ocrx_word' id='word_1_940' title='bbox 3574 4477 3706 4534; x_wconf 80' lang='lat' dir='ltr'><strong>bene</strong></span> 
     </span>
    </p>
   </div>
   <div class='ocr_carea' id='block_1_105' title="bbox 2120 4569 3705 4645">
    <p class='ocr_par' dir='ltr' id='par_1_105' title="bbox 2120 4569 3705 4645">
     <span class='ocr_line' id='line_1_105' title="bbox 2120 4569 3705 4645; baseline -0.003 -16"><span class='ocrx_word' id='word_1_941' title='bbox 2120 4574 2509 4645; x_wconf 77' lang='lat' dir='ltr'><strong>intelligantur.</strong></span> <span class='ocrx_word' id='word_1_942' title='bbox 2540 4574 2673 4629; x_wconf 83' lang='lat' dir='ltr'><strong>item</strong></span> <span class='ocrx_word' id='word_1_943' title='bbox 2705 4573 2871 4643; x_wconf 65' lang='grc' dir='ltr'>(μω)τὶ</span> <span class='ocrx_word' id='word_1_944' title='bbox 2908 4580 3089 4643; x_wconf 90' lang='lat' dir='ltr'><strong>potest</strong></span> <span class='ocrx_word' id='word_1_945' title='bbox 3132 4586 3232 4627; x_wconf 91' lang='lat' dir='ltr'><strong>cur</strong></span> <span class='ocrx_word' id='word_1_946' title='bbox 3280 4572 3386 4626; x_wconf 91' lang='lat' dir='ltr'><strong>hoc</strong></span> <span class='ocrx_word' id='word_1_947' title='bbox 3423 4571 3575 4641; x_wconf 88' lang='lat' dir='ltr'><strong>quod</strong></span> <span class='ocrx_word' id='word_1_948' title='bbox 3624 4569 3705 4625; x_wconf 79' lang='lat' dir='ltr'><strong>hic</strong></span> 
     </span>
    </p>
   </div>
   <div class='ocr_carea' id='block_1_106' title="bbox 2118 4660 3704 4736">
    <p class='ocr_par' dir='ltr' id='par_1_106' title="bbox 2118 4660 3704 4736">
     <span class='ocr_line' id='line_1_106' title="bbox 2118 4660 3704 4736; baseline -0.003 -17"><span class='ocrx_word' id='word_1_949' title='bbox 2118 4666 2352 4736; x_wconf 88' lang='lat' dir='ltr'><strong>positum</strong></span> <span class='ocrx_word' id='word_1_950' title='bbox 2375 4673 2481 4730; x_wconf 90' lang='lat' dir='ltr'><strong>est,</strong></span> <span class='ocrx_word' id='word_1_951' title='bbox 2519 4683 2537 4717; x_wconf 85' lang='grc'>‹</span> <span class='ocrx_word' id='word_1_952' title='bbox 2572 4664 2754 4735; x_wconf 80' lang='lat' dir='ltr'><strong>Neque</strong></span> <span class='ocrx_word' id='word_1_953' title='bbox 2779 4673 2931 4719; x_wconf 87' lang='lat' dir='ltr'><strong>trans</strong></span> <span class='ocrx_word' id='word_1_954' title='bbox 2957 4678 3104 4718; x_wconf 90' lang='lat' dir='ltr'><strong>mare</strong></span> <span class='ocrx_word' id='word_1_955' title='bbox 3131 4670 3237 4729; x_wconf 84' lang='lat' dir='ltr'><strong>est,</strong></span> <span class='ocrx_word' id='word_1_956' title='bbox 3261 4671 3321 4716; x_wconf 89' lang='lat' dir='ltr'><strong>ut</strong></span> <span class='ocrx_word' id='word_1_957' title='bbox 3342 4662 3498 4718; x_wconf 86' lang='lat' dir='ltr'><strong>dicas</strong></span> <span class='ocrx_word' id='word_1_958' title='bbox 3526 4682 3539 4717; x_wconf 90' lang='lat'>:</span> <span class='ocrx_word' id='word_1_959' title='bbox 3579 4660 3704 4728; x_wconf 85' lang='lat' dir='ltr'><strong>Quis</strong></span> 
     </span>
    </p>
   </div>
   <div class='ocr_carea' id='block_1_107' title="bbox 2125 4751 3703 4822">
    <p class='ocr_par' dir='ltr' id='par_1_107' title="bbox 2125 4751 3703 4822">
     <span class='ocr_line' id='line_1_107' title="bbox 2125 4751 3703 4822; baseline -0.002 -14"><span class='ocrx_word' id='word_1_960' title='bbox 2125 4755 2500 4810; x_wconf 80' lang='lat' dir='ltr'><strong>lransfretabit</strong></span> <span class='ocrx_word' id='word_1_961' title='bbox 2527 4755 2683 4810; x_wconf 89' lang='lat' dir='ltr'><strong>nobis</strong></span> <span class='ocrx_word' id='word_1_962' title='bbox 2723 4762 2872 4809; x_wconf 88' lang='lat' dir='ltr'><strong>trans</strong></span> <span class='ocrx_word' id='word_1_963' title='bbox 2908 4767 3080 4818; x_wconf 85' lang='lat' dir='ltr'><strong>mare,</strong></span> <span class='ocrx_word' id='word_1_964' title='bbox 3104 4760 3160 4807; x_wconf 91' lang='lat' dir='ltr'><strong>et</strong></span> <span class='ocrx_word' id='word_1_965' title='bbox 3182 4751 3413 4822; x_wconf 90' lang='lat' dir='ltr'><strong>accipiet</strong></span> <span class='ocrx_word' id='word_1_966' title='bbox 3448 4752 3607 4807; x_wconf 85' lang='lat' dir='ltr'><strong>nobis</strong></span> <span class='ocrx_word' id='word_1_967' title='bbox 3641 4752 3703 4806; x_wconf 89' lang='lat' dir='ltr'><strong>il-</strong></span> 
     </span>
    </p>
   </div>
   <div class='ocr_carea' id='block_1_108' title="bbox 2120 4841 3703 4914">
    <p class='ocr_par' dir='ltr' id='par_1_108' title="bbox 2120 4841 3703 4914">
     <span class='ocr_line' id='line_1_108' title="bbox 2120 4841 3703 4914; baseline -0.002 -16"><span class='ocrx_word' id='word_1_968' title='bbox 2120 4844 2251 4899; x_wconf 83' lang='lat' dir='ltr'><strong>lud?</strong></span> <span class='ocrx_word' id='word_1_969' title='bbox 2282 4864 2300 4896; x_wconf 72' lang='grc' dir='ltr'><strong><em>ι</em></strong></span> <span class='ocrx_word' id='word_1_970' title='bbox 2336 4842 2623 4914; x_wconf 81' lang='lat' dir='ltr'><strong>Apostolus</strong></span> <span class='ocrx_word' id='word_1_971' title='bbox 2664 4843 2883 4909; x_wconf 85' lang='lat' dir='ltr'><strong>dixerit,</strong></span> <span class='ocrx_word' id='word_1_972' title='bbox 2917 4860 2936 4893; x_wconf 84' lang='grc'><strong>‹</strong></span> <span class='ocrx_word' id='word_1_973' title='bbox 2981 4841 3091 4897; x_wconf 81' lang='lat' dir='ltr'><strong>Aut</strong></span> <span class='ocrx_word' id='word_1_974' title='bbox 3143 4842 3267 4912; x_wconf 91' lang='lat' dir='ltr'><strong>quis</strong></span> <span class='ocrx_word' id='word_1_975' title='bbox 3309 4842 3607 4897; x_wconf 83' lang='lat' dir='ltr'><strong>descendet</strong></span> <span class='ocrx_word' id='word_1_976' title='bbox 3655 4842 3703 4895; x_wconf 83' lang='lat' dir='ltr'><strong>in</strong></span> 
     </span>
    </p>
   </div>
   <div class='ocr_carea' id='block_1_109' title="bbox 2120 4930 3704 5007">
    <p class='ocr_par' dir='ltr' id='par_1_109' title="bbox 2120 4930 3704 5007">
     <span class='ocr_line' id='line_1_109' title="bbox 2120 4930 3704 5007; baseline -0.004 -17"><span class='ocrx_word' id='word_1_977' title='bbox 2120 4935 2406 5007; x_wconf 86' lang='lat' dir='ltr'><strong>abyssum?</strong></span> <span class='ocrx_word' id='word_1_978' title='bbox 2435 4954 2453 4986; x_wconf 81' lang='grc' dir='ltr'><strong><em>ι</em></strong></span> <span class='ocrx_word' id='word_1_979' title='bbox 2499 4945 2661 5002; x_wconf 90' lang='lat' dir='ltr'><strong>atque</strong></span> <span class='ocrx_word' id='word_1_980' title='bbox 2685 4933 2738 4988; x_wconf 90' lang='lat' dir='ltr'><strong>id</strong></span> <span class='ocrx_word' id='word_1_981' title='bbox 2767 4946 3043 5004; x_wconf 79' lang='lat' dir='ltr'><strong>exponens</strong></span> <span class='ocrx_word' id='word_1_982' title='bbox 3071 4930 3400 5000; x_wconf 84' lang='lat' dir='ltr'><strong>adjunxerit,</strong></span> <span class='ocrx_word' id='word_1_983' title='bbox 3438 4951 3456 4983; x_wconf 76' lang='grc' dir='ltr'>σ</span> <span class='ocrx_word' id='word_1_984' title='bbox 3487 4931 3604 4989; x_wconf 84' lang='lat' dir='ltr'><strong>Hoc</strong></span> <span class='ocrx_word' id='word_1_985' title='bbox 3629 4939 3704 4987; x_wconf 90' lang='lat' dir='ltr'><strong>cst</strong></span> 
     </span>
    </p>
   </div>
   <div class='ocr_carea' id='block_1_110' title="bbox 2119 5023 3705 5094">
    <p class='ocr_par' dir='ltr' id='par_1_110' title="bbox 2119 5023 3705 5094">
     <span class='ocr_line' id='line_1_110' title="bbox 2119 5023 3705 5094; baseline -0.001 -15"><span class='ocrx_word' id='word_1_986' title='bbox 2119 5025 2394 5081; x_wconf 84' lang='lat' dir='ltr'><strong>Christum</strong></span> <span class='ocrx_word' id='word_1_987' title='bbox 2429 5040 2458 5078; x_wconf 92' lang='lat' dir='ltr'><strong>a</strong></span> <span class='ocrx_word' id='word_1_988' title='bbox 2488 5024 2717 5079; x_wconf 89' lang='lat' dir='ltr'><strong>mortuis</strong></span> <span class='ocrx_word' id='word_1_989' title='bbox 2748 5025 3035 5088; x_wconf 88' lang='lat' dir='ltr'><strong>reducere;</strong></span> <span class='ocrx_word' id='word_1_990' title='bbox 3073 5043 3092 5076; x_wconf 73' lang='grc' dir='ltr'><strong><em>ι</em></strong></span> <span class='ocrx_word' id='word_1_991' title='bbox 3133 5023 3238 5077; x_wconf 89' lang='lat' dir='ltr'><strong>nisi</strong></span> <span class='ocrx_word' id='word_1_992' title='bbox 3266 5023 3392 5093; x_wconf 88' lang='lat' dir='ltr'><strong>quia</strong></span> <span class='ocrx_word' id='word_1_993' title='bbox 3420 5039 3577 5079; x_wconf 88' lang='lat' dir='ltr'><strong>mare</strong></span> <span class='ocrx_word' id='word_1_994' title='bbox 3618 5039 3705 5094; x_wconf 48' lang='lat' dir='ltr'><strong>ap.</strong></span> 
     </span>
    </p>
   </div>
   <div class='ocr_carea' id='block_1_111' title="bbox 2116 5119 3705 5189">
    <p class='ocr_par' dir='ltr' id='par_1_111' title="bbox 2116 5119 3705 5189">
     <span class='ocr_line' id='line_1_111' title="bbox 2116 5119 3705 5189; baseline 0.001 -15"><span class='ocrx_word' id='word_1_995' title='bbox 2116 5119 2333 5189; x_wconf 87' lang='lat' dir='ltr'><strong>pellavit</strong></span> <span class='ocrx_word' id='word_1_996' title='bbox 2359 5127 2526 5174; x_wconf 88' lang='lat' dir='ltr'><strong>totam</strong></span> <span class='ocrx_word' id='word_1_997' title='bbox 2552 5119 2606 5174; x_wconf 91' lang='lat' dir='ltr'><strong>in</strong></span> <span class='ocrx_word' id='word_1_998' title='bbox 2635 5120 2739 5175; x_wconf 87' lang='lat' dir='ltr'><strong>hoc</strong></span> <span class='ocrx_word' id='word_1_999' title='bbox 2767 5120 2965 5176; x_wconf 63' lang='lat' dir='ltr'><strong>saeculo</strong></span> <span class='ocrx_word' id='word_1_1000' title='bbox 2987 5120 3174 5183; x_wconf 91' lang='lat' dir='ltr'><strong>vitam,</strong></span> <span class='ocrx_word' id='word_1_1001' title='bbox 3193 5134 3313 5189; x_wconf 70' lang='lat' dir='ltr'><strong>qua:</strong></span> <span class='ocrx_word' id='word_1_1002' title='bbox 3331 5129 3509 5175; x_wconf 87' lang='lat' dir='ltr'><strong>morte</strong></span> <span class='ocrx_word' id='word_1_1003' title='bbox 3533 5129 3705 5175; x_wconf 81' lang='lat' dir='ltr'><strong>trans-</strong></span> 
     </span>
    </p>
   </div>
   <div class='ocr_carea' id='block_1_112' title="bbox 2116 5209 3703 5282">
    <p class='ocr_par' dir='ltr' id='par_1_112' title="bbox 2116 5209 3703 5282">
     <span class='ocr_line' id='line_1_112' title="bbox 2116 5209 3703 5282; baseline 0.002 -17"><span class='ocrx_word' id='word_1_1004' title='bbox 2116 5211 2244 5276; x_wconf 91' lang='lat' dir='ltr'><strong>itur,</strong></span> <span class='ocrx_word' id='word_1_1005' title='bbox 2284 5218 2343 5265; x_wconf 89' lang='lat' dir='ltr'><strong>ut</strong></span> <span class='ocrx_word' id='word_1_1006' title='bbox 2375 5209 2771 5280; x_wconf 85' lang='lat' dir='ltr'><strong>quodammodo</strong></span> <span class='ocrx_word' id='word_1_1007' title='bbox 2816 5225 2965 5267; x_wconf 87' lang='lat' dir='ltr'><strong>mare</strong></span> <span class='ocrx_word' id='word_1_1008' title='bbox 3005 5210 3242 5275; x_wconf 86' lang='lat' dir='ltr'><strong>ﬁniatur,</strong></span> <span class='ocrx_word' id='word_1_1009' title='bbox 3289 5221 3345 5265; x_wconf 89' lang='lat' dir='ltr'><strong>et</strong></span> <span class='ocrx_word' id='word_1_1010' title='bbox 3389 5227 3543 5265; x_wconf 91' lang='lat' dir='ltr'><strong>mors</strong></span> <span class='ocrx_word' id='word_1_1011' title='bbox 3594 5212 3703 5282; x_wconf 78' lang='lat' dir='ltr'><strong>ipsa</strong></span> 
     </span>
    </p>
   </div>
   <div class='ocr_carea' id='block_1_113' title="bbox 2121 5302 3702 5373">
    <p class='ocr_par' dir='ltr' id='par_1_113' title="bbox 2121 5302 3702 5373">
     <span class='ocr_line' id='line_1_113' title="bbox 2121 5302 3702 5373; baseline -0.001 -15"><span class='ocrx_word' id='word_1_1012' title='bbox 2121 5312 2270 5359; x_wconf 88' lang='lat' dir='ltr'><strong>trans</strong></span> <span class='ocrx_word' id='word_1_1013' title='bbox 2300 5319 2447 5358; x_wconf 87' lang='lat' dir='ltr'><strong>mare</strong></span> <span class='ocrx_word' id='word_1_1014' title='bbox 2483 5302 2799 5373; x_wconf 90' lang='lat' dir='ltr'><strong>appelletur,</strong></span> <span class='ocrx_word' id='word_1_1015' title='bbox 2828 5303 2974 5357; x_wconf 84' lang='lat' dir='ltr'><strong>velut</strong></span> <span class='ocrx_word' id='word_1_1016' title='bbox 2999 5311 3150 5358; x_wconf 91' lang='lat' dir='ltr'><strong>trans</strong></span> <span class='ocrx_word' id='word_1_1017' title='bbox 3183 5302 3347 5357; x_wconf 89' lang='lat' dir='ltr'><strong>istam</strong></span> <span class='ocrx_word' id='word_1_1018' title='bbox 3370 5303 3562 5366; x_wconf 89' lang='lat' dir='ltr'><strong>vitam,</strong></span> <span class='ocrx_word' id='word_1_1019' title='bbox 3590 5317 3702 5373; x_wconf 75' lang='lat' dir='ltr'><strong>qua:</strong></span> 
     </span>
    </p>
   </div>
   <div class='ocr_carea' id='block_1_114' title="bbox 2123 5394 3700 5467">
    <p class='ocr_par' dir='ltr' id='par_1_114' title="bbox 2123 5394 3700 5467">
     <span class='ocr_line' id='line_1_114' title="bbox 2123 5394 3700 5467; baseline -0.001 -17"><span class='ocrx_word' id='word_1_1020' title='bbox 2123 5396 2289 5451; x_wconf 90' lang='lat' dir='ltr'><strong>maris</strong></span> <span class='ocrx_word' id='word_1_1021' title='bbox 2326 5396 2587 5452; x_wconf 90' lang='lat' dir='ltr'><strong>vocabulo</strong></span> <span class='ocrx_word' id='word_1_1022' title='bbox 2608 5395 2962 5467; x_wconf 84' lang='lat' dir='ltr'><strong>signiﬁcatur.</strong></span> <span class='ocrx_word' id='word_1_1023' title='bbox 2996 5395 3197 5451; x_wconf 90' lang='lat' dir='ltr'><strong>Deinde</strong></span> <span class='ocrx_word' id='word_1_1024' title='bbox 3219 5394 3362 5464; x_wconf 90' lang='lat' dir='ltr'><strong>quod</strong></span> <span class='ocrx_word' id='word_1_1025' title='bbox 3414 5394 3504 5449; x_wconf 88' lang='lat' dir='ltr'><strong>hic</strong></span> <span class='ocrx_word' id='word_1_1026' title='bbox 3553 5394 3700 5449; x_wconf 80' lang='lat' dir='ltr'><strong>addi-</strong></span> 
     </span>
    </p>
   </div>
   <div class='ocr_carea' id='block_1_115' title="bbox 2123 5482 3697 5553">
    <p class='ocr_par' dir='ltr' id='par_1_115' title="bbox 2123 5482 3697 5553">
     <span class='ocr_line' id='line_1_115' title="bbox 2123 5482 3697 5553; baseline -0.003 -13"><span class='ocrx_word' id='word_1_1027' title='bbox 2123 5495 2234 5541; x_wconf 91' lang='lat' dir='ltr'><strong>tum</strong></span> <span class='ocrx_word' id='word_1_1028' title='bbox 2259 5493 2363 5550; x_wconf 91' lang='lat' dir='ltr'><strong>est,</strong></span> <span class='ocrx_word' id='word_1_1029' title='bbox 2398 5504 2417 5537; x_wconf 75' lang='grc' dir='ltr'>ι</span> <span class='ocrx_word' id='word_1_1030' title='bbox 2446 5494 2499 5541; x_wconf 90' lang='lat' dir='ltr'><strong>et</strong></span> <span class='ocrx_word' id='word_1_1031' title='bbox 2534 5485 2587 5540; x_wconf 90' lang='lat' dir='ltr'><strong>in</strong></span> <span class='ocrx_word' id='word_1_1032' title='bbox 2615 5484 2863 5540; x_wconf 87' lang='lat' dir='ltr'><strong>manibus</strong></span> <span class='ocrx_word' id='word_1_1033' title='bbox 2902 5485 3030 5549; x_wconf 90' lang='lat' dir='ltr'><strong>tuis,</strong></span> <span class='ocrx_word' id='word_1_1034' title='bbox 3063 5503 3081 5537; x_wconf 71' lang='grc' dir='ltr'><strong>ι</strong></span> <span class='ocrx_word' id='word_1_1035' title='bbox 3131 5499 3239 5538; x_wconf 88' lang='lat' dir='ltr'><strong>non</strong></span> <span class='ocrx_word' id='word_1_1036' title='bbox 3278 5483 3358 5538; x_wconf 91' lang='lat' dir='ltr'><strong>ait</strong></span> <span class='ocrx_word' id='word_1_1037' title='bbox 3392 5482 3697 5553; x_wconf 79' lang='lat' dir='ltr'><strong>Apostolus,</strong></span> 
     </span>
    </p>
   </div>
   <div class='ocr_carea' id='block_1_116' title="bbox 2124 5571 3698 5644">
    <p class='ocr_par' dir='ltr' id='par_1_116' title="bbox 2124 5571 3698 5644">
     <span class='ocr_line' id='line_1_116' title="bbox 2124 5571 3698 5644; baseline -0.006 -13"><span class='ocrx_word' id='word_1_1038' title='bbox 2124 5576 2228 5631; x_wconf 88' lang='lat' dir='ltr'><strong>nisi</strong></span> <span class='ocrx_word' id='word_1_1039' title='bbox 2253 5594 2272 5627; x_wconf 70' lang='grc' dir='ltr'>ι</span> <span class='ocrx_word' id='word_1_1040' title='bbox 2303 5577 2355 5631; x_wconf 91' lang='lat' dir='ltr'><strong>in</strong></span> <span class='ocrx_word' id='word_1_1041' title='bbox 2377 5592 2471 5631; x_wconf 87' lang='lat' dir='ltr'><strong>ore</strong></span> <span class='ocrx_word' id='word_1_1042' title='bbox 2502 5585 2593 5630; x_wconf 87' lang='lat' dir='ltr'><strong>tuo</strong></span> <span class='ocrx_word' id='word_1_1043' title='bbox 2623 5585 2679 5631; x_wconf 89' lang='lat' dir='ltr'><strong>et</strong></span> <span class='ocrx_word' id='word_1_1044' title='bbox 2708 5576 2758 5630; x_wconf 90' lang='lat' dir='ltr'><strong>iu</strong></span> <span class='ocrx_word' id='word_1_1045' title='bbox 2787 5576 2949 5630; x_wconf 88' lang='lat' dir='ltr'><strong>corde</strong></span> <span class='ocrx_word' id='word_1_1046' title='bbox 2981 5583 3092 5629; x_wconf 89' lang='lat' dir='ltr'><strong>tuo.</strong></span> <span class='ocrx_word' id='word_1_1047' title='bbox 3117 5594 3134 5628; x_wconf 73' lang='grc' dir='ltr'><strong>ι</strong></span> <span class='ocrx_word' id='word_1_1048' title='bbox 3168 5574 3236 5629; x_wconf 89' lang='lat' dir='ltr'><strong>Et</strong></span> <span class='ocrx_word' id='word_1_1049' title='bbox 3275 5574 3381 5629; x_wconf 86' lang='lat' dir='ltr'><strong>hoc</strong></span> <span class='ocrx_word' id='word_1_1050' title='bbox 3418 5589 3595 5644; x_wconf 89' lang='lat' dir='ltr'><strong>usque</strong></span> <span class='ocrx_word' id='word_1_1051' title='bbox 3639 5571 3698 5625; x_wconf 87' lang='lat' dir='ltr'><strong>ad</strong></span> 
     </span>
    </p>
   </div>
   <div class='ocr_carea' id='block_1_117' title="bbox 2127 5663 3698 5732">
    <p class='ocr_par' dir='ltr' id='par_1_117' title="bbox 2127 5663 3698 5732">
     <span class='ocr_line' id='line_1_117' title="bbox 2127 5663 3698 5732; baseline -0.004 -12"><span class='ocrx_word' id='word_1_1052' title='bbox 2127 5666 2287 5722; x_wconf 86' lang='lat' dir='ltr'><strong>ﬁnem</strong></span> <span class='ocrx_word' id='word_1_1053' title='bbox 2314 5676 2601 5724; x_wconf 78' lang='lat' dir='ltr'><strong>exsecutus</strong></span> <span class='ocrx_word' id='word_1_1054' title='bbox 2624 5677 2703 5723; x_wconf 87' lang='lat' dir='ltr'><strong>est</strong></span> <span class='ocrx_word' id='word_1_1055' title='bbox 2728 5667 2950 5722; x_wconf 82' lang='lat' dir='ltr'><strong>dicens:</strong></span> <span class='ocrx_word' id='word_1_1056' title='bbox 2988 5684 3006 5716; x_wconf 85' lang='grc'><strong>‹</strong></span> <span class='ocrx_word' id='word_1_1057' title='bbox 3034 5665 3209 5721; x_wconf 87' lang='lat' dir='ltr'><strong>Corde</strong></span> <span class='ocrx_word' id='word_1_1058' title='bbox 3239 5663 3481 5720; x_wconf 85' lang='lat' dir='ltr'><strong>creditur</strong></span> <span class='ocrx_word' id='word_1_1059' title='bbox 3519 5664 3587 5717; x_wconf 89' lang='lat' dir='ltr'><strong>ad</strong></span> <span class='ocrx_word' id='word_1_1060' title='bbox 3618 5663 3698 5732; x_wconf 78' lang='lat' dir='ltr'><strong>ju-</strong></span> 
     </span>
    </p>
   </div>
  </div>
