3978 6182
313 300 414 355 955

1083 295 1363 352 ENABRA
1381 297 1479 354 [10
1513 295 1735 353 SUPER
1777 296 2396 354 DEUTERONOMIUM.
2438 330 2505 338 --
2538 298 2665 354 LIB.
2705 298 2793 355 IV.

3456 302 3563 363 960

307 414 533 479 stitiam,
553 422 844 468 oreautcm
862 414 1128 471 confessio
1142 414 1767 489 litadsalutemiulom.
1789 416 1875 488 χ).
1907 424 1957 481 Α
1985 431 2140 481 nens,
2180 415 2293 486 ipse
2327 415 2459 471 facit
2504 433 2668 488 opera
2690 438 2707 470 ι
2739 414 2932 489 (Ioan.
2969 414 3117 489 xxv).
3146 409 3306 472 Pater
3344 434 3561 489 quoque

305 505 497 559 Merito
523 506 667 575 quod
705 520 772 560 ex
804 506 1028 561 Ilebneo
1070 507 1389 563 translatum
1423 516 1525 574 est,
1548 517 1809 578 quantum
1844 525 1877 563 a

303 596 459 652 nobis
490 595 682 667 inspici
707 596 900 667 potuit,
935 613 1042 652 non
1079 597 1245 653 habet
1280 616 1300 651 ι
1328 599 1382 653 in
1412 598 1660 654 manibus
1696 603 1802 654 tuis
1827 620 1873 653 ι.

298 684 414 741 Nec
448 684 651 741 frustra
698 693 873 740 tamen
896 686 1000 742 hoc
1025 701 1056 740 a
1095 685 1444 759 Septuaginta
1491 689 1877 760 interpretibus

295 774 545 830 additum
582 775 850 841 existimo,
882 776 985 831 nisi
1006 776 1130 845 quia
1152 777 1376 849 intelligi
1400 779 1683 835 voluerunt
1713 779 1874 833 etiam

296 866 444 934 ipsas
467 880 680 930 manus,
710 865 905 934 quibus
927 866 1296 937 significantur
1312 884 1493 938 opera,
1526 870 1577 923 in
1607 870 1767 924 corde
1791 884 1876 923 ac-

294 957 399 1027 cipi
422 957 638 1022 debere,
670 957 762 1012 ubi
791 966 874 1012 est
900 956 1033 1012 fides
1052 973 1172 1028 qua:
1197 972 1294 1027 per
1316 958 1658 1014 dilectionem
1681 973 1874 1027 opera-

296 1057 403 1103 tur.
434 1047 570 1103 Nam
598 1048 643 1103 si
672 1046 973 1105 forinsecus
1010 1064 1073 1103 ea
1107 1063 1226 1118 quae
1255 1051 1396 1105 Deus
1423 1048 1596 1117 jubet,
1626 1049 1874 1104 manibus

294 1138 445 1203 fiant,
475 1145 530 1192 et
559 1137 615 1192 in
645 1137 809 1193 corde
836 1153 945 1194 non
971 1139 1125 1206 ﬁant,
1169 1154 1329 1195 nemo
1371 1148 1455 1194 est
1492 1147 1599 1194 tam
1634 1139 1870 1195 insulsus

290 1227 382 1296 qui
410 1234 676 1298 prtecepta
711 1228 1006 1284 arbitretur
1030 1229 1264 1300 impleri.
1305 1229 1477 1286 Porro
1523 1230 1570 1285 si
1612 1230 1867 1298 cbaritas,

286 1333 409 1387 qua:
432 1318 708 1389 plenitudo
733 1318 867 1390 legis
908 1329 1016 1387 est,
1068 1321 1274 1376 habitet
1321 1321 1376 1376 in
1423 1322 1605 1387 corde,
1655 1323 1867 1379 etiamsi

285 1409 533 1464 manibus
558 1411 802 1479 corporis
823 1411 1107 1481 quisquam
1132 1427 1241 1467 non
1286 1413 1458 1482 possit
1494 1414 1730 1483 operari,
1760 1429 1865 1484 pax

284 1499 361 1555 illi
388 1508 494 1567 est,
515 1500 703 1572 utique
724 1516 848 1556 eum
875 1502 1185 1558 hominibus
1217 1503 1373 1558 bona:
1409 1503 1720 1560 voluntatis.

827 1632 1055 1689 CAPUT
1082 1632 1313 1690 XXVIII.

1981 523 2252 576 nunquam
2300 507 2499 562 deserit
2532 507 2748 573 Filium,
2795 507 2921 576 quia
2962 523 3232 577 nunquam
3280 521 3561 578 separatus

1978 606 2061 652 est
2089 613 2117 650 a
2152 596 2307 663 Filio,
2338 613 2462 653 cum
2496 613 2602 667 quo
2629 605 2684 653 et
2712 595 2917 666 Spiritu
2950 609 3140 652 sancto
3164 614 3303 652 unus
3328 607 3384 653 et
3411 599 3561 656 solus

1976 696 2060 741 est
2081 702 2295 757 semper
2324 689 2483 743 Deus.

2052 798 2070 829 ι
2098 777 2326 848 Scripsit
2359 781 2539 849 itaque
2569 779 2777 850 Moyses
2816 778 2989 848 legem
3042 779 3201 842 hanc,
3242 786 3298 832 et
3342 779 3562 835 tradidit

1980 887 1999 920 ί
2021 885 2141 924 eam
2173 871 2545 926 sacerdotibus
2575 871 2698 925 filiis
2724 870 2871 936 Levi,
2914 872 3006 941 qui
3045 870 3334 942 portabant
3375 887 3558 927 arcam

1981 976 1999 1008 ι
2025 956 2249 1015 foederis
2280 959 2515 1025 Domini,
2547 970 2601 1014 ct
2625 961 2833 1015 cunctis
2863 960 3165 1014 senioribus
3190 959 3372 1024 Israel,
3420 976 3559 1029 prte-

1979 1065 1997 1097 ε
2028 1049 2277 1117 cepitque
2323 1050 2404 1103 eis
2436 1050 2621 1103 dicens
2647 1067 2658 1102 :
2682 1048 2813 1103 Post
2840 1058 3041 1118 septem
3083 1064 3253 1104 annos
3291 1064 3433 1104 anno
3472 1066 3559 1105 re-

1978 1138 2297 1194 «missionis
2351 1140 2405 1192 in
2466 1138 2810 1193 solemnitate
2866 1137 3355 1201 tabernaculorum,
3426 1153 3558 1192 con-

1976 1245 1995 1278 ι
2026 1228 2363 1282 venientibus
2386 1228 2595 1282 cunctis
2631 1243 2696 1283 ex
2725 1227 2889 1281 Israel
2917 1234 2976 1280 ut
3001 1233 3296 1296 appareant
3334 1226 3386 1279 in
3425 1242 3557 1281 con-

1975 1336 1993 1369 c
2022 1328 2203 1389 specta
2228 1319 2438 1373 Domini
2462 1320 2557 1374 Dei
2580 1320 2683 1383 sui,
2709 1319 2761 1372 in
2790 1319 2907 1373 loco
2933 1333 3091 1386 quem
3115 1317 3337 1387 elegerit
3365 1320 3553 1373 Domi-

1974 1426 1992 1459 ι
2026 1424 2147 1473 nus,
2170 1408 2317 1477 leges
2347 1409 2505 1462 verba
2530 1408 2664 1479 legis
2693 1408 2852 1478 hujus
2878 1424 3059 1463 coram
3075 1408 3259 1473 Israel,
3286 1409 3555 1463 audienti-

1973 1517 1991 1549 ι
2021 1497 2121 1553 bus
2151 1500 2250 1565 eis,
2278 1509 2327 1554 et
2364 1500 2415 1554 in
2445 1516 2610 1555 unum
2635 1501 2779 1555 omni
2811 1500 3006 1571 populo
3035 1509 3379 1569 congregato,
3404 1521 3421 1552 ι
3440 1509 3547 1554 etc.

1965 1586 2175 1659 Moyses
2212 1591 2583 1645 sacerdotibus
2599 1590 2770 1661 legem
2792 1591 2959 1657 dedit,
2985 1598 3043 1645 ut
3064 1591 3374 1645 ostenderet
3395 1590 3552 1645 Chri-

1962 1679 2032 1732 sti
2088 1679 2458 1735 sacerdotibus
2501 1681 2636 1752 legis
2681 1683 2875 1737 divina:
2923 1683 3255 1737 sanctionem
3313 1684 3551 1739 maxime

276 1761 359 1817 De
388 1780 449 1818 eo
482 1765 620 1841 quod
644 1764 852 1841 Moyses
871 1765 1296 1841 pra'diaitdqsue
1336 1767 1865 1841 ducatumulsraelis;
1896 1772 1941 1831 B
1970 1767 2104 1838 ipsis
2130 1771 2564 1825 commendatam
2615 1786 2735 1827 esse
2796 1772 2863 1826 ad
2916 1772 3293 1827 insinuandum
3350 1771 3550 1841 populo

345 1842 398 1907 et
421 1834 562 1907 quod
588 1836 697 1907 ipse
718 1834 925 1907 Moyses
950 1837 1155 1907 scripsit
1177 1836 1340 1907 legem
1365 1847 1413 1891 et
1435 1837 1655 1891 tradidit
1683 1854 1861 1891 sacer-

345 1853 559 1959 Ξὲἓῖἳιῗ
581 1853 1298 1960 ἧξῖᾗθὶἓὲἥέιέῗέἔίέἓκᾶἓῗ

344 2031 747 2107 (Canna):
776 2033 1110 2108 Vocavitque
1138 2037 1349 2109 Moyses
1395 2038 1578 2105 Iosue,
1626 2049 1681 2096 et
1724 2042 1859 2098 dixit

277 2144 297 2179 ι
328 2125 380 2182 ei
405 2140 593 2183 coram
613 2126 762 2183 omni
784 2127 948 2184 Israel
976 2143 991 2182 :
1025 2128 1346 2185 Confortare
1363 2138 1419 2185 et
1440 2139 1557 2185 esto
1581 2132 1853 2189 robustus.

278 2238 296 2269 ι
325 2218 405 2274 Tu
466 2219 612 2275 enim
676 2220 987 2278 introduces
1044 2223 1297 2292 populum
1336 2223 1495 2277 istum
1542 2223 1597 2277 in
1651 2232 1855 2279 terram

275 2327 295 2358 ς
325 2324 488 2379 quam
540 2309 792 2365 daturum
823 2327 893 2376 se
921 2312 1168 2381 patribus
1205 2327 1390 2367 eorum
1421 2312 1625 2382 juravit
1664 2314 1852 2371 Domi-

276 2418 294 2448 ε
326 2415 474 2455 nus:
505 2407 562 2454 et
605 2408 664 2456 tu
709 2415 830 2455 eam
876 2410 1023 2457 sorte
1068 2403 1311 2458 divides:
1339 2411 1393 2459 et
1429 2404 1711 2470 Dominus,
1760 2407 1853 2476 qui

273 2507 291 2539 ι
320 2488 515 2544 ductor
529 2499 818 2556 vesterest,
841 2491 954 2562 ipse
966 2493 1072 2546 crit
1092 2500 1290 2559 tecum,
1308 2501 1362 2548 et
1385 2510 1490 2549 non
1517 2495 1752 2550 dimittet
1775 2505 1847 2562 te,

274 2596 291 2627 ι
323 2592 423 2634 nec
445 2578 803 2650 derelinquet,
825 2600 844 2633 ι
879 2588 987 2635 etc.
1019 2580 1161 2652 Ergo
1186 2582 1352 2636 verba
1384 2581 1552 2652 Moysi
1582 2584 1648 2637 ad
1681 2582 1845 2640 Iosue

264 2668 576 2740 exprimunt
622 2671 1059 2726 testiﬁcationem
1113 2671 1248 2742 legis
1299 2672 1363 2727 de
1398 2671 1626 2728 Domino
1663 2682 1849 2730 nostro

259 2756 392 2814 Jcsu
411 2759 671 2816 Christo:
703 2760 829 2829 quia
868 2761 971 2816 hoc
1016 2761 1300 2817 manifeste
1344 2760 1429 2817 lex
1480 2771 1536 2817 et
1570 2766 1847 2835 propheta:

263 2858 556 2916 testantur,
610 2850 753 2919 quod
800 2850 1129 2921 Redemptor
1172 2859 1359 2907 noster
1404 2861 1603 2913 terram
1653 2853 1848 2911 futurte

258 2945 453 3015 patria:
479 2944 705 3017 singulis
729 2947 1024 3003 secundum
1054 2948 1273 3018 pr0pria
1301 2949 1594 3006 distribuat
1625 2953 1842 3020 merita,

256 3043 318 3089 et
356 3036 538 3090 omnia
578 3036 845 3106 promissa
890 3036 987 3091 Dei
1040 3038 1367 3109 impleturus~
1396 3040 1511 3110 ipse
1554 3042 1645 3097 sit.
1693 3043 1846 3099 Unde

1963 1862 2087 1927 quia
2113 1858 2168 1912 in
2198 1860 2368 1929 gradu
2394 1875 2491 1915 suo
2514 1877 2619 1915 non
2644 1861 2921 1915 terrestris
2965 1862 3217 1932 dignitas,
3256 1862 3349 1916 sed
3391 1861 3552 1916 caele»

1960 1947 2060 2002 stis
2082 1947 2285 2002 militia:
2308 1947 2398 2016 jus
2426 1948 2528 2003 illis
2552 1951 2846 2003 confertur.
2880 1969 2897 2000 ι
2920 1951 3045 2005 Post
3088 1962 3315 2019 septem,
3349 1951 3550 2019 inquit,

1958 2052 2148 2102 annos,
2180 2053 2322 2092 anno
2344 2038 2678 2093 remissionis
2706 2039 2757 2092 in
2794 2040 3135 2095 solemnitate
3175 2040 3547 2095 talernacnlo—

1959 2144 2101 2194 rum,
2139 2128 2286 2199 leges
2314 2128 2478 2183 verba
2500 2128 2634 2200 legis
2671 2128 2832 2199 hujus
2873 2145 3055 2183 coram
3098 2131 3246 2184 omni
3294 2117 3477 2183 Israel.
3519 2150 3538 2181 ι

1955 2218 2093 2286 Quid
2118 2234 2215 2288 per
2242 2227 2448 2288 septem
2484 2236 2674 2285 annos,
2708 2220 2809 2273 nisi
2853 2235 3092 2289 praesens
3124 2220 3253 2284 vita,
3286 2235 3404 2289 quae
3447 2236 3548 2289 per

1954 2306 2318 2374 septenarium
2365 2305 2575 2360 dierum
2621 2322 2902 2360 numerum
2951 2307 3144 2372 currit,
3190 2308 3545 2377 designatur?

1953 2393 2066 2447 sive
2090 2408 2189 2462 per
2218 2400 2424 2461 septem
2454 2408 2624 2447 annos
2652 2401 2862 2462 tempus
2905 2394 3101 2447 veteris
3140 2394 3275 2465 legis
3321 2405 3545 2463 propler

1951 2483 2235 2538 sabbatum
2257 2484 2598 2553 exprimitur.
2648 2484 2779 2539 Post
2824 2500 2953 2554 ergo
3000 2493 3203 2555 septem
3255 2500 3446 2551 annos,
3487 2485 3547 2540 in

1949 2593 2093 2632 anno
2134 2576 2604 2642 remissionis,ch
2645 2577 2697 2631 in
2741 2586 3007 2632 conventu
3050 2578 3231 2649 populi
3267 2578 3371 2651 legi
3408 2596 3548 2650 prte-

1948 2667 2166 2737 cipitur,
2213 2666 2340 2735 quia
2389 2674 2514 2735 post
2563 2665 2889 2736 completum
2937 2669 3140 2722 veteris
3179 2669 3545 2724 observantia:

1948 2759 2163 2812 modum
2175 2759 2287 2828 jam
2302 2760 2562 2815 successit
2580 2760 2843 2830 spiritalis
2866 2759 3003 2814 ritus
3024 2758 3156 2815 Novi
3181 2760 3537 2815 Testamenti.

1953 2848 2286 2919 «Postquam
2336 2851 2486 2904 enim
2534 2851 2684 2904 venit
2725 2850 3004 2921 plenitudo
3064 2852 3342 2920 temporis,
3393 2853 3544 2907 misit

1946 2937 2088 2992 Deus
2118 2937 2312 2992 Filium
2335 2955 2514 3004 suum,
2542 2939 2743 2994 factum
2786 2955 2851 2994 ex
2891 2940 3137 3005 muliere,
3182 2941 3383 2995 factum
3432 2942 3535 2995 sub

1946 3024 2083 3099 lege,
2133 3038 2192 3084 ut
2228 3046 2322 3085 eos
2360 3032 2451 3099 qui
2498 3030 2600 3085 sub
2640 3030 2757 3101 lege
2794 3038 2951 3085 erant
2996 3032 3306 3097 redimeret,
3353 3040 3409 3086 et
3446 3032 3542 3087 ad-

257 3124 549 3183 Psalmism
594 3126 662 3182 de
711 3126 824 3196 ipsa
870 3135 1014 3182 mm
1073 3136 1320 3195 testatur,
1368 3131 1552 3187 dicens
1579 3146 1605 3192 ε
1634 3133 1849 3190 .credo
1876 3111 1920 3172 C
1952 3117 2229 3187 optionem
2259 3117 2490 3173 filiorum
2529 3117 2624 3174 Dei
2652 3119 3020 3189 reciperemus
3051 3140 3069 3172 ι
3118 3118 3267 3191 (Cal.
3316 3120 3434 3192 tv).
3472 3122 3542 3176 Et

259 3216 450 3272 videre
478 3217 618 3272 bona
656 3216 870 3271 Domini
919 3216 974 3271 in
1023 3224 1164 3271 terra
1213 3218 1528 3275 viventium.
1579 3220 1845 3293 Exspecta

1955 3206 2076 3278 quid
2127 3207 2181 3262 in
2232 3225 2376 3264 anno
2423 3210 2759 3265 remissionis
2795 3210 2898 3265 nisi
2924 3226 3098 3265 anuus
3127 3212 3333 3282 gratiae,
3375 3227 3539 3281 quem

256 3303 566 3371 Dominum,
596 3306 824 3361 viriliter
852 3320 970 3377 age,
994 3315 1051 3362 et
1079 3306 1418 3364 confortetur
1453 3326 1549 3366 cor
1581 3320 1753 3380 tuum,
1792 3323 1847 3369 et

1955 3295 2198 3352 Salvator
2225 3298 2361 3369 ipse,
2396 3298 2577 3371 legens
2606 3299 2660 3353 in
2678 3314 2948 3371 synagoga
2962 3315 3028 3353 ex
3055 3299 3210 3354 Isaiae.
3229 3302 3539 3370 prophetia,

256 3398 466 3453 sustine
489 3399 773 3454 Dominum
804 3420 823 3452 ι
876 3397 1062 3472 (Ρωι.
1101 3400 1284 3471 xxvi).
1320 3401 1438 3473 Ipse
1482 3405 1628 3460 enim
1676 3405 1849 3462 intro-

256 3489 420 3545 ducet
444 3492 703 3562 populum
731 3493 827 3549 Dei
852 3494 906 3548 in
933 3501 1134 3549 terram
1155 3511 1320 3565 quam
1360 3498 1617 3551 daturum
1651 3511 1710 3554 se
1744 3513 1842 3568 pa-

258 3581 441 3636 tribus
481 3597 669 3638 eorum
709 3582 912 3653 juravit
950 3584 1252 3642 Dominus:
1283 3586 1406 3657 quia
1448 3587 1633 3656 procul
1682 3589 1845 3644 dubio

253 3686 449 3727 omnes
479 3673 570 3741 qui
594 3672 662 3727 ad
684 3672 922 3728 caelestis
946 3674 1097 3745 regni
1120 3675 1311 3745 gaudia
1340 3678 1651 3746 perventuri
1693 3686 1841 3746 sunt,

252 3777 354 3832 per
383 3760 527 3815 illius
556 3761 810 3816 ducatum
850 3761 981 3818 illuc
1028 3764 1361 3833 pervenient.
1402 3764 1494 3821 Ait
1541 3766 1686 3821 enim
1728 3768 1843 3839 ipsa

261 3850 482 3905 Veritas
526 3867 539 3903 :
583 3869 602 3900 c
628 3849 795 3905 Nemo
850 3852 1000 3907 venit
1027 3852 1093 3907 ad
1123 3852 1365 3919 Patrem,
1396 3855 1499 3911 nisi
1551 3871 1648 3927 per
1696 3874 1786 3914 me
1817 3878 1836 3912 ι

254 3937 441 4009 (Joan.
467 3938 600 4010 ιη’).
635 3957 653 3990 ι
676 3938 843 3993 Nemo
887 3942 1132 3996 ascendit
1175 3942 1228 3996 in
1258 3943 1474 4011 cadum,
1507 3947 1612 4001 nisi
1649 3949 1740 4018 qui
1774 3949 1843 4004 de

251 4028 392 4084 cmlo
412 4028 710 4095 descendit,
725 4029 895 4084 Filius
922 4031 1177 4098 hominis,
1191 4033 1282 4102 qui
1303 4035 1450 4089 estin
1465 4036 1631 4092 ccelo:
1654 4038 1837 4111 (Joan.

253 4117 380 4185 ιιι).
426 4138 446 4170 ι
476 4117 576 4184 Qui
623 4118 767 4175 enim
811 4120 998 4173 unitur
1045 4120 1268 4177 Christo
1306 4139 1404 4194 per
1451 4124 1630 4193 fidem,
1694 4128 1840 4185 illam

252 4208 462 4264 scilicet
497 4224 620 4278 qua:
662 4223 761 4279 per
788 4209 1136 4266 dilectionem
1185 4223 1460 4282 operatur,
1507 4216 1669 4272 simul
1715 4234 1839 4274 cum

251 4302 429 4368 capite
458 4299 711 4369 gaudebit
736 4315 794 4355 se
824 4309 1173 4372 regnaturum
1206 4306 1491 4375 perpetim.
1540 4308 1695 4375 Quod
1743 4326 1840 4365 au-

250 4396 359 4443 tem
389 4387 628 4442 dicitur:
664 4407 682 4439 ι
706 4389 822 4459 Ipse
855 4393 958 4444 erlt
997 4400 1197 4457 tecum,
1237 4402 1291 4447 et
1329 4410 1434 4448 non
1475 4397 1710 4453 dimittet
1762 4407 1833 4459 te.

1945 3402 2144 3441 animm
2173 3387 2385 3443 Domini
2425 3398 2706 3459 acceptum
2735 3396 2788 3444 et
2817 3389 2959 3444 diem
3006 3389 3381 3446 retributionis
3417 3408 3541 3447 esse

1944 3478 2329 3544 manifestavit,
2375 3479 2714 3534 insinuatur?
2744 3479 2835 3533 Sic
2864 3488 2918 3534 et
2945 3479 3259 3535 solemnilas
3287 3479 3539 3535 taberna—

1944 3571 2189 3625 culorum
2214 3584 2321 3624 non
2353 3568 2456 3622 alia
2488 3584 2608 3624 esse
2641 3585 2804 3638 quam
2833 3578 3010 3623 status
3029 3570 3318 3638 praisentis
3347 3570 3538 3625 Eccle-

1945 3658 2060 3723 εἰδὲ,
2088 3657 2178 3712 ubi
2207 3659 2260 3712 in
2291 3657 2653 3712 tabernaculis
2674 3657 2939 3713 incolatus
2970 3660 3162 3724 nostri,
3182 3659 3282 3713 sub
3308 3661 3531 3713 umbra-

1943 3747 2065 3802 culo
2102 3746 2508 3803 fructiferarum
2532 3748 2808 3812 arborum,
2842 3750 2945 3805 hoc
2962 3757 3066 3815 est,
3100 3761 3411 3805 sanctorum
3449 3752 3537 3806 vi-

1942 3854 2149 3905 rorum,
2189 3838 2451 3895 doctrinis
2477 3846 2532 3894 et
2552 3839 2816 3910 exemplis
2836 3839 3116 3911 elegimus,
3149 3850 3203 3897 et
3232 3844 3531 3912 protectio-

1941 3930 2028 3985 nis
2053 3931 2248 3985 divina:
2273 3929 2515 3986 subsidio
2543 3932 2779 3985 maxime
2806 3931 3125 4001 indigemus.
3184 3932 3337 3987 Tunc
3383 3934 3532 3988 enim

1941 4019 2164 4091 legenda
2201 4020 2289 4075 lex
2316 4021 2475 4076 estin
2500 4020 2617 4075 loco
2645 4034 2809 4090 quem
2852 4019 3015 4092 elegit
3060 4021 3342 4087 Dominus,
3404 4024 3531 4091 quia

1943 4119 2067 4167 tunc
2096 4112 2367 4183 praecipue
2397 4112 2656 4167 doctrina:
2686 4112 3045 4166 insistendum
3072 4122 3155 4166 est
3190 4112 3243 4164 in
3288 4111 3530 4167 Ecclesia

1939 4202 2157 4258 Christi.
2191 4201 2311 4273 Ipse
2335 4217 2550 4272 quoque
2574 4201 2725 4255 locus
2749 4208 2834 4255 est
2853 4217 3013 4270 quem
3050 4200 3212 4270 elegit
3245 4201 3531 4265 Dominus,

1937 4302 1998 4351 ut
2024 4294 2232 4349 habitet
2260 4309 2455 4349 nomen
2475 4291 2591 4360 ejus
2623 4292 2717 4345 ibi.
2747 4288 2973 4358 Quando
2998 4300 3177 4345 autem
3214 4291 3531 4360 pervencri-

1936 4402 2059 4441 mus
2097 4386 2152 4439 in
2179 4393 2379 4439 terram
2401 4383 2759 4453 possessionis
2788 4391 3007 4448 nostra),
3048 4381 3163 4451 jam
3213 4398 3321 4438 non
3350 4383 3403 4436 in
3440 4393 3527 4436 ta-

249 4494 429 4549 neque
457 4479 792 4550 derelinquet
820 4490 892 4547 te,
927 4504 946 4534 »
988 4483 1272 4538 manifeste
1303 4486 1546 4557 designat
1568 4490 1830 4546 unitatem

1955 4475 2263 4541 lernaculis,
2305 4476 2398 4530 sed
2438 4475 2493 4529 in
2531 4474 2753 4529 civitate
2779 4475 2997 4544 superni
3053 4475 3214 4544 regis,
3262 4475 3364 4529 hoc
3418 4484 3526 4538 est,

248 4572 430 4627 Patris
459 4581 514 4626 et
542 4572 685 4627 Filii.
715 4573 852 4628 Hinc
876 4590 1089 4645 quoque
1112 4577 1224 4646 ipse
1252 4577 1511 4633 Dominus
1558 4580 1611 4633 in
1656 4580 1833 4635 Evan-

249 4664 389 4735 gelio
423 4666 538 4720 ait:
562 4684 580 4717 ι
600 4664 701 4732 Qui
729 4681 814 4721 me
839 4667 1006 4732 misit,
1028 4683 1241 4723 mecum
1266 4677 1349 4724 est
1377 4687 1389 4723 :
1413 4678 1468 4723 et
1492 4685 1598 4724 non
1620 4670 1834 4740 reliquit

251 4771 338 4811 me
362 4757 557 4821 solum,
584 4758 710 4828 quia
739 4773 862 4830 ego,
890 4773 1011 4828 quae
1038 4758 1236 4829 placita
1263 4760 1499 4825 suntilli,
1518 4760 1659 4816 facio
1688 4777 1830 4818 sem—

249 4863 384 4919 per»
412 4846 743 4921 (Ιοαηονιιι).
771 4849 840 4904 Et
864 4849 995 4905 item
1022 4868 1035 4904 :
1058 4870 1075 4901 ι
1099 4849 1279 4916 Pater,
1305 4850 1498 4921 inquit,
1528 4851 1582 4906 in
1612 4866 1697 4906 me
1716 4866 1826 4906 ma-

1428 5060 1725 5137 LIBER
1800 5062 2303 5155 QUARTUS.

760 5286 983 5343 CAPUT
1018 5286 1306 5343 PRIMUM.

247 5370 406 5439 Quod
430 5372 634 5451 scripsit
680 5375 886 5451 Moyses
936 5378 1086 5451 verba
1109 5378 1257 5451 legis
1299 5378 1639 5451 ingvolumine
1678 5389 1830 5451 atque

319 5442 612 5520 compleuit,
638 5442 980 5520 praecepitque
999 5442 1207 5520 Leritis',
1238 5458 1293 5502 ut
1318 5448 1451 5502 illud
1473 5442 1754 5520 poneretur
1776 5452 1830 5504 in

318 5528 460 5592 arca.
475 5512 682 5581 [aderis
707 5512 940 5582 Domini,
973 5528 1028 5572 ut
1056 5518 1126 5571 ibi
1151 5528 1279 5573 esset
1304 5512 1485 5574 contra
1503 5536 1590 5574 eos
1618 5520 1674 5573 in
1695 5520 1833 5573 testi-

315 5596 571 5637 montum.

318 5672 499 5746 (tum)
531 5691 551 5725 ι
578 5674 872 5764 postquam
900 5692 1029 5747 ergo
1058 5680 1276 5750 scripsit
1314 5680 1521 5752 Moyses
1564 5680 1726 5737 verba
1757 5681 1833 5739 lc-

1935 4573 2238 4631 Jerusalem
2266 4572 2495 4638 cmlesti,
2526 4586 2740 4642 semper
2775 4558 2839 4626 ef
2867 4573 2921 4626 in
2964 4579 3224 4626 internum
3277 4571 3524 4626 manebi-

1939 4683 2061 4722 mus
2077 4667 2390 4737 gaudentes,
2406 4674 2568 4736 atque
2590 4664 2719 4720 illud
2738 4664 3040 4720 Psalmista:
3062 4664 3303 4719 dicentes
3327 4683 3340 4719 :
3371 4685 3389 4715 ι
3402 4664 3524 4722 Sic-

1935 4767 1998 4815 ut
2043 4759 2346 4814 audivimus
2372 4759 2445 4813 ita
2471 4765 2526 4814 et
2555 4756 2790 4813 vidimus
2827 4758 2882 4811 in
2923 4758 3140 4812 civitate
3185 4758 3279 4812 Dei
3325 4760 3523 4827 nostri,

1936 4854 2078 4909 Deus
2106 4853 2352 4910 fundavit
2379 4869 2500 4910 eam
2536 4854 2591 4909 in
2616 4860 2879 4910 aeternum
2911 4850 3088 4922 (Psal.
3114 4852 3310 4921 πηγὴ.»

3435 4973 3515 4998 ο.

1936 5321 1955 5354 ι
1991 5302 2074 5372 gis
2104 5302 2262 5372 hujus
2309 5304 2363 5359 in
2393 5304 2665 5362 volumine
2690 5319 2854 5376 atque.
2882 5305 3170 5376 complevit
3193 5343 3209 5367 ,
3257 5299 3508 5371 praecepit

1936 5413 1955 5447 ι
1991 5395 2215 5462 Levitis,
2243 5397 2335 5467 qui
2365 5399 2654 5467 portabant
2700 5414 2881 5454 arcam
2913 5397 3131 5452 foederis
3157 5392 3393 5459 Domini,
3423 5393 3511 5448 di-

1938 5503 1955 5536 ε
1992 5500 2156 5540 cens:
2205 5485 2399 5542 Tollite
2425 5487 2622 5544 librum
2648 5488 2838 5549 istum.
2892 5494 2947 5541 et
2992 5486 3176 5554 ponite
3203 5498 3326 5538 cum
3355 5484 3407 5538 in
3436 5483 3514 5539 la-

1938 5597 1956 5629 ι
2001 5585 2115 5635 tere
2141 5595 2282 5636 arcae
2329 5578 2550 5636 fmderis
2597 5580 2809 5636 Domini
2840 5578 2933 5632 Dei
2982 5577 3185 5641 vestri,
3236 5565 3294 5629 ut
3334 5576 3405 5631 sit
3436 5575 3513 5631 ibi

1939 5685 1957 5721 ι
1994 5677 2182 5726 contra
2216 5678 2268 5727 te
2298 5670 2352 5727 iu
2384 5670 2767 5738 testimonium,
2806 5688 2825 5723 ι
2862 5676 2965 5723 etc.
3004 5664 3214 5737 Moyses
3244 5664 3509 5723 Deutero-
