3964 6192
538 278 649 337 967

1176 276 1239 330 Β.
1280 272 1536 330 RABANI
1573 271 1792 330 MAURI
1829 266 2148 325 ARCHIEP.
2194 265 2501 323 MOGUN'I‘.
2541 262 2827 320 OPERUM
2859 261 3041 319 PARS
3073 262 3115 317 I.

3653 269 3749 325 903

543 390 784 447 nomium
812 389 1076 456 scribens,
1105 389 1307 445 Levitis
1344 386 1743 443 commendavit
1772 392 1833 438 ut
1859 389 2119 452 ponerent
2141 383 2196 445 Α
2220 394 2363 445 rum,
2396 386 2451 433 et
2476 377 2542 431 ad
2570 376 3039 446 contemplationis
3074 375 3266 430 divina:
3299 376 3609 445 provehatur
3631 383 3750 437 sub-

544 482 671 537 illud
712 481 766 535 in
796 480 965 536 latere
1010 496 1149 535 arcae
1176 480 1409 543 Domini,
1466 486 1733 548 quatenus
1762 476 1913 529 ﬁeret
1942 473 2013 528 ibi
2063 472 2117 526 in

538 573 930 629 testimonium.
983 572 1308 641 Spiritaliter
1335 571 1570 626 ostendit
1596 569 1739 639 quod
1766 563 2118 637 Evangelium

538 664 768 729 Christi,
797 661 951 731 cujus
977 660 1453 717 Deuteronomium
1483 668 1641 729 typus
1666 666 1770 721 est,
1813 672 1913 725 per
1940 670 2119 709 sacer-

538 755 727 808 dotum
752 752 1011 816 ﬁdelium,
1062 752 1165 806 hoc
1204 757 1309 815 est,
1342 764 1592 803 verorum
1622 746 1928 801 Levitarum
1958 738 2118 798 mini-

539 845 765 900 sterium
795 882 811 909 ,
860 845 914 897 in
954 841 1214 897 memoria
1269 837 1669 895 recondendum
1715 837 1787 891 sit
1837 834 2113 898 Ecclesize,

536 949 658 1003 quae
703 932 973 987 veraciter
1019 939 1103 985 est
1133 945 1261 984 arca
1314 927 1546 990 Domini,
1592 929 1717 994 quia
1771 924 1844 978 ibi
1877 921 2114 978 thesauri

531 1025 786 1081 cmlestes
822 1023 1208 1077 reconduntur.
1260 1020 1340 1074 Ibi
1382 1032 1509 1088 ergo
1560 1016 1677 1071 duae
1715 1013 1909 1069 tabulae
1946 1021 2113 1067 testa-

538 1118 726 1183 menti,
774 1117 878 1171 hoc
923 1121 1029 1177 est,
1078 1111 1204 1165 libri
1254 1109 1387 1179 legis
1423 1103 1696 1176 Evangelii
1744 1110 2110 1157 reservantur.

530 1209 612 1264 Ibi
643 1216 727 1263 est
758 1220 892 1261 urna
924 1194 1041 1271 qua:
1070 1199 1311 1254 continet
1335 1211 1557 1261 manna,
1604 1192 1729 1262 quia
1762 1190 1832 1244 ibi
1866 1190 2116 1244 incarna-

537 1303 611 1356 tio
640 1296 860 1359 Christi,
884 1293 1167 1349 continens
1188 1290 1367 1344 cibum
1388 1288 1508 1341 vitae
1532 1294 1768 1347 (sternte,
1793 1280 2108 1335 custoditur.

533 1393 610 1447 lbi
639 1391 788 1459 virga
816 1386 996 1440 Aaron
1031 1398 1149 1453 qua:
1177 1381 1509 1440 fronduerat,
1546 1376 1671 1446 quia
1697 1373 1770 1428 ibi
1800 1370 1998 1459 Christi
2026 1384 2112 1459 sa-

532 1458 834 1535 cerdotium
887 1470 1269 1545 perpetualiter
1322 1480 1548 1522 manens
1589 1462 1819 1518 locatur.
1879 1477 1897 1509 ι
1933 1458 2004 1514 Ut
2041 1458 2115 1512 sit

532 1569 633 1634 ibi,
657 1566 850 1636 inquit,
884 1571 1074 1619 contra
1102 1569 1154 1615 te
1180 1560 1233 1612 in
1285 1555 1670 1612 testimonium.
1705 1571 1724 1604 ι
1774 1550 1949 1604 Verba
1980 1548 2112 1618 legis

533 1657 631 1712 Dci
661 1652 1084 1716 reservantibus,
1131 1664 1193 1704 ea
1223 1648 1359 1701 ﬁunt
1389 1645 1454 1699 ad
1487 1644 1713 1699 salutem
1748 1649 1802 1694 et
1828 1639 1894 1693 ad
1938 1651 2110 1691 reme-

529 1747 682 1801 dium
712 1745 1015 1799 animarum
1042 1754 1282 1803 suarum,
1329 1721 1801 1804 contemptoribus'
1831 1740 2011 1783 autem
2053 1735 2108 1781 et
2135 1720 2182 1779 B

530 1833 829 1891 incredulis
873 1838 1033 1887 erunt
1078 1830 1133 1884 in
1171 1826 1538 1882 testimonium
1572 1820 1884 1892 pertinacia:
1910 1832 2020 1872 sua:
2053 1823 2107 1869 et

532 1925 589 1979 in
615 1920 963 1993 opprobrium
994 1916 1390 1973 inobcdientire.
1422 1913 1576 1970 Unde
1597 1911 1846 1966 Salvator
1865 1908 1917 1962 in
1939 1907 2110 1961 Evan-

529 2013 673 2086 gelio
704 2013 817 2067 ait:
870 2027 889 2060 ί
922 2008 1073 2064 Beati
1116 2006 1210 2078 qui
1254 2005 1479 2060 audiunt
1524 2004 1747 2057 verbum
1790 1999 1907 2064 Dei,
1937 2006 1992 2052 et
2012 2011 2108 2051 cu-

543 2104 783 2159 stodiunt
812 2101 943 2155 illud
971 2098 1125 2171 (Luc.
1154 2096 1250 2166 xl).
1288 2113 1308 2148 ι
1340 2093 1405 2148 Ει
1432 2095 1560 2148 item
1589 2110 1603 2148 :
1637 2091 1829 2149 Omnis
1858 2108 1987 2163 ergo
2009 2092 2104 2162 qui

539 2196 693 2249 audit
733 2194 893 2248 verba
925 2205 1039 2245 mea
1082 2191 1194 2244 haec
1220 2198 1273 2242 et
1299 2187 1427 2242 facit
1457 2201 1544 2247 ea,
1575 2185 1964 2240 assimilabitur
1990 2187 2108 2239 viro

536 2284 797 2354 sapienti,
824 2281 917 2350 qui
942 2279 1226 2336 aediﬁcavit
1256 2279 1472 2331 domum
1498 2290 1651 2329 suam
1682 2288 1841 2343 supra
1871 2282 2109 2343 petram,

542 2388 597 2428 et
620 2373 902 2430 descendit
935 2372 1132 2441 pluvia,
1170 2379 1226 2424 et
1256 2377 1521 2422 venerunt
1572 2366 1817 2430 “Illlllna,
1848 2375 1902 2419 et
1931 2365 2097 2419 llavcu

546 2474 671 2521 ruut
711 2463 885 2527 venti,
924 2470 981 2516 et
1014 2463 1290 2515 irrueruut
1336 2457 1392 2512 in
1427 2458 1644 2511 domum
1697 2455 1867 2519 illam,
1900 2465 1954 2511 et
1998 2473 2102 2511 non

540 2557 762 2613 cecidit.
803 2552 1044 2607 Fundata
1071 2553 1217 2605 enim
1247 2562 1368 2605 erat
1396 2564 1558 2617 supra
1592 2554 1820 2617 petram.
1845 2548 1911 2600 Et
1935 2549 2110 2603 omnis

542 2648 636 2716 qui
665 2642 994 2699 auditverba
1022 2656 1135 2696 mea
1162 2642 1274 2695 haec
1304 2651 1358 2694 et
1390 2654 1494 2693 non
1525 2638 1652 2694 facit
1677 2653 1763 2702 ea,
1792 2638 1987 2693 similis
2009 2640 2112 2694 erit

546 2737 666 2789 viro
692 2733 859 2789 stulto
890 2733 983 2801 qui
1040 2731 1327 2786 aediﬁcavit
1373 2730 1595 2785 domum
1638 2728 1825 2796 super
1860 2743 2105 2797 arenam,

542 2837 602 2883 et
633 2825 924 2881 descendit
954 2823 1158 2893 pluvia,
1191 2830 1246 2875 et
1279 2829 1544 2874 venerunt
1574 2820 1821 2883 ﬁumina,
1848 2829 1901 2873 et
1951 2818 2115 2873 ﬂave-

557 2924 684 2972 runt
717 2917 882 2978 venti,
918 2924 970 2969 ct
1000 2915 1272 2967 irrueruut
1298 2912 1349 2964 in
1373 2913 1592 2965 dontum
1620 2909 1766 2963 illam
1797 2919 1851 2964 et
1873 2909 2067 2965 cecidit
2091 2925 2110 2972 ;

545 3016 604 3063 et
638 3006 741 3062 fuit
771 3005 927 3059 ruina
944 3003 1064 3070 eius
1090 3018 1279 3069 magna
1299 3000 1521 3069 (Matth.
1556 3000 1675 3069 vn).
1715 2998 1782 3054 Et
1812 3018 1828 3055 :
1863 3017 1882 3052 ι
1912 2999 2109 3065 Amen,

539 3102 699 3142 amen
723 3084 847 3140 dico
894 3086 1066 3151 vobis,
1095 3088 1220 3154 quia
1254 3086 1347 3154 qui
1381 3090 1604 3143 verbum
1643 3102 1822 3143 meum
1854 3084 2025 3148 audit,
2054 3090 2107 3133 el

527 3174 703 3229 credit
734 3175 784 3227 ei
816 3174 908 3243 qui
942 3189 1026 3227 me
1054 3174 1220 3237 misit,
1253 3172 1414 3226 habet
1453 3174 1620 3225 vitam
1646 3178 1906 3224 aeternam
1930 3183 1945 3232 ;
1973 3173 2030 3221 et
2052 3164 2105 3218 in

528 3265 787 3335 iudicium
818 3281 924 3318 non
947 3265 1149 3329 veniet,
1164 3263 1258 3318 sed
1284 3261 1509 3316 transiet
1530 3275 1562 3314 a
1593 3268 1766 3313 morte
1793 3258 1846 3311 in
1866 3255 2051 3310 vitam.
2082 3274 2101 3306 ι

529 3354 572 3409 Ε
597 3353 874 3407 contrario
896 3361 1075 3406 autem
1107 3350 1401 3405 incredulis
1422 3359 1477 3404 ct
1512 3344 1969 3417 contemptoribus
1992 3344 2102 3397 ait:

536 3463 556 3496 ι
590 3442 768 3498 Nolite
795 3450 988 3512 putare
1030 3444 1153 3511 quia
1191 3448 1546 3495 accusaturus
1574 3453 1675 3509 ego
1721 3436 1824 3492 sim
1850 3450 1946 3490 vos
1969 3433 2109 3504 apud

528 3532 770 3588 Patrem.
801 3532 896 3586 Est
927 3531 1016 3600 qui
1041 3536 1261 3586 accusat
1288 3544 1384 3585 vos
1411 3528 1641 3599 Moyses,
1668 3528 1720 3586 in
1747 3541 1853 3596 quo
1873 3539 1968 3580 vos
1988 3539 2107 3594 spe-

527 3624 682 3678 ratis.
733 3621 791 3677 Si
826 3622 970 3676 enim
998 3620 1295 3676 crederetis
1325 3619 1525 3690 Moysi,
1559 3616 1854 3674 crederetis
1883 3615 2108 3672 forsitan

528 3720 589 3767 et
611 3711 762 3769 mihi.
798 3711 875 3765 De
900 3725 987 3765 me
1010 3710 1155 3765 enim
1186 3710 1274 3764 ille
1297 3708 1534 3777 scripsit.
1567 3706 1626 3761 Si
1652 3715 1831 3761 autem
1856 3705 1998 3760 illius
2022 3703 2110 3758 lit-

532 3801 665 3854 teris
694 3815 801 3854 non
831 3799 1074 3864 creditis,
1112 3798 1382 3868 quomodo
1405 3797 1541 3852 meis
1569 3796 1747 3851 verbis
1772 3792 2047 3850 credetis?
2083 3812 2101 3844 ι

528 3888 598 3943 Et
622 3889 791 3942 alibi:
830 3907 850 3938 ι
878 3888 1011 3959 Ego,
1046 3889 1244 3960 inquit,
1272 3904 1378 3942 non
1422 3885 1606 3956 judico
1628 3899 1971 3955 quemquam,
2014 3882 2109 3938 sed

529 3988 616 4033 est
659 3978 751 4047 qui
792 3977 1020 4047 judicat.
1071 3977 1264 4033 Sermo
1310 3993 1470 4047 quem
1520 3976 1730 4031 locutus
1773 3990 1891 4030 sum
1936 3974 2105 4039 vobis,

533 4069 648 4140 ipse
667 4067 933 4138 iudicabit
958 4083 1081 4123 eum
1114 4069 1168 4123 in
1192 4068 1488 4123 novissimo
1511 4069 1599 4124 die
1631 4087 1649 4119 ι
1677 4066 1856 4138 (Joan.
1881 4082 1937 4132 v,
1959 4064 2080 4136 xu).

608 4179 627 4211 ι
665 4160 901 4215 Locutus
922 4167 1007 4213 est
1029 4174 1163 4230 ergo
1185 4158 1393 4228 Moyses
1420 4157 1672 4212 audiente
1692 4156 1942 4211 universo
1963 4162 2108 4208 cmtu

529 4248 730 4312 Israel,
781 4251 944 4303 verba
990 4248 1250 4303 carminis
1296 4246 1492 4316 hujus,
1544 4254 1601 4302 et
1644 4246 1713 4300 ad
1748 4244 1911 4300 ﬁnem
1939 4257 2108 4313 usque

529 4340 838 4411 complevit.
880 4359 899 4392 ι
958 4337 1188 4394 Carmen
1234 4338 1379 4394 istud
1430 4338 1575 4408 quod
1627 4337 1837 4409 Moyses
1867 4336 1921 4390 in
1955 4336 2105 4390 testi-

530 4431 768 4484 monium
801 4428 967 4483 Israel
996 4427 1303 4484 dccanlavit
1323 4468 1340 4495 ,
1390 4442 1495 4483 non
1525 4426 1821 4498 simplicem
1870 4433 2105 4479 tantum-

531 4520 691 4574 modo
725 4519 1006 4574 historiam
1034 4526 1213 4584 sonat,
1245 4517 1339 4572 sed
1364 4517 1593 4588 spiritali
1622 4515 1970 4586 intelligentia
1995 4512 2105 4582 ple-

532 4608 815 4662 nissimum
855 4619 958 4667 est.
1012 4609 1218 4664 Partim
1270 4610 1415 4665 enim
1461 4602 1754 4665 seCundum
1801 4607 2104 4670 historiam,

533 4696 896 4753 Israelitarum
928 4715 1025 4769 pro
1056 4698 1333 4756 beneﬁciis
1375 4698 1777 4768 opulentissime
1806 4696 1908 4751 sibi
1946 4711 1977 4749 a
2003 4694 2109 4748 Do-

538 4788 684 4843 mino
709 4790 918 4845 collatis
940 4833 954 4855 ,
1005 4793 1299 4861 exprobrat
1326 4788 1628 4860 perﬁdiam.
1677 4787 1880 4842 Partim
1909 4801 2008 4856 per
2036 4787 2112 4840 al-

536 4878 815 4949 legoriam,
847 4881 912 4934 de
950 4883 1226 4951 mysteriis
1255 4879 1565 4936 cmlcstibus
1605 4885 1851 4934 sanctam
1886 4877 2105 4931 instruit

538 4967 856 5023 Ecclesium.
911 4969 1113 5022 Partim
1154 4980 1335 5024 autem
1390 4969 1457 5024 ad
1509 4970 1846 5023 honestatem
1892 4982 2104 5021 morum

539 5073 974 5129 unumquemque
1002 5059 1236 5114 ﬁdelium
1284 5068 1542 5130 provocat
1588 5074 1684 5128 per
1728 5056 2101 5126 tropologiam.

540 5149 693 5206 Unde
721 5147 961 5204 sobrium
989 5147 1243 5202 lectorem
1269 5151 1455 5213 decet,
1498 5157 1559 5202 ut
1589 5151 1642 5203 in
1673 5147 1902 5202 historia
1929 5155 2108 5201 servet

539 5244 831 5314 Scriptura:
875 5241 1196 5308 veritatem;
1243 5242 1297 5296 in
1331 5242 1586 5311 allegoria
1632 5256 1762 5297 vero
1800 5241 2110 5296 consideret

538 5334 917 5407 mysteriorum
945 5330 1247 5388 cmlcstium
1276 5332 1537 5388 rationem
1563 5349 1578 5398 ;
1626 5340 1680 5388 et
1704 5333 1759 5387 in
1790 5331 2107 5402 tropologia,

539 5428 804 5480 bonarum
826 5424 1228 5496 disciplinarum
1256 5425 1460 5479 ediscat
1482 5425 1773 5481 utilitatem
1798 5443 1810 5479 :
1845 5433 2111 5494 quatenus

539 5515 810 5587 tripartita
838 5517 939 5571 hac
966 5515 1312 5571 distinctione
1324 5516 1546 5570 edoctus
1570 5517 1637 5571 ad
1664 5516 1807 5570 illam
1832 5515 2110 5571 caelestem

538 5603 823 5672 theoriam,
878 5608 980 5662 hoc
1008 5614 1108 5674 cst,
1148 5608 1212 5663 ad
1245 5606 1631 5679 inspectionem
1665 5618 1997 5665 secretarum
2026 5620 2111 5661 rc-

2219 468 2522 523 limitatem.
2573 465 2684 520 Nec
2707 481 2815 520 non
2845 472 2901 519 et
2927 464 3056 519 illud
3086 463 3369 535 diligenter
3395 465 3752 535 inspiciendum

2218 566 2320 622 est,
2352 558 2491 628 quod
2520 557 2716 611 dicitur
2742 556 2886 625 loqui
2920 556 3128 626 Moyses
3155 556 3315 610 verba
3343 557 3592 613 carminis
3617 569 3666 615 et
3694 563 3751 616 ad

2219 647 2377 704 linem
2414 665 2583 719 usque
2626 648 2945 719 complesse,
2999 648 3044 702 si
3077 647 3213 702 forte
3252 647 3357 702 hoc
3387 646 3671 714 admoneat,
3703 662 3752 706 ut

2216 741 2308 812 qui
2340 756 2434 795 ore
2462 740 2629 794 Deum
2659 739 2878 793 laudare
2925 737 3173 802 studeat,
3228 738 3479 806 operibus
3509 754 3609 792 non
3648 756 3750 795 con-

2218 832 2465 886 tradicat.
2500 826 2866 885 Nonestenim
2881 826 3107 895 pulchra
3122 828 3359 882 laudatio
3386 828 3440 881 in
3470 844 3563 882 ore
3587 845 3746 899 pecca-

2215 917 2370 970 toris.
2425 915 2549 969 ldeo
2586 917 2700 984 ipse
2742 912 3003 968 Dominus
3051 913 3105 964 in
3157 910 3447 981 Evangelio
3483 911 3589 966 ait:
3622 931 3638 963 ι
3667 913 3747 980 Qui

2213 1005 2433 1060 solverit
2456 1020 2619 1058 unum
2647 1002 2712 1057 de
2739 1003 2825 1057 bis
2852 1001 3119 1055 mandatis
3167 1001 3303 1054 meis
3333 999 3585 1065 minimis,
3613 1003 3751 1056 mini-

2212 1107 2333 1148 mus
2360 1093 2644 1147 vocabitur
2672 1092 2724 1145 in
2755 1106 2921 1161 regno
2958 1089 3240 1145 ett-lorum.
3272 1086 3375 1154 Qui
3399 1097 3572 1142 autem
3596 1087 3752 1145 fecerit

2214 1190 2270 1235 et
2317 1182 2583 1245 docuerit,
2629 1179 2717 1234 hic
2749 1193 2979 1249 magnus
3025 1178 3307 1231 vocabitur
3342 1177 3398 1231 in
3434 1192 3592 1249 regno
3616 1180 3749 1234 eteiu-

2212 1286 2332 1325 rum
2363 1289 2382 1322 ι
2420 1269 2634 1342 (Matth.
2679 1267 2754 1341 v).
2781 1267 3111 1337 Principium
3137 1275 3317 1322 autem
3352 1264 3511 1335 hujus
3534 1269 3750 1322 carminis

2211 1360 2318 1415 tale
2343 1368 2445 1415 est.

2838 1425 3068 1482 CAPUT
3098 1427 3163 1481 II.

2211 1538 2485 1594 Canticum
2511 1537 2680 1609 Moysi
2703 1538 3015 1609 prmsagium
3041 1537 3343 1609 futurorum
3380 1545 3429 1591 et
3457 1530 3639 1590 Christi
3660 1554 3749 1608 my-

2703 1606 2876 1662 steriis
2911 1606 3289 1676 plenissimum.

2279 1719 2429 1791 (Cn.
2465 1718 2666 1790 χχιιι.)
2723 1735 2742 1770 ι
2773 1717 2990 1782 Audite,
3023 1716 3168 1783 caeli,
3200 1732 3322 1786 qua:
3346 1717 3565 1787 loquar;
3597 1717 3749 1771 audiat

2215 1829 2235 1863 ι
2267 1818 2415 1867 terra
2457 1811 2619 1865 verba
2648 1809 2760 1864 oris
2801 1808 2927 1863 mei.
2960 1828 2979 1861 ι
3030 1808 3193 1864 Juxta
3237 1809 3586 1878 primordium
3626 1808 3748 1862 Isaia:

2207 1902 2508 1972 prophetat.
2534 1901 2606 1955 ita
2636 1901 2893 1967 scriptum
2921 1908 3006 1954 est
3036 1917 3049 1953 :
3097 1918 3115 1951 ι
3152 1900 3314 1964 Audi,
3344 1899 3555 1961 celum,
3590 1906 3641 1953 et
3665 1915 3745 1956 au-

2208 1992 2356 2047 ribus
2385 1992 2620 2061 percipe,
2654 2003 2820 2057 terra,
2848 1992 2973 2061 quia
2996 1990 3482 2046 Dominuslocutus
3501 2000 3580 2045 est
3598 1989 3748 2063 (Isaia:

2208 2079 2272 2151 ι).
2303 2078 2478 2149 Supra
2505 2094 2633 2150 ergo
2662 2080 2716 2133 in
2759 2081 2948 2135 eodem
2974 2080 3115 2135 libro
3144 2081 3265 2150 quis
3304 2082 3578 2152 propheta,
3620 2078 3749 2148 cujus

2209 2170 2370 2234 ﬁlius,
2397 2169 2523 2239 quid
2552 2176 2740 2223 contra
2764 2167 2957 2223 Judam
2986 2177 3041 2224 et
3060 2168 3383 2236 Jerusalem,
3426 2172 3535 2228 sive
3561 2187 3648 2242 per
3673 2168 3750 2225 Ju-

2210 2259 2331 2315 dam
2363 2266 2418 2313 et
2443 2256 2763 2322 Jerusalem,
2788 2265 2841 2312 et
2863 2273 2970 2328 quo
2997 2266 3235 2328 tempore
3261 2260 3480 2325 viderit,
3506 2260 3647 2314 titulo
3672 2261 3748 2315 de-

2207 2353 2561 2401 monstratum
2599 2353 2702 2401 est.
2752 2345 2907 2402 Nunc
2936 2347 3130 2402 caelum
3157 2357 3212 2403 et
3237 2359 3443 2404 terram
3466 2349 3531 2404 ad
3553 2349 3745 2405 audien-

2207 2434 2335 2490 dum
2359 2441 2617 2503 provocat
2645 2451 2659 2486 :
2691 2434 2744 2488 in
2779 2434 2917 2489 cmlo
2954 2451 3217 2505 supernas
3240 2436 3547 2507 signiﬁcans
3573 2437 3744 2508 angeli-

2208 2538 2404 2593 casque
2427 2523 2691 2591 virtutes;
2746 2524 2800 2578 in
2844 2532 2990 2579 terra
3028 2527 3341 2582 mortalium
3384 2543 3566 2599 genus,
3604 2550 3742 2599 μετω-

2207 2622 2430 2685 νυμικῶς
2459 2614 2526 2669 ab
2560 2614 2645 2669 his
2689 2630 2806 2683 qua:
2836 2616 3137 2681 continent,
3174 2632 3238 2671 ea
3265 2632 3388 2686 qua:
3435 2620 3746 2672 continentur

2207 2705 2516 2761 ostendens.
2559 2705 2694 2761 Nam
2725 2707 2851 2775 quia
2896 2723 2994 2777 per
3031 2707 3250 2778 Moysen
3302 2717 3470 2765 testes
3496 2718 3746 2765 vorarent

2208 2793 2468 2849 Dominus
2496 2794 2691 2850 etelum
2715 2805 2771 2849 et
2790 2803 3012 2862 terram,
3044 2797 3181 2852 dans
3201 2799 3401 2867 populo
3427 2798 3581 2854 Israel
3603 2798 3744 2868 legem

2208 2901 2359 2941 suam
2386 2894 2442 2940 et
2461 2885 2670 2941 dixerat
2694 2904 2710 2941 :
2741 2903 2761 2937 t
2789 2886 3038 2953 Attende,
3061 2887 3356 2955 cmlum,et
3376 2889 3574 2959 loquar,
3593 2888 3745 2943 audiat

2210 2983 2358 3030 terra
2387 2975 2548 3029 verba
2569 2974 2681 3030 oris
2706 2975 2852 3040 mei,’
2866 2995 2886 3027 ι
2920 2985 3043 3044 post
3060 2979 3554 3047 praevaricationem
3575 2976 3742 3047 pepuli,

2134 3056 2177 3118 C
2208 3063 2427 3120 eosdem
2480 3080 2696 3119 rursum
2735 3065 2790 3118 in
2843 3066 3209 3120 testimonium
3252 3077 3447 3133 vocat,
3483 3077 3539 3122 ut
3583 3075 3743 3121 cuncta

2208 3154 2477 3211 elementa
2509 3163 2871 3226 cognoscant,
2895 3154 3044 3225 juste
3070 3156 3239 3211 Deum
3261 3158 3315 3211 in
3347 3158 3594 3213 ultionem
3615 3173 3742 3211 man-

2208 3246 2457 3301 datorum
2514 3259 2731 3300 suorum
2795 3245 2863 3299 ad
2910 3244 3244 3301 iracundiam
3287 3249 3620 3303 concitatum.
3658 3245 3743 3301 Pro

2207 3333 2347 3399 coelo
2370 3333 2693 3389 Hebraicum
2724 3344 2895 3394 mm
2918 3335 3085 3390 caelos
3123 3345 3278 3391 sonat
3303 3338 3499 3406 plurali
3532 3350 3741 3399 numero,

2206 3424 2443 3516 maxime
2470 3439 2610 3516 Acum
2664 3425 2870 3489 audire,
2923 3425 3140 3492 dixerit,
3174 3426 3228 3481 id
3271 3436 3378 3494 est,
3414 3436 3591 3516 ww,
3625 3425 3740 3495 quod

2207 3511 2402 3582 plurali
2428 3511 2650 3567 eﬁ'ertur
2676 3527 2921 3578 numero,
2971 3529 3080 3569 non
3119 3515 3401 3586 singulari.
3422 3511 3536 3571 Sed
3559 3516 3741 3585 quidam

2211 3601 2397 3657 volunt
2419 3602 2702 3673 pluraliter
2732 3603 2950 3673 quidem
2976 3603 3080 3659 dici
3111 3605 3295 3670 C(BIOS,
3325 3608 3421 3663 sed
3443 3605 3742 3677 singulariter

2208 3691 2454 3763 intelligi,
2477 3691 2632 3762 juxta
2681 3691 2809 3748 illud
2835 3691 2979 3763 quod
3023 3693 3261 3765 singulas
3294 3696 3539 3751 civitates
3563 3695 3742 3749 Thebas

2206 3792 2262 3838 et
2305 3784 2545 3839 Athenas
2574 3798 2850 3838 vocamus.
2909 3783 3111 3853 Estque
3155 3784 3409 3841 Hebraiei
3455 3782 3742 3841 characteris

2207 3873 2423 3937 idioma,
2459 3882 2520 3927 ut
2542 3873 2721 3927 omnia
2740 3889 2860 3942 quae
2883 3872 2937 3927 in
2962 3873 3163 3945 syllaba
3192 3873 3263 3927 im
3286 3873 3557 3938 ﬁniuntur,
3582 3874 3632 3927 in
3651 3888 3742 3927 ma-

2207 3963 2417 4019 sculina
2452 3965 2560 4018 sint
2581 3972 2637 4017 et
2686 3962 2936 4033 pluralia,
2967 3972 3026 4017 ut
3052 3964 3313 4018 cherubim
3344 3975 3399 4020 et
3418 3964 3668 4032 seraphim.
3689 3961 3741 4014 Et

2206 4068 2327 4124 qua:
2356 4053 2411 4107 in
2442 4054 2551 4117 oth,
2599 4052 2856 4107 feminina
2892 4053 3118 4122 pluralia
3144 4093 3159 4119 ,
3204 4063 3263 4107 ut
3288 4055 3523 4108 sabaoth.
3567 4052 3623 4107 Et
3658 4066 3738 4105 no-

2209 4141 2429 4195 tandum
2479 4141 2621 4210 quod
2676 4140 2828 4196 cmlis
2855 4142 3051 4195 dicitur
3096 4158 3196 4211 per
3239 4142 3459 4208 Isaiam,
3512 4160 3528 4193 ι
3559 4140 3760 4201 Audite,»

2208 4229 2642 4295 terrae,:auribus
2663 4231 2899 4300 percipe.
2936 4250 2954 4281 ι
2987 4231 3064 4284 Ea
3086 4232 3231 4286 enim
3253 4248 3379 4303 qua:
3398 4233 3595 4288 excelsa
3621 4240 3738 4291 sunt,

2209 4319 2466 4391 majorem
2497 4321 2699 4376 habent
2727 4322 3135 4393 intelligentiam
3158 4341 3176 4389 ;
3203 4340 3323 4394 quae
3342 4325 3631 4386 humiliora,
3657 4328 3741 4373 ter-

2128 4393 2183 4453 Ῑ)
2209 4416 2352 4471 renis
2379 4414 2627 4470 sensibus
2651 4416 3014 4471 involvuntur.
3066 4417 3218 4472 Unde
3252 4416 3500 4474 Salvator
3524 4419 3572 4471 in
3595 4414 3740 4469 Evan-

2209 4505 2346 4577 gelio
2359 4504 2473 4559 ait:
2502 4524 2520 4555 ‹
2546 4504 2648 4572 Qui
2672 4504 2833 4560 habet
2853 4519 3008 4559 aures
3029 4506 3298 4572 audiendi,
3326 4503 3508 4562 audiat
3526 4525 3542 4557 ι
3562 4500 3739 4575 (Matth.

2210 4594 2309 4667 x1).
2342 4594 2400 4649 Si
2423 4596 2543 4665 quis
2576 4596 2739 4667 igitur
2764 4603 2847 4651 est
2884 4596 3078 4651 caelum
3106 4606 3162 4652 et
3197 4598 3359 4653 habet
3401 4597 3740 4663 municipatum

2213 4688 2266 4742 in
2294 4686 2624 4750 caelestibus,
2657 4686 2840 4740 audiat
2865 4688 3092 4757 mystice
3120 4703 3239 4757 quae
3262 4690 3525 4745 dicuntur.
3571 4685 3619 4741 Si
3644 4681 3742 4752 Quis

2217 4787 2463 4833 terrenus
2488 4818 2503 4842 ,
2569 4777 2866 4846 simplicem
2907 4786 3166 4846 sequatur
3210 4779 3509 4834 historiam.
3552 4773 3737 4843 Quidam

2212 4870 2410 4923 caelum
2437 4877 2493 4923 et
2527 4875 2759 4932 terram,
2817 4867 2974 4937 quasi
3020 4868 3315 4922 animantia
3356 4870 3420 4924 ad
3464 4863 3738 4921 audiendum

2210 4972 2507 5029 provocare
2537 4964 2758 5027 putant,
2800 4958 2955 5027 juxta
2988 4957 3115 5011 illud
3145 4959 3289 5027 quod
3321 4959 3387 5012 de
3414 4968 3550 5011 terra
3590 4956 3636 5008 iu
3659 4950 3741 5004 alio

2213 5048 2331 5103 loco
2361 5047 2558 5102 dicitur
2592 5064 2604 5099 :
2666 5064 2685 5098 ‹
2720 5045 2822 5112 Qui
2871 5047 3093 5116 respicit
3128 5055 3349 5110 terram,
3410 5044 3608 5100 etfacit
3645 5052 3739 5092 eam

2215 5145 2479 5201 tremere;
2524 5135 2617 5205 qui
2672 5135 2844 5204 tangit
2896 5146 3107 5191 montes
3162 5146 3217 5191 et
3253 5136 3507 5206 futnigant
3552 5151 3569 5183 ι
3601 5123 3737 5199 (Psal-

2215 5224 2340 5297 CIII)
2400 5243 2413 5279 :
2472 5241 2595 5280 cum
2645 5225 2749 5280 hoc
2792 5226 3078 5295 potestatis
3123 5212 3217 5281 Dei
3272 5227 3373 5290 sit,
3430 5238 3531 5279 non
3582 5214 3738 5272 intelli-

2218 5316 2409 5384 gentia:
2438 5323 2685 5369 terrente.
3128 5321 3141 5325 “

2298 5442 2315 5473 ι
2349 5423 2673 5479 Concrescat
2719 5424 2774 5478 in
2802 5424 3036 5495 pluviam
3091 5425 3331 5481 doctrina
3360 5438 3494 5483 mea,
3542 5417 3656 5471 ﬂuat
3698 5414 3745 5461 ιιι

2224 5534 2241 5563 ι
2283 5533 2371 5571 ros
2398 5518 2672 5585 eloquium
2706 5532 2884 5570 meum
2910 5535 2922 5570 :
2972 5518 3126 5586 quasi
3156 5518 3326 5571 imber
3349 5528 3508 5583 super
3535 5506 3737 5564 herbam.

2227 5627 2243 5657 ι
2285 5616 2339 5661 ct
2365 5608 2516 5677 quasi
2542 5607 2698 5662 stillte
2726 5623 2888 5677 super
2916 5609 3159 5679 gramina
3182 5626 3195 5661 :
3223 5609 3343 5678 quia
3370 5617 3554 5660 nomen
3568 5586 3737 5652 Domi"i
