3964 6192
364 328 470 382 969
523 277 538 297 κ

1150 318 1547 379 ENARRATIO
1585 319 1809 376 SUPER
1848 315 2461 376 DEUTERONOMI'UM.
2502 349 2570 357 —
2607 317 2733 373 LIB.
2775 317 2861 375 IV.

3497 322 3600 377 ιιτο

366 460 384 490 ι
422 436 704 493 invocabo.
744 454 764 489 ι
831 434 1114 505 Eloquium
1153 434 1287 505 legis
1324 433 1418 488 Dei
1446 428 1940 501 comparat'pluvire
1968 429 2018 488 Α
2042 424 2255 483 Judaeos
2282 425 2399 480 ait:
2442 444 2459 476 ι
2496 425 2683 481 Patres
2702 428 2864 481 vestri
2904 436 3065 497 quem
3090 428 3472 500 prophetam
3501 445 3611 487 non

359 529 563 583 attrita:
593 541 658 581 ac
687 525 816 590 rori,
861 526 989 598 quia
1037 526 1278 596 germina
1305 524 1625 594 spiritalium
1665 520 1935 580 fructuum

359 638 390 675 a
413 620 656 677 ﬁdelium
683 618 941 673 cordibus
971 618 1193 687 expetit.
1242 617 1361 687 Ipsa
1388 617 1534 671 enim
1564 626 1691 671 sunt
1728 632 1857 687 ager
1883 624 1937 671 et

360 712 520 765 vinea
551 708 782 774 Domini,
806 710 948 764 unde
977 706 1067 763 ille
1100 708 1332 763 fructum
1357 709 1459 763 sibi
1502 708 1809 774 amabilem,
1833 709 1937 770 hoc

290 834 307 835 ί
358 810 442 856 est
466 802 730 855 bonorum
760 798 1228 869 opcruntexpetit.
1288 798 1427 852 Huic
1455 798 1686 853 similem
1721 804 1939 866 compa-

358 895 718 958 ‘rationem,et
746 892 898 948 [Salte
922 891 1197 962 prophetat
1226 891 1548 969 invenimus.
1587 907 1606 941 ι
1636 888 1935 955 Quomodo,

360 990 554 1058 inquit,
586 987 863 1042 descendit
886 986 1057 1040 imber
1083 992 1137 1039 et
1170 984 1259 1038 nix
1286 983 1354 1038 de
1374 981 1531 1049 caelo,
1566 988 1621 1037 et
1648 980 1774 1036 illuc
1795 981 1936 1035 ultra

359 1082 465 1133 nun
494 1072 802 1141 revertitur,
834 1075 927 1130 sed
954 1072 1189 1127 inebriat
1215 1082 1416 1127 terram
1446 1078 1502 1126 et
1530 1069 1766 1125 infundit
1793 1082 1934 1135 eam,

358 1178 413 1223 et
445 1168 751 1239 germinare
796 1179 916 1220 eam
954 1164 1125 1229 facit,
1161 1172 1217 1219 et
1248 1164 1339 1218 dat
1375 1178 1557 1218 semen
1612 1162 1834 1227 serenti,
1883 1170 1939 1215 et

357 1270 550 1328 panem
602 1255 943 1319 comedenti,
998 1255 1077 1309 sic
1118 1255 1225 1308 erit
1272 1254 1496 1309 verbum
1545 1260 1746 1318 meum,
1795 1250 1939 1321 quod

355 1346 667 1418 egredietur
686 1346 751 1399 de
763 1334 1018 1399 ore”men.
1050 1341 1166 1397 Non
1180 1351 1481 1398 revertetur
1499 1343 1567 1397 ad
1587 1355 1674 1397 me
1687 1350 1935 1408 vacuum,

361 1438 457 1490 sed
491 1438 650 1490 fa‘ciet
684 1434 1015 1505 quaeautque
1044 1431 1204 1496 volui,
1231 1443 1285 1488 et
1308 1432 1719 1503 prosperabitur
1746 1434 1799 1486 in
1828 1431 1937 1498 his,

357 1530 427 1584 ad
474 1544 593 1597 quae
624 1526 747 1582 misi
794 1526 923 1581 illud
963 1524 1097 1597 (Ita.
1128 1525 1235 1597 ιν).
1276 1546 1295 1577 ι
1351 1525 1550 1580 Verum
1579 1525 1704 1595 quia
1734 1520 1941 1594 Moyses

359 1618 670 1672 doctrinam
720 1632 871 1670 suam
918 1616 973 1669 in
1003 1615 1239 1685 pluviam
1285 1626 1641 1671 concrescere
1687 1615 1845 1681 dixit,
1881 1621 1941 1669 ut

355 1713 605 1775 patenter
638 1718 756 1774 qua:
785 1704 903 1758 hare
946 1703 1127 1773 pluvia
1157 1712 1299 1759 esset
1349 1703 1759 1764 demonstraret,
1810 1705 1939 1759 sub-

2040 524 2167 570 sunt
2201 516 2510 586 persecuti?
2551 524 2606 570 et
2647 516 2955 570 occiderunt
3003 530 3099 571 eos
3149 518 3242 586 qui
3282 522 3608 590 praenuntia-

2037 607 2169 662 bant
2191 608 2255 663 de
2301 606 2533 662 adventu
2555 603 2687 674 justi
2715 606 2893 675 hujus.
2937 605 3101 674 Cujus
3138 621 3235 663 vos
3258 623 3400 665 nunc
3427 612 3608 680 prodi-

2037 703 2181 752 tores
2200 707 2255 751 et
2279 697 2558 752 homicida:
2578 695 2776 761 fuistis,
2800 696 2890 765 qui
2914 697 3197 766 accepistis
3222 697 3393 767 legem
3418 701 3475 754 in
3499 702 3611 758 dis-

2036 788 2301 856 positione
2336 786 2671 858 angelomm,
2695 794 2752 840 et
2789 800 2898 840 non
2926 786 3237 842 custodistis
3265 787 3404 858 (Act.
3435 789 3554 862 vn).
3586 810 3604 843 ι

2038 875 2139 942 Qui
2174 891 2306 947 ergo
2346 875 2789 946 inconigibiiiter
2825 884 3033 944 peccat,
3072 890 3132 930 se
3178 874 3348 930 tilium
3386 876 3478 932 Dei
3505 893 3611 933 non

2036 981 2156 1021 esse
2177 967 2388 1036 probat.
2419 965 2512 1021 ilia
2550 975 2728 1035 autem
2765 966 2929 1021 editio
2962 980 3123 1034 quam
3155 965 3505 1038 Septuaginta
3528 969 3611 1023 in-

2036 1058 2298 1126 mrprctes
2320 1055 2620 1118 ediderunt,
2666 1056 2740 1110 ita
2770 1055 2965 1110 habet.
3023 1072 3042 1106 ι
3074 1054 3449 1111 Peccaverunt
3500 1072 3611 1112 non

2036 1147 2087 1201 ei
2133 1146 2231 1201 ﬁlii
2268 1146 2688 1218 vituperabiles,
2726 1167 2745 1199 ι
2795 1148 2939 1217 quod
2981 1154 3063 1202 est
3109 1146 3161 1200 in
3210 1145 3615 1212 Grmeo,,rtm

2318 1236 2546 1303 Quidam
2583 1238 2921 1307 interpretati
2948 1249 3071 1294 sunt
3114 1238 3250 1303 hoc,
3284 1239 3340 1292 id
3366 1248 3470 1304 est,
3514 1239 3608 1293 filii

2038 1329 2457 1400 vituperabiles;
2507 1326 2741 1407 quidem
2772 1329 2866 1383 ιιιιι
2925 1328 3343 1396 commaculati;
3388 1328 3606 1400 quidam

2039 1419 2132 1474 iiiii
2152 1420 2353 1474 vitiosi.
2380 1418 2672 1475 Uade-non
2698 1432 2892 1490 Magna
2924 1420 3171 1489 quaestio,
3201 1418 3474 1476 imo'nulia
3501 1431 3605 1477 est.

2040 1510 2146 1566 Sed
2171 1510 2303 1566 illud
2336 1504 2542 1565 nemo
2571 1511 3005 1579 adqnterendum
3039 1520 3239 1577 movet,
3270 1513 3315 1567 si
3344 1512 3610 1584 generali-

2039 1608 2125 1655 ter
2150 1600 2351 1656 dictum
2383 1606 2496 1665 est,
2554 1619 2575 1651 ‹
2602 1609 2966 1670 peccaverunt
3012 1618 3119 1657 non
3172 1603 3242 1667 ei,
3272 1623 3293 1656 ι
3353 1603 3609 1672 quoniam

2038 1693 2130 1761 qui
2160 1697 2371 1762 peccat,
2415 1704 2522 1747 non
2549 1690 2660 1748 Deo
2685 1701 2909 1761 peccat,
2950 1692 3007 1749 id
3027 1701 3130 1759 est,
3156 1708 3261 1756 non
3292 1691 3402 1749 Deo
3425 1692 3607 1759 uocet,

352 1795 534 1864 junxit
582 1796 803 1850 dicens:
860 1812 879 1844 ι
915 1793 1049 1861 Quia
1097 1800 1297 1849 nmuen
1344 1794 1557 1849 Domini
1592 1794 1873 1849 invocabo.
1911 1804 1929 1847 ι
1965 1788 2011 1858 Β
2039 1784 2133 1838 sed
2156 1780 2279 1849 sibi.
2310 1784 2579 1853 φισωοάο
2603 1784 3005 1854 intelligendum
3030 1786 3102 1841 sit
3132 1786 3358 1856 quodin
3393 1786 3610 1843 Psalmo

357 1886 563 1940 Nomen
602 1898 730 1957 ergo
760 1884 972 1939 Domini
996 1885 1246 1940 invocare
1266 1892 1365 1940 ’cst
1400 1883 1745 1957 Evangciium
1768 1885 1930 1941 Chri-

353 1977 422 2030 sti
461 1961 799 2045 praedicaret
837 1977 979 2045 quod
1015 1976 1105 2044 qui
1134 1974 1281 2030 audit
1310 1976 1523 2031 etfacit
1574 1977 1700 2032 boni
1753 1977 1933 2047 operis

353 2068 590 2121 fructum
608 2106 621 2130 ,
650 2064 815 2121 caelos
842 2067 960 2121 sine
990 2065 1151 2121 dubio
1174 2066 1486 2136 possidebit.
1527 2084 1546 2118 ι
1572 2066 1704 2122 Date
1728 2069 1933 2138 magni-

352 2156 628 2211 ﬁcentiam
644 2157 752 2211 Deo
784 2165 1002 2210 nostro:
1027 2154 1121 2211 Dei
1151 2156 1296 2210 enim
1327 2154 1564 2225 perfecta
1592 2166 1717 2210 sunt
1744 2169 1930 2226 opera,

348 2255 419 2299 et-
439 2260 633 2300 omnes
667 2247 767 2301 vite
794 2247 911 2317 ejus
934 2245 1158 2315 judicia.
1195 2264 1214 2298 ι
1274 2245 1617 2317 Magniﬁcam
1647 2247 1931 2301 Dominum

348 2346 434 2389 est
466 2337 807 2405 majestatem
862 2336 1161 2391 Salvatoris
1196 2337 1360 2391 corde
1392 2337 1631 2400 credulo,
1688 2349 1784 2391 ore
1817 2337 1931 2406 pio,

349 2427 515 2483 simul
555 2440 678 2481 cum
737 2428 894 2483 bouis
923 2429 1133 2483 actibus
1183 2428 1499 2498 prmdicare.
1556 2428 1705 2485 Unde
1765 2428 1931 2484 Maria

350 2526 529 2573 mater
553 2517 764 2572 Domini
811 2519 863 2572 in
907 2518 1132 2573 Cantieo
1169 2519 1246 2573 ait
1279 2536 1292 2571 :
1346 2537 1367 2569 σ
1400 2518 1707 2589 hinguiiicat
1753 2519 1932 2572 anima

349 2623 473 2662 mea
505 2608 788 2661 Dominum
823 2623 839 2661 :
875 2619 926 2663 et
966 2609 1257 2663 exsultavit
1281 2609 1506 2680 spiritus
1534 2625 1687 2664 meus
1725 2610 1777 2664 in
1818 2609 1933 2665 Deo

349 2697 573 2752 salutari
602 2712 725 2751 meo
759 2697 909 2768 (Luc.
943 2699 1002 2763 ι).
1042 2718 1061 2751 ι
1116 2698 1236 2765 Dei,
1277 2699 1486 2769 inquit,
1537 2699 1776 2769 perfecta
1806 2709 1936 2756 sunt

350 2803 535 2857 (mera.
583 2788 712 2855 Quae
739 2805 868 2860 ergo
903 2790 992 2845 illa
1030 2799 1157 2845 sunt
1209 2794 1414 2862 opera?
1448 2793 1571 2847 audi
1602 2791 1818 2864 Moysen
1876 2793 1932 2849 in

349 2879 629 2934 Geneseos
678 2880 816 2935 libro
873 2880 1188 2936 dicentem:
1249 2900 1268 2933 ι
1304 2876 1472 2951 igitur
1522 2883 1750 2954 perfecti
1804 2892 1933 2939 sunt

350 2970 477 3026 caeli
516 2979 573 3025 et
597 2978 769 3037 terra,
812 2982 867 3027 et
893 2973 1318 3028 ontuiS‘ornatus
1345 2978 1553 3028 eorum.
1608 2973 1931 3044 Complc'vit-

349 3075 460 3130 que
490 3060 633 3116 Deus
663 3061 749 3116 die
782 3063 1014 3131 septimo
1044 3078 1181 3131 opus
1210 3076 1390 3130 suum,
1419 3065 1562 3134 quod
1586 3064 1826 3131 fecerat;
1875 3073 1931 3120 et

2033 1874 2242 1949 legitur.
2283 1890 2302 1924 ι
2345 1873 2463 1928 Tibi
2497 1873 2599 1928 soli
2626 1875 2843 1943 peccavi
2893 1872 3066 1936 (Paul.
3102 1877 3175 1946 L).
3211 1896 3229 1928 ι
3271 1876 3338 1932 Et
3367 1875 3420 1929 in
3453 1874 3604 1931 Iere-

2031 1965 2139 2019 mia
2168 1980 2182 2016 :
2219 1980 2240 2014 ι
2271 1961 2387 2018 Tibi
2416 1965 2776 2034 peccavinms,
2798 1962 3056 2035 patientia
3081 1966 3263 2033 lsrael,
3298 1967 3541 2022 Domine.
3578 1987 3596 2019 ι

2032 2052 2099 2108 Et
2122 2056 2319 2110 iterum
2357 2054 2410 2108 in
2437 2053 2690 2109 Psalmo:
2745 2074 2765 2106 ι
2803 2054 2944 2110 Sana
2983 2044 3217 2111 animam
3254 2071 3447 2121 meam,
3481 2057 3605 2127 quia

2031 2144 2247 2214 peccavi
2280 2142 2377 2198 tibi
2429 2142 2600 2215 (Paul.
2633 2143 2744 2214 xc).
2784 2163 2803 2197 ι
2848 2144 2915 2199 Ει
2940 2153 3124 2200 utrum
3161 2147 3266 2203 hoc
3288 2148 3358 2202 sit
3381 2160 3604 2217 peccare

2030 2233 2164 2300 Deo,
2189 2235 2329 2305 quod
2355 2248 2579 2304 peccare
2603 2235 2659 2289 in
2673 2234 2864 2291 Deum.
2896 2234 3053 2293 Unde
3070 2235 3187 2292 Heli
3211 2240 3487 2306 sacerdos,
3515 2258 3533 2292 ι
3556 2239 3600 2295 si

2033 2325 2084 2379 in
2111 2325 2278 2379 Deum
2297 2325 2623 2395 peccaverit,
2645 2327 2767 2397 quis
2792 2326 2970 2384 orabit
2994 2318 3222 2398 pro-eoi
3249 2328 3301 2403 (Ι
3322 2327 3448 2404 Reg.
3468 2331 3549 2404 ιι.)
3580 2353 3597 2383 ι

2033 2414 2217 2469 Dicam
2240 2426 2369 2487 ergo
2392 2416 2629 2482 interim,
2650 2408 2779 2487 quid
2794 2418 2852 2474 in'
2864 2418 3167 2490 praesentia
3180 2419 3314 2476 mihi
3334 2421 3602 2477 videatur.

2031 2503 2336 2576 intelligunt
2362 2506 2593 2561 fortasse
2618 2506 2823 2575 aliquid
2841 2504 3035 2565 meiius
3053 2507 3357 2587 quinetius
3380 2508 3496 2567 haec
3520 2527 3601 2567 sa-

2031 2596 2219 2665 piunt;
2251 2597 2533 2652 autetiam
2558 2612 2661 2652 nos
2675 2597 3063 2670 aiiotenipone,‘
3104 2604 3320 2675 quando
3343 2603 3608 2676 adjuverit

2033 2686 2312 2742 Dominus.
2358 2685 2594 2743 Peccare
2622 2688 2678 2742 in
2704 2687 2894 2755 Deum,
2935 2690 3021 2745 est
3045 2686 3237 2758 iit-his,
3283 2706 3402 2763 qua:
3422 2694 3487 2747 ad
3510 2692 3605 2748 Dei

2032 2780 2234 2837 euitut‘n
2270 2784 2560 2854 pertinent.
2593 2784 2726 2842 Nam
2756 2789 2858 2843 hoc
2883 2788 3027 2858 quod
3053 2788 3495 2857 commemoravi,
3522 2791 3608 2845 ui-

2032 2867 2109 2925 hil
2134 2872 2280 2928 aliud
2310 2874 2534 2929 iudicat.
2580 2874 2669 2931 Sic
2698 2877 2842 2932 enim
2887 2880 3177 2948 peecabant
3203 2878 3296 2933 illii
3322 2862 3605 2950 De'li,qui-

2031 2964 2133 3019 bus
2156 2964 2273 3019 haec
2299 2962 2458 3019 Pater
2477 2979 2664 3021 eorum
2693 2966 2846 3022 dixit.
2889 2966 2979 3023 Sic
3002 2969 3146 3023 enim
3186 2969 3605 3025 existimandum

2032 3061 2133 3117 est,
2160 3056 2370 3124 peccari
2393 3056 2552 3110 etiam
2577 3057 2629 3111 in
2654 3058 2900 3114 homines
2920 3061 3010 3130 qui
3036 3060 3308 3130 pertinent
3331 3061 3399 3115 ad
3410 3052 3609 3116 Deum.

352 3151 622 3220 requievit
647 3150 733 3206 die
762 3151 990 3222 septimo
1018 3153 1087 3207 ab
1121 3154 1372 3209 universo
1414 3168 1576 3223 οικετε
1620 3170 1741 3222 δυο,
1787 3156 1929 3225 quod
1956 3138 2000 3199 C
2032 3145 2165 3233 Nam
2194 3146 2296 3200 hoc
2318 3146 2459 3202 Deus
2487 3146 2687 3233 legitur
2707 3149 2908 3204 dixisse
2927 3150 2999 3221 ad
3014 3149 3328 3207 Abimelech
3342 3151 3415 3207 de
3437 3148 3603 3207 Sara:

348 3248 593 3308 patrarat
642 3233 794 3311 (Gen.
834 3240 916 3312 ιι).
953 3260 972 3294 ι
1029 3241 1176 3312 Opus
1211 3259 1342 3314 ergo
1398 3244 1492 3299 Dei
1523 3246 1818 3315 redemptio
1848 3254 1931 3301 est

351 3331 575 3386 humani
622 3333 868 3402 generis:
924 3348 1087 3403 quam
1133 3335 1628 3406 quandoperfecit
1689 3339 1930 3408 spiritale

350 3419 659 3485 sabbatum,
708 3422 765 3475 in
790 3421 1038 3492 sepulcro
1087 3424 1434 3493 requiescens
1466 3426 1621 3480 nobis
1670 3428 1926 3482 ostendit.

351 3510 557 3567 Omnes
581 3512 685 3566 vim
710 3508 832 3580 ejus
858 3513 1085 3582 judicia,
1148 3515 1274 3584 quia
1308 3516 1490 3571 omnia
1522 3518 1772 3572 mandata
1814 3517 1931 3586 ejus

351 3616 502 3656 vera.
530 3601 680 3657 Unde
699 3600 986 3658 Psalmista
1013 3604 1089 3660 ait
1113 3622 1127 3659 :
1161 3619 1181 3655 ι
1216 3604 1328 3660 Lex
1356 3605 1568 3661 Domini
1590 3607 1931 3676 irreprehen-

350 3694 561 3759 sibilis,
617 3702 940 3750 converteus
994 3696 1233 3761 animas,
1298 3697 1667 3751 testimonium
1718 3698 1929 3752 Domini

353 3782 533 3849 Mle,
565 3783 882 3853 sapiemiam
912 3796 1174 3855 perstans
1204 3784 1440 3855 parrulis
1484 3784 1657 3858 (Psal.
1689 3786 1864 3858 xvm).
1903 3806 1923 3840 ι

354 3874 426 3934 Et
455 3874 618 3928 item:
653 3893 671 3924 ι
703 3874 937 3941 Iudicia;
972 3876 1165 3944 inquit,
1222 3875 1318 3930 Dei
1356 3890 1505 3941 vera,
1528 3874 1820 3944 iustiﬁcata
1872 3878 1929 3932 in

352 3964 665 4033 semetipso.
733 3964 1122 4020 Desiderabilia
1179 3976 1340 4036 super
1387 3974 1577 4020 aurum
1613 3973 1667 4021 et
1696 3966 1929 4035 lapidem

310 4073 314 4077 θ
352 4055 654 4124 pretiosum
683 4054 935 4120 multum,
959 4062 1016 4109 et
1043 4054 1282 4129 dulciora
1325 4064 1486 4125 super
1516 4054 1621 4110 mel
1646 4064 1702 4110 et
1726 4053 1926 4109 favum.

355 4143 494 4198 Nam
515 4153 574 4199 et
594 4159 783 4202 servus
803 4152 927 4200 tuus
958 4144 1197 4199 custodit
1221 4159 1307 4210 ea,
1357 4145 1410 4199 in
1437 4144 1798 4200 custodiendis
1827 4145 1937 4199 illis

355 4236 645 4293 retributio
662 4237 850 4291 multa.
882 4255 900 4288 ι
923 4236 992 4290 Et
1015 4237 1141 4292 alibi
1176 4253 1188 4288 :
1225 4256 1243 4290 ι
1263 4237 1321 4290 In
1344 4236 1523 4303 labiis,
1553 4237 1749 4306 inquit.
1772 4237 1926 4302 meis,

353 4327 909 4397 pronuntiavi'omnia
941 4327 1142 4397 judicia
1191 4328 1303 4382 oris
1334 4328 1430 4382 tui.
1481 4328 1625 4383 Deus
1651 4324 1824 4381 ﬁdelis
1875 4334 1929 4379 et

354 4420 562 4486 absque
587 4417 701 4472 uita
740 4418 1022 4489 iniquitate
1049 4418 1229 4488 justus
1275 4425 1329 4473 et
1378 4426 1576 4475 rect-us.
1616 4437 1635 4469 ι
1705 4415 1924 4479 Fidelis,

356 4508 484 4576 quia
515 4509 661 4577 quod
689 4510 936 4579 promisit
987 4510 1175 4579 procul
1206 4508 1368 4563 dubio
1401 4508 1659 4578 implevit.
1715 4506 1931 4575 Absque

356 4598 467 4651 ulla
494 4599 796 4668 iniquitate,
822 4601 950 4671 quia
974 4600 1201 4670 aequitas
1230 4614 1457 4665 summa,
1499 4599 1933 4668 iniquitatiscon-

354 4692 526 4747 soetia
558 4692 708 4747 nullo
736 4693 894 4749 modo
914 4693 1137 4762 recepit.
1186 4690 1392 4757 Justus,
1425 4692 1549 4762 quia
1584 4690 1933 4760 peccantibus

357 4797 467 4836 non
498 4783 888 4852 paenitentibus
938 4797 1039 4852 pro
1064 4782 1222 4838 malis
1264 4783 1374 4837 suis
1399 4781 1661 4837 retribuet
1693 4792 1928 4851 poenam.

358 4871 582 4935 Rectus,
631 4872 759 4941 quia
787 4872 945 4943 digne
990 4872 1338 4941 operantibus
1364 4878 1420 4925 et
1453 4871 1591 4925 bene
1626 4870 1937 4939 pmnitenti-

356 4962 485 5025 bus,-
531 4964 699 5018 vitam
735 4972 1073 5033 perpetuam.
1127 4981 1146 5014 ι
1180 4963 1544 5019 Peccaveruut
1585 4963 1656 5027 ei,
1700 4977 1807 5017 non
1837 4961 1932 5016 ﬁlii

355 5051 479 5120 eius
514 5053 570 5106 in
592 5054 860 5109 sordibus.
894 5075 912 5106 ι
955 5053 1235 5121 Quomodo
1263 5066 1369 5108 non
1406 5053 1501 5108 iiiii
1533 5053 1648 5118 Dei,
1672 5054 1774 5108 nisi
1806 5054 1932 5122 quia

357 5156 468 5197 non
492 5157 561 5197 ex
590 5142 691 5198 ﬁde
708 5144 734 5196 ?
777 5162 797 5194 ι
825 5143 1098 5213 Quotquot
1116 5153 1294 5198 autem
1315 5154 1632 5214 receperunt
1659 5159 1805 5210 eum,
1835 5144 1933 5199 de-

358 5232 441 5287 dit
472 5234 554 5287 eis
590 5240 917 5302 potestatem
947 5232 1084 5287 illius
1114 5233 1206 5287 Dei
1228 5232 1366 5297 ﬁeri,
1398 5232 1483 5286 his
1508 5232 1600 5302 qui
1620 5233 1848 5288 credunt
1876 5231 1932 5285 in

359 5323 583 5377 notitiae
608 5335 726 5389 ejus
747 5322 927 5393 (Joan.
956 5322 1018 5393 l).
1050 5342 1069 5374 ι
1098 5314 1249 5377 Unde
1271 5322 1528 5377 Dominus
1552 5320 1752 5376 Iudaeis
1772 5322 1931 5376 ﬁdem

358 5411 478 5479 ejus
501 5412 746 5480 recipere
773 5412 1099 5476 nolentibus,
1132 5420 1189 5467 et
1206 5412 1511 5467 doctrinam
1530 5411 1646 5481 ejus
1673 5424 1933 5481 spemen-

361 5502 529 5567 tibus,
558 5503 637 5557 ait
667 5520 680 5556 :
717 5521 737 5554 ι
774 5503 882 5559 Vos
900 5518 968 5557 ex
991 5511 1143 5571 patre
1172 5501 1382 5558 diabolo
1400 5503 1551 5568 estis,
1579 5510 1636 5557 et
1662 5502 1929 5557 desideria

360 5593 535 5662 patris
559 5594 726 5649 vestri
756 5593 920 5648 vultis
956 5593 1153 5648 facere.
1193 5592 1286 5649 ille
1315 5594 1583 5649 homicida
1613 5593 1715 5649 fuit
1739 5592 1808 5649 ab
1828 5584 1930 5648 ini-

364 5682 439 5737 tio
465 5691 520 5736 et
548 5683 687 5737 latro
727 5683 907 5754 (Joau.
932 5682 1070 5752 vm).
1107 5702 1127 5735 ι
1180 5683 1243 5738 Et
1287 5684 1589 5754 Stephanus
1618 5684 1685 5740 ad
1712 5684 1928 5739 eosdem

647 5780 919 5839 ΡΑτιιοι..
965 5778 1180 5840 (Νιξι.

1958 4468 2011 4533 Β

2036 3244 2063 3286 ι·
2100 3232 2387 3306 Propterea
2436 3232 2653 3309 peperci
2700 3239 2890 3296 tibine
2935 3250 3190 3311 peccares
3233 3242 3287 3297 in
3335 3256 3429 3297 me
3446 3241 3604 3315 (Gen.

2032 3323 2146 3398 xx).
2179 3344 2197 3377 ι
2239 3322 2473 3381 Peccare
2512 3336 2691 3384 autem
2727 3328 2979 3395 Domino,
3025 3330 3109 3386 vel
3150 3333 3329 3402 potius
3352 3342 3605 3404 peccasso

2030 3406 2278 3483 Domino,
2318 3419 2421 3474 nisi
2457 3420 2594 3475 forte
2622 3421 2818 3477 alicubi
2864 3424 3125 3494 seriptum
3152 3434 3430 3494 occurrat,
3463 3428 3605 3497 quod

2030 3506 2156 3560 huic
2174 3509 2354 3562 sensui
2385 3510 2623 3575 resistat,
2666 3510 2721 3567 bi
2745 3513 2877 3568 mihi
2904 3514 3158 3568 videntur
3192 3532 3299 3571 non
3333 3516 3607 3574 immerito

2029 3596 2152 3662 dici,
2196 3598 2285 3666 qui
2315 3600 2685 3668 pmnitentiam
2722 3602 2867 3671 piam
2909 3605 3115 3677 peccati
3145 3606 3228 3662 sui
3258 3622 3365 3663 non
3417 3619 3603 3679 agunt,

2030 3695 2091 3742 ut
2115 3688 2442 3758 gloriﬁcetu‘r
2488 3690 2772 3760 ignoscens
2818 3689 3097 3747 Dominus.
3143 3694 3371 3750 Causam
3408 3698 3605 3769 quippe

2029 3781 2258 3835 reddens
2292 3778 2459 3835 David
2482 3782 2575 3837 cui
2605 3781 2838 3836 dixerit:
2901 3802 2920 3833 ι
2955 3779 3074 3838 Tibi
3120 3784 3219 3840 soli
3256 3789 3496 3857 peccavi,
3545 3800 3602 3843 et

2029 3877 2228 3931 malum
2252 3890 2434 3931 coram
2478 3885 2531 3931 te
2568 3875 2691 3943 feci,
2725 3897 2741 3931 ι
2778 3877 3006 3948 subjecit
3032 3888 3087 3934 et
3105 3880 3221 3936 ait:
3267 3900 3285 3932 ι
3321 3878 3390 3938 Ut
3404 3880 3604 3953 justiti-

2028 3966 2170 4020 ceris
2210 3966 2262 4019 in
2298 3967 2637 4022 sermonibus
2668 3968 2797 4033 tuis,
2848 3977 2904 4024 et
2949 3969 3136 4027 vincas
3181 3987 3305 4028 cum
3341 3971 3605 4043 iudicaris

2030 4053 2202 4127 (Paul.
2241 4056 2312 4130 ι).
2352 4077 2370 4110 ι
2425 4055 2551 4112 Sive
2576 4074 2697 4114 cum
2729 4059 2859 4115 dicit
2881 4058 3056 4118 Deus:
3119 4081 3138 4114 ‹
3176 4060 3419 4119 Judicate
3462 4066 3603 4120 inter

2031 4163 2116 4204 me
2138 4156 2190 4203 et
2218 4149 2428 4205 vineam
2453 4166 2627 4206 meam
2650 4150 2782 4223 (Isa.
2816 4152 2891 4224 ν).
2929 4173 2947 4205 ι
2987 4152 3112 4209 Sive
3134 4154 3199 4208 de
3226 4152 3452 4210 Domino
3474 4146 3603 4211 )csn

2028 4236 2246 4293 Christo
2272 4238 2637 4309 intelligatur,
2685 4242 2776 4309 qui
2814 4241 2960 4296 solus
2983 4242 3260 4298 verissime
3289 4242 3468 4298 dicere
3510 4258 3603 4314 po.

2029 4330 2169 4384 tuit:
2207 4347 2226 4380 (
2263 4328 2416 4384 Venit
2447 4331 2591 4384 enim
2629 4332 2882 4401 princeps
2910 4333 3092 4387 mundi
3121 4332 3302 4403 hujus,
3350 4334 3484 4388 etin
3514 4350 3600 4390 me

2032 4422 2140 4471 non
2158 4417 2328 4473 habet
2357 4418 2647 4487 quidquam
2673 4415 2855 4488 (Joan.
2882 4418 3016 4490 xiv).
3050 4440 3069 4472 ι
3102 4418 3157 4474 Id
3177 4428 3281 4485 est,
3310 4420 3600 4491 quidquam

2033 4508 2239 4577 peccati
2270 4507 2411 4575 quod
2437 4514 2609 4562 morte
2637 4508 2708 4562 sit
2746 4507 2987 4582 dignum.
3039 4528 3060 4560 ι
3100 4508 3205 4566 Sed
3234 4518 3293 4565 ut
3316 4522 3605 4581 cognoscat

2034 4595 2286 4661 mundus,
2316 4595 2439 4665 quia
2461 4595 2623 4668 diligo
2642 4607 2848 4666 patrem
2874 4614 2889 4662 ;
2915 4606 2972 4652 et
2998 4599 3137 4653 sicut
3162 4600 3472 4655 mandatum
3507 4602 3604 4656 des

2035 4689 2114 4742 dit
2157 4688 2288 4742 mihi
2328 4684 2526 4754 Pater,
2578 4688 2657 4742 sic
2699 4686 2857 4742 facio.
2904 4685 3139 4760 Surgite,
3162 4703 3348 4745 eamus
3395 4689 3539 4745 hinc.
3583 4713 3599 4743 ι

2037 4777 2312 4848 Tanquam
2341 4778 2576 4832 diceret:
2622 4774 2797 4831 Etiam
2822 4778 2868 4832 si
2899 4778 3167 4834 levissima
3205 4772 3426 4850 peccata
3455 4784 3602 4837 mor-
3674 4799 3679 4803 ν

2038 4872 2107 4925 tis
2138 4858 2396 4940 suppiicio
2414 4878 2785 4938 persequatur,
2814 4870 3062 4940 princeps
3084 4866 3270 4928 mundi
3294 4873 3349 4928 in
3382 4888 3468 4929 me
3494 4876 3602 4929 non
3678 4919 3685 4930 .

2036 4962 2197 5018 habet
2224 4961 2534 5032 quidquam.
2567 4956 2673 5015 Sed
2704 4960 2928 5032 surgite,
2959 4968 3144 5016 eamus
3169 4960 3313 5029 hinc,
3345 4962 3399 5018 id
3435 4974 3519 5019 cst
3547 4966 3605 5017 ut

2033 5051 2230 5121 patiar.
2279 5048 2415 5116 Quia
2463 5048 2519 5104 in
2550 5064 2617 5105 eo
2645 5050 2787 5119 quod
2815 5050 3011 5119 patior,
3042 5046 3370 5109 voiuntatem
3408 5050 3605 5123 impleo

2037 5139 2215 5194 Patris
2255 5139 2384 5205 mei,
2412 5150 2519 5193 non
2546 5146 2760 5211 pinnam
2797 5137 2945 5194 solvo
2979 5142 3187 5210 peccati
3218 5143 3343 5197 mei.
3373 5141 3439 5196 Et
3461 5138 3601 5210 quod

2035 5230 2298 5286 Jeremias
2342 5231 2457 5285 ait:
2514 5249 2534 5281 ι
2570 5220 2689 5285 Tibi
2718 5229 3080 5301 peccavimus,
3111 5231 3373 5299 patientia
3413 5230 3598 5293 Israel,

2037 5322 2261 5377 Domine
2290 5316 2505 5392 (lerant.
2547 5320 2659 5390 xiv)
2694 5339 2705 5375 :
2743 5334 2763 5373 ι
2814 5320 3000 5391 utique
3044 5321 3353 5391 suppliciter
3403 5318 3601 5371 dicitur

2037 5413 2091 5467 in
2120 5411 2431 5483 pauitantia
2457 5418 2582 5485 cum
2608 5425 2702 5482 spe
2724 5410 2915 5466 salutis
2942 5422 3009 5466 ex
3042 5411 3215 5474 venia,
3253 5418 3309 5464 et
3348 5406 3490 5477 quod
3516 5407 3569 5463 di
3585 5439 3602 5450 -

2036 5514 2182 5561 ctum
2206 5513 2326 5560 est:
2362 5520 2381 5557 ι
2420 5502 2563 5561 Sana
2591 5506 2830 5561 animam
2875 5504 3346 5573 meam,quoniam
3383 5502 3602 5573 peccavi

2035 5598 2132 5652 tibi
2174 5591 2346 5668 (Paul.
2378 5595 2506 5668 XL);
2543 5617 2561 5649 ι
2615 5595 2719 5652 hoc
2768 5598 2908 5653 idem
2944 5596 3140 5664 agitur,
3176 5600 3235 5646 ut
3283 5588 3425 5648 Deus
3455 5591 3603 5664 igno-

2034 5688 2233 5742 scendo
2256 5686 2599 5756 gloriﬁcetur.
2649 5684 2785 5751 Quia
2820 5694 3011 5753 magna
3037 5690 3121 5736 est
3162 5680 3277 5747 ejus
3302 5681 3594 5739 miscricor-
