3978 6182
350 298 448 352 ῦῖι

1026 288 1086 342 Β.
1132 285 1386 342 RABANI
1431 285 1649 341 MAURI
1688 281 1957 339 ARCIIIE]

2061 242 2363 339 nonum;
2394 276 2681 334 orenuu
2716 276 2895 332 rans
2929 276 2972 332 t.
3514 283 3628 338 s72

349 413 456 473 dia,
500 418 561 463 ut
588 408 809 462 redeant
848 407 917 459 ad
959 414 1081 454 eum
1111 398 1203 468 qui
1235 396 1367 452 dicit
1404 410 1463 450 se
1517 393 1657 450 nolle
1706 401 1936 446 mortem
2042 389 2131 445 hic
2160 403 2266 443 non
2300 387 2529 458 quilibet
2553 386 2774 440 hebetes
2823 393 2878 439 et
2911 384 3059 439 stulti
3087 425 3102 450 ,
3149 386 3244 442 sed
3271 387 3526 446 doctores
3551 391 3627 447 le»

348 481 669 570 peccatoris,
710 499 915 551 tantum
946 498 1005 543 ut
1050 496 1358 544 revertatur
1397 495 1454 540 et
1494 485 1660 539 vivat.
1709 481 1844 535 Hinc
1881 487 1936 536 et

350 596 461 662 ipse
481 589 649 645 David
671 602 779 642 non
806 583 979 639 solum
1019 582 1073 638 in
1099 580 1345 644 Psalmo,
1395 593 1580 632 verum
1611 576 1777 630 etiam
1812 588 1936 629 cum

354 682 617 757 Dominus
644 683 898 748 argueret
918 690 1042 729 eum
1070 687 1169 742 per
1202 671 1545 743 prophetam,
1571 683 1677 723 non
1704 667 1823 722 sine
1844 680 1939 736 spe

350 771 752 845 propitiationis
782 767 995 823 Domini
1036 765 1342 836 respondit:
1396 780 1414 813 ι
1450 760 1677 816 Peccavi
1710 758 1939 816 Domino

354 868 440 932 (Π
494 867 624 938 Reg.
682 863 804 938 xu).
844 883 862 915 ι
928 860 1136 915 Medico
1184 858 1329 913 enim
1373 856 1686 911 vulneratus
1728 852 1940 907 videtur

351 956 772 1030 quodammodo,
824 953 919 1023 qui
956 961 1018 1006 ut
1068 958 1324 1014 sanetur,
1367 947 1551 1002 subdit
1585 960 1644 1000 se
1691 941 1941 1003 manibus

356 1048 570 1114 medici,
622 1053 683 1100 ut
711 1045 765 1101 in
800 1058 871 1098 eo
904 1055 1041 1112 opus
1066 1038 1348 1094 medicinae
1392 1035 1700 1106 impleatur.
1752 1031 1810 1087 In
1838 1032 1944 1086 hoc

352 1148 534 1195 autem
563 1136 774 1191 cantico
793 1132 1111 1204 providebat
1133 1129 1399 1200 propheta
1426 1127 1636 1182 futuros
1656 1124 1941 1194 quosdam,

354 1229 447 1299 qui
476 1229 555 1299 sic
585 1232 740 1282 erant
768 1221 1045 1294 peccaturi
1092 1218 1344 1283 Domino,
1378 1216 1699 1272 oﬁ'endendo
1734 1214 1944 1286 magnis

355 1317 731 1391 iniquitatibus
751 1316 890 1380 suis,
915 1325 976 1368 ut
1003 1327 1103 1367 nec
1127 1310 1504 1381 paenitentiam
1534 1322 1695 1378 agere
1723 1306 1942 1371 vellent,

353 1421 408 1468 et
454 1411 523 1469 ad
549 1409 838 1470 Dominum
868 1404 1078 1463 redire.
1137 1410 1200 1457 ut
1236 1406 1583 1457 sanarentur.
1632 1397 1710 1451 De
1750 1396 1944 1467 quibus

354 1504 520 1558 etiam
544 1500 743 1556 dicitur
767 1516 780 1550 :
815 1516 834 1548 ι
867 1496 1136 1564 Quoniam
1156 1509 1285 1549 caro
1315 1499 1463 1557 sunt,
1492 1498 1548 1545 et
1576 1489 1801 1560 spiritus
1826 1502 1944 1541 am-

355 1595 573 1655 bulans
602 1598 658 1647 et
708 1605 816 1644 non
865 1594 1145 1643 revertens
1197 1582 1374 1656 (Psal.
1426 1580 1655 1652 Lxxvu).
1693 1599 1711 1633 ι
1764 1578 1948 1634 Potest

356 1679 520 1735 etiam
540 1677 621 1732 sic
663 1673 913 1742 intelligi,
940 1677 1303 1740 peccaverunt
1328 1682 1436 1722 non
1477 1666 1528 1721 ei
1553 1663 1852 1720 secundum
1892 1662 1946 1716 id

2036 480 2117 550 gis
2140 488 2195 535 et
2216 479 2603 550 praedicatores
2626 475 2902 547 Evangelii
2932 475 3263 547 intelligendi
3296 487 3461 546 sunt;
3495 496 3633 551 quo-

2038 582 2158 621 rum
2192 564 2451 620 doetrinis
2484 571 2539 620 et
2568 562 2830 632 exemplis
2859 569 3037 633 potest
3055 562 3217 618 homo
3236 566 3304 620 ad
3325 565 3629 636 intelligen-

2038 658 2168 712 tiam
2194 656 2431 711 divinam
2455 654 2739 726 proﬁcere.
2762 653 2916 709 Unde
2926 654 3222 724 Apostolus
3238 655 3307 710 ad
3319 655 3633 716 Corinthios

2038 748 2282 804 scribens
2309 748 2422 802 ait:
2463 765 2483 797 ι
2519 745 2654 799 Nam
2687 744 2735 799 si
2776 744 2964 799 decem
3010 744 3177 799 millia
3214 747 3633 818 paedagogorum

2038 840 2283 895 habeatis
2322 839 2377 893 in
2401 837 2640 910 Christo,
2682 836 2777 892 sed
2804 851 2913 891 non
2946 835 3143 891 multos
3163 845 3369 906 patres.
3415 837 3555 892 Nam
3579 838 3639 892 in

2039 929 2255 985 Christo
2273 928 2397 984 Jesu
2431 943 2530 997 per
2559 926 2934 997 Evangelium,
2960 927 3075 995 ipse
3098 941 3194 981 vos
3221 927 3381 996 genui
3411 926 3464 989 (I
3504 927 3636 983 Cor.

2042 1022 2145 1093 tv).
2170 1042 2189 1074 ι
2230 1021 2301 1077 Ει
2330 1021 2399 1077 ad
2435 1018 2694 1076 ﬂebrmos
2728 1038 2741 1074 :
2798 1038 2818 1072 ι
2853 1019 3045 1075 Patres
3074 1020 3292 1090 quidem
3321 1021 3508 1076 carnis
3537 1037 3640 1077 no—

2042 1124 2171 1170 stra:
2196 1114 2501 1169 creditores
2528 1112 2838 1177 habuimus,
2864 1118 2919 1166 et
2948 1112 3331 1166 reverebamur
3351 1127 3446 1168 eos
3471 1129 3484 1164 :
3525 1128 3637 1168 non

2042 1207 2212 1263 multo
2250 1206 2422 1278 magis
2448 1205 2943 1277 obtemperabimus
2969 1204 3118 1259 Patri
3155 1206 3447 1275 spirituum
3475 1212 3531 1261 et
3558 1204 3641 1261 vi-

2042 1297 2274 1353 vemus?
2304 1295 2370 1351 Et
2406 1296 2482 1351 illi
2505 1295 2725 1367 quidem
2756 1295 2809 1350 in
2836 1286 3078 1364 tempore
3106 1310 3402 1364 paucorum
3427 1298 3638 1352 dierum

2044 1388 2339 1445 secundum
2365 1386 2698 1442 voluntatem
2721 1399 2877 1441 suam
2902 1385 3223 1442 erudiebant
3244 1401 3344 1457 nos
3366 1404 3381 1441 :
3417 1385 3511 1442 hic
3538 1402 3640 1442 au-

2044 1486 2154 1533 tem
2179 1477 2248 1533 ad
2268 1477 2321 1532 id
2347 1476 2489 1547 quod
2516 1474 2649 1530 utile
2671 1483 2788 1541 est,
2817 1475 2871 1529 in
2914 1473 3226 1545 recipiendo
3253 1476 3640 1532 sanctiﬁcatio-

2044 1584 2169 1626 nem
2195 1568 2309 1638 ejus
2339 1567 2524 1640 (Hebr.
2550 1565 2670 1640 xu).
2714 1586 2734 1618 ι

2123 1680 2142 1715 ι
2180 1660 2406 1728 Quando
2436 1660 2711 1715 dividebat
2734 1657 3045 1715 Altissimus
3071 1667 3283 1731 gentes,
3309 1661 3530 1732 quando
3552 1676 3641 1719 se.

360 1767 505 1839 quod
530 1756 637 1823 non
673 1770 976 1820 nocuerunt
999 1769 1223 1833 peccato
1270 1775 1390 1823 suo,
1428 1757 1523 1814 sed
1550 1756 1673 1811 sibi.
1707 1772 1725 1805 ι
1770 1752 1947 1808 Gene—
1972 1750 2022 1809 B
2054 1769 2072 1804 ‹
2106 1752 2332 1822 parabat
2374 1749 2513 1806 ﬁlios
2550 1748 2720 1804 Adam
2753 1765 2767 1803 :
2807 1747 3099 1839 Constituit
3123 1745 3386 1805 terminos
3412 1752 3640 1822 populo-

360 1859 498 1913 ratio
517 1872 681 1928 prava
710 1864 871 1925 atque
888 1868 1167 1925 perversa,
1190 1849 1430 1906 haeccine
1449 1848 1633 1913 reddis
1652 1845 1900 1901 Domino?
1922 1862 1941 1896 ι

361 1948 536 2005 Simili
561 1947 733 2016 elogio
765 1959 954 2001 eorum
985 1941 1266 2013 perﬁdiam
1294 1939 1543 1996 Salvator
1572 1937 1628 1991 in
1655 1933 1950 2007 Evangelio

366 2037 663 2102 denotavit,
680 2036 769 2105 qui
801 2033 1134 2090 tentantibus
1158 2030 1437 2100 etsignum
1464 2043 1494 2085 a
1511 2043 1567 2083 se
1587 2026 1953 2098 quaerentibus

366 2126 642 2196 respondit
680 2124 867 2195 dicens
893 2139 907 2176 :
952 2139 971 2172 ι
1000 2119 1292 2176 Generatio
1313 2133 1480 2189 prava
1507 2123 1670 2186 aujue
1696 2129 1952 2187 perversa

362 2219 570 2289 signum
598 2215 819 2286 quaarit,
839 2222 895 2268 et
911 2214 1124 2284 signum
1146 2226 1255 2267 non
1272 2209 1487 2264 dabitur
1508 2207 1580 2273 ei,
1607 2205 1713 2261 nisi
1738 2206 1954 2275 signum

260 2298 267 2305 ’
360 2310 510 2365 Jonm
538 2307 813 2378 propheta:
828 2303 1044 2376 (Matth.
1068 2301 1191 2375 xu).
1219 2321 1236 2381 ξ
1265 2300 1355 2356 Sic
1381 2308 1436 2355 et
1453 2298 1691 2355 Joannes
1709 2295 1956 2367 Baptista

366 2400 539 2457 turbis
563 2397 873 2452 Judazorum
895 2394 965 2469 ad
993 2409 1054 2451 se
1086 2392 1448 2463 venientibus,
1473 2389 1551 2444 ait
1577 2407 1589 2443 :
1621 2406 1640 2438 ι
1668 2385 1955 2444 Genimina

363 2495 687 2564 viperarum,
721 2490 844 2561 quis
864 2487 1281 2546 ostendit’vobis
1306 2485 1490 2557 fugere
1517 2501 1547 2539 a
1574 2492 1804 2539 ventura
1838 2483 1957 2537 ira?

367 2583 552 2639 Facite
577 2596 709 2652 ergo
742 2578 952 2635 fructus
980 2578 1171 2650 dignos
1203 2576 1534 2646 poenitentiae
1558 2592 1571 2628 :
1601 2582 1657 2628 et
1682 2589 1750 2630 ne
1781 2571 1959 2628 velitis

366 2674 571 2739 dicere,
596 2670 814 2726 Patrem
836 2668 1101 2725 habemus
1120 2666 1415 2721 Abraham.
1437 2664 1623 2719 Potest
1645 2662 1786 2718 enim
1816 2660 1959 2716 Deus

366 2764 434 2819 de
470 2762 739 2835 lapidibus
795 2759 916 2815 istis
961 2758 1225 2827 suscitare
1278 2755 1415 2811 ﬁlios
1463 2753 1694 2809 Abrahae
1739 2750 1954 2823 (Matth.

370 2854 479 2925 ιιι).
515 2873 534 2906 ι
568 2849 860 2907 Generatio
888 2848 1087 2919 quippe
1117 2845 1423 2901 Judaeorum
1452 2858 1622 2913 prava
1656 2848 1818 2910 atque
1843 2853 1961 2908 per-

367 2957 523 2999 versa
549 2955 764 3010 semper
787 2938 909 3004 fuit,
937 2953 1056 3008 qua:
1078 2937 1292 3007 ingrata
1310 2932 1590 2990 beneﬁciis
1603 2931 1700 2987 Dei
1719 2929 1957 2995 exstitit;

2054 1863 2073 1898 ι
2108 1860 2228 1901 rum
2262 1841 2417 1912 juxta
2443 1855 2728 1897 numerum
2766 1840 2998 1894 ﬁliorum
3037 1838 3246 1895 Israel:
3288 1839 3422 1895 Pars
3452 1852 3638 1897 autem

2055 1953 2076 1989 (
2108 1934 2341 1998 Domini,
2372 1926 2602 2004 p0pulus
2629 1928 2779 1999 ejus;
2809 1930 2977 1986 Jaeob
3003 1929 3278 1987 funiculus
3302 1932 3640 1989 haereditatis

2056 2045 2075 2078 ι
2111 2027 2247 2097 ejus.
2280 2045 2299 2078 ι
2331 2023 2583 2095 Historiae
2605 2021 2999 2077 ordinationem
3022 2021 3116 2076 dat
3138 2021 3204 2078 de
3229 2022 3451 2077 humani
3480 2038 3640 2094 gene-

2052 2118 2129 2172 ris
2176 2114 2557 2172 distributione
2608 2131 2622 2167 :
2674 2113 2801 2182 quia
2852 2128 2979 2168 cum
3026 2111 3315 2167 multitudo
3361 2113 3638 2169 hominum

2054 2222 2201 2271 tanta
2233 2214 2334 2279 sit,
2376 2219 2439 2266 ut
2464 2227 2654 2266 eorum
2692 2209 3054 2264 numerositas
3092 2208 3331 2263 humana
3359 2214 3641 2281 computa-

2054 2309 2200 2358 tione
2222 2301 2606 2371 comprehendi
2636 2315 2741 2356 non
2772 2299 2975 2369 possit,
3021 2297 3166 2353 solos
3194 2297 3335 2353 ﬁlios
3379 2296 3544 2352 israel
3570 2295 3640 2351 de

2055 2405 2207 2453 tanta
2256 2396 2601 2453 multitudine
2646 2395 2703 2450 in
2754 2409 2907 2451 suam
2959 2392 3332 2448 haereditatem
3380 2390 3641 2445 Dominus

2054 2488 2234 2558 elegit,
2266 2495 2328 2541 ut
2354 2500 2551 2541 nomen
2573 2498 2733 2540 suum
2762 2489 2818 2538 et
2838 2482 3134 2552 potentiam
3159 2495 3314 2535 suam
3340 2487 3527 2534 notam
3560 2476 3641 2531 fa-

2056 2582 2224 2638 ceret,
2253 2582 2308 2630 et
2330 2572 2623 2628 voluntatis
2648 2586 2762 2626 suae
2794 2578 3004 2627 secreta
3041 2583 3141 2639 per
3183 2567 3319 2639 legis
3356 2565 3559 2634 judicia
3587 2574 3643 2621 et

2056 2667 2446 2739 prophetarum
2469 2664 2670 2732 scripta
2699 2660 3073 2717 manifestaret
3098 2678 3112 2713 :
3143 2660 3287 2714 sicut
3313 2657 3561 2727 superius
3586 2656 3646 2710 in

2056 2756 2310 2828 praesenti
2337 2755 2477 2810 libro
2507 2751 2875 2809 nianit‘estavit
2907 2751 3093 2807 dicens
3127 2767 3141 2803 :
3186 2767 3205 2799 ι
3243 2747 3320 2803 Te
3350 2747 3515 2818 elegit
3540 2746 3645 2800 Do-

2058 2849 2237 2903 minus
2283 2847 2426 2901 Deus
2468 2854 2612 2908 tuus,
2654 2852 2716 2897 ut
2755 2843 2831 2898 sis
2859 2842 2910 2897 ei
2950 2840 3179 2914 populus
3225 2838 3536 2909 peculiaris,
3578 2837 3645 2891 de

2059 2937 2271 2993 cunctis
2290 2934 2504 3006 populis
2541 2934 2635 3004 qui
2677 2940 2803 2988 sunt
2829 2946 2992 3001 super
3017 2938 3220 2985 terram
3250 2928 3434 3000 (Deut.
3461 2927 3581 2998 vn).
3618 2946 3639 2978 ι

368 3049 400 3089 e
428 3031 704 3088 contrario
730 3044 944 3100 semper
982 3027 1440 3097 transgressiones
1468 3026 1668 3090 varias,
1694 3022 1962 3078 idolorum
2004 3098 2027 3100 _7
2062 3025 2180 3081 Non
2205 3026 2331 3096 quia
2372 3032 2596 3081 cunctas
2637 3030 3090 3096 gentesnumero
3125 3019 3448 3085 vincebatis,
3488 3017 3647 3074 vobis

369 3105 560 3180 sordes
577 3131 737 3192 atque
758 3098 1092 3175 irriﬁtationes
1116 3116 1468 3187 rependebat.
1519 3133 1539 3165 ε
1574 3114 1774 3185 Popule
1799 3112 1962 3169 stulte
1988 3098 2033 3160 Ο
2058 3116 2278 3186 junctus
2302 3122 2387 3169 est
2412 3112 2671 3169 Dominus
2696 3121 2751 3167 et
2770 3111 2933 3182 elegit
2956 3126 3079 3177 vos,
3103 3125 3225 3165 cum
3251 3111 3506 3166 omnibus
3531 3110 3649 3167 sitis

370 3221 428 3267 et
470 3211 733 3280 insipiens
758 3249 774 3274 ,
815 3207 1057 3279 nunquid
1089 3223 1194 3261 non
1225 3205 1339 3275 ipse
1378 3213 1461 3260 est
1487 3213 1641 3275 pater
1667 3211 1820 3268 tuus,
1868 3203 1960 3272 qui
2062 3204 2273 3276 populis
2302 3205 2605 3274 pauciores,
2636 3203 2732 3261 sed
2762 3203 2888 3272 quia
2918 3202 3105 3258 dilexit
3144 3217 3247 3258 vos
3285 3201 3568 3263 Doniinus.
3593 3210 3650 3256 et

370 3300 614 3372 possedit
648 3306 703 3355 et
738 3296 868 3354 fecit
900 3305 954 3351 et
980 3296 1185 3351 creavit
1212 3294 1304 3350 te?
1340 3315 1358 3346 ι
1402 3293 1562 3348 Pater
1583 3292 1962 3348 universorum
2063 3297 2353 3352 custodivit
2368 3294 2738 3365 juramemum
2765 3298 2906 3366 quod
2926 3294 3133 3365 jumvit
3159 3296 3407 3365 patribus
3430 3297 3646 3359 vestris,

373 3399 428 3446 et
473 3390 720 3457 conditor
764 3389 1059 3445 secundum
1092 3394 1302 3441 naturae
1346 3383 1646 3454 potentiam
1692 3383 1835 3445 Deus
1879 3391 1963 3436 est
2063 3393 2118 3439 et
2142 3385 2328 3445 eduxit
2352 3402 2448 3442 vos
2484 3386 2536 3443 iu
2568 3402 2727 3442 manu
2757 3385 2905 3451 forti,
2935 3393 2992 3441 et
3021 3386 3250 3440 redemit
3275 3400 3370 3441 vos
3395 3386 3462 3441 de
3488 3401 3649 3441 manu

377 3496 553 3545 unus,
603 3498 622 3530 ‹
649 3464 775 3549 quia
806 3478 874 3533 ab
902 3477 1018 3548 ipso
1053 3483 1110 3531 et
1151 3491 1246 3545 per
1294 3475 1466 3545 ipsum
1496 3481 1549 3527 et
1595 3472 1648 3526 in
1689 3472 1809 3543 ipso
1839 3479 1965 3527 sunt
2065 3476 2364 3532 Pharaonis
2411 3478 2554 3547 regis
2619 3475 2875 3547 Egypti,
2927 3484 2985 3530 et
3033 3476 3173 3531 scies
3217 3476 3343 3546 quia
3392 3475 3653 3531 Dominus

378 3572 579 3626 omnia.
624 3590 641 3623 ι
676 3555 894 3626 Creavit
939 3583 1067 3639 ergo
1100 3568 1241 3623 Deus
1281 3567 1552 3622 hominem
1598 3566 1814 3636 quando
1843 3581 1961 3620 ma-r
2065 3568 2208 3622 Deus
2233 3576 2380 3632 tuus,
2407 3567 2520 3638 ipse
2545 3575 2631 3622 est
2652 3566 2797 3622 Deus
2821 3575 2968 3632 tuus,
2999 3567 3152 3623 fortis
3174 3576 3231 3622 et
3254 3566 3655 3632 ﬁdelis,-custo-

378 3661 571 3715 teriam
611 3660 753 3714 unde
779 3658 999 3714 formari
1026 3666 1255 3735 posset,
1286 3655 1540 3712 condidit.
1573 3656 1724 3711 Fecit
1748 3655 1965 3726 quando
2066 3656 2219 3713 diens
2254 3665 2470 3727 pactum
2507 3664 2562 3711 et
2603 3656 3031 3711 misericordiam
3073 3656 3421 3730 diligentibus
3461 3675 3557 3723 se,
3597 3672 3656 3715 et

378 3753 525 3806 illum
551 3753 618 3806 ad
653 3751 940 3820 imaginem
972 3759 1029 3805 et
1057 3749 1466 3804 similitudinem
1504 3763 1657 3803 suam
1687 3748 1962 3803 formavit.

294 3828 298 3833 ’
378 3842 667 3907 Possedit,
724 3840 939 3910 quando
973 3840 1213 3910 expulsis
1258 3840 1538 3894 erroribus
1578 3854 1673 3908 per
1713 3839 1873 3893 ﬁdem
1911 3846 1968 3893 et

382 3930 610 4001 gratiam
646 3945 796 3984 suam
826 3929 1137 3982 vindicavit.
1181 3926 1417 3998 Populus
1440 3944 1569 3996 ergo
1591 3927 1787 3984 stultus
1807 3936 1860 3982 et
1887 3928 1968 3982 in—

382 4021 583 4092 sipiens
606 4017 1023 4074 fuitJudzeorum
1048 4034 1200 4090 gens,
1222 4035 1340 4089 qua:
1367 4034 1465 4071 nec
1489 4027 1788 4074 creatorem
1812 4034 1967 4073 suum

381 4120 436 4167 et
467 4110 726 4166 factorem
753 4124 912 4179 quem
956 4109 1043 4164 lex
1093 4109 1531 4164 manifestissime
1557 4110 1658 4164 sibi
1708 4110 1967 4175 ostendit,

381 4204 541 4274 digno
563 4202 709 4258 cultu
738 4202 1095 4256 venerabatur
1122 4220 1134 4255 :
1193 4216 1291 4256 nec
1319 4201 1436 4272 ejus
1458 4201 1703 4256 beneﬁcii
1742 4216 1967 4269 memor,

381 4308 489 4363 quo
512 4293 661 4347 illum
685 4292 737 4346 in
757 4290 995 4362 Egypto
1019 4308 1116 4363 per
1145 4291 1404 4346 miracula
1438 4300 1604 4363 atque
1631 4293 1875 4362 prodigia
1906 4294 1972 4349 de

384 4403 545 4442 manu
576 4386 918 4441 inimicorum
953 4400 1167 4449 eruens,
1199 4383 1505 4453 specialiter
1544 4384 1806 4455 possedit,
1838 4386 1971 4440 dans

386 4477 461 4532 illi
490 4476 556 4533 de
576 4477 715 4532 cmlo
744 4490 960 4538 manna,
983 4483 1039 4529 et
1064 4475 1317 4530 ducatum
1349 4474 1403 4528 in
1436 4475 1572 4529 mari
1601 4475 1784 4531 Rubro
1805 4484 1968 4545 atque

386 4572 440 4624 in
470 4569 683 4624 deserto
711 4582 812 4641 per
831 4565 1131 4637 angelicum
1157 4566 1513 4621 ministerium
1532 4568 1799 4632 przebens,
1826 4566 1968 4622 idola

387 4655 490 4711 sibi
516 4655 837 4722 fabricavit;
885 4664 1049 4725 atque
1071 4655 1175 4710 illis
1205 4656 1445 4710 divinum
1486 4656 1747 4712 honorem
1776 4665 1968 4711 contu-

388 4747 470 4812 lit,
508 4752 563 4801 et
602 4746 867 4802 sacriﬁcia
912 4747 1230 4802 stultissime
1254 4746 1518 4816 impendit
1562 4747 1786 4802 dicens:
1846 4764 1863 4796 ι
1901 4746 1966 4802 Hi

388 4843 513 4894 sunt
532 4838 605 4892 dii
635 4839 733 4903 tui,
764 4838 948 4905 Israel,
976 4840 1067 4908 qui
1103 4838 1406 4894 eduxerunt
1444 4847 1496 4893 te
1525 4838 1591 4893 de
1629 4848 1773 4893 terra
1800 4837 1966 4910 Egy-

387 4929 485 5003 pli.
543 4927 814 4983 Memento
841 4930 1050 4986 dierum
1100 4931 1485 5001 antiquorum,
1529 4930 1705 4999 cogita
1751 4943 1975 5001 genera-

391 5018 568 5072 tiones
592 5016 855 5087 singulas.
901 5015 1176 5090 Interroga
1222 5028 1431 5089 patrem
1464 5026 1637 5085 tuum,
1684 5027 1739 5074 et
1766 5034 1975 5093 annun-

393 5108 548 5163 tiahit
574 5108 702 5175 tibi;
731 5106 964 5178 majores
982 5118 1123 5175 tuos,
1139 5123 1193 5166 et
1212 5111 1390 5166 dicent
1414 5110 1508 5165 tibi
1527 5108 1722 5183 (Exod.
1743 5111 1933 5182 xxxu).
1949 5133 1968 5164 ι

392 5200 448 5253 ln
478 5199 799 5254 memoriam
823 5200 904 5255 eis
930 5200 1137 5255 reducit
1181 5201 1321 5256 facta
1355 5200 1598 5269 antiqua,
1631 5197 1830 5268 jubens
1879 5215 1974 5256 eos

394 5292 728 5362 interrogare
754 5299 939 5361 patres
965 5301 1019 5349 et
1044 5293 1112 5349 ab
1146 5292 1225 5347 eis
1270 5291 1483 5346 discere
1532 5291 1765 5360 qualiter
1789 5293 1970 5349 divina

386 5391 518 5440 sunt
546 5385 909 5457 opeliberati,
953 5395 1113 5455 atque
1137 5385 1331 5455 saapius
1370 5383 1439 5439 ab
1465 5383 1699 5440 inimicis
1720 5387 1970 5455 protecti,

393 5484 658 5543 quatenus
687 5474 773 5531 vel
802 5477 906 5530 hoc
931 5476 1089 5529 modo
1117 5475 1186 5529 ad
1233 5474 1601 5545 pmnitentiam
1629 5484 1973 5543 peccatorum

394 5576 838 5635 provocarentur,
888 5576 944 5623 et
985 5568 1053 5621 ab
1076 5567 1229 5620 omni
1268 5580 1453 5623 errore
1503 5580 1560 5621 se
1586 5568 1858 5632 exuendo,
1906 5568 1973 5621 ad

397 5654 676 5710 veritatem
704 5658 1132 5737 appropinquare
1156 5656 1304 5712 ocius
1327 5656 1716 5719 meditarentur
1741 5676 1754 5710 :
1788 5656 1976 5713 Patres

2067 3749 2171 3811 his,
2203 3748 2294 3819 qui
2323 3748 2634 3804 custodiunt
2674 3755 3005 3818 praeceptum
3035 3745 3174 3816 ejus,
3219 3749 3274 3803 in
3303 3749 3451 3805 mille
3491 3765 3655 3821 gene-

2068 3841 2340 3906 rationes;
2372 3848 2428 3894 et
2455 3839 2684 3894 reddens
2711 3839 3018 3895 odientibus
3038 3853 3130 3904 se,-
3147 3840 3329 3894 statim
3358 3850 3418 3893 ut
3446 3840 3655 3910 disper—

2068 3930 2161 3983 dat
2185 3944 2298 3993 eos,
2328 3936 2384 3983 et
2412 3928 2553 3983 ultra
2578 3944 2686 3983 non
2714 3926 2947 3993 differat,
2976 3929 3223 3998 protinus
3245 3930 3326 3985 eis
3359 3931 3656 3985 restituens

2068 4018 2212 4088 quod
2250 4026 2547 4074 merentur.
2576 4016 2795 4073 Custodi
2834 4033 2964 4089 ergo
3002 4026 3269 4089 praecepta
3314 4025 3371 4075 et
3395 4035 3657 4076 caeremo-
3698 4044 3703 4047 λ

2068 4111 2190 4165 nias
2218 4118 2379 4180 atque
2402 4109 2609 4180 judicia
2626 4152 2639 4175 ,
2667 4124 2789 4179 qua:
2812 4124 2914 4179 ego
2942 4110 3138 4165 mando
3165 4110 3258 4165 tibi
3301 4110 3465 4169 hodie
3490 4119 3551 4164 ut
3575 4110 3656 4165 fa-

2071 4203 2204 4259 cias.
2233 4202 2547 4259 Secundum’
2572 4203 2734 4258 aliam
2766 4210 2946 4257 autem
2972 4203 3265 4259 editionem
3292 4204 3387 4261 ubi
3410 4204 3611 4275 legitur
3638 4223 3655 4259 :

2077 4311 2097 4343 ι
2133 4291 2335 4348 Statuit
2360 4292 2412 4348 ei
2456 4294 2715 4349 terminos
2751 4292 2992 4364 gentium
3032 4293 3329 4349 secundum
3367 4310 3659 4350 numerum

2075 4384 2388 4454 angelorum
2420 4384 2536 4439 Dei.
2569 4402 2589 4435 ι
2622 4384 2689 4438 Et
2713 4384 2767 4438 in
2792 4384 3027 4440 Danielis
3051 4383 3280 4450 visione,
3309 4385 3401 4441 ubi
3429 4385 3661 4455 angelus

2076 4476 2145 4530 de
2160 4475 2402 4546 principe
2421 4474 2707 4531 Persarum
2732 4475 2833 4530 sibi
2858 4477 3145 4532 resistente
3162 4476 3424 4545 narravit,
3440 4478 3659 4532 videtur

2076 4566 2220 4620 aliud
2239 4566 2398 4620 nobis
2416 4565 2689 4620 insinuare
2710 4563 2874 4636 (Dan.
2888 4564 3031 4636 vui).
3046 4565 3373 4637 Angelorum
3394 4569 3540 4622 enim
3560 4568 3661 4622 mi-

2075 4656 2296 4712 nisteria
2316 4673 2479 4729 super
2499 4663 2686 4728 gentes
2705 4658 2944 4728 singulas
2961 4664 3017 4713 et
3034 4674 3198 4729 super
3214 4659 3463 4715 homines
3479 4661 3660 4730 singu-

2075 4745 2157 4802 los
2173 4748 2421 4802 ordinata
2443 4748 2754 4811 creduntur,
2776 4755 3040 4817 quatenus
3062 4747 3162 4805 sub
3187 4761 3373 4804 eorum
3395 4748 3657 4819 regimine

2075 4844 2237 4906 atque
2265 4836 2576 4894 defensioue
2607 4838 2841 4894 humana
2863 4845 3054 4892 natura
3067 4836 3224 4906 juxta
3247 4837 3657 4907 dispositionem

2079 4928 2462 5000 omnipotentis
2488 4927 2585 4983 Dei
2608 4928 2942 4998 subjiciatur,
2968 4936 3126 4997 atque
3152 4928 3222 4982 ab
3248 4928 3479 4983 inimicis
3509 4937 3657 4984 tuea-

2078 5027 2186 5072 tur.
2238 5018 2390 5073 Unde
2434 5017 2697 5073 Dominus
2732 5018 2798 5072 de
2838 5016 3076 5086 parvulis
3119 5017 3174 5071 in
3213 5017 3507 5088 Evangelio
3546 5031 3658 5072 non

2077 5107 2505 5163 scandalizandis
2535 5107 2753 5171 docens,
2782 5121 2908 5161 mox
2933 5104 3208 5175 sultjunxit
3234 5107 3424 5162 dicens
3449 5124 3514 5187 εἰ(
3547 5107 3658 5162 Διι-

2076 5198 2178 5268 geli
2222 5212 2410 5253 eorum
2457 5197 2511 5251 in
2542 5196 2717 5259 caelis,
2763 5211 2975 5265 semper
3016 5196 3201 5255 vident
3244 5197 3439 5251 faciem
3477 5196 3658 5252 Patris

2078 5290 2206 5355 mei,
2236 5290 2327 5359 qui
2353 5290 2407 5343 in
2435 5289 2589 5347 cretis
2616 5295 2700 5342 est
2726 5287 2940 5358 (Matth.
2970 5286 3149 5358 xvut).
3184 5307 3202 5339 ι
3234 5286 3367 5354 Quia
3396 5288 3544 5343 enim
3569 5303 3660 5343 su-

2072 5396 2240 5450 perna
2279 5379 2366 5434 illa
2403 5378 2595 5433 (ivitas
2636 5392 2702 5432 ex
2744 5376 2948 5448 angelis
2980 5385 3038 5432 et
3074 5377 3381 5433 hominibus
3418 5386 3657 5444 constat,

2074 5471 2143 5526 ad
2167 5485 2327 5539 quam
2359 5476 2563 5522 tantum
2593 5468 2866 5523 credimus
2890 5469 3169 5523 hominum
3198 5484 3368 5538 genus
3393 5485 3660 5527 conscen»

2074 5558 2224 5622 dere,
2248 5544 2512 5627 quatenus
2540 5557 2647 5611 illic
2675 5558 2930 5628 contigit,
2960 5558 3163 5614 electos
3189 5560 3408 5630 angelos
3444 5576 3659 5615 romano

2076 5640 2248 5716 sisse,
2287 5648 2426 5704 sicut
2461 5647 2719 5717 scriptum
2760 5658 2842 5703 cst
2883 5666 2894 5701 :
2943 5667 2960 5699 ‹
3007 5649 3205 5707 Statuit
3237 5652 3498 5707 terminos
3526 5666 3656 5722 gen-

3356 5750 3383 5767 ἡ
