  <div class='ocr_page' id='page_1' title='image "/cluster/home/n/w/nwhite01/storage/ocr_20150623/108/hvd.32044054759733/493.png"; bbox 0 0 3978 6182; ppageno 0'>
   <div class='ocr_carea' id='block_1_1' title="bbox 343 328 444 384">
    <p class='ocr_par' dir='ltr' id='par_1_1' title="bbox 343 328 444 384">
     <span class='ocr_line' id='line_1_1' title="bbox 343 328 444 384; baseline 0 -1"><span class='ocrx_word' id='word_1_1' title='bbox 343 328 444 384; x_wconf 73' lang='grc'><strong>975</strong></span> 
     </span>
    </p>
   </div>
   <div class='ocr_carea' id='block_1_2' title="bbox 980 317 2919 382">
    <p class='ocr_par' dir='ltr' id='par_1_2' title="bbox 980 317 2919 382">
     <span class='ocr_line' id='line_1_2' title="bbox 980 317 2919 382; baseline -0.006 -1"><span class='ocrx_word' id='word_1_2' title='bbox 980 327 1040 381; x_wconf 84' lang='grc' dir='ltr'><strong>Β.</strong></span> <span class='ocrx_word' id='word_1_3' title='bbox 1082 326 1337 382; x_wconf 66' lang='grc' dir='ltr'><strong>ιιΑΒΑΝΙ</strong></span> <span class='ocrx_word' id='word_1_4' title='bbox 1379 325 1595 381; x_wconf 55' lang='lat' dir='ltr'><strong>MAI-BI</strong></span> <span class='ocrx_word' id='word_1_5' title='bbox 1634 322 1950 378; x_wconf 75' lang='lat' dir='ltr'><strong>ARCHIEP.</strong></span> <span class='ocrx_word' id='word_1_6' title='bbox 1993 321 2298 376; x_wconf 56' lang='lat' dir='ltr'><strong>BIOGliNT.</strong></span> <span class='ocrx_word' id='word_1_7' title='bbox 2342 318 2627 374; x_wconf 62' lang='lat' dir='ltr'><strong>Ol’Elllf-M</strong></span> <span class='ocrx_word' id='word_1_8' title='bbox 2670 317 2846 372; x_wconf 78' lang='lat' dir='ltr'><strong>PARS</strong></span> <span class='ocrx_word' id='word_1_9' title='bbox 2879 318 2919 372; x_wconf 95' lang='lat' dir='ltr'><strong>l.</strong></span> 
     </span>
    </p>
   </div>
   <div class='ocr_carea' id='block_1_3' title="bbox 3490 320 3592 373">
    <p class='ocr_par' dir='ltr' id='par_1_3' title="bbox 3490 320 3592 373">
     <span class='ocr_line' id='line_1_3' title="bbox 3490 320 3592 373; baseline 0.02 -2"><span class='ocrx_word' id='word_1_10' title='bbox 3490 320 3592 373; x_wconf 71' lang='grc' dir='ltr'><strong>εἲῖΰ</strong></span> 
     </span>
    </p>
   </div>
   <div class='ocr_carea' id='block_1_4' title="bbox 339 429 3598 513">
    <p class='ocr_par' dir='ltr' id='par_1_4' title="bbox 339 429 3598 513">
     <span class='ocr_line' id='line_1_4' title="bbox 339 429 3598 513; baseline -0.003 -19"><span class='ocrx_word' id='word_1_11' title='bbox 339 458 431 495; x_wconf 73' lang='lat' dir='ltr'><strong>seu</strong></span> <span class='ocrx_word' id='word_1_12' title='bbox 458 441 647 510; x_wconf 88' lang='lat' dir='ltr'><strong>dignos</strong></span> <span class='ocrx_word' id='word_1_13' title='bbox 675 455 773 494; x_wconf 88' lang='lat' dir='ltr'><strong>suo</strong></span> <span class='ocrx_word' id='word_1_14' title='bbox 802 453 998 508; x_wconf 78' lang='lat' dir='ltr'><strong>genere</strong></span> <span class='ocrx_word' id='word_1_15' title='bbox 1037 439 1422 508; x_wconf 82' lang='lat' dir='ltr'><strong>perpetualitcr</strong></span> <span class='ocrx_word' id='word_1_16' title='bbox 1448 445 1647 490; x_wconf 83' lang='lat' dir='ltr'><strong>servat.</strong></span> <span class='ocrx_word' id='word_1_17' title='bbox 1689 435 1745 489; x_wconf 98' lang='lat' dir='ltr'><strong>Si</strong></span> <span class='ocrx_word' id='word_1_18' title='bbox 1780 449 1916 503; x_wconf 89' lang='lat' dir='ltr'><strong>quos</strong></span> <span class='ocrx_word' id='word_1_19' title='bbox 1943 441 1990 498; x_wconf 81' lang='grc' dir='ltr'>Α</span> <span class='ocrx_word' id='word_1_20' title='bbox 2019 432 2413 513; x_wconf 81' lang='lat' dir='ltr'><strong>dominationis</strong></span> <span class='ocrx_word' id='word_1_21' title='bbox 2425 431 2614 501; x_wconf 87' lang='lat' dir='ltr'><strong>jugum</strong></span> <span class='ocrx_word' id='word_1_22' title='bbox 2644 431 2870 500; x_wconf 84' lang='lat' dir='ltr'><strong>putruit.</strong></span> <span class='ocrx_word' id='word_1_23' title='bbox 2897 450 2916 479; x_wconf 77' lang='grc' dir='ltr'><strong><em>ι</em></strong></span> <span class='ocrx_word' id='word_1_24' title='bbox 2947 429 3208 500; x_wconf 84' lang='lat' dir='ltr'><strong>Butyrtun</strong></span> <span class='ocrx_word' id='word_1_25' title='bbox 3233 433 3298 485; x_wconf 87' lang='lat' dir='ltr'><strong>de</strong></span> <span class='ocrx_word' id='word_1_26' title='bbox 3327 442 3598 496; x_wconf 70' lang='lat' dir='ltr'><strong>aru&#39;icntu,</strong></span> 
     </span>
    </p>
   </div>
   <div class='ocr_carea' id='block_1_5' title="bbox 339 527 1916 586">
    <p class='ocr_par' dir='ltr' id='par_1_5' title="bbox 339 527 1916 586">
     <span class='ocr_line' id='line_1_5' title="bbox 339 527 1916 586; baseline -0.004 -1"><span class='ocrx_word' id='word_1_27' title='bbox 339 548 468 586; x_wconf 85' lang='lat' dir='ltr'><strong>vero</strong></span> <span class='ocrx_word' id='word_1_28' title='bbox 506 531 572 586; x_wconf 86' lang='lat' dir='ltr'><strong>ad</strong></span> <span class='ocrx_word' id='word_1_29' title='bbox 614 531 722 585; x_wconf 89' lang='lat' dir='ltr'><strong>ima</strong></span> <span class='ocrx_word' id='word_1_30' title='bbox 765 539 820 585; x_wconf 91' lang='lat' dir='ltr'><strong>ct</strong></span> <span class='ocrx_word' id='word_1_31' title='bbox 860 530 1099 584; x_wconf 83' lang='lat' dir='ltr'><strong>carnalia</strong></span> <span class='ocrx_word' id='word_1_32' title='bbox 1135 528 1398 584; x_wconf 87' lang='lat' dir='ltr'><strong>desideria</strong></span> <span class='ocrx_word' id='word_1_33' title='bbox 1432 529 1677 583; x_wconf 85' lang='lat' dir='ltr'><strong>obtutum</strong></span> <span class='ocrx_word' id='word_1_34' title='bbox 1722 527 1916 581; x_wconf 88' lang='lat' dir='ltr'><strong>mentis</strong></span> 
     </span>
    </p>
   </div>
   <div class='ocr_carea' id='block_1_6' title="bbox 342 618 1916 692">
    <p class='ocr_par' dir='ltr' id='par_1_6' title="bbox 342 618 1916 692">
     <span class='ocr_line' id='line_1_6' title="bbox 342 618 1916 692; baseline -0.004 -14"><span class='ocrx_word' id='word_1_35' title='bbox 342 623 617 680; x_wconf 78' lang='lat' dir='ltr'><strong>reﬂectere</strong></span> <span class='ocrx_word' id='word_1_36' title='bbox 645 623 931 692; x_wconf 75' lang='lat' dir='ltr'><strong>Conspicit,</strong></span> <span class='ocrx_word' id='word_1_37' title='bbox 964 622 1062 676; x_wconf 88' lang='lat' dir='ltr'><strong>hos</strong></span> <span class='ocrx_word' id='word_1_38' title='bbox 1091 621 1246 691; x_wconf 87' lang='lat' dir='ltr'><strong>quasi</strong></span> <span class='ocrx_word' id='word_1_39' title='bbox 1278 622 1573 691; x_wconf 83' lang='lat' dir='ltr'><strong>degeneres</strong></span> <span class='ocrx_word' id='word_1_40' title='bbox 1611 619 1816 690; x_wconf 87' lang='lat' dir='ltr'><strong>abjicit.</strong></span> <span class='ocrx_word' id='word_1_41' title='bbox 1859 618 1916 672; x_wconf 81' lang='lat' dir='ltr'><strong>In</strong></span> 
     </span>
    </p>
   </div>
   <div class='ocr_carea' id='block_1_7' title="bbox 339 710 1917 783">
    <p class='ocr_par' dir='ltr' id='par_1_7' title="bbox 339 710 1917 783">
     <span class='ocr_line' id='line_1_7' title="bbox 339 710 1917 783; baseline -0.003 -15"><span class='ocrx_word' id='word_1_42' title='bbox 339 714 510 783; x_wconf 89' lang='lat' dir='ltr'><strong>petris</strong></span> <span class='ocrx_word' id='word_1_43' title='bbox 536 721 717 770; x_wconf 90' lang='lat' dir='ltr'><strong>autem</strong></span> <span class='ocrx_word' id='word_1_44' title='bbox 747 721 804 768; x_wconf 90' lang='lat' dir='ltr'><strong>et</strong></span> <span class='ocrx_word' id='word_1_45' title='bbox 828 712 1114 767; x_wconf 84' lang='lat' dir='ltr'><strong>arboribus</strong></span> <span class='ocrx_word' id='word_1_46' title='bbox 1144 714 1258 766; x_wconf 65' lang='lat' dir='ltr'><strong>hate</strong></span> <span class='ocrx_word' id='word_1_47' title='bbox 1286 711 1464 780; x_wconf 83' lang='lat' dir='ltr'><strong>aquila</strong></span> <span class='ocrx_word' id='word_1_48' title='bbox 1491 710 1763 775; x_wconf 82' lang='lat' dir='ltr'><strong>nidiﬁeat,</strong></span> <span class='ocrx_word' id='word_1_49' title='bbox 1791 711 1917 779; x_wconf 89' lang='lat' dir='ltr'><strong>quia</strong></span> 
     </span>
    </p>
   </div>
   <div class='ocr_carea' id='block_1_8' title="bbox 341 800 1917 875">
    <p class='ocr_par' dir='ltr' id='par_1_8' title="bbox 341 800 1917 875">
     <span class='ocr_line' id='line_1_8' title="bbox 341 800 1917 875; baseline -0.003 -16"><span class='ocrx_word' id='word_1_50' title='bbox 341 821 475 875; x_wconf 88' lang='lat' dir='ltr'><strong>quos</strong></span> <span class='ocrx_word' id='word_1_51' title='bbox 516 804 701 858; x_wconf 84' lang='lat' dir='ltr'><strong>ﬁrmos</strong></span> <span class='ocrx_word' id='word_1_52' title='bbox 729 803 834 859; x_wconf 94' lang='lat' dir='ltr'><strong>ﬁde</strong></span> <span class='ocrx_word' id='word_1_53' title='bbox 858 811 914 858; x_wconf 89' lang='lat' dir='ltr'><strong>et</strong></span> <span class='ocrx_word' id='word_1_54' title='bbox 948 802 1334 858; x_wconf 81' lang='lat' dir='ltr'><strong>fruetiﬁeantes</strong></span> <span class='ocrx_word' id='word_1_55' title='bbox 1365 801 1583 855; x_wconf 88' lang='lat' dir='ltr'><strong>virtutis</strong></span> <span class='ocrx_word' id='word_1_56' title='bbox 1608 800 1832 869; x_wconf 75' lang='lat' dir='ltr'><strong>aspicit,</strong></span> <span class='ocrx_word' id='word_1_57' title='bbox 1864 800 1917 854; x_wconf 91' lang='lat' dir='ltr'><strong>in</strong></span> 
     </span>
    </p>
   </div>
   <div class='ocr_carea' id='block_1_9' title="bbox 340 893 1919 966">
    <p class='ocr_par' dir='ltr' id='par_1_9' title="bbox 340 893 1919 966">
     <span class='ocr_line' id='line_1_9' title="bbox 340 893 1919 966; baseline -0.004 -13"><span class='ocrx_word' id='word_1_58' title='bbox 340 899 420 954; x_wconf 89' lang='lat' dir='ltr'><strong>eis</strong></span> <span class='ocrx_word' id='word_1_59' title='bbox 467 896 726 966; x_wconf 81' lang='lat' dir='ltr'><strong>spiritalis</strong></span> <span class='ocrx_word' id='word_1_60' title='bbox 774 895 1032 965; x_wconf 77' lang='lat' dir='ltr'><strong>germinis</strong></span> <span class='ocrx_word' id='word_1_61' title='bbox 1076 893 1456 950; x_wconf 79' lang='lat' dir='ltr'><strong>fecunditatem</strong></span> <span class='ocrx_word' id='word_1_62' title='bbox 1505 894 1688 962; x_wconf 90' lang='lat' dir='ltr'><strong>parit,</strong></span> <span class='ocrx_word' id='word_1_63' title='bbox 1739 893 1919 961; x_wconf 86' lang='lat' dir='ltr'><strong>ibique</strong></span> 
     </span>
    </p>
   </div>
   <div class='ocr_carea' id='block_1_10' title="bbox 340 986 1917 1058">
    <p class='ocr_par' dir='ltr' id='par_1_10' title="bbox 340 986 1917 1058">
     <span class='ocr_line' id='line_1_10' title="bbox 340 986 1917 1058; baseline -0.003 -16"><span class='ocrx_word' id='word_1_64' title='bbox 340 1003 552 1058; x_wconf 85' lang='lat' dir='ltr'><strong>gemma</strong></span> <span class='ocrx_word' id='word_1_65' title='bbox 583 987 670 1041; x_wconf 90' lang='lat' dir='ltr'><strong>illa</strong></span> <span class='ocrx_word' id='word_1_66' title='bbox 699 996 860 1056; x_wconf 87' lang='lat' dir='ltr'><strong>atque</strong></span> <span class='ocrx_word' id='word_1_67' title='bbox 885 987 1177 1058; x_wconf 78' lang='lat' dir='ltr'><strong>margarita</strong></span> <span class='ocrx_word' id='word_1_68' title='bbox 1220 986 1614 1056; x_wconf 80' lang='lat' dir='ltr'><strong>pretiosissima</strong></span> <span class='ocrx_word' id='word_1_69' title='bbox 1656 987 1917 1051; x_wconf 85' lang='lat' dir='ltr'><strong>nascitur,</strong></span> 
     </span>
    </p>
   </div>
   <div class='ocr_carea' id='block_1_11' title="bbox 341 1074 1918 1148">
    <p class='ocr_par' dir='ltr' id='par_1_11' title="bbox 341 1074 1918 1148">
     <span class='ocr_line' id='line_1_11' title="bbox 341 1074 1918 1148; baseline -0.003 -16"><span class='ocrx_word' id='word_1_70' title='bbox 341 1094 502 1148; x_wconf 80' lang='lat' dir='ltr'><strong>quam</strong></span> <span class='ocrx_word' id='word_1_71' title='bbox 541 1093 698 1134; x_wconf 73' lang='lat' dir='ltr'><strong>sacer</strong></span> <span class='ocrx_word' id='word_1_72' title='bbox 745 1077 1018 1147; x_wconf 75' lang='lat' dir='ltr'><strong>Evangelii</strong></span> <span class='ocrx_word' id='word_1_73' title='bbox 1059 1085 1239 1131; x_wconf 77' lang='lat' dir='ltr'><strong>textus</strong></span> <span class='ocrx_word' id='word_1_74' title='bbox 1281 1085 1493 1140; x_wconf 89' lang='lat' dir='ltr'><strong>narrat,</strong></span> <span class='ocrx_word' id='word_1_75' title='bbox 1532 1074 1918 1145; x_wconf 73' lang='lat' dir='ltr'><strong>negotiatorem</strong></span> 
     </span>
    </p>
   </div>
   <div class='ocr_carea' id='block_1_12' title="bbox 342 1163 1924 1240">
    <p class='ocr_par' dir='ltr' id='par_1_12' title="bbox 342 1163 1924 1240">
     <span class='ocr_line' id='line_1_12' title="bbox 342 1163 1924 1240; baseline -0.003 -15"><span class='ocrx_word' id='word_1_76' title='bbox 342 1169 636 1240; x_wconf 80' lang='lat' dir='ltr'><strong>spiritalem</strong></span> <span class='ocrx_word' id='word_1_77' title='bbox 670 1168 920 1225; x_wconf 85' lang='lat' dir='ltr'><strong>omnibus</strong></span> <span class='ocrx_word' id='word_1_78' title='bbox 963 1167 1207 1236; x_wconf 82' lang='lat' dir='ltr'><strong>pecuniis</strong></span> <span class='ocrx_word' id='word_1_79' title='bbox 1249 1167 1363 1221; x_wconf 86' lang='lat' dir='ltr'><strong>suis</strong></span> <span class='ocrx_word' id='word_1_80' title='bbox 1407 1165 1660 1230; x_wconf 81' lang='lat' dir='ltr'><strong>venditis,</strong></span> <span class='ocrx_word' id='word_1_81' title='bbox 1707 1163 1924 1220; x_wconf 81' lang='lat' dir='ltr'><strong>sibimet</strong></span> 
     </span>
    </p>
   </div>
   <div class='ocr_carea' id='block_1_13' title="bbox 341 1261 1922 1336">
    <p class='ocr_par' dir='ltr' id='par_1_13' title="bbox 341 1261 1922 1336">
     <span class='ocr_line' id='line_1_13' title="bbox 341 1261 1922 1336; baseline -0.004 -17"><span class='ocrx_word' id='word_1_82' title='bbox 341 1279 656 1335; x_wconf 84' lang='lat' dir='ltr'><strong>comparare</strong></span> <span class='ocrx_word' id='word_1_83' title='bbox 698 1263 912 1336; x_wconf 80' lang='lat' dir='ltr'><strong>(Matth.</strong></span> <span class='ocrx_word' id='word_1_84' title='bbox 943 1261 1053 1335; x_wconf 80' lang='lat' dir='ltr'><strong>xv).</strong></span> <span class='ocrx_word' id='word_1_85' title='bbox 1101 1261 1254 1328; x_wconf 88' lang='lat' dir='ltr'><strong>Quod</strong></span> <span class='ocrx_word' id='word_1_86' title='bbox 1292 1271 1472 1317; x_wconf 89' lang='lat' dir='ltr'><strong>autem</strong></span> <span class='ocrx_word' id='word_1_87' title='bbox 1514 1261 1695 1330; x_wconf 87' lang='lat' dir='ltr'><strong>aliqua</strong></span> <span class='ocrx_word' id='word_1_88' title='bbox 1732 1275 1922 1329; x_wconf 87' lang='lat' dir='ltr'><strong>super-</strong></span> 
     </span>
    </p>
   </div>
   <div class='ocr_carea' id='block_1_14' title="bbox 340 1351 1924 1424">
    <p class='ocr_par' dir='ltr' id='par_1_14' title="bbox 340 1351 1924 1424">
     <span class='ocr_line' id='line_1_14' title="bbox 340 1351 1924 1424; baseline -0.003 -16"><span class='ocrx_word' id='word_1_89' title='bbox 340 1357 503 1411; x_wconf 89' lang='lat' dir='ltr'><strong>ﬁuum</strong></span> <span class='ocrx_word' id='word_1_90' title='bbox 531 1365 764 1410; x_wconf 89' lang='lat' dir='ltr'><strong>rostrum</strong></span> <span class='ocrx_word' id='word_1_91' title='bbox 795 1355 849 1408; x_wconf 90' lang='lat' dir='ltr'><strong>in</strong></span> <span class='ocrx_word' id='word_1_92' title='bbox 879 1362 1032 1424; x_wconf 85' lang='lat' dir='ltr'><strong>petra</strong></span> <span class='ocrx_word' id='word_1_93' title='bbox 1059 1353 1262 1417; x_wconf 89' lang='lat' dir='ltr'><strong>tundit,</strong></span> <span class='ocrx_word' id='word_1_94' title='bbox 1289 1359 1449 1420; x_wconf 87' lang='lat' dir='ltr'><strong>atque</strong></span> <span class='ocrx_word' id='word_1_95' title='bbox 1482 1352 1552 1405; x_wconf 83' lang='lat' dir='ltr'><strong>ita</strong></span> <span class='ocrx_word' id='word_1_96' title='bbox 1594 1352 1660 1404; x_wconf 87' lang='lat' dir='ltr'><strong>ad</strong></span> <span class='ocrx_word' id='word_1_97' title='bbox 1686 1351 1924 1421; x_wconf 85' lang='lat' dir='ltr'><strong>priorem</strong></span> 
     </span>
    </p>
   </div>
   <div class='ocr_carea' id='block_1_15' title="bbox 342 1439 1926 1515">
    <p class='ocr_par' dir='ltr' id='par_1_15' title="bbox 342 1439 1926 1515">
     <span class='ocr_line' id='line_1_15' title="bbox 342 1439 1926 1515; baseline -0.005 -15"><span class='ocrx_word' id='word_1_98' title='bbox 342 1447 558 1501; x_wconf 87' lang='lat' dir='ltr'><strong>modum</strong></span> <span class='ocrx_word' id='word_1_99' title='bbox 581 1445 822 1510; x_wconf 86' lang='lat' dir='ltr'><strong>reducit,</strong></span> <span class='ocrx_word' id='word_1_100' title='bbox 863 1443 1133 1515; x_wconf 87' lang='lat' dir='ltr'><strong>signiﬁcat</strong></span> <span class='ocrx_word' id='word_1_101' title='bbox 1163 1443 1304 1514; x_wconf 86' lang='lat' dir='ltr'><strong>quod</strong></span> <span class='ocrx_word' id='word_1_102' title='bbox 1326 1442 1508 1507; x_wconf 78' lang='lat' dir='ltr'><strong>sancti</strong></span> <span class='ocrx_word' id='word_1_103' title='bbox 1537 1442 1639 1495; x_wconf 82' lang='lat' dir='ltr'><strong>viri</strong></span> <span class='ocrx_word' id='word_1_104' title='bbox 1665 1439 1926 1509; x_wconf 83' lang='lat' dir='ltr'><strong>quidquid</strong></span> 
     </span>
    </p>
   </div>
   <div class='ocr_carea' id='block_1_16' title="bbox 342 1525 1924 1604">
    <p class='ocr_par' dir='ltr' id='par_1_16' title="bbox 342 1525 1924 1604">
     <span class='ocr_line' id='line_1_16' title="bbox 342 1525 1924 1604; baseline -0.005 -12"><span class='ocrx_word' id='word_1_105' title='bbox 342 1525 828 1594; x_wconf 67' lang='lat' dir='ltr'><strong>itrconversatioue</strong></span> <span class='ocrx_word' id='word_1_106' title='bbox 857 1551 952 1590; x_wconf 90' lang='lat' dir='ltr'><strong>sua</strong></span> <span class='ocrx_word' id='word_1_107' title='bbox 972 1533 1302 1604; x_wconf 82' lang='lat' dir='ltr'><strong>superﬂuum</strong></span> <span class='ocrx_word' id='word_1_108' title='bbox 1329 1549 1393 1586; x_wconf 93' lang='lat' dir='ltr'><strong>ac</strong></span> <span class='ocrx_word' id='word_1_109' title='bbox 1422 1532 1524 1587; x_wconf 87' lang='lat' dir='ltr'><strong>sibi</strong></span> <span class='ocrx_word' id='word_1_110' title='bbox 1555 1531 1773 1585; x_wconf 74' lang='lat' dir='ltr'><strong>noxium</strong></span> <span class='ocrx_word' id='word_1_111' title='bbox 1797 1546 1924 1585; x_wconf 88' lang='lat' dir='ltr'><strong>eon-</strong></span> 
     </span>
    </p>
   </div>
   <div class='ocr_carea' id='block_1_17' title="bbox 341 1622 1920 1701">
    <p class='ocr_par' dir='ltr' id='par_1_17' title="bbox 341 1622 1920 1701">
     <span class='ocr_line' id='line_1_17' title="bbox 341 1622 1920 1701; baseline -0.008 -15"><span class='ocrx_word' id='word_1_112' title='bbox 341 1632 596 1701; x_wconf 84' lang='lat' dir='ltr'><strong>spieiunt,</strong></span> <span class='ocrx_word' id='word_1_113' title='bbox 619 1628 885 1684; x_wconf 84' lang='lat' dir='ltr'><strong>allidendo</strong></span> <span class='ocrx_word' id='word_1_114' title='bbox 907 1627 975 1682; x_wconf 88' lang='lat' dir='ltr'><strong>ad</strong></span> <span class='ocrx_word' id='word_1_115' title='bbox 1003 1634 1209 1696; x_wconf 87' lang='lat' dir='ltr'><strong>petram</strong></span> <span class='ocrx_word' id='word_1_116' title='bbox 1233 1624 1531 1688; x_wconf 87' lang='lat' dir='ltr'><strong>Christum,</strong></span> <span class='ocrx_word' id='word_1_117' title='bbox 1557 1622 1920 1691; x_wconf 70' lang='lat' dir='ltr'><strong>confringant,</strong></span> 
     </span>
    </p>
   </div>
   <div class='ocr_carea' id='block_1_18' title="bbox 341 1711 1923 1789">
    <p class='ocr_par' dir='ltr' id='par_1_18' title="bbox 341 1711 1923 1789">
     <span class='ocr_line' id='line_1_18' title="bbox 341 1711 1923 1789; baseline -0.008 -13"><span class='ocrx_word' id='word_1_118' title='bbox 341 1731 503 1789; x_wconf 89' lang='lat' dir='ltr'><strong>atque</strong></span> <span class='ocrx_word' id='word_1_119' title='bbox 533 1727 707 1774; x_wconf 87' lang='lat' dir='ltr'><strong>semet</strong></span> <span class='ocrx_word' id='word_1_120' title='bbox 745 1733 843 1787; x_wconf 86' lang='lat' dir='ltr'><strong>per</strong></span> <span class='ocrx_word' id='word_1_121' title='bbox 869 1717 1098 1787; x_wconf 80' lang='lat' dir='ltr'><strong>gratiam</strong></span> <span class='ocrx_word' id='word_1_122' title='bbox 1126 1715 1219 1770; x_wconf 88' lang='lat' dir='ltr'><strong>Dei</strong></span> <span class='ocrx_word' id='word_1_123' title='bbox 1248 1723 1304 1768; x_wconf 86' lang='lat' dir='ltr'><strong>et</strong></span> <span class='ocrx_word' id='word_1_124' title='bbox 1333 1730 1432 1784; x_wconf 86' lang='lat' dir='ltr'><strong>per</strong></span> <span class='ocrx_word' id='word_1_125' title='bbox 1459 1713 1691 1768; x_wconf 90' lang='lat' dir='ltr'><strong>stud-ium</strong></span> <span class='ocrx_word' id='word_1_126' title='bbox 1722 1711 1923 1764; x_wconf 86' lang='lat' dir='ltr'><strong>bonum</strong></span> 
     </span>
    </p>
   </div>
   <div class='ocr_carea' id='block_1_19' title="bbox 2026 521 3598 590">
    <p class='ocr_par' dir='ltr' id='par_1_19' title="bbox 2026 521 3598 590">
     <span class='ocr_line' id='line_1_19' title="bbox 2026 521 3598 590; baseline 0.004 -20"><span class='ocrx_word' id='word_1_127' title='bbox 2026 541 2042 570; x_wconf 73' lang='grc' dir='ltr'>ι</span> <span class='ocrx_word' id='word_1_128' title='bbox 2077 531 2132 577; x_wconf 90' lang='lat' dir='ltr'><strong>et</strong></span> <span class='ocrx_word' id='word_1_129' title='bbox 2167 523 2251 576; x_wconf 87' lang='lat' dir='ltr'><strong>lae</strong></span> <span class='ocrx_word' id='word_1_130' title='bbox 2285 523 2352 577; x_wconf 88' lang='lat' dir='ltr'><strong>de</strong></span> <span class='ocrx_word' id='word_1_131' title='bbox 2384 522 2575 576; x_wconf 80' lang='lat' dir='ltr'><strong>ovibus</strong></span> <span class='ocrx_word' id='word_1_132' title='bbox 2613 535 2735 575; x_wconf 90' lang='lat' dir='ltr'><strong>cum</strong></span> <span class='ocrx_word' id='word_1_133' title='bbox 2764 521 2919 589; x_wconf 86' lang='lat' dir='ltr'><strong>adipe</strong></span> <span class='ocrx_word' id='word_1_134' title='bbox 2949 535 3209 590; x_wconf 82' lang='lat' dir='ltr'><strong>agnorum</strong></span> <span class='ocrx_word' id='word_1_135' title='bbox 3251 531 3306 575; x_wconf 90' lang='lat' dir='ltr'><strong>et</strong></span> <span class='ocrx_word' id='word_1_136' title='bbox 3344 523 3598 590; x_wconf 85' lang='lat' dir='ltr'><strong>arietum,</strong></span> 
     </span>
    </p>
   </div>
   <div class='ocr_carea' id='block_1_20' title="bbox 2025 617 3605 686">
    <p class='ocr_par' dir='ltr' id='par_1_20' title="bbox 2025 617 3605 686">
     <span class='ocr_line' id='line_1_20' title="bbox 2025 617 3605 686; baseline 0.005 -17"><span class='ocrx_word' id='word_1_137' title='bbox 2025 635 2043 668; x_wconf 84' lang='grc'><strong>‹</strong></span> <span class='ocrx_word' id='word_1_138' title='bbox 2079 617 2311 672; x_wconf 79' lang='lat' dir='ltr'><strong>ﬁliorum</strong></span> <span class='ocrx_word' id='word_1_139' title='bbox 2347 618 2558 683; x_wconf 76' lang='lat' dir='ltr'><strong>Busan,</strong></span> <span class='ocrx_word' id='word_1_140' title='bbox 2588 629 2643 674; x_wconf 82' lang='lat' dir='ltr'><strong>et</strong></span> <span class='ocrx_word' id='word_1_141' title='bbox 2677 618 2859 672; x_wconf 88' lang='lat' dir='ltr'><strong>hircos</strong></span> <span class='ocrx_word' id='word_1_142' title='bbox 2889 632 3010 672; x_wconf 90' lang='lat' dir='ltr'><strong>cum</strong></span> <span class='ocrx_word' id='word_1_143' title='bbox 3047 618 3278 673; x_wconf 85' lang='lat' dir='ltr'><strong>medulla</strong></span> <span class='ocrx_word' id='word_1_144' title='bbox 3310 621 3508 686; x_wconf 77' lang='lat' dir='ltr'><strong>tritici,</strong></span> <span class='ocrx_word' id='word_1_145' title='bbox 3547 635 3605 677; x_wconf 85' lang='lat' dir='ltr'><strong>ct</strong></span> 
     </span>
    </p>
   </div>
   <div class='ocr_carea' id='block_1_21' title="bbox 2025 709 3606 781">
    <p class='ocr_par' dir='ltr' id='par_1_21' title="bbox 2025 709 3606 781">
     <span class='ocr_line' id='line_1_21' title="bbox 2025 709 3606 781; baseline 0.005 -20"><span class='ocrx_word' id='word_1_146' title='bbox 2025 730 2046 760; x_wconf 74' lang='grc' dir='ltr'><strong>ι-</strong></span> <span class='ocrx_word' id='word_1_147' title='bbox 2077 711 2395 780; x_wconf 79' lang='lat' dir='ltr'><strong>sanguinem</strong></span> <span class='ocrx_word' id='word_1_148' title='bbox 2424 727 2595 765; x_wconf 63' lang='lat' dir='ltr'><strong>uvat.»</strong></span> <span class='ocrx_word' id='word_1_149' title='bbox 2624 709 2750 765; x_wconf 73' lang='lat' dir='ltr'><strong>lltcc</strong></span> <span class='ocrx_word' id='word_1_150' title='bbox 2774 711 2897 765; x_wconf 86' lang='lat' dir='ltr'><strong>licet</strong></span> <span class='ocrx_word' id='word_1_151' title='bbox 2917 711 3068 781; x_wconf 81' lang='lat' dir='ltr'><strong>juxta</strong></span> <span class='ocrx_word' id='word_1_152' title='bbox 3096 712 3380 767; x_wconf 85' lang='lat' dir='ltr'><strong>historiam</strong></span> <span class='ocrx_word' id='word_1_153' title='bbox 3407 713 3606 770; x_wconf 81' lang='lat' dir='ltr'><strong>fertili-</strong></span> 
     </span>
    </p>
   </div>
   <div class='ocr_carea' id='block_1_22' title="bbox 2021 802 3612 866">
    <p class='ocr_par' dir='ltr' id='par_1_22' title="bbox 2021 802 3612 866">
     <span class='ocr_line' id='line_1_22' title="bbox 2021 802 3612 866; baseline 0.003 -12"><span class='ocrx_word' id='word_1_154' title='bbox 2021 810 2184 855; x_wconf 85' lang='lat' dir='ltr'><strong>tatem</strong></span> <span class='ocrx_word' id='word_1_155' title='bbox 2213 809 2370 856; x_wconf 72' lang='lat' dir='ltr'><strong>terra:</strong></span> <span class='ocrx_word' id='word_1_156' title='bbox 2393 802 2984 866; x_wconf 69' lang='lat' dir='ltr'><strong>ChanaanJusinuent,</strong></span> <span class='ocrx_word' id='word_1_157' title='bbox 3020 810 3199 857; x_wconf 87' lang='lat' dir='ltr'><strong>tamen</strong></span> <span class='ocrx_word' id='word_1_158' title='bbox 3231 803 3408 858; x_wconf 71' lang='lat' dir='ltr'><strong>altiori</strong></span> <span class='ocrx_word' id='word_1_159' title='bbox 3438 820 3612 860; x_wconf 56' lang='lat' dir='ltr'><strong>sensu.</strong></span> 
     </span>
    </p>
   </div>
   <div class='ocr_carea' id='block_1_23' title="bbox 2019 891 3611 962">
    <p class='ocr_par' dir='ltr' id='par_1_23' title="bbox 2019 891 3611 962">
     <span class='ocr_line' id='line_1_23' title="bbox 2019 891 3611 962; baseline 0.004 -19"><span class='ocrx_word' id='word_1_160' title='bbox 2019 891 2206 962; x_wconf 72' lang='lat' dir='ltr'><strong>gratim</strong></span> <span class='ocrx_word' id='word_1_161' title='bbox 2220 892 2552 945; x_wconf 79' lang='lat' dir='ltr'><strong>demonstrat</strong></span> <span class='ocrx_word' id='word_1_162' title='bbox 2565 893 2970 956; x_wconf 74' lang='lat' dir='ltr'><strong>abundantiam,</strong></span> <span class='ocrx_word' id='word_1_163' title='bbox 2985 909 3147 961; x_wconf 88' lang='lat' dir='ltr'><strong>quam</strong></span> <span class='ocrx_word' id='word_1_164' title='bbox 3161 905 3345 949; x_wconf 82' lang='lat' dir='ltr'><strong>sancta</strong></span> <span class='ocrx_word' id='word_1_165' title='bbox 3362 894 3611 950; x_wconf 69' lang='lat' dir='ltr'><strong>Ecclesia</strong></span> 
     </span>
    </p>
   </div>
   <div class='ocr_carea' id='block_1_24' title="bbox 2019 980 3606 1052">
    <p class='ocr_par' dir='ltr' id='par_1_24' title="bbox 2019 980 3606 1052">
     <span class='ocr_line' id='line_1_24' title="bbox 2019 980 3606 1052; baseline 0.003 -18"><span class='ocrx_word' id='word_1_166' title='bbox 2019 995 2242 1035; x_wconf 87' lang='lat' dir='ltr'><strong>munere</strong></span> <span class='ocrx_word' id='word_1_167' title='bbox 2269 980 2542 1051; x_wconf 80' lang='lat' dir='ltr'><strong>largitoris</strong></span> <span class='ocrx_word' id='word_1_168' title='bbox 2573 982 2654 1036; x_wconf 90' lang='lat' dir='ltr'><strong>sui</strong></span> <span class='ocrx_word' id='word_1_169' title='bbox 2686 982 2913 1051; x_wconf 84' lang='lat' dir='ltr'><strong>accepit.</strong></span> <span class='ocrx_word' id='word_1_170' title='bbox 2955 982 3214 1052; x_wconf 83' lang='lat' dir='ltr'><strong>Butyrum</strong></span> <span class='ocrx_word' id='word_1_171' title='bbox 3244 984 3309 1038; x_wconf 89' lang='lat' dir='ltr'><strong>de</strong></span> <span class='ocrx_word' id='word_1_172' title='bbox 3354 995 3606 1040; x_wconf 89' lang='lat' dir='ltr'><strong>armento</strong></span> 
     </span>
    </p>
   </div>
   <div class='ocr_carea' id='block_1_25' title="bbox 2021 1071 3603 1146">
    <p class='ocr_par' dir='ltr' id='par_1_25' title="bbox 2021 1071 3603 1146">
     <span class='ocr_line' id='line_1_25' title="bbox 2021 1071 3603 1146; baseline 0.004 -22"><span class='ocrx_word' id='word_1_173' title='bbox 2021 1071 2279 1137; x_wconf 88' lang='lat' dir='ltr'><strong>tulerunt,</strong></span> <span class='ocrx_word' id='word_1_174' title='bbox 2305 1071 2395 1140; x_wconf 85' lang='lat' dir='ltr'><strong>qui</strong></span> <span class='ocrx_word' id='word_1_175' title='bbox 2419 1071 2806 1142; x_wconf 87' lang='lat' dir='ltr'><strong>plenitudinem</strong></span> <span class='ocrx_word' id='word_1_176' title='bbox 2835 1073 2956 1128; x_wconf 87' lang='lat' dir='ltr'><strong>ﬁdei</strong></span> <span class='ocrx_word' id='word_1_177' title='bbox 2987 1073 3054 1128; x_wconf 90' lang='lat' dir='ltr'><strong>de</strong></span> <span class='ocrx_word' id='word_1_178' title='bbox 3082 1075 3342 1146; x_wconf 78' lang='lat' dir='ltr'><strong>exemplis</strong></span> <span class='ocrx_word' id='word_1_179' title='bbox 3372 1077 3603 1145; x_wconf 87' lang='lat' dir='ltr'><strong>patriar-</strong></span> 
     </span>
    </p>
   </div>
   <div class='ocr_carea' id='block_1_26' title="bbox 2019 1162 3614 1238">
    <p class='ocr_par' dir='ltr' id='par_1_26' title="bbox 2019 1162 3614 1238">
     <span class='ocr_line' id='line_1_26' title="bbox 2019 1162 3614 1238; baseline 0.004 -23"><span class='ocrx_word' id='word_1_180' title='bbox 2019 1162 2247 1216; x_wconf 81' lang='lat' dir='ltr'><strong>charum</strong></span> <span class='ocrx_word' id='word_1_181' title='bbox 2293 1163 2615 1217; x_wconf 85' lang='lat' dir='ltr'><strong>didiceruut.</strong></span> <span class='ocrx_word' id='word_1_182' title='bbox 2665 1163 2774 1218; x_wconf 86' lang='lat' dir='ltr'><strong>Lac</strong></span> <span class='ocrx_word' id='word_1_183' title='bbox 2821 1165 2887 1220; x_wconf 88' lang='lat' dir='ltr'><strong>de</strong></span> <span class='ocrx_word' id='word_1_184' title='bbox 2931 1165 3122 1219; x_wconf 83' lang='lat' dir='ltr'><strong>ovibus</strong></span> <span class='ocrx_word' id='word_1_185' title='bbox 3171 1176 3463 1235; x_wconf 88' lang='lat' dir='ltr'><strong>ceperunt,</strong></span> <span class='ocrx_word' id='word_1_186' title='bbox 3511 1170 3614 1238; x_wconf 77' lang='lat' dir='ltr'><strong>qui</strong></span> 
     </span>
    </p>
   </div>
   <div class='ocr_carea' id='block_1_27' title="bbox 2021 1252 3606 1324">
    <p class='ocr_par' dir='ltr' id='par_1_27' title="bbox 2021 1252 3606 1324">
     <span class='ocr_line' id='line_1_27' title="bbox 2021 1252 3606 1324; baseline 0.004 -17"><span class='ocrx_word' id='word_1_187' title='bbox 2021 1252 2422 1322; x_wconf 87' lang='lat' dir='ltr'><strong>simplicitatem</strong></span> <span class='ocrx_word' id='word_1_188' title='bbox 2467 1254 2666 1309; x_wconf 84' lang='lat' dir='ltr'><strong>mentis</strong></span> <span class='ocrx_word' id='word_1_189' title='bbox 2702 1257 2816 1310; x_wconf 89' lang='lat' dir='ltr'><strong>sive</strong></span> <span class='ocrx_word' id='word_1_190' title='bbox 2856 1255 3164 1312; x_wconf 71' lang='lat' dir='ltr'><strong>ﬁaeultatcm</strong></span> <span class='ocrx_word' id='word_1_191' title='bbox 3210 1259 3489 1324; x_wconf 67' lang='lat' dir='ltr'><strong>doctrinm,</strong></span> <span class='ocrx_word' id='word_1_192' title='bbox 3537 1261 3606 1314; x_wconf 87' lang='lat' dir='ltr'><strong>de</strong></span> 
     </span>
    </p>
   </div>
   <div class='ocr_carea' id='block_1_28' title="bbox 2023 1346 3609 1416">
    <p class='ocr_par' dir='ltr' id='par_1_28' title="bbox 2023 1346 3609 1416">
     <span class='ocr_line' id='line_1_28' title="bbox 2023 1346 3609 1416; baseline 0.004 -16"><span class='ocrx_word' id='word_1_193' title='bbox 2023 1346 2293 1401; x_wconf 79' lang='lat' dir='ltr'><strong>innocenti</strong></span> <span class='ocrx_word' id='word_1_194' title='bbox 2323 1348 2436 1401; x_wconf 87' lang='lat' dir='ltr'><strong>vita</strong></span> <span class='ocrx_word' id='word_1_195' title='bbox 2475 1357 2725 1416; x_wconf 79' lang='lat' dir='ltr'><strong>patrum,</strong></span> <span class='ocrx_word' id='word_1_196' title='bbox 2773 1353 2841 1402; x_wconf 83' lang='lat' dir='ltr'><strong>ad</strong></span> <span class='ocrx_word' id='word_1_197' title='bbox 2881 1348 3290 1405; x_wconf 64' lang='lat' dir='ltr'><strong>aediﬁcationem</strong></span> <span class='ocrx_word' id='word_1_198' title='bbox 3326 1351 3410 1406; x_wconf 89' lang='lat' dir='ltr'><strong>sui</strong></span> <span class='ocrx_word' id='word_1_199' title='bbox 3458 1368 3609 1406; x_wconf 89' lang='lat' dir='ltr'><strong>sum-</strong></span> 
     </span>
    </p>
   </div>
   <div class='ocr_carea' id='block_1_29' title="bbox 2021 1437 3607 1509">
    <p class='ocr_par' dir='ltr' id='par_1_29' title="bbox 2021 1437 3607 1509">
     <span class='ocr_line' id='line_1_29' title="bbox 2021 1437 3607 1509; baseline 0.004 -17"><span class='ocrx_word' id='word_1_200' title='bbox 2021 1443 2269 1506; x_wconf 82' lang='lat' dir='ltr'><strong>pserunt,</strong></span> <span class='ocrx_word' id='word_1_201' title='bbox 2296 1446 2352 1492; x_wconf 92' lang='lat' dir='ltr'><strong>et</strong></span> <span class='ocrx_word' id='word_1_202' title='bbox 2377 1437 2492 1492; x_wconf 64' lang='lat' dir='ltr'><strong>haec</strong></span> <span class='ocrx_word' id='word_1_203' title='bbox 2517 1453 2638 1492; x_wconf 86' lang='lat' dir='ltr'><strong>eum</strong></span> <span class='ocrx_word' id='word_1_204' title='bbox 2667 1440 2825 1508; x_wconf 82' lang='lat' dir='ltr'><strong>adipe</strong></span> <span class='ocrx_word' id='word_1_205' title='bbox 2851 1455 3112 1509; x_wconf 78' lang='lat' dir='ltr'><strong>agnorum</strong></span> <span class='ocrx_word' id='word_1_206' title='bbox 3142 1449 3197 1494; x_wconf 92' lang='lat' dir='ltr'><strong>et</strong></span> <span class='ocrx_word' id='word_1_207' title='bbox 3221 1441 3474 1507; x_wconf 80' lang='lat' dir='ltr'><strong>arietum,</strong></span> <span class='ocrx_word' id='word_1_208' title='bbox 3503 1444 3607 1498; x_wconf 90' lang='lat' dir='ltr'><strong>hoc</strong></span> 
     </span>
    </p>
   </div>
   <div class='ocr_carea' id='block_1_30' title="bbox 2023 1529 3606 1600">
    <p class='ocr_par' dir='ltr' id='par_1_30' title="bbox 2023 1529 3606 1600">
     <span class='ocr_line' id='line_1_30' title="bbox 2023 1529 3606 1600; baseline 0.004 -17"><span class='ocrx_word' id='word_1_209' title='bbox 2023 1537 2137 1593; x_wconf 81' lang='lat' dir='ltr'><strong>est,</strong></span> <span class='ocrx_word' id='word_1_210' title='bbox 2167 1545 2290 1583; x_wconf 88' lang='lat' dir='ltr'><strong>cum</strong></span> <span class='ocrx_word' id='word_1_211' title='bbox 2320 1529 2644 1598; x_wconf 76' lang='lat' dir='ltr'><strong>pinguedine</strong></span> <span class='ocrx_word' id='word_1_212' title='bbox 2677 1531 3043 1600; x_wconf 83' lang='lat' dir='ltr'><strong>apostolorum</strong></span> <span class='ocrx_word' id='word_1_213' title='bbox 3081 1533 3385 1598; x_wconf 89' lang='lat' dir='ltr'><strong>charitatis,</strong></span> <span class='ocrx_word' id='word_1_214' title='bbox 3423 1546 3481 1590; x_wconf 86' lang='lat' dir='ltr'><strong>et</strong></span> <span class='ocrx_word' id='word_1_215' title='bbox 3516 1551 3606 1589; x_wconf 58' lang='lat' dir='ltr'><strong>et»</strong></span> 
     </span>
    </p>
   </div>
   <div class='ocr_carea' id='block_1_31' title="bbox 2025 1619 3606 1689">
    <p class='ocr_par' dir='ltr' id='par_1_31' title="bbox 2025 1619 3606 1689">
     <span class='ocr_line' id='line_1_31' title="bbox 2025 1619 3606 1689; baseline 0.006 -16"><span class='ocrx_word' id='word_1_216' title='bbox 2025 1634 2141 1673; x_wconf 86' lang='lat' dir='ltr'><strong>rum</strong></span> <span class='ocrx_word' id='word_1_217' title='bbox 2168 1635 2304 1688; x_wconf 89' lang='lat' dir='ltr'><strong>quos</strong></span> <span class='ocrx_word' id='word_1_218' title='bbox 2333 1619 2432 1689; x_wconf 88' lang='lat' dir='ltr'><strong>ipsi</strong></span> <span class='ocrx_word' id='word_1_219' title='bbox 2469 1619 2535 1674; x_wconf 91' lang='lat' dir='ltr'><strong>ad</strong></span> <span class='ocrx_word' id='word_1_220' title='bbox 2572 1619 2732 1675; x_wconf 86' lang='lat' dir='ltr'><strong>ﬁdem</strong></span> <span class='ocrx_word' id='word_1_221' title='bbox 2774 1623 3112 1687; x_wconf 87' lang='lat' dir='ltr'><strong>imbuerant,</strong></span> <span class='ocrx_word' id='word_1_222' title='bbox 3156 1624 3222 1678; x_wconf 90' lang='lat' dir='ltr'><strong>ad</strong></span> <span class='ocrx_word' id='word_1_223' title='bbox 3254 1624 3606 1683; x_wconf 79' lang='lat' dir='ltr'><strong>refectionem</strong></span> 
     </span>
    </p>
   </div>
   <div class='ocr_carea' id='block_1_32' title="bbox 2023 1705 3611 1789">
    <p class='ocr_par' dir='ltr' id='par_1_32' title="bbox 2023 1705 3611 1789">
     <span class='ocr_line' id='line_1_32' title="bbox 2023 1705 3611 1789; baseline 0.006 -25"><span class='ocrx_word' id='word_1_224' title='bbox 2023 1711 2225 1766; x_wconf 85' lang='lat' dir='ltr'><strong>mentis</strong></span> <span class='ocrx_word' id='word_1_225' title='bbox 2248 1726 2360 1765; x_wconf 73' lang='lat' dir='ltr'><strong>sua:</strong></span> <span class='ocrx_word' id='word_1_226' title='bbox 2387 1705 2766 1781; x_wconf 78' lang='lat' dir='ltr'><strong>perceperunt.</strong></span> <span class='ocrx_word' id='word_1_227' title='bbox 2803 1713 3044 1768; x_wconf 83' lang='lat' dir='ltr'><strong>Arietum</strong></span> <span class='ocrx_word' id='word_1_228' title='bbox 3068 1716 3209 1769; x_wconf 89' lang='lat' dir='ltr'><strong>enim</strong></span> <span class='ocrx_word' id='word_1_229' title='bbox 3233 1719 3447 1773; x_wconf 81' lang='lat' dir='ltr'><strong>nomine</strong></span> <span class='ocrx_word' id='word_1_230' title='bbox 3481 1734 3611 1789; x_wconf 85' lang='lat' dir='ltr'><strong>apo-</strong></span> 
     </span>
    </p>
   </div>
   <div class='ocr_carea' id='block_1_33' title="bbox 341 1796 3616 1886">
    <p class='ocr_par' dir='ltr' id='par_1_33' title="bbox 341 1796 3616 1886">
     <span class='ocr_line' id='line_1_33' title="bbox 341 1796 3616 1886; baseline 0.001 -21"><span class='ocrx_word' id='word_1_231' title='bbox 341 1818 684 1874; x_wconf 87' lang='lat' dir='ltr'><strong>rcnovantes,</strong></span> <span class='ocrx_word' id='word_1_232' title='bbox 723 1808 792 1862; x_wconf 87' lang='lat' dir='ltr'><strong>ad</strong></span> <span class='ocrx_word' id='word_1_233' title='bbox 826 1807 1113 1877; x_wconf 79' lang='lat' dir='ltr'><strong>pristinum</strong></span> <span class='ocrx_word' id='word_1_234' title='bbox 1155 1804 1390 1886; x_wconf 72' lang='lat' dir='ltr'><strong>cilicium</strong></span> <span class='ocrx_word' id='word_1_235' title='bbox 1434 1801 1640 1856; x_wconf 86' lang='lat' dir='ltr'><strong>habiles</strong></span> <span class='ocrx_word' id='word_1_236' title='bbox 1667 1801 1918 1855; x_wconf 85' lang='lat' dir='ltr'><strong>reddunt.</strong></span> <span class='ocrx_word' id='word_1_237' title='bbox 1950 1796 1999 1855; x_wconf 80' lang='grc' dir='ltr'><strong>Β</strong></span> <span class='ocrx_word' id='word_1_238' title='bbox 2025 1803 2149 1857; x_wconf 88' lang='lat' dir='ltr'><strong>stoli</strong></span> <span class='ocrx_word' id='word_1_239' title='bbox 2187 1811 2242 1856; x_wconf 90' lang='lat' dir='ltr'><strong>et</strong></span> <span class='ocrx_word' id='word_1_240' title='bbox 2273 1803 2582 1873; x_wconf 61' lang='lat' dir='ltr'><strong>apostolica:</strong></span> <span class='ocrx_word' id='word_1_241' title='bbox 2617 1805 2901 1875; x_wconf 62' lang='lat' dir='ltr'><strong>dignitatis.</strong></span> <span class='ocrx_word' id='word_1_242' title='bbox 2929 1806 3029 1860; x_wconf 88' lang='lat' dir='ltr'><strong>viri</strong></span> <span class='ocrx_word' id='word_1_243' title='bbox 3067 1808 3412 1880; x_wconf 75' lang='lat' dir='ltr'><strong>designantur</strong></span> <span class='ocrx_word' id='word_1_244' title='bbox 3440 1832 3458 1869; x_wconf 88' lang='lat'><strong><em>:</em></strong></span> <span class='ocrx_word' id='word_1_245' title='bbox 3483 1813 3616 1882; x_wconf 79' lang='lat' dir='ltr'><strong>quia</strong></span> 
     </span>
    </p>
   </div>
   <div class='ocr_carea' id='block_1_34' title="bbox 342 1894 1926 1963">
    <p class='ocr_par' dir='ltr' id='par_1_34' title="bbox 342 1894 1926 1963">
     <span class='ocr_line' id='line_1_34' title="bbox 342 1894 1926 1963; baseline -0.006 -9"><span class='ocrx_word' id='word_1_246' title='bbox 342 1902 604 1956; x_wconf 87' lang='lat' dir='ltr'><strong>Dominus</strong></span> <span class='ocrx_word' id='word_1_247' title='bbox 641 1899 789 1954; x_wconf 90' lang='lat' dir='ltr'><strong>solus</strong></span> <span class='ocrx_word' id='word_1_248' title='bbox 828 1898 936 1952; x_wconf 82' lang='lat' dir='ltr'><strong>dux</strong></span> <span class='ocrx_word' id='word_1_249' title='bbox 982 1896 1082 1950; x_wconf 81' lang='lat' dir='ltr'><strong>fuit</strong></span> <span class='ocrx_word' id='word_1_250' title='bbox 1120 1894 1256 1963; x_wconf 86' lang='lat' dir='ltr'><strong>ejus,</strong></span> <span class='ocrx_word' id='word_1_251' title='bbox 1298 1903 1354 1948; x_wconf 90' lang='lat' dir='ltr'><strong>et</strong></span> <span class='ocrx_word' id='word_1_252' title='bbox 1393 1909 1499 1948; x_wconf 85' lang='lat' dir='ltr'><strong>non</strong></span> <span class='ocrx_word' id='word_1_253' title='bbox 1543 1902 1661 1948; x_wconf 87' lang='lat' dir='ltr'><strong>erat</strong></span> <span class='ocrx_word' id='word_1_254' title='bbox 1697 1909 1821 1946; x_wconf 90' lang='lat' dir='ltr'><strong>cum</strong></span> <span class='ocrx_word' id='word_1_255' title='bbox 1860 1907 1926 1946; x_wconf 91' lang='lat' dir='ltr'><strong>co</strong></span> 
     </span>
    </p>
   </div>
   <div class='ocr_carea' id='block_1_35' title="bbox 345 1985 1928 2055">
    <p class='ocr_par' dir='ltr' id='par_1_35' title="bbox 345 1985 1928 2055">
     <span class='ocr_line' id='line_1_35' title="bbox 345 1985 1928 2055; baseline -0.003 -10"><span class='ocrx_word' id='word_1_256' title='bbox 345 1994 484 2047; x_wconf 82' lang='lat' dir='ltr'><strong>Deus</strong></span> <span class='ocrx_word' id='word_1_257' title='bbox 526 1991 754 2046; x_wconf 89' lang='lat' dir='ltr'><strong>alienus.</strong></span> <span class='ocrx_word' id='word_1_258' title='bbox 807 1988 1149 2044; x_wconf 80' lang='lat' dir='ltr'><strong>Manifestum</strong></span> <span class='ocrx_word' id='word_1_259' title='bbox 1195 1994 1280 2041; x_wconf 89' lang='lat' dir='ltr'><strong>est</strong></span> <span class='ocrx_word' id='word_1_260' title='bbox 1321 1987 1462 2055; x_wconf 85' lang='lat' dir='ltr'><strong>quod</strong></span> <span class='ocrx_word' id='word_1_261' title='bbox 1496 2001 1636 2039; x_wconf 90' lang='lat' dir='ltr'><strong>unus</strong></span> <span class='ocrx_word' id='word_1_262' title='bbox 1681 1994 1738 2040; x_wconf 82' lang='lat' dir='ltr'><strong>et</strong></span> <span class='ocrx_word' id='word_1_263' title='bbox 1781 1985 1928 2042; x_wconf 89' lang='lat' dir='ltr'><strong>solus</strong></span> 
     </span>
    </p>
   </div>
   <div class='ocr_carea' id='block_1_36' title="bbox 343 2077 1923 2152">
    <p class='ocr_par' dir='ltr' id='par_1_36' title="bbox 343 2077 1923 2152">
     <span class='ocr_line' id='line_1_36' title="bbox 343 2077 1923 2152; baseline -0.004 -14"><span class='ocrx_word' id='word_1_264' title='bbox 343 2085 504 2149; x_wconf 88' lang='lat' dir='ltr'><strong>Deus,</strong></span> <span class='ocrx_word' id='word_1_265' title='bbox 536 2083 697 2139; x_wconf 91' lang='lat' dir='ltr'><strong>lsrael</strong></span> <span class='ocrx_word' id='word_1_266' title='bbox 728 2087 794 2137; x_wconf 91' lang='lat' dir='ltr'><strong>de</strong></span> <span class='ocrx_word' id='word_1_267' title='bbox 823 2079 1061 2152; x_wconf 61' lang='lat' dir='ltr'><strong>Egypto</strong></span> <span class='ocrx_word' id='word_1_268' title='bbox 1090 2079 1358 2144; x_wconf 86' lang='lat' dir='ltr'><strong>liberavit,</strong></span> <span class='ocrx_word' id='word_1_269' title='bbox 1386 2087 1441 2133; x_wconf 89' lang='lat' dir='ltr'><strong>et</strong></span> <span class='ocrx_word' id='word_1_270' title='bbox 1466 2094 1572 2132; x_wconf 92' lang='lat' dir='ltr'><strong>non</strong></span> <span class='ocrx_word' id='word_1_271' title='bbox 1600 2079 1741 2133; x_wconf 89' lang='lat' dir='ltr'><strong>idola</strong></span> <span class='ocrx_word' id='word_1_272' title='bbox 1769 2077 1923 2144; x_wconf 83' lang='lat' dir='ltr'><strong>falsa,</strong></span> 
     </span>
    </p>
   </div>
   <div class='ocr_carea' id='block_1_37' title="bbox 339 2169 1926 2244">
    <p class='ocr_par' dir='ltr' id='par_1_37' title="bbox 339 2169 1926 2244">
     <span class='ocr_line' id='line_1_37' title="bbox 339 2169 1926 2244; baseline -0.004 -16"><span class='ocrx_word' id='word_1_273' title='bbox 339 2190 460 2244; x_wconf 67' lang='lat' dir='ltr'><strong>quae</strong></span> <span class='ocrx_word' id='word_1_274' title='bbox 479 2174 762 2230; x_wconf 87' lang='lat' dir='ltr'><strong>coluerunt</strong></span> <span class='ocrx_word' id='word_1_275' title='bbox 795 2170 1054 2242; x_wconf 59' lang='lat' dir='ltr'><strong>JEgyptii.</strong></span> <span class='ocrx_word' id='word_1_276' title='bbox 1095 2169 1184 2224; x_wconf 89' lang='lat' dir='ltr'><strong>Sic</strong></span> <span class='ocrx_word' id='word_1_277' title='bbox 1229 2179 1285 2225; x_wconf 86' lang='lat' dir='ltr'><strong>et</strong></span> <span class='ocrx_word' id='word_1_278' title='bbox 1325 2170 1380 2224; x_wconf 89' lang='lat' dir='ltr'><strong>iu</strong></span> <span class='ocrx_word' id='word_1_279' title='bbox 1421 2170 1702 2237; x_wconf 88' lang='lat' dir='ltr'><strong>ereptione</strong></span> <span class='ocrx_word' id='word_1_280' title='bbox 1745 2177 1926 2223; x_wconf 89' lang='lat' dir='ltr'><strong>nostra</strong></span> 
     </span>
    </p>
   </div>
   <div class='ocr_carea' id='block_1_38' title="bbox 341 2260 1924 2336">
    <p class='ocr_par' dir='ltr' id='par_1_38' title="bbox 341 2260 1924 2336">
     <span class='ocr_line' id='line_1_38' title="bbox 341 2260 1924 2336; baseline -0.005 -15"><span class='ocrx_word' id='word_1_281' title='bbox 341 2269 408 2322; x_wconf 88' lang='lat' dir='ltr'><strong>de</strong></span> <span class='ocrx_word' id='word_1_282' title='bbox 431 2265 660 2336; x_wconf 89' lang='lat' dir='ltr'><strong>spiritali</strong></span> <span class='ocrx_word' id='word_1_283' title='bbox 689 2263 953 2336; x_wconf 65' lang='lat' dir='ltr'><strong>Egypto,</strong></span> <span class='ocrx_word' id='word_1_284' title='bbox 979 2277 1089 2318; x_wconf 88' lang='lat' dir='ltr'><strong>non</strong></span> <span class='ocrx_word' id='word_1_285' title='bbox 1130 2263 1268 2316; x_wconf 90' lang='lat' dir='ltr'><strong>alius</strong></span> <span class='ocrx_word' id='word_1_286' title='bbox 1299 2269 1382 2316; x_wconf 89' lang='lat' dir='ltr'><strong>est</strong></span> <span class='ocrx_word' id='word_1_287' title='bbox 1405 2275 1566 2331; x_wconf 89' lang='lat' dir='ltr'><strong>quam</strong></span> <span class='ocrx_word' id='word_1_288' title='bbox 1596 2261 1735 2314; x_wconf 85' lang='lat' dir='ltr'><strong>idem</strong></span> <span class='ocrx_word' id='word_1_289' title='bbox 1762 2260 1924 2325; x_wconf 88' lang='lat' dir='ltr'><strong>Deus,</strong></span> 
     </span>
    </p>
   </div>
   <div class='ocr_carea' id='block_1_39' title="bbox 343 2351 1926 2428">
    <p class='ocr_par' dir='ltr' id='par_1_39' title="bbox 343 2351 1926 2428">
     <span class='ocr_line' id='line_1_39' title="bbox 343 2351 1926 2428; baseline -0.004 -14"><span class='ocrx_word' id='word_1_290' title='bbox 343 2361 434 2428; x_wconf 86' lang='lat' dir='ltr'><strong>qui</strong></span> <span class='ocrx_word' id='word_1_291' title='bbox 463 2359 592 2415; x_wconf 90' lang='lat' dir='ltr'><strong>olim</strong></span> <span class='ocrx_word' id='word_1_292' title='bbox 624 2357 899 2418; x_wconf 81' lang='lat' dir='ltr'><strong>Israelitas</strong></span> <span class='ocrx_word' id='word_1_293' title='bbox 925 2354 1126 2426; x_wconf 84' lang='lat' dir='ltr'><strong>eripuit</strong></span> <span class='ocrx_word' id='word_1_294' title='bbox 1154 2372 1167 2408; x_wconf 88' lang='lat'><strong>:</strong></span> <span class='ocrx_word' id='word_1_295' title='bbox 1202 2354 1365 2408; x_wconf 91' lang='lat' dir='ltr'><strong>Pater</strong></span> <span class='ocrx_word' id='word_1_296' title='bbox 1394 2353 1648 2407; x_wconf 76' lang='lat' dir='ltr'><strong>videlicet</strong></span> <span class='ocrx_word' id='word_1_297' title='bbox 1675 2361 1727 2406; x_wconf 89' lang='lat' dir='ltr'><strong>et</strong></span> <span class='ocrx_word' id='word_1_298' title='bbox 1757 2351 1926 2407; x_wconf 86' lang='lat' dir='ltr'><strong>Filius</strong></span> 
     </span>
    </p>
   </div>
   <div class='ocr_carea' id='block_1_40' title="bbox 341 2441 1927 2518">
    <p class='ocr_par' dir='ltr' id='par_1_40' title="bbox 341 2441 1927 2518">
     <span class='ocr_line' id='line_1_40' title="bbox 341 2441 1927 2518; baseline -0.005 -15"><span class='ocrx_word' id='word_1_299' title='bbox 341 2458 395 2503; x_wconf 89' lang='lat' dir='ltr'><strong>et</strong></span> <span class='ocrx_word' id='word_1_300' title='bbox 424 2449 657 2518; x_wconf 89' lang='lat' dir='ltr'><strong>Spiritus</strong></span> <span class='ocrx_word' id='word_1_301' title='bbox 685 2454 937 2512; x_wconf 72' lang='lat' dir='ltr'><strong>sanctus,</strong></span> <span class='ocrx_word' id='word_1_302' title='bbox 959 2460 1099 2501; x_wconf 88' lang='lat' dir='ltr'><strong>unus</strong></span> <span class='ocrx_word' id='word_1_303' title='bbox 1126 2453 1183 2500; x_wconf 78' lang='lat' dir='ltr'><strong>et</strong></span> <span class='ocrx_word' id='word_1_304' title='bbox 1202 2444 1399 2509; x_wconf 89' lang='lat' dir='ltr'><strong>trinus,</strong></span> <span class='ocrx_word' id='word_1_305' title='bbox 1426 2459 1653 2513; x_wconf 89' lang='lat' dir='ltr'><strong>magnus</strong></span> <span class='ocrx_word' id='word_1_306' title='bbox 1673 2450 1730 2496; x_wconf 92' lang='lat' dir='ltr'><strong>et</strong></span> <span class='ocrx_word' id='word_1_307' title='bbox 1754 2441 1927 2496; x_wconf 87' lang='lat' dir='ltr'><strong>omni-</strong></span> 
     </span>
    </p>
   </div>
   <div class='ocr_carea' id='block_1_41' title="bbox 341 2532 1928 2608">
    <p class='ocr_par' dir='ltr' id='par_1_41' title="bbox 341 2532 1928 2608">
     <span class='ocr_line' id='line_1_41' title="bbox 341 2532 1928 2608; baseline -0.005 -14"><span class='ocrx_word' id='word_1_308' title='bbox 341 2548 532 2608; x_wconf 89' lang='lat' dir='ltr'><strong>potens</strong></span> <span class='ocrx_word' id='word_1_309' title='bbox 570 2539 738 2601; x_wconf 86' lang='lat' dir='ltr'><strong>Deus,</strong></span> <span class='ocrx_word' id='word_1_310' title='bbox 765 2536 857 2606; x_wconf 87' lang='lat' dir='ltr'><strong>qui</strong></span> <span class='ocrx_word' id='word_1_311' title='bbox 899 2551 997 2606; x_wconf 89' lang='lat' dir='ltr'><strong>per</strong></span> <span class='ocrx_word' id='word_1_312' title='bbox 1033 2535 1461 2590; x_wconf 84' lang='lat' dir='ltr'><strong>incarnationem</strong></span> <span class='ocrx_word' id='word_1_313' title='bbox 1499 2532 1712 2588; x_wconf 83' lang='lat' dir='ltr'><strong>Domini</strong></span> <span class='ocrx_word' id='word_1_314' title='bbox 1756 2533 1928 2588; x_wconf 87' lang='lat' dir='ltr'><strong>nostri</strong></span> 
     </span>
    </p>
   </div>
   <div class='ocr_carea' id='block_1_42' title="bbox 341 2621 1937 2694">
    <p class='ocr_par' dir='ltr' id='par_1_42' title="bbox 341 2621 1937 2694">
     <span class='ocr_line' id='line_1_42' title="bbox 341 2621 1937 2694; baseline -0.006 -9"><span class='ocrx_word' id='word_1_315' title='bbox 341 2630 468 2685; x_wconf 84' lang='lat' dir='ltr'><strong>.lesu</strong></span> <span class='ocrx_word' id='word_1_316' title='bbox 499 2627 722 2693; x_wconf 84' lang='lat' dir='ltr'><strong>Christi,</strong></span> <span class='ocrx_word' id='word_1_317' title='bbox 750 2625 946 2684; x_wconf 72' lang='lat' dir='ltr'><strong>salutis</strong></span> <span class='ocrx_word' id='word_1_318' title='bbox 967 2632 1167 2680; x_wconf 64' lang='lat' dir='ltr'><strong>nostra</strong></span> <span class='ocrx_word' id='word_1_319' title='bbox 1190 2623 1370 2680; x_wconf 80' lang='lat' dir='ltr'><strong>eﬁ‘eeit</strong></span> <span class='ocrx_word' id='word_1_320' title='bbox 1395 2623 1735 2694; x_wconf 85' lang='lat' dir='ltr'><strong>mysterium.</strong></span> <span class='ocrx_word' id='word_1_321' title='bbox 1776 2621 1937 2678; x_wconf 87' lang='lat' dir='ltr'><strong>Unde-</strong></span> 
     </span>
    </p>
   </div>
   <div class='ocr_carea' id='block_1_43' title="bbox 343 2713 1927 2790">
    <p class='ocr_par' dir='ltr' id='par_1_43' title="bbox 343 2713 1927 2790">
     <span class='ocr_line' id='line_1_43' title="bbox 343 2713 1927 2790; baseline -0.003 -17"><span class='ocrx_word' id='word_1_322' title='bbox 343 2724 640 2790; x_wconf 79' lang='lat' dir='ltr'><strong>agnoscant</strong></span> <span class='ocrx_word' id='word_1_323' title='bbox 685 2716 926 2772; x_wconf 76' lang='lat' dir='ltr'><strong>haeretici</strong></span> <span class='ocrx_word' id='word_1_324' title='bbox 953 2731 1116 2785; x_wconf 85' lang='lat' dir='ltr'><strong>quam</strong></span> <span class='ocrx_word' id='word_1_325' title='bbox 1160 2713 1547 2770; x_wconf 78' lang='lat' dir='ltr'><strong>miserabiliter</strong></span> <span class='ocrx_word' id='word_1_326' title='bbox 1591 2728 1620 2766; x_wconf 87' lang='lat' dir='ltr'><strong>a</strong></span> <span class='ocrx_word' id='word_1_327' title='bbox 1662 2727 1788 2766; x_wconf 88' lang='lat' dir='ltr'><strong>vera</strong></span> <span class='ocrx_word' id='word_1_328' title='bbox 1821 2713 1927 2768; x_wconf 84' lang='lat' dir='ltr'><strong>ﬁde</strong></span> 
     </span>
    </p>
   </div>
   <div class='ocr_carea' id='block_1_44' title="bbox 341 2801 1927 2873">
    <p class='ocr_par' dir='ltr' id='par_1_44' title="bbox 341 2801 1927 2873">
     <span class='ocr_line' id='line_1_44' title="bbox 341 2801 1927 2873; baseline -0.004 -10"><span class='ocrx_word' id='word_1_329' title='bbox 341 2817 528 2864; x_wconf 85' lang='lat' dir='ltr'><strong>errent</strong></span> <span class='ocrx_word' id='word_1_330' title='bbox 563 2806 864 2870; x_wconf 84' lang='lat' dir='ltr'><strong>deviantes,</strong></span> <span class='ocrx_word' id='word_1_331' title='bbox 897 2819 1020 2860; x_wconf 88' lang='lat' dir='ltr'><strong>cum</strong></span> <span class='ocrx_word' id='word_1_332' title='bbox 1062 2819 1121 2859; x_wconf 91' lang='lat' dir='ltr'><strong>se</strong></span> <span class='ocrx_word' id='word_1_333' title='bbox 1152 2815 1258 2873; x_wconf 86' lang='lat' dir='ltr'><strong>per</strong></span> <span class='ocrx_word' id='word_1_334' title='bbox 1294 2803 1530 2858; x_wconf 86' lang='lat' dir='ltr'><strong>sebisma</strong></span> <span class='ocrx_word' id='word_1_335' title='bbox 1575 2803 1644 2856; x_wconf 89' lang='lat' dir='ltr'><strong>ab</strong></span> <span class='ocrx_word' id='word_1_336' title='bbox 1686 2801 1927 2857; x_wconf 88' lang='lat' dir='ltr'><strong>Ecclesia</strong></span> 
     </span>
    </p>
   </div>
   <div class='ocr_carea' id='block_1_45' title="bbox 342 2892 1928 2965">
    <p class='ocr_par' dir='ltr' id='par_1_45' title="bbox 342 2892 1928 2965">
     <span class='ocr_line' id='line_1_45' title="bbox 342 2892 1928 2965; baseline -0.004 -11"><span class='ocrx_word' id='word_1_337' title='bbox 342 2897 605 2954; x_wconf 81' lang='lat' dir='ltr'><strong>catholica</strong></span> <span class='ocrx_word' id='word_1_338' title='bbox 632 2903 999 2965; x_wconf 88' lang='lat' dir='ltr'><strong>sequestrant,</strong></span> <span class='ocrx_word' id='word_1_339' title='bbox 1029 2894 1121 2964; x_wconf 86' lang='lat' dir='ltr'><strong>qui</strong></span> <span class='ocrx_word' id='word_1_340' title='bbox 1164 2901 1298 2965; x_wconf 90' lang='lat' dir='ltr'><strong>quot</strong></span> <span class='ocrx_word' id='word_1_341' title='bbox 1323 2892 1623 2955; x_wconf 85' lang='lat' dir='ltr'><strong>erroribus,</strong></span> <span class='ocrx_word' id='word_1_342' title='bbox 1661 2899 1742 2945; x_wconf 87' lang='lat' dir='ltr'><strong>tot</strong></span> <span class='ocrx_word' id='word_1_343' title='bbox 1769 2892 1928 2947; x_wconf 83' lang='lat' dir='ltr'><strong>idolis</strong></span> 
     </span>
    </p>
   </div>
   <div class='ocr_carea' id='block_1_46' title="bbox 342 2983 1930 3054">
    <p class='ocr_par' dir='ltr' id='par_1_46' title="bbox 342 2983 1930 3054">
     <span class='ocr_line' id='line_1_46' title="bbox 342 2983 1930 3054; baseline -0.006 -8"><span class='ocrx_word' id='word_1_344' title='bbox 342 2989 562 3046; x_wconf 77' lang='lat' dir='ltr'><strong>obnoxii</strong></span> <span class='ocrx_word' id='word_1_345' title='bbox 598 2995 741 3044; x_wconf 84' lang='lat' dir='ltr'><strong>sunt.</strong></span> <span class='ocrx_word' id='word_1_346' title='bbox 779 3005 799 3038; x_wconf 73' lang='grc' dir='ltr'><strong><em>ι</em></strong></span> <span class='ocrx_word' id='word_1_347' title='bbox 835 2985 1129 3041; x_wconf 79' lang='lat' dir='ltr'><strong>Constituit</strong></span> <span class='ocrx_word' id='word_1_348' title='bbox 1155 2999 1280 3038; x_wconf 88' lang='lat' dir='ltr'><strong>eum</strong></span> <span class='ocrx_word' id='word_1_349' title='bbox 1319 3000 1480 3054; x_wconf 85' lang='lat' dir='ltr'><strong>super</strong></span> <span class='ocrx_word' id='word_1_350' title='bbox 1513 2983 1781 3038; x_wconf 78' lang='lat' dir='ltr'><strong>excelsam</strong></span> <span class='ocrx_word' id='word_1_351' title='bbox 1817 2992 1930 3037; x_wconf 88' lang='lat' dir='ltr'><strong>ter-</strong></span> 
     </span>
    </p>
   </div>
   <div class='ocr_carea' id='block_1_47' title="bbox 289 3073 1934 3150">
    <p class='ocr_par' dir='ltr' id='par_1_47' title="bbox 289 3073 1934 3150">
     <span class='ocr_line' id='line_1_47' title="bbox 289 3073 1934 3150; baseline -0.005 -14"><span class='ocrx_word' id='word_1_352' title='bbox 289 3134 300 3150; x_wconf 25' lang='grc' dir='ltr'><strong>,κ</strong></span> <span class='ocrx_word' id='word_1_353' title='bbox 349 3101 366 3131; x_wconf 75' lang='grc' dir='ltr'>ι</span> <span class='ocrx_word' id='word_1_354' title='bbox 407 3096 558 3146; x_wconf 78' lang='lat' dir='ltr'><strong>ratu,</strong></span> <span class='ocrx_word' id='word_1_355' title='bbox 601 3087 664 3132; x_wconf 88' lang='lat' dir='ltr'><strong>ut</strong></span> <span class='ocrx_word' id='word_1_356' title='bbox 710 3075 960 3132; x_wconf 82' lang='lat' dir='ltr'><strong>comedat</strong></span> <span class='ocrx_word' id='word_1_357' title='bbox 1005 3074 1212 3129; x_wconf 80' lang='lat' dir='ltr'><strong>fructus</strong></span> <span class='ocrx_word' id='word_1_358' title='bbox 1257 3089 1532 3144; x_wconf 82' lang='lat' dir='ltr'><strong>agrorum.</strong></span> <span class='ocrx_word' id='word_1_359' title='bbox 1577 3093 1603 3127; x_wconf 67' lang='grc' dir='ltr'>ι</span> <span class='ocrx_word' id='word_1_360' title='bbox 1643 3073 1934 3129; x_wconf 77' lang='lat' dir='ltr'><strong>Excelsam</strong></span> 
     </span>
    </p>
   </div>
   <div class='ocr_carea' id='block_1_48' title="bbox 2028 1894 3606 1966">
    <p class='ocr_par' dir='ltr' id='par_1_48' title="bbox 2028 1894 3606 1966">
     <span class='ocr_line' id='line_1_48' title="bbox 2028 1894 3606 1966; baseline 0.005 -19"><span class='ocrx_word' id='word_1_361' title='bbox 2028 1894 2128 1964; x_wconf 86' lang='lat' dir='ltr'><strong>ipsi</strong></span> <span class='ocrx_word' id='word_1_362' title='bbox 2158 1895 2324 1949; x_wconf 88' lang='lat' dir='ltr'><strong>duces</strong></span> <span class='ocrx_word' id='word_1_363' title='bbox 2352 1904 2478 1949; x_wconf 90' lang='lat' dir='ltr'><strong>sunt</strong></span> <span class='ocrx_word' id='word_1_364' title='bbox 2504 1896 2682 1966; x_wconf 77' lang='lat' dir='ltr'><strong>gregis</strong></span> <span class='ocrx_word' id='word_1_365' title='bbox 2708 1897 2822 1950; x_wconf 90' lang='lat' dir='ltr'><strong>Dei.</strong></span> <span class='ocrx_word' id='word_1_366' title='bbox 2855 1897 3008 1952; x_wconf 90' lang='lat' dir='ltr'><strong>Unde</strong></span> <span class='ocrx_word' id='word_1_367' title='bbox 3042 1898 3240 1953; x_wconf 90' lang='lat' dir='ltr'><strong>dicitur</strong></span> <span class='ocrx_word' id='word_1_368' title='bbox 3268 1901 3319 1954; x_wconf 90' lang='lat' dir='ltr'><strong>in</strong></span> <span class='ocrx_word' id='word_1_369' title='bbox 3350 1901 3565 1955; x_wconf 77' lang='lat' dir='ltr'><strong>Psalnzo</strong></span> <span class='ocrx_word' id='word_1_370' title='bbox 3592 1921 3606 1956; x_wconf 90' lang='lat'><strong>:</strong></span> 
     </span>
    </p>
   </div>
   <div class='ocr_carea' id='block_1_49' title="bbox 2032 1985 3611 2051">
    <p class='ocr_par' dir='ltr' id='par_1_49' title="bbox 2032 1985 3611 2051">
     <span class='ocr_line' id='line_1_49' title="bbox 2032 1985 3611 2051; baseline 0.008 -16"><span class='ocrx_word' id='word_1_371' title='bbox 2032 2003 2049 2035; x_wconf 69' lang='grc' dir='ltr'>ι</span> <span class='ocrx_word' id='word_1_372' title='bbox 2075 1985 2275 2040; x_wconf 74' lang='lat' dir='ltr'><strong>Aﬁ‘erte</strong></span> <span class='ocrx_word' id='word_1_373' title='bbox 2301 1987 2549 2051; x_wconf 86' lang='lat' dir='ltr'><strong>Domino,</strong></span> <span class='ocrx_word' id='word_1_374' title='bbox 2583 1986 2675 2039; x_wconf 90' lang='lat' dir='ltr'><strong>ﬁlii</strong></span> <span class='ocrx_word' id='word_1_375' title='bbox 2701 1986 2816 2049; x_wconf 85' lang='lat' dir='ltr'><strong>Dei,</strong></span> <span class='ocrx_word' id='word_1_376' title='bbox 2841 1985 3030 2042; x_wconf 82' lang='lat' dir='ltr'><strong>aﬁ&#39;erte</strong></span> <span class='ocrx_word' id='word_1_377' title='bbox 3050 1988 3276 2044; x_wconf 91' lang='lat' dir='ltr'><strong>Domino</strong></span> <span class='ocrx_word' id='word_1_378' title='bbox 3306 1990 3444 2045; x_wconf 91' lang='lat' dir='ltr'><strong>ﬁlios</strong></span> <span class='ocrx_word' id='word_1_379' title='bbox 3471 1993 3611 2047; x_wconf 85' lang='lat' dir='ltr'><strong>arie-</strong></span> 
     </span>
    </p>
   </div>
   <div class='ocr_carea' id='block_1_50' title="bbox 2027 2076 3612 2150">
    <p class='ocr_par' dir='ltr' id='par_1_50' title="bbox 2027 2076 3612 2150">
     <span class='ocr_line' id='line_1_50' title="bbox 2027 2076 3612 2150; baseline 0.006 -22"><span class='ocrx_word' id='word_1_380' title='bbox 2027 2085 2139 2129; x_wconf 90' lang='lat' dir='ltr'><strong>tum</strong></span> <span class='ocrx_word' id='word_1_381' title='bbox 2169 2076 2338 2147; x_wconf 77' lang='lat' dir='ltr'><strong>(Psat.</strong></span> <span class='ocrx_word' id='word_1_382' title='bbox 2363 2076 2575 2147; x_wconf 77' lang='lat' dir='ltr'><strong>xxvut).</strong></span> <span class='ocrx_word' id='word_1_383' title='bbox 2608 2096 2626 2128; x_wconf 81' lang='grc'><strong>›</strong></span> <span class='ocrx_word' id='word_1_384' title='bbox 2651 2077 2804 2144; x_wconf 89' lang='lat' dir='ltr'><strong>Quod</strong></span> <span class='ocrx_word' id='word_1_385' title='bbox 2833 2087 3007 2131; x_wconf 89' lang='lat' dir='ltr'><strong>autem</strong></span> <span class='ocrx_word' id='word_1_386' title='bbox 3033 2078 3393 2150; x_wconf 87' lang='lat' dir='ltr'><strong>subjungitur,</strong></span> <span class='ocrx_word' id='word_1_387' title='bbox 3426 2102 3442 2134; x_wconf 85' lang='grc'><em>‹</em></span> <span class='ocrx_word' id='word_1_388' title='bbox 3475 2084 3612 2141; x_wconf 87' lang='lat' dir='ltr'><strong>ﬁlio-</strong></span> 
     </span>
    </p>
   </div>
   <div class='ocr_carea' id='block_1_51' title="bbox 2027 2167 3606 2245">
    <p class='ocr_par' dir='ltr' id='par_1_51' title="bbox 2027 2167 3606 2245">
     <span class='ocr_line' id='line_1_51' title="bbox 2027 2167 3606 2245; baseline 0.006 -25"><span class='ocrx_word' id='word_1_389' title='bbox 2027 2182 2144 2220; x_wconf 85' lang='lat' dir='ltr'><strong>rum</strong></span> <span class='ocrx_word' id='word_1_390' title='bbox 2182 2167 2391 2232; x_wconf 88' lang='lat' dir='ltr'><strong>Basan,</strong></span> <span class='ocrx_word' id='word_1_391' title='bbox 2433 2187 2450 2219; x_wconf 74' lang='grc' dir='ltr'>ι</span> <span class='ocrx_word' id='word_1_392' title='bbox 2497 2168 2564 2221; x_wconf 88' lang='lat' dir='ltr'><strong>ad</strong></span> <span class='ocrx_word' id='word_1_393' title='bbox 2604 2167 2851 2222; x_wconf 89' lang='lat' dir='ltr'><strong>eumdem</strong></span> <span class='ocrx_word' id='word_1_394' title='bbox 2895 2169 3130 2238; x_wconf 89' lang='lat' dir='ltr'><strong>pertinet</strong></span> <span class='ocrx_word' id='word_1_395' title='bbox 3177 2186 3392 2226; x_wconf 88' lang='lat' dir='ltr'><strong>sensum</strong></span> <span class='ocrx_word' id='word_1_396' title='bbox 3427 2193 3438 2228; x_wconf 90' lang='lat'>:</span> <span class='ocrx_word' id='word_1_397' title='bbox 3483 2176 3606 2245; x_wconf 86' lang='lat' dir='ltr'><strong>quia</strong></span> 
     </span>
    </p>
   </div>
   <div class='ocr_carea' id='block_1_52' title="bbox 2025 2257 3613 2334">
    <p class='ocr_par' dir='ltr' id='par_1_52' title="bbox 2025 2257 3613 2334">
     <span class='ocr_line' id='line_1_52' title="bbox 2025 2257 3613 2334; baseline 0.008 -24"><span class='ocrx_word' id='word_1_398' title='bbox 2025 2257 2198 2312; x_wconf 86' lang='lat' dir='ltr'><strong>Basan</strong></span> <span class='ocrx_word' id='word_1_399' title='bbox 2227 2258 2494 2328; x_wconf 80' lang='lat' dir='ltr'><strong>pinguedo</strong></span> <span class='ocrx_word' id='word_1_400' title='bbox 2527 2258 2951 2328; x_wconf 69' lang='lat' dir='ltr'><strong>interpretatur;</strong></span> <span class='ocrx_word' id='word_1_401' title='bbox 2971 2259 3065 2314; x_wconf 89' lang='lat' dir='ltr'><strong>ﬁlii</strong></span> <span class='ocrx_word' id='word_1_402' title='bbox 3088 2261 3232 2316; x_wconf 89' lang='lat' dir='ltr'><strong>enim</strong></span> <span class='ocrx_word' id='word_1_403' title='bbox 3267 2263 3613 2334; x_wconf 82' lang='lat' dir='ltr'><strong>pinguedinis</strong></span> 
     </span>
    </p>
   </div>
   <div class='ocr_carea' id='block_1_53' title="bbox 2027 2349 3612 2424">
    <p class='ocr_par' dir='ltr' id='par_1_53' title="bbox 2027 2349 3612 2424">
     <span class='ocr_line' id='line_1_53' title="bbox 2027 2349 3612 2424; baseline 0.006 -21"><span class='ocrx_word' id='word_1_404' title='bbox 2027 2358 2180 2414; x_wconf 89' lang='lat' dir='ltr'><strong>sunt,</strong></span> <span class='ocrx_word' id='word_1_405' title='bbox 2213 2350 2303 2418; x_wconf 88' lang='lat' dir='ltr'><strong>qui</strong></span> <span class='ocrx_word' id='word_1_406' title='bbox 2338 2349 2635 2419; x_wconf 90' lang='lat' dir='ltr'><strong>disciplinis</strong></span> <span class='ocrx_word' id='word_1_407' title='bbox 2666 2349 2798 2404; x_wconf 83' lang='lat' dir='ltr'><strong>Novi</strong></span> <span class='ocrx_word' id='word_1_408' title='bbox 2830 2351 3160 2406; x_wconf 87' lang='lat' dir='ltr'><strong>Testamcnti</strong></span> <span class='ocrx_word' id='word_1_409' title='bbox 3187 2363 3313 2408; x_wconf 90' lang='lat' dir='ltr'><strong>sunt</strong></span> <span class='ocrx_word' id='word_1_410' title='bbox 3347 2355 3612 2424; x_wconf 83' lang='lat' dir='ltr'><strong>instituti,</strong></span> 
     </span>
    </p>
   </div>
   <div class='ocr_carea' id='block_1_54' title="bbox 2026 2439 3610 2514">
    <p class='ocr_par' dir='ltr' id='par_1_54' title="bbox 2026 2439 3610 2514">
     <span class='ocr_line' id='line_1_54' title="bbox 2026 2439 3610 2514; baseline 0.005 -21"><span class='ocrx_word' id='word_1_411' title='bbox 2026 2439 2116 2494; x_wconf 89' lang='lat' dir='ltr'><strong>ubi</strong></span> <span class='ocrx_word' id='word_1_412' title='bbox 2152 2439 2393 2494; x_wconf 75' lang='lat' dir='ltr'><strong>scientia:</strong></span> <span class='ocrx_word' id='word_1_413' title='bbox 2429 2439 2716 2494; x_wconf 85' lang='lat' dir='ltr'><strong>multitudo</strong></span> <span class='ocrx_word' id='word_1_414' title='bbox 2754 2449 2806 2496; x_wconf 89' lang='lat' dir='ltr'><strong>et</strong></span> <span class='ocrx_word' id='word_1_415' title='bbox 2836 2441 3094 2496; x_wconf 88' lang='lat' dir='ltr'><strong>virtutum</strong></span> <span class='ocrx_word' id='word_1_416' title='bbox 3127 2443 3442 2514; x_wconf 87' lang='lat' dir='ltr'><strong>magnitudo</strong></span> <span class='ocrx_word' id='word_1_417' title='bbox 3481 2461 3610 2501; x_wconf 79' lang='lat' dir='ltr'><strong>eon-</strong></span> 
     </span>
    </p>
   </div>
   <div class='ocr_carea' id='block_1_55' title="bbox 2026 2530 3615 2598">
    <p class='ocr_par' dir='ltr' id='par_1_55' title="bbox 2026 2530 3615 2598">
     <span class='ocr_line' id='line_1_55' title="bbox 2026 2530 3615 2598; baseline 0.004 -12"><span class='ocrx_word' id='word_1_418' title='bbox 2026 2533 2187 2586; x_wconf 89' lang='lat' dir='ltr'><strong>sistit.</strong></span> <span class='ocrx_word' id='word_1_419' title='bbox 2225 2530 2336 2587; x_wconf 85' lang='lat' dir='ltr'><strong>Nec</strong></span> <span class='ocrx_word' id='word_1_420' title='bbox 2365 2532 2703 2587; x_wconf 82' lang='lat' dir='ltr'><strong>sufﬁciebant</strong></span> <span class='ocrx_word' id='word_1_421' title='bbox 2728 2533 2843 2588; x_wconf 61' lang='lat' dir='ltr'><strong>haec</strong></span> <span class='ocrx_word' id='word_1_422' title='bbox 2882 2533 3050 2598; x_wconf 84' lang='lat' dir='ltr'><strong>dona,</strong></span> <span class='ocrx_word' id='word_1_423' title='bbox 3073 2533 3176 2588; x_wconf 92' lang='lat' dir='ltr'><strong>nisi</strong></span> <span class='ocrx_word' id='word_1_424' title='bbox 3205 2535 3533 2591; x_wconf 87' lang='lat' dir='ltr'><strong>adderentur</strong></span> <span class='ocrx_word' id='word_1_425' title='bbox 3556 2548 3615 2592; x_wconf 85' lang='lat' dir='ltr'><strong>et</strong></span> 
     </span>
    </p>
   </div>
   <div class='ocr_carea' id='block_1_56' title="bbox 2027 2622 3612 2698">
    <p class='ocr_par' dir='ltr' id='par_1_56' title="bbox 2027 2622 3612 2698">
     <span class='ocr_line' id='line_1_56' title="bbox 2027 2622 3612 2698; baseline 0.001 -18"><span class='ocrx_word' id='word_1_426' title='bbox 2027 2624 2184 2680; x_wconf 80' lang='lat' dir='ltr'><strong>hirci.</strong></span> <span class='ocrx_word' id='word_1_427' title='bbox 2220 2623 2366 2679; x_wconf 80' lang='lat' dir='ltr'><strong>Hirci</strong></span> <span class='ocrx_word' id='word_1_428' title='bbox 2390 2623 2534 2677; x_wconf 86' lang='lat' dir='ltr'><strong>enim</strong></span> <span class='ocrx_word' id='word_1_429' title='bbox 2564 2622 2790 2692; x_wconf 78' lang='lat' dir='ltr'><strong>ﬁguram</strong></span> <span class='ocrx_word' id='word_1_430' title='bbox 2821 2624 3199 2694; x_wconf 65' lang='lat' dir='ltr'><strong>paenitet-tuum</strong></span> <span class='ocrx_word' id='word_1_431' title='bbox 3231 2625 3452 2690; x_wconf 86' lang='lat' dir='ltr'><strong>habent,</strong></span> <span class='ocrx_word' id='word_1_432' title='bbox 3485 2629 3612 2698; x_wconf 82' lang='lat' dir='ltr'><strong>quia</strong></span> 
     </span>
    </p>
   </div>
   <div class='ocr_carea' id='block_1_57' title="bbox 2025 2713 3613 2788">
    <p class='ocr_par' dir='ltr' id='par_1_57' title="bbox 2025 2713 3613 2788">
     <span class='ocr_line' id='line_1_57' title="bbox 2025 2713 3613 2788; baseline 0.001 -17"><span class='ocrx_word' id='word_1_433' title='bbox 2025 2732 2124 2788; x_wconf 87' lang='lat' dir='ltr'><strong>pro</strong></span> <span class='ocrx_word' id='word_1_434' title='bbox 2150 2723 2372 2786; x_wconf 85' lang='lat' dir='ltr'><strong>peccato</strong></span> <span class='ocrx_word' id='word_1_435' title='bbox 2402 2714 2457 2768; x_wconf 92' lang='lat' dir='ltr'><strong>in</strong></span> <span class='ocrx_word' id='word_1_436' title='bbox 2481 2714 2600 2784; x_wconf 83' lang='lat' dir='ltr'><strong>lege</strong></span> <span class='ocrx_word' id='word_1_437' title='bbox 2621 2713 3006 2768; x_wconf 76' lang='lat' dir='ltr'><strong>oﬂ‘ercbantur.</strong></span> <span class='ocrx_word' id='word_1_438' title='bbox 3041 2713 3155 2769; x_wconf 85' lang='lat' dir='ltr'><strong>Non</strong></span> <span class='ocrx_word' id='word_1_439' title='bbox 3185 2716 3330 2770; x_wconf 89' lang='lat' dir='ltr'><strong>enim</strong></span> <span class='ocrx_word' id='word_1_440' title='bbox 3369 2717 3498 2772; x_wconf 87' lang='lat' dir='ltr'><strong>satis</strong></span> <span class='ocrx_word' id='word_1_441' title='bbox 3526 2727 3613 2773; x_wconf 83' lang='lat' dir='ltr'><strong>est</strong></span> 
     </span>
    </p>
   </div>
   <div class='ocr_carea' id='block_1_58' title="bbox 2026 2805 3608 2876">
    <p class='ocr_par' dir='ltr' id='par_1_58' title="bbox 2026 2805 3608 2876">
     <span class='ocr_line' id='line_1_58' title="bbox 2026 2805 3608 2876; baseline 0 -14"><span class='ocrx_word' id='word_1_442' title='bbox 2026 2808 2164 2862; x_wconf 85' lang='lat' dir='ltr'><strong>dona</strong></span> <span class='ocrx_word' id='word_1_443' title='bbox 2203 2807 2466 2861; x_wconf 83' lang='lat' dir='ltr'><strong>virtutum</strong></span> <span class='ocrx_word' id='word_1_444' title='bbox 2511 2806 2713 2860; x_wconf 84' lang='lat' dir='ltr'><strong>habere</strong></span> <span class='ocrx_word' id='word_1_445' title='bbox 2757 2805 3032 2866; x_wconf 84' lang='lat' dir='ltr'><strong>ﬁdelibus,</strong></span> <span class='ocrx_word' id='word_1_446' title='bbox 3086 2807 3188 2861; x_wconf 90' lang='lat' dir='ltr'><strong>nisi</strong></span> <span class='ocrx_word' id='word_1_447' title='bbox 3238 2809 3608 2876; x_wconf 63' lang='lat' dir='ltr'><strong>paenitentiam</strong></span> 
     </span>
    </p>
   </div>
   <div class='ocr_carea' id='block_1_59' title="bbox 2027 2895 3616 2966">
    <p class='ocr_par' dir='ltr' id='par_1_59' title="bbox 2027 2895 3616 2966">
     <span class='ocr_line' id='line_1_59' title="bbox 2027 2895 3616 2966; baseline 0.002 -14"><span class='ocrx_word' id='word_1_448' title='bbox 2027 2897 2264 2952; x_wconf 84' lang='lat' dir='ltr'><strong>habeant</strong></span> <span class='ocrx_word' id='word_1_449' title='bbox 2286 2911 2388 2965; x_wconf 90' lang='lat' dir='ltr'><strong>pro</strong></span> <span class='ocrx_word' id='word_1_450' title='bbox 2416 2895 2528 2950; x_wconf 86' lang='lat' dir='ltr'><strong>suis</strong></span> <span class='ocrx_word' id='word_1_451' title='bbox 2549 2895 2880 2950; x_wconf 67' lang='lat' dir='ltr'><strong>excessibuss</strong></span> <span class='ocrx_word' id='word_1_452' title='bbox 2913 2895 3066 2950; x_wconf 82' lang='lat' dir='ltr'><strong>Unde</strong></span> <span class='ocrx_word' id='word_1_453' title='bbox 3095 2895 3183 2950; x_wconf 91' lang='lat' dir='ltr'><strong>ille</strong></span> <span class='ocrx_word' id='word_1_454' title='bbox 3209 2897 3299 2966; x_wconf 87' lang='lat' dir='ltr'><strong>qui</strong></span> <span class='ocrx_word' id='word_1_455' title='bbox 3332 2913 3426 2952; x_wconf 80' lang='lat' dir='ltr'><strong>rex</strong></span> <span class='ocrx_word' id='word_1_456' title='bbox 3454 2900 3616 2956; x_wconf 81' lang='lat' dir='ltr'><strong>simul</strong></span> 
     </span>
    </p>
   </div>
   <div class='ocr_carea' id='block_1_60' title="bbox 2028 2983 3618 3058">
    <p class='ocr_par' dir='ltr' id='par_1_60' title="bbox 2028 2983 3618 3058">
     <span class='ocr_line' id='line_1_60' title="bbox 2028 2983 3618 3058; baseline 0.001 -17"><span class='ocrx_word' id='word_1_457' title='bbox 2028 2995 2082 3041; x_wconf 86' lang='lat' dir='ltr'><strong>et</strong></span> <span class='ocrx_word' id='word_1_458' title='bbox 2111 2986 2374 3055; x_wconf 86' lang='lat' dir='ltr'><strong>propheta</strong></span> <span class='ocrx_word' id='word_1_459' title='bbox 2401 2983 2530 3051; x_wconf 82' lang='lat' dir='ltr'><strong>fuit,</strong></span> <span class='ocrx_word' id='word_1_460' title='bbox 2560 2991 2616 3039; x_wconf 88' lang='lat' dir='ltr'><strong>et</strong></span> <span class='ocrx_word' id='word_1_461' title='bbox 2643 2985 2730 3038; x_wconf 86' lang='lat' dir='ltr'><strong>cui</strong></span> <span class='ocrx_word' id='word_1_462' title='bbox 2757 2984 2823 3038; x_wconf 89' lang='lat' dir='ltr'><strong>de</strong></span> <span class='ocrx_word' id='word_1_463' title='bbox 2851 2984 3225 3040; x_wconf 87' lang='lat' dir='ltr'><strong>incarnatione</strong></span> <span class='ocrx_word' id='word_1_464' title='bbox 3257 2985 3457 3042; x_wconf 89' lang='lat' dir='ltr'><strong>Christi</strong></span> <span class='ocrx_word' id='word_1_465' title='bbox 3490 3003 3618 3058; x_wconf 83' lang='lat' dir='ltr'><strong>pro-</strong></span> 
     </span>
    </p>
   </div>
   <div class='ocr_carea' id='block_1_61' title="bbox 2028 3075 3618 3150">
    <p class='ocr_par' dir='ltr' id='par_1_61' title="bbox 2028 3075 3618 3150">
     <span class='ocr_line' id='line_1_61' title="bbox 2028 3075 3618 3150; baseline 0.001 -18"><span class='ocrx_word' id='word_1_466' title='bbox 2028 3077 2253 3132; x_wconf 86' lang='lat' dir='ltr'><strong>missum</strong></span> <span class='ocrx_word' id='word_1_467' title='bbox 2293 3083 2410 3140; x_wconf 90' lang='lat' dir='ltr'><strong>est,</strong></span> <span class='ocrx_word' id='word_1_468' title='bbox 2446 3075 2590 3144; x_wconf 88' lang='lat' dir='ltr'><strong>quod</strong></span> <span class='ocrx_word' id='word_1_469' title='bbox 2626 3091 2692 3131; x_wconf 69' lang='lat' dir='ltr'><strong>ex</strong></span> <span class='ocrx_word' id='word_1_470' title='bbox 2731 3076 2848 3146; x_wconf 87' lang='lat' dir='ltr'><strong>ejus</strong></span> <span class='ocrx_word' id='word_1_471' title='bbox 2891 3076 3097 3131; x_wconf 86' lang='lat' dir='ltr'><strong>semine</strong></span> <span class='ocrx_word' id='word_1_472' title='bbox 3138 3087 3476 3145; x_wconf 40' lang='lat' dir='ltr'><strong>nasceretur,</strong></span> <span class='ocrx_word' id='word_1_473' title='bbox 3515 3095 3618 3150; x_wconf 86' lang='lat' dir='ltr'><strong>pro</strong></span> 
     </span>
    </p>
   </div>
   <div class='ocr_carea' id='block_1_62' title="bbox 344 3160 3622 3239">
    <p class='ocr_par' dir='ltr' id='par_1_62' title="bbox 344 3160 3622 3239">
     <span class='ocr_line' id='line_1_62' title="bbox 344 3160 3622 3239; baseline -0.001 -12"><span class='ocrx_word' id='word_1_474' title='bbox 344 3183 544 3227; x_wconf 89' lang='lat' dir='ltr'><strong>terram</strong></span> <span class='ocrx_word' id='word_1_475' title='bbox 584 3168 924 3224; x_wconf 56' lang='lat' dir='ltr'><strong>Palaestinam</strong></span> <span class='ocrx_word' id='word_1_476' title='bbox 962 3172 1119 3220; x_wconf 90' lang='lat' dir='ltr'><strong>vocat</strong></span> <span class='ocrx_word' id='word_1_477' title='bbox 1149 3183 1162 3217; x_wconf 74' lang='grc' dir='ltr'>ε</span> <span class='ocrx_word' id='word_1_478' title='bbox 1193 3164 1323 3236; x_wconf 88' lang='lat' dir='ltr'><strong>quia</strong></span> <span class='ocrx_word' id='word_1_479' title='bbox 1362 3164 1430 3219; x_wconf 88' lang='lat' dir='ltr'><strong>ad</strong></span> <span class='ocrx_word' id='word_1_480' title='bbox 1469 3164 1927 3233; x_wconf 86' lang='lat' dir='ltr'><strong>comparationem</strong></span> <span class='ocrx_word' id='word_1_481' title='bbox 1956 3160 2002 3222; x_wconf 87' lang='lat' dir='ltr'><strong>C</strong></span> <span class='ocrx_word' id='word_1_482' title='bbox 2033 3167 2146 3222; x_wconf 83' lang='lat' dir='ltr'><strong>suis</strong></span> <span class='ocrx_word' id='word_1_483' title='bbox 2173 3167 2384 3222; x_wconf 88' lang='lat' dir='ltr'><strong>delictis</strong></span> <span class='ocrx_word' id='word_1_484' title='bbox 2408 3164 2692 3222; x_wconf 81' lang='lat' dir='ltr'><strong>Doniinum</strong></span> <span class='ocrx_word' id='word_1_485' title='bbox 2712 3167 3038 3236; x_wconf 87' lang='lat' dir='ltr'><strong>deprecatur</strong></span> <span class='ocrx_word' id='word_1_486' title='bbox 3062 3167 3248 3223; x_wconf 88' lang='lat' dir='ltr'><strong>dicens</strong></span> <span class='ocrx_word' id='word_1_487' title='bbox 3278 3187 3289 3221; x_wconf 89' lang='lat'>:</span> <span class='ocrx_word' id='word_1_488' title='bbox 3323 3187 3341 3219; x_wconf 77' lang='grc' dir='ltr'>ι</span> <span class='ocrx_word' id='word_1_489' title='bbox 3373 3169 3622 3239; x_wconf 81' lang='lat' dir='ltr'><strong>Amplius</strong></span> 
     </span>
    </p>
   </div>
   <div class='ocr_carea' id='block_1_63' title="bbox 345 3254 1924 3329">
    <p class='ocr_par' dir='ltr' id='par_1_63' title="bbox 345 3254 1924 3329">
     <span class='ocr_line' id='line_1_63' title="bbox 345 3254 1924 3329; baseline -0.008 -11"><span class='ocrx_word' id='word_1_490' title='bbox 345 3273 506 3318; x_wconf 79' lang='lat' dir='ltr'><strong>terrae</strong></span> <span class='ocrx_word' id='word_1_491' title='bbox 533 3259 773 3329; x_wconf 64' lang='lat' dir='ltr'><strong>Egypti,</strong></span> <span class='ocrx_word' id='word_1_492' title='bbox 802 3271 923 3327; x_wconf 67' lang='lat' dir='ltr'><strong>quae</strong></span> <span class='ocrx_word' id='word_1_493' title='bbox 949 3255 1107 3324; x_wconf 87' lang='lat' dir='ltr'><strong>plana</strong></span> <span class='ocrx_word' id='word_1_494' title='bbox 1135 3263 1190 3308; x_wconf 89' lang='lat' dir='ltr'><strong>et</strong></span> <span class='ocrx_word' id='word_1_495' title='bbox 1216 3254 1418 3323; x_wconf 86' lang='lat' dir='ltr'><strong>irrigua</strong></span> <span class='ocrx_word' id='word_1_496' title='bbox 1455 3262 1556 3317; x_wconf 93' lang='lat' dir='ltr'><strong>est,</strong></span> <span class='ocrx_word' id='word_1_497' title='bbox 1593 3262 1840 3309; x_wconf 86' lang='lat' dir='ltr'><strong>montosa</strong></span> <span class='ocrx_word' id='word_1_498' title='bbox 1870 3261 1924 3306; x_wconf 90' lang='lat' dir='ltr'><strong>et</strong></span> 
     </span>
    </p>
   </div>
   <div class='ocr_carea' id='block_1_64' title="bbox 343 3343 1928 3420">
    <p class='ocr_par' dir='ltr' id='par_1_64' title="bbox 343 3343 1928 3420">
     <span class='ocr_line' id='line_1_64' title="bbox 343 3343 1928 3420; baseline -0.008 -12"><span class='ocrx_word' id='word_1_499' title='bbox 343 3365 536 3420; x_wconf 85' lang='lat' dir='ltr'><strong>aspera</strong></span> <span class='ocrx_word' id='word_1_500' title='bbox 572 3349 805 3403; x_wconf 78' lang='lat' dir='ltr'><strong>videtur.</strong></span> <span class='ocrx_word' id='word_1_501' title='bbox 838 3346 1030 3409; x_wconf 87' lang='lat' dir='ltr'><strong>Aliter,</strong></span> <span class='ocrx_word' id='word_1_502' title='bbox 1069 3343 1284 3398; x_wconf 75' lang='lat' dir='ltr'><strong>excelsa</strong></span> <span class='ocrx_word' id='word_1_503' title='bbox 1319 3352 1482 3406; x_wconf 84' lang='lat' dir='ltr'><strong>terra,</strong></span> <span class='ocrx_word' id='word_1_504' title='bbox 1523 3343 1764 3399; x_wconf 88' lang='lat' dir='ltr'><strong>Ecclesia</strong></span> <span class='ocrx_word' id='word_1_505' title='bbox 1803 3359 1928 3398; x_wconf 89' lang='lat' dir='ltr'><strong>san—</strong></span> 
     </span>
    </p>
   </div>
   <div class='ocr_carea' id='block_1_65' title="bbox 343 3434 1926 3510">
    <p class='ocr_par' dir='ltr' id='par_1_65' title="bbox 343 3434 1926 3510">
     <span class='ocr_line' id='line_1_65' title="bbox 343 3434 1926 3510; baseline -0.003 -14"><span class='ocrx_word' id='word_1_506' title='bbox 343 3452 454 3506; x_wconf 90' lang='lat' dir='ltr'><strong>cta,</strong></span> <span class='ocrx_word' id='word_1_507' title='bbox 482 3455 602 3510; x_wconf 73' lang='lat' dir='ltr'><strong>qua:</strong></span> <span class='ocrx_word' id='word_1_508' title='bbox 621 3437 912 3492; x_wconf 83' lang='lat' dir='ltr'><strong>virtutibus</strong></span> <span class='ocrx_word' id='word_1_509' title='bbox 941 3443 997 3489; x_wconf 89' lang='lat' dir='ltr'><strong>et</strong></span> <span class='ocrx_word' id='word_1_510' title='bbox 1021 3434 1248 3490; x_wconf 87' lang='lat' dir='ltr'><strong>scientia</strong></span> <span class='ocrx_word' id='word_1_511' title='bbox 1274 3434 1522 3490; x_wconf 78' lang='lat' dir='ltr'><strong>sublimis</strong></span> <span class='ocrx_word' id='word_1_512' title='bbox 1550 3445 1634 3490; x_wconf 89' lang='lat' dir='ltr'><strong>est</strong></span> <span class='ocrx_word' id='word_1_513' title='bbox 1655 3435 1827 3491; x_wconf 85' lang='lat' dir='ltr'><strong>valde.</strong></span> <span class='ocrx_word' id='word_1_514' title='bbox 1850 3437 1926 3492; x_wconf 87' lang='lat' dir='ltr'><strong>lbi</strong></span> 
     </span>
    </p>
   </div>
   <div class='ocr_carea' id='block_1_66' title="bbox 345 3526 1926 3600">
    <p class='ocr_par' dir='ltr' id='par_1_66' title="bbox 345 3526 1926 3600">
     <span class='ocr_line' id='line_1_66' title="bbox 345 3526 1926 3600; baseline -0.003 -13"><span class='ocrx_word' id='word_1_515' title='bbox 345 3532 531 3588; x_wconf 90' lang='lat' dir='ltr'><strong>ﬁdeles</strong></span> <span class='ocrx_word' id='word_1_516' title='bbox 556 3530 756 3600; x_wconf 89' lang='lat' dir='ltr'><strong>quique</strong></span> <span class='ocrx_word' id='word_1_517' title='bbox 783 3527 1085 3587; x_wconf 84' lang='lat' dir='ltr'><strong>constituti.</strong></span> <span class='ocrx_word' id='word_1_518' title='bbox 1113 3529 1406 3582; x_wconf 79' lang='lat' dir='ltr'><strong>comedunt</strong></span> <span class='ocrx_word' id='word_1_519' title='bbox 1442 3526 1650 3583; x_wconf 75' lang='lat' dir='ltr'><strong>fructus</strong></span> <span class='ocrx_word' id='word_1_520' title='bbox 1675 3543 1926 3600; x_wconf 77' lang='lat' dir='ltr'><strong>agrorum</strong></span> 
     </span>
    </p>
   </div>
   <div class='ocr_carea' id='block_1_67' title="bbox 344 3621 1928 3696">
    <p class='ocr_par' dir='ltr' id='par_1_67' title="bbox 344 3621 1928 3696">
     <span class='ocr_line' id='line_1_67' title="bbox 344 3621 1928 3696; baseline -0.003 -15"><span class='ocrx_word' id='word_1_521' title='bbox 344 3623 690 3696; x_wconf 86' lang='lat' dir='ltr'><strong>spiritalium,</strong></span> <span class='ocrx_word' id='word_1_522' title='bbox 719 3621 842 3692; x_wconf 89' lang='lat' dir='ltr'><strong>quia</strong></span> <span class='ocrx_word' id='word_1_523' title='bbox 869 3621 940 3676; x_wconf 90' lang='lat' dir='ltr'><strong>ibi</strong></span> <span class='ocrx_word' id='word_1_524' title='bbox 971 3621 1240 3690; x_wconf 85' lang='lat' dir='ltr'><strong>germinat</strong></span> <span class='ocrx_word' id='word_1_525' title='bbox 1263 3622 1461 3678; x_wconf 87' lang='lat' dir='ltr'><strong>bonum</strong></span> <span class='ocrx_word' id='word_1_526' title='bbox 1492 3636 1674 3675; x_wconf 86' lang='lat' dir='ltr'><strong>semen</strong></span> <span class='ocrx_word' id='word_1_527' title='bbox 1706 3623 1928 3677; x_wconf 86' lang='lat' dir='ltr'><strong>verbum</strong></span> 
     </span>
    </p>
   </div>
   <div class='ocr_carea' id='block_1_68' title="bbox 347 3713 1928 3785">
    <p class='ocr_par' dir='ltr' id='par_1_68' title="bbox 347 3713 1928 3785">
     <span class='ocr_line' id='line_1_68' title="bbox 347 3713 1928 3785; baseline -0.003 -11"><span class='ocrx_word' id='word_1_528' title='bbox 347 3719 480 3782; x_wconf 81' lang='lat' dir='ltr'><strong>Dei,</strong></span> <span class='ocrx_word' id='word_1_529' title='bbox 519 3717 665 3772; x_wconf 89' lang='lat' dir='ltr'><strong>aliud</strong></span> <span class='ocrx_word' id='word_1_530' title='bbox 709 3715 1076 3778; x_wconf 85' lang='lat' dir='ltr'><strong>tricesimum,</strong></span> <span class='ocrx_word' id='word_1_531' title='bbox 1122 3713 1269 3767; x_wconf 89' lang='lat' dir='ltr'><strong>aliud</strong></span> <span class='ocrx_word' id='word_1_532' title='bbox 1314 3715 1740 3785; x_wconf 78' lang='lat' dir='ltr'><strong>sexagesimum,</strong></span> <span class='ocrx_word' id='word_1_533' title='bbox 1784 3714 1928 3769; x_wconf 82' lang='lat' dir='ltr'><strong>aliud</strong></span> 
     </span>
    </p>
   </div>
   <div class='ocr_carea' id='block_1_69' title="bbox 2028 3255 3614 3325">
    <p class='ocr_par' dir='ltr' id='par_1_69' title="bbox 2028 3255 3614 3325">
     <span class='ocr_line' id='line_1_69' title="bbox 2028 3255 3614 3325; baseline 0.002 -14"><span class='ocrx_word' id='word_1_534' title='bbox 2028 3258 2146 3312; x_wconf 87' lang='lat' dir='ltr'><strong>lava</strong></span> <span class='ocrx_word' id='word_1_535' title='bbox 2195 3267 2304 3322; x_wconf 87' lang='lat' dir='ltr'><strong>me,</strong></span> <span class='ocrx_word' id='word_1_536' title='bbox 2353 3257 2611 3322; x_wconf 86' lang='lat' dir='ltr'><strong>Domine,</strong></span> <span class='ocrx_word' id='word_1_537' title='bbox 2664 3257 2732 3311; x_wconf 91' lang='lat' dir='ltr'><strong>ab</strong></span> <span class='ocrx_word' id='word_1_538' title='bbox 2767 3255 3028 3325; x_wconf 74' lang='lat' dir='ltr'><strong>iniustitia</strong></span> <span class='ocrx_word' id='word_1_539' title='bbox 3071 3273 3212 3323; x_wconf 85' lang='lat' dir='ltr'><strong>mea,</strong></span> <span class='ocrx_word' id='word_1_540' title='bbox 3259 3267 3316 3313; x_wconf 91' lang='lat' dir='ltr'><strong>et</strong></span> <span class='ocrx_word' id='word_1_541' title='bbox 3355 3275 3386 3312; x_wconf 90' lang='lat' dir='ltr'><strong>a</strong></span> <span class='ocrx_word' id='word_1_542' title='bbox 3417 3260 3614 3314; x_wconf 87' lang='lat' dir='ltr'><strong>delicto</strong></span> 
     </span>
    </p>
   </div>
   <div class='ocr_carea' id='block_1_70' title="bbox 2029 3348 3616 3422">
    <p class='ocr_par' dir='ltr' id='par_1_70' title="bbox 2029 3348 3616 3422">
     <span class='ocr_line' id='line_1_70' title="bbox 2029 3348 3616 3422; baseline 0.001 -19"><span class='ocrx_word' id='word_1_543' title='bbox 2029 3363 2150 3404; x_wconf 88' lang='lat' dir='ltr'><strong>meo</strong></span> <span class='ocrx_word' id='word_1_544' title='bbox 2192 3349 2391 3403; x_wconf 87' lang='lat' dir='ltr'><strong>munda</strong></span> <span class='ocrx_word' id='word_1_545' title='bbox 2433 3363 2541 3402; x_wconf 90' lang='lat' dir='ltr'><strong>me.</strong></span> <span class='ocrx_word' id='word_1_546' title='bbox 2588 3348 2854 3414; x_wconf 84' lang='lat' dir='ltr'><strong>Quoniam</strong></span> <span class='ocrx_word' id='word_1_547' title='bbox 2902 3349 3241 3418; x_wconf 85' lang='lat' dir='ltr'><strong>iniquitatem</strong></span> <span class='ocrx_word' id='word_1_548' title='bbox 3293 3365 3468 3405; x_wconf 88' lang='lat' dir='ltr'><strong>meam</strong></span> <span class='ocrx_word' id='word_1_549' title='bbox 3515 3367 3616 3422; x_wconf 81' lang='lat' dir='ltr'><strong>ego</strong></span> 
     </span>
    </p>
   </div>
   <div class='ocr_carea' id='block_1_71' title="bbox 2028 3439 3616 3512">
    <p class='ocr_par' dir='ltr' id='par_1_71' title="bbox 2028 3439 3616 3512">
     <span class='ocr_line' id='line_1_71' title="bbox 2028 3439 3616 3512; baseline -0.002 -15"><span class='ocrx_word' id='word_1_550' title='bbox 2028 3455 2320 3512; x_wconf 83' lang='lat' dir='ltr'><strong>cognosco.</strong></span> <span class='ocrx_word' id='word_1_551' title='bbox 2347 3449 2403 3494; x_wconf 92' lang='lat' dir='ltr'><strong>et</strong></span> <span class='ocrx_word' id='word_1_552' title='bbox 2437 3439 2691 3503; x_wconf 77' lang='lat' dir='ltr'><strong>delictum</strong></span> <span class='ocrx_word' id='word_1_553' title='bbox 2727 3454 2906 3493; x_wconf 88' lang='lat' dir='ltr'><strong>meum</strong></span> <span class='ocrx_word' id='word_1_554' title='bbox 2932 3452 3122 3495; x_wconf 86' lang='lat' dir='ltr'><strong>contra</strong></span> <span class='ocrx_word' id='word_1_555' title='bbox 3162 3454 3250 3495; x_wconf 90' lang='lat' dir='ltr'><strong>me</strong></span> <span class='ocrx_word' id='word_1_556' title='bbox 3285 3449 3366 3496; x_wconf 89' lang='lat' dir='ltr'><strong>est</strong></span> <span class='ocrx_word' id='word_1_557' title='bbox 3401 3457 3616 3511; x_wconf 89' lang='lat' dir='ltr'><strong>semper</strong></span> 
     </span>
    </p>
   </div>
   <div class='ocr_carea' id='block_1_72' title="bbox 2030 3529 3624 3604">
    <p class='ocr_par' dir='ltr' id='par_1_72' title="bbox 2030 3529 3624 3604">
     <span class='ocr_line' id='line_1_72' title="bbox 2030 3529 3624 3604; baseline -0.001 -18"><span class='ocrx_word' id='word_1_558' title='bbox 2030 3531 2204 3604; x_wconf 81' lang='lat' dir='ltr'><strong>(Psal.</strong></span> <span class='ocrx_word' id='word_1_559' title='bbox 2234 3533 2319 3603; x_wconf 73' lang='lat'><strong>1.);</strong></span> <span class='ocrx_word' id='word_1_560' title='bbox 2356 3551 2374 3583; x_wconf 76' lang='grc' dir='ltr'><strong><em>ι</em></strong></span> <span class='ocrx_word' id='word_1_561' title='bbox 2410 3539 2466 3586; x_wconf 93' lang='lat' dir='ltr'><strong>et</strong></span> <span class='ocrx_word' id='word_1_562' title='bbox 2493 3537 2555 3584; x_wconf 88' lang='lat' dir='ltr'><strong>ut</strong></span> <span class='ocrx_word' id='word_1_563' title='bbox 2582 3529 2696 3584; x_wconf 64' lang='lat' dir='ltr'><strong>haec</strong></span> <span class='ocrx_word' id='word_1_564' title='bbox 2721 3529 2903 3585; x_wconf 87' lang='lat' dir='ltr'><strong>omnia</strong></span> <span class='ocrx_word' id='word_1_565' title='bbox 2929 3529 3189 3584; x_wconf 86' lang='lat' dir='ltr'><strong>beneﬁcia</strong></span> <span class='ocrx_word' id='word_1_566' title='bbox 3217 3545 3337 3599; x_wconf 74' lang='lat' dir='ltr'><strong>qum</strong></span> <span class='ocrx_word' id='word_1_567' title='bbox 3358 3533 3624 3600; x_wconf 62' lang='lat' dir='ltr'><strong>praedicta.</strong></span> 
     </span>
    </p>
   </div>
   <div class='ocr_carea' id='block_1_73' title="bbox 2028 3622 3616 3690">
    <p class='ocr_par' dir='ltr' id='par_1_73' title="bbox 2028 3622 3616 3690">
     <span class='ocr_line' id='line_1_73' title="bbox 2028 3622 3616 3690; baseline -0.003 -11"><span class='ocrx_word' id='word_1_568' title='bbox 2028 3632 2184 3689; x_wconf 87' lang='lat' dir='ltr'><strong>sunt,</strong></span> <span class='ocrx_word' id='word_1_569' title='bbox 2235 3622 2592 3679; x_wconf 88' lang='lat' dir='ltr'><strong>eminentiore</strong></span> <span class='ocrx_word' id='word_1_570' title='bbox 2639 3623 2780 3677; x_wconf 87' lang='lat' dir='ltr'><strong>dono</strong></span> <span class='ocrx_word' id='word_1_571' title='bbox 2826 3623 3318 3689; x_wconf 81' lang='lat' dir='ltr'><strong>accumularentur,</strong></span> <span class='ocrx_word' id='word_1_572' title='bbox 3375 3623 3616 3690; x_wconf 86' lang='lat' dir='ltr'><strong>addidit,</strong></span> 
     </span>
    </p>
   </div>
   <div class='ocr_carea' id='block_1_74' title="bbox 2036 3712 3624 3784">
    <p class='ocr_par' dir='ltr' id='par_1_74' title="bbox 2036 3712 3624 3784">
     <span class='ocr_line' id='line_1_74' title="bbox 2036 3712 3624 3784; baseline 0.001 -17"><span class='ocrx_word' id='word_1_573' title='bbox 2036 3735 2054 3767; x_wconf 71' lang='grc' dir='ltr'>ι</span> <span class='ocrx_word' id='word_1_574' title='bbox 2091 3715 2379 3772; x_wconf 84' lang='lat' dir='ltr'><strong>medullam</strong></span> <span class='ocrx_word' id='word_1_575' title='bbox 2417 3714 2582 3769; x_wconf 91' lang='lat' dir='ltr'><strong>tritici</strong></span> <span class='ocrx_word' id='word_1_576' title='bbox 2625 3723 2682 3770; x_wconf 88' lang='lat' dir='ltr'><strong>et</strong></span> <span class='ocrx_word' id='word_1_577' title='bbox 2715 3715 3031 3784; x_wconf 85' lang='lat' dir='ltr'><strong>sanguinem</strong></span> <span class='ocrx_word' id='word_1_578' title='bbox 3073 3729 3209 3768; x_wconf 71' lang='lat' dir='ltr'><strong>um.</strong></span> <span class='ocrx_word' id='word_1_579' title='bbox 3247 3733 3266 3766; x_wconf 75' lang='grc' dir='ltr'><strong><em>ι</em></strong></span> <span class='ocrx_word' id='word_1_580' title='bbox 3302 3712 3444 3780; x_wconf 83' lang='lat' dir='ltr'><strong>Quid</strong></span> <span class='ocrx_word' id='word_1_581' title='bbox 3468 3714 3624 3768; x_wconf 83' lang='lat' dir='ltr'><strong>enim</strong></span> 
     </span>
    </p>
   </div>
   <div class='ocr_carea' id='block_1_75' title="bbox 347 3804 3618 3876">
    <p class='ocr_par' dir='ltr' id='par_1_75' title="bbox 347 3804 3618 3876">
     <span class='ocr_line' id='line_1_75' title="bbox 347 3804 3618 3876; baseline -0.002 -12"><span class='ocrx_word' id='word_1_582' title='bbox 347 3809 703 3864; x_wconf 85' lang='lat' dir='ltr'><strong>centesimum</strong></span> <span class='ocrx_word' id='word_1_583' title='bbox 729 3805 964 3860; x_wconf 66' lang='lat' dir='ltr'><strong>fructum</strong></span> <span class='ocrx_word' id='word_1_584' title='bbox 995 3824 1006 3858; x_wconf 94' lang='lat'>:</span> <span class='ocrx_word' id='word_1_585' title='bbox 1035 3814 1095 3858; x_wconf 92' lang='lat' dir='ltr'><strong>ut</strong></span> <span class='ocrx_word' id='word_1_586' title='bbox 1118 3805 1486 3874; x_wconf 83' lang='lat' dir='ltr'><strong>unusquisque</strong></span> <span class='ocrx_word' id='word_1_587' title='bbox 1510 3820 1608 3875; x_wconf 91' lang='lat' dir='ltr'><strong>pro</strong></span> <span class='ocrx_word' id='word_1_588' title='bbox 1631 3807 1931 3874; x_wconf 86' lang='lat' dir='ltr'><strong>eapacitate</strong></span> <span class='ocrx_word' id='word_1_589' title='bbox 2029 3822 2128 3876; x_wconf 88' lang='lat' dir='ltr'><strong>per</strong></span> <span class='ocrx_word' id='word_1_590' title='bbox 2163 3807 2450 3863; x_wconf 80' lang='lat' dir='ltr'><strong>medullam</strong></span> <span class='ocrx_word' id='word_1_591' title='bbox 2489 3805 2688 3872; x_wconf 91' lang='lat' dir='ltr'><strong>tritici,</strong></span> <span class='ocrx_word' id='word_1_592' title='bbox 2733 3805 2838 3861; x_wconf 90' lang='lat' dir='ltr'><strong>nisi</strong></span> <span class='ocrx_word' id='word_1_593' title='bbox 2871 3820 3066 3875; x_wconf 89' lang='lat' dir='ltr'><strong>corpus</strong></span> <span class='ocrx_word' id='word_1_594' title='bbox 3108 3804 3349 3860; x_wconf 83' lang='lat' dir='ltr'><strong>Christi?</strong></span> <span class='ocrx_word' id='word_1_595' title='bbox 3391 3805 3618 3875; x_wconf 75' lang='lat' dir='ltr'><strong>thuid</strong></span> 
     </span>
    </p>
   </div>
   <div class='ocr_carea' id='block_1_76' title="bbox 347 3895 3618 3972">
    <p class='ocr_par' dir='ltr' id='par_1_76' title="bbox 347 3895 3618 3972">
     <span class='ocr_line' id='line_1_76' title="bbox 347 3895 3618 3972; baseline -0.001 -17"><span class='ocrx_word' id='word_1_596' title='bbox 347 3913 466 3963; x_wconf 87' lang='lat' dir='ltr'><strong>sua,</strong></span> <span class='ocrx_word' id='word_1_597' title='bbox 497 3898 677 3953; x_wconf 91' lang='lat' dir='ltr'><strong>cibum</strong></span> <span class='ocrx_word' id='word_1_598' title='bbox 707 3895 1064 3951; x_wconf 67' lang='lat' dir='ltr'><strong>sufﬁcientem</strong></span> <span class='ocrx_word' id='word_1_599' title='bbox 1105 3895 1217 3950; x_wconf 85' lang='lat' dir='ltr'><strong>sibi</strong></span> <span class='ocrx_word' id='word_1_600' title='bbox 1249 3895 1506 3950; x_wconf 85' lang='lat' dir='ltr'><strong>inveniat.</strong></span> <span class='ocrx_word' id='word_1_601' title='bbox 1546 3914 1566 3948; x_wconf 75' lang='grc' dir='ltr'>ι</span> <span class='ocrx_word' id='word_1_602' title='bbox 1603 3895 1674 3951; x_wconf 88' lang='lat' dir='ltr'><strong>Ut</strong></span> <span class='ocrx_word' id='word_1_603' title='bbox 1715 3907 1930 3966; x_wconf 87' lang='lat' dir='ltr'><strong>sugeret</strong></span> <span class='ocrx_word' id='word_1_604' title='bbox 2028 3917 2127 3972; x_wconf 86' lang='lat' dir='ltr'><strong>per</strong></span> <span class='ocrx_word' id='word_1_605' title='bbox 2151 3901 2467 3972; x_wconf 87' lang='lat' dir='ltr'><strong>sanguinem</strong></span> <span class='ocrx_word' id='word_1_606' title='bbox 2498 3914 2648 3965; x_wconf 63' lang='lat' dir='ltr'><strong>uvae,</strong></span> <span class='ocrx_word' id='word_1_607' title='bbox 2684 3899 2790 3953; x_wconf 88' lang='lat' dir='ltr'><strong>nisi</strong></span> <span class='ocrx_word' id='word_1_608' title='bbox 2829 3898 2963 3953; x_wconf 85' lang='lat' dir='ltr'><strong>calix</strong></span> <span class='ocrx_word' id='word_1_609' title='bbox 2997 3897 3129 3952; x_wconf 87' lang='lat' dir='ltr'><strong>Novi</strong></span> <span class='ocrx_word' id='word_1_610' title='bbox 3162 3897 3530 3965; x_wconf 85' lang='lat' dir='ltr'><strong>Testamenti,</strong></span> <span class='ocrx_word' id='word_1_611' title='bbox 3562 3901 3618 3952; x_wconf 88' lang='lat' dir='ltr'><strong>in</strong></span> 
     </span>
    </p>
   </div>
   <div class='ocr_carea' id='block_1_77' title="bbox 347 3987 3624 4062">
    <p class='ocr_par' dir='ltr' id='par_1_77' title="bbox 347 3987 3624 4062">
     <span class='ocr_line' id='line_1_77' title="bbox 347 3987 3624 4062; baseline -0 -17"><span class='ocrx_word' id='word_1_612' title='bbox 347 3990 453 4046; x_wconf 87' lang='lat' dir='ltr'><strong>mel</strong></span> <span class='ocrx_word' id='word_1_613' title='bbox 488 3990 552 4044; x_wconf 91' lang='lat' dir='ltr'><strong>de</strong></span> <span class='ocrx_word' id='word_1_614' title='bbox 579 3997 732 4058; x_wconf 90' lang='lat' dir='ltr'><strong>petra</strong></span> <span class='ocrx_word' id='word_1_615' title='bbox 752 4027 766 4053; x_wconf 97' lang='lat'><strong>,</strong></span> <span class='ocrx_word' id='word_1_616' title='bbox 795 3987 1083 4053; x_wconf 86' lang='lat' dir='ltr'><strong>oleumque</strong></span> <span class='ocrx_word' id='word_1_617' title='bbox 1121 3987 1188 4042; x_wconf 90' lang='lat' dir='ltr'><strong>de</strong></span> <span class='ocrx_word' id='word_1_618' title='bbox 1223 4001 1360 4042; x_wconf 77' lang='lat' dir='ltr'><strong>sam</strong></span> <span class='ocrx_word' id='word_1_619' title='bbox 1392 3987 1701 4042; x_wconf 89' lang='lat' dir='ltr'><strong>durissimo.</strong></span> <span class='ocrx_word' id='word_1_620' title='bbox 1748 4008 1770 4040; x_wconf 71' lang='grc' dir='ltr'><strong><em>ι</em></strong></span> <span class='ocrx_word' id='word_1_621' title='bbox 1810 3989 1928 4042; x_wconf 84' lang='lat' dir='ltr'><strong>Alia</strong></span> <span class='ocrx_word' id='word_1_622' title='bbox 2029 3991 2293 4062; x_wconf 85' lang='lat' dir='ltr'><strong>sanguine</strong></span> <span class='ocrx_word' id='word_1_623' title='bbox 2325 3989 2524 4045; x_wconf 81' lang='lat' dir='ltr'><strong>Chrisﬁ</strong></span> <span class='ocrx_word' id='word_1_624' title='bbox 2553 3989 2848 4058; x_wconf 87' lang='lat' dir='ltr'><strong>ﬁguratur?</strong></span> <span class='ocrx_word' id='word_1_625' title='bbox 2901 3987 3158 4043; x_wconf 81' lang='lat' dir='ltr'><strong>Plurimis</strong></span> <span class='ocrx_word' id='word_1_626' title='bbox 3190 3989 3336 4042; x_wconf 90' lang='lat' dir='ltr'><strong>enim</strong></span> <span class='ocrx_word' id='word_1_627' title='bbox 3365 3989 3523 4044; x_wconf 87' lang='lat' dir='ltr'><strong>donis</strong></span> <span class='ocrx_word' id='word_1_628' title='bbox 3549 4005 3624 4044; x_wconf 65' lang='lat' dir='ltr'><strong>cx.</strong></span> 
     </span>
    </p>
   </div>
   <div class='ocr_carea' id='block_1_78' title="bbox 348 4076 1928 4148">
    <p class='ocr_par' dir='ltr' id='par_1_78' title="bbox 348 4076 1928 4148">
     <span class='ocr_line' id='line_1_78' title="bbox 348 4076 1928 4148; baseline -0.001 -12"><span class='ocrx_word' id='word_1_629' title='bbox 348 4092 529 4138; x_wconf 82' lang='lat' dir='ltr'><strong>autem</strong></span> <span class='ocrx_word' id='word_1_630' title='bbox 565 4081 732 4135; x_wconf 88' lang='lat' dir='ltr'><strong>editio</strong></span> <span class='ocrx_word' id='word_1_631' title='bbox 769 4079 851 4133; x_wconf 91' lang='lat' dir='ltr'><strong>sic</strong></span> <span class='ocrx_word' id='word_1_632' title='bbox 892 4078 1096 4132; x_wconf 87' lang='lat' dir='ltr'><strong>habet:</strong></span> <span class='ocrx_word' id='word_1_633' title='bbox 1134 4094 1153 4126; x_wconf 71' lang='grc' dir='ltr'><strong><em>ι</em></strong></span> <span class='ocrx_word' id='word_1_634' title='bbox 1189 4076 1462 4132; x_wconf 81' lang='lat' dir='ltr'><strong>Suxerunt</strong></span> <span class='ocrx_word' id='word_1_635' title='bbox 1504 4079 1609 4132; x_wconf 88' lang='lat' dir='ltr'><strong>mel</strong></span> <span class='ocrx_word' id='word_1_636' title='bbox 1643 4079 1709 4132; x_wconf 90' lang='lat' dir='ltr'><strong>de</strong></span> <span class='ocrx_word' id='word_1_637' title='bbox 1752 4088 1928 4148; x_wconf 87' lang='lat' dir='ltr'><strong>petra,</strong></span> 
     </span>
    </p>
   </div>
   <div class='ocr_carea' id='block_1_79' title="bbox 345 4165 1929 4240">
    <p class='ocr_par' dir='ltr' id='par_1_79' title="bbox 345 4165 1929 4240">
     <span class='ocr_line' id='line_1_79' title="bbox 345 4165 1929 4240; baseline -0.001 -14"><span class='ocrx_word' id='word_1_638' title='bbox 345 4181 402 4226; x_wconf 90' lang='lat' dir='ltr'><strong>et</strong></span> <span class='ocrx_word' id='word_1_639' title='bbox 421 4172 597 4227; x_wconf 91' lang='lat' dir='ltr'><strong>oleum</strong></span> <span class='ocrx_word' id='word_1_640' title='bbox 619 4170 686 4224; x_wconf 89' lang='lat' dir='ltr'><strong>de</strong></span> <span class='ocrx_word' id='word_1_641' title='bbox 714 4168 871 4223; x_wconf 88' lang='lat' dir='ltr'><strong>ﬁrma</strong></span> <span class='ocrx_word' id='word_1_642' title='bbox 896 4175 1069 4237; x_wconf 87' lang='lat' dir='ltr'><strong>petra.</strong></span> <span class='ocrx_word' id='word_1_643' title='bbox 1104 4187 1122 4219; x_wconf 73' lang='grc' dir='ltr'><strong>ι</strong></span> <span class='ocrx_word' id='word_1_644' title='bbox 1176 4165 1284 4221; x_wconf 90' lang='lat' dir='ltr'><strong>Sed</strong></span> <span class='ocrx_word' id='word_1_645' title='bbox 1308 4181 1570 4234; x_wconf 83' lang='lat' dir='ltr'><strong>nusquam</strong></span> <span class='ocrx_word' id='word_1_646' title='bbox 1597 4168 1700 4223; x_wconf 90' lang='lat' dir='ltr'><strong>tale</strong></span> <span class='ocrx_word' id='word_1_647' title='bbox 1728 4169 1929 4240; x_wconf 89' lang='lat' dir='ltr'><strong>aliquid</strong></span> 
     </span>
    </p>
   </div>
   <div class='ocr_carea' id='block_1_80' title="bbox 340 4254 1931 4329">
    <p class='ocr_par' dir='ltr' id='par_1_80' title="bbox 340 4254 1931 4329">
     <span class='ocr_line' id='line_1_80' title="bbox 340 4254 1931 4329; baseline -0.001 -15"><span class='ocrx_word' id='word_1_648' title='bbox 340 4261 496 4329; x_wconf 84' lang='lat' dir='ltr'><strong>juxta</strong></span> <span class='ocrx_word' id='word_1_649' title='bbox 545 4258 827 4314; x_wconf 88' lang='lat' dir='ltr'><strong>historiam</strong></span> <span class='ocrx_word' id='word_1_650' title='bbox 871 4256 1091 4327; x_wconf 82' lang='lat' dir='ltr'><strong>legitur,</strong></span> <span class='ocrx_word' id='word_1_651' title='bbox 1130 4255 1175 4310; x_wconf 89' lang='lat' dir='ltr'><strong>si</strong></span> <span class='ocrx_word' id='word_1_652' title='bbox 1223 4263 1334 4310; x_wconf 89' lang='lat' dir='ltr'><strong>tota</strong></span> <span class='ocrx_word' id='word_1_653' title='bbox 1380 4254 1710 4311; x_wconf 82' lang='lat' dir='ltr'><strong>Testamenti</strong></span> <span class='ocrx_word' id='word_1_654' title='bbox 1758 4259 1931 4313; x_wconf 84' lang='lat' dir='ltr'><strong>series</strong></span> 
     </span>
    </p>
   </div>
   <div class='ocr_carea' id='block_1_81' title="bbox 350 4345 1932 4440">
    <p class='ocr_par' dir='ltr' id='par_1_81' title="bbox 350 4345 1932 4440">
     <span class='ocr_line' id='line_1_81' title="bbox 350 4345 1932 4440; baseline -0.001 -34"><span class='ocrx_word' id='word_1_655' title='bbox 350 4351 564 4440; x_wconf 65' lang='lat' dir='ltr'><strong>veteris</strong></span> <span class='ocrx_word' id='word_1_656' title='bbox 607 4355 975 4405; x_wconf 87' lang='lat' dir='ltr'><strong>recenseatur.</strong></span> <span class='ocrx_word' id='word_1_657' title='bbox 1019 4345 1292 4416; x_wconf 84' lang='lat' dir='ltr'><strong>Nusquam</strong></span> <span class='ocrx_word' id='word_1_658' title='bbox 1340 4347 1406 4402; x_wconf 90' lang='lat' dir='ltr'><strong>de</strong></span> <span class='ocrx_word' id='word_1_659' title='bbox 1451 4357 1605 4417; x_wconf 85' lang='lat' dir='ltr'><strong>petra</strong></span> <span class='ocrx_word' id='word_1_660' title='bbox 1646 4349 1774 4414; x_wconf 88' lang='lat' dir='ltr'><strong>mel,</strong></span> <span class='ocrx_word' id='word_1_661' title='bbox 1803 4367 1932 4406; x_wconf 56' lang='lat' dir='ltr'><strong>nus-</strong></span> 
     </span>
    </p>
   </div>
   <div class='ocr_carea' id='block_1_82' title="bbox 347 4439 1926 4512">
    <p class='ocr_par' dir='ltr' id='par_1_82' title="bbox 347 4439 1926 4512">
     <span class='ocr_line' id='line_1_82' title="bbox 347 4439 1926 4512; baseline 0.001 -16"><span class='ocrx_word' id='word_1_662' title='bbox 347 4439 512 4512; x_wconf 86' lang='lat' dir='ltr'><strong>quam</strong></span> <span class='ocrx_word' id='word_1_663' title='bbox 559 4441 737 4496; x_wconf 90' lang='lat' dir='ltr'><strong>oleum</strong></span> <span class='ocrx_word' id='word_1_664' title='bbox 788 4439 1032 4510; x_wconf 85' lang='lat' dir='ltr'><strong>populus</strong></span> <span class='ocrx_word' id='word_1_665' title='bbox 1085 4439 1172 4494; x_wconf 82' lang='lat' dir='ltr'><strong>ille</strong></span> <span class='ocrx_word' id='word_1_666' title='bbox 1218 4441 1384 4494; x_wconf 72' lang='lat' dir='ltr'><strong>suxit.</strong></span> <span class='ocrx_word' id='word_1_667' title='bbox 1443 4439 1550 4495; x_wconf 86' lang='lat' dir='ltr'><strong>Sed</strong></span> <span class='ocrx_word' id='word_1_668' title='bbox 1604 4443 1731 4510; x_wconf 89' lang='lat' dir='ltr'><strong>quia</strong></span> <span class='ocrx_word' id='word_1_669' title='bbox 1773 4441 1926 4511; x_wconf 84' lang='lat' dir='ltr'><strong>juxta</strong></span> 
     </span>
    </p>
   </div>
   <div class='ocr_carea' id='block_1_83' title="bbox 2028 4077 3630 4150">
    <p class='ocr_par' dir='ltr' id='par_1_83' title="bbox 2028 4077 3630 4150">
     <span class='ocr_line' id='line_1_83' title="bbox 2028 4077 3630 4150; baseline -0.001 -16"><span class='ocrx_word' id='word_1_670' title='bbox 2028 4081 2229 4150; x_wconf 82' lang='lat' dir='ltr'><strong>pietate</strong></span> <span class='ocrx_word' id='word_1_671' title='bbox 2262 4079 2365 4134; x_wconf 89' lang='lat' dir='ltr'><strong>Dei.</strong></span> <span class='ocrx_word' id='word_1_672' title='bbox 2392 4078 2760 4134; x_wconf 88' lang='lat' dir='ltr'><strong>ecclesiastico</strong></span> <span class='ocrx_word' id='word_1_673' title='bbox 2787 4077 2984 4148; x_wconf 89' lang='lat' dir='ltr'><strong>populo</strong></span> <span class='ocrx_word' id='word_1_674' title='bbox 3010 4079 3304 4143; x_wconf 89' lang='lat' dir='ltr'><strong>concessis,</strong></span> <span class='ocrx_word' id='word_1_675' title='bbox 3331 4079 3433 4134; x_wconf 93' lang='lat' dir='ltr'><strong>hoc</strong></span> <span class='ocrx_word' id='word_1_676' title='bbox 3475 4079 3630 4134; x_wconf 76' lang='lat' dir='ltr'><strong>inter-</strong></span> 
     </span>
    </p>
   </div>
   <div class='ocr_carea' id='block_1_84' title="bbox 2029 4168 3619 4238">
    <p class='ocr_par' dir='ltr' id='par_1_84' title="bbox 2029 4168 3619 4238">
     <span class='ocr_line' id='line_1_84' title="bbox 2029 4168 3619 4238; baseline -0.002 -13"><span class='ocrx_word' id='word_1_677' title='bbox 2029 4170 2210 4225; x_wconf 89' lang='lat' dir='ltr'><strong>omnia</strong></span> <span class='ocrx_word' id='word_1_678' title='bbox 2242 4168 2491 4233; x_wconf 78' lang='lat' dir='ltr'><strong>excellit,</strong></span> <span class='ocrx_word' id='word_1_679' title='bbox 2523 4168 2667 4237; x_wconf 89' lang='lat' dir='ltr'><strong>quod</strong></span> <span class='ocrx_word' id='word_1_680' title='bbox 2703 4168 2950 4238; x_wconf 86' lang='lat' dir='ltr'><strong>corporis</strong></span> <span class='ocrx_word' id='word_1_681' title='bbox 2989 4176 3045 4223; x_wconf 92' lang='lat' dir='ltr'><strong>et</strong></span> <span class='ocrx_word' id='word_1_682' title='bbox 3079 4169 3360 4237; x_wconf 81' lang='lat' dir='ltr'><strong>sanguinis</strong></span> <span class='ocrx_word' id='word_1_683' title='bbox 3403 4169 3486 4224; x_wconf 90' lang='lat' dir='ltr'><strong>sui</strong></span> <span class='ocrx_word' id='word_1_684' title='bbox 3531 4184 3619 4224; x_wconf 86' lang='lat' dir='ltr'><strong>sa-</strong></span> 
     </span>
    </p>
   </div>
   <div class='ocr_carea' id='block_1_85' title="bbox 2031 4258 3628 4330">
    <p class='ocr_par' dir='ltr' id='par_1_85' title="bbox 2031 4258 3628 4330">
     <span class='ocr_line' id='line_1_85' title="bbox 2031 4258 3628 4330; baseline -0.003 -13"><span class='ocrx_word' id='word_1_685' title='bbox 2031 4269 2342 4325; x_wconf 84' lang='lat' dir='ltr'><strong>eramenta,</strong></span> <span class='ocrx_word' id='word_1_686' title='bbox 2376 4261 2429 4314; x_wconf 91' lang='lat' dir='ltr'><strong>in</strong></span> <span class='ocrx_word' id='word_1_687' title='bbox 2460 4260 2616 4330; x_wconf 87' lang='lat' dir='ltr'><strong>panis</strong></span> <span class='ocrx_word' id='word_1_688' title='bbox 2649 4269 2703 4314; x_wconf 90' lang='lat' dir='ltr'><strong>et</strong></span> <span class='ocrx_word' id='word_1_689' title='bbox 2735 4261 2848 4314; x_wconf 87' lang='lat' dir='ltr'><strong>vini</strong></span> <span class='ocrx_word' id='word_1_690' title='bbox 2878 4259 3246 4324; x_wconf 82' lang='lat' dir='ltr'><strong>confectione,</strong></span> <span class='ocrx_word' id='word_1_691' title='bbox 3288 4258 3356 4314; x_wconf 90' lang='lat' dir='ltr'><strong>ad</strong></span> <span class='ocrx_word' id='word_1_692' title='bbox 3387 4259 3628 4313; x_wconf 79' lang='lat' dir='ltr'><strong>salutem</strong></span> 
     </span>
    </p>
   </div>
   <div class='ocr_carea' id='block_1_86' title="bbox 2030 4350 3618 4422">
    <p class='ocr_par' dir='ltr' id='par_1_86' title="bbox 2030 4350 3618 4422">
     <span class='ocr_line' id='line_1_86' title="bbox 2030 4350 3618 4422; baseline -0.003 -13"><span class='ocrx_word' id='word_1_693' title='bbox 2030 4364 2287 4409; x_wconf 82' lang='lat' dir='ltr'><strong>aeternam</strong></span> <span class='ocrx_word' id='word_1_694' title='bbox 2325 4352 2404 4406; x_wconf 88' lang='lat' dir='ltr'><strong>illi</strong></span> <span class='ocrx_word' id='word_1_695' title='bbox 2439 4351 2785 4406; x_wconf 78' lang='lat' dir='ltr'><strong>ministravit.</strong></span> <span class='ocrx_word' id='word_1_696' title='bbox 2821 4350 3120 4422; x_wconf 85' lang='lat' dir='ltr'><strong>Sequitur:</strong></span> <span class='ocrx_word' id='word_1_697' title='bbox 3159 4369 3178 4400; x_wconf 73' lang='grc' dir='ltr'>ί</span> <span class='ocrx_word' id='word_1_698' title='bbox 3211 4350 3468 4406; x_wconf 90' lang='lat' dir='ltr'><strong>Biberent</strong></span> <span class='ocrx_word' id='word_1_699' title='bbox 3505 4365 3618 4404; x_wconf 85' lang='lat' dir='ltr'><strong>me-</strong></span> 
     </span>
    </p>
   </div>
   <div class='ocr_carea' id='block_1_87' title="bbox 2033 4445 3621 4513">
    <p class='ocr_par' dir='ltr' id='par_1_87' title="bbox 2033 4445 3621 4513">
     <span class='ocr_line' id='line_1_87' title="bbox 2033 4445 3621 4513; baseline 0 -11"><span class='ocrx_word' id='word_1_700' title='bbox 2033 4447 2392 4502; x_wconf 89' lang='lat' dir='ltr'><strong>racissimum.</strong></span> <span class='ocrx_word' id='word_1_701' title='bbox 2439 4465 2457 4497; x_wconf 77' lang='grc' dir='ltr'><strong><em>ι</em></strong></span> <span class='ocrx_word' id='word_1_702' title='bbox 2509 4445 2646 4513; x_wconf 81' lang='lat' dir='ltr'><strong>Quia</strong></span> <span class='ocrx_word' id='word_1_703' title='bbox 2687 4446 2938 4500; x_wconf 83' lang='lat' dir='ltr'><strong>universa</strong></span> <span class='ocrx_word' id='word_1_704' title='bbox 2992 4447 3130 4501; x_wconf 88' lang='lat' dir='ltr'><strong>dona</strong></span> <span class='ocrx_word' id='word_1_705' title='bbox 3183 4445 3280 4501; x_wconf 81' lang='lat' dir='ltr'><strong>Dei</strong></span> <span class='ocrx_word' id='word_1_706' title='bbox 3328 4447 3446 4502; x_wconf 90' lang='lat' dir='ltr'><strong>sine</strong></span> <span class='ocrx_word' id='word_1_707' title='bbox 3483 4445 3621 4502; x_wconf 67' lang='lat' dir='ltr'><strong>fence</strong></span> 
     </span>
    </p>
   </div>
   <div class='ocr_carea' id='block_1_88' title="bbox 346 4507 3621 4611">
    <p class='ocr_par' dir='ltr' id='par_1_88' title="bbox 346 4507 3621 4611">
     <span class='ocr_line' id='line_1_88' title="bbox 346 4507 3621 4611; baseline 0.002 -25"><span class='ocrx_word' id='word_1_708' title='bbox 346 4532 498 4587; x_wconf 85' lang='lat' dir='ltr'><strong>Pauli</strong></span> <span class='ocrx_word' id='word_1_709' title='bbox 525 4548 742 4597; x_wconf 88' lang='lat' dir='ltr'><strong>vocem,</strong></span> <span class='ocrx_word' id='word_1_710' title='bbox 775 4542 927 4602; x_wconf 90' lang='lat' dir='ltr'><strong>petra</strong></span> <span class='ocrx_word' id='word_1_711' title='bbox 963 4539 1084 4586; x_wconf 85' lang='lat' dir='ltr'><strong>erat</strong></span> <span class='ocrx_word' id='word_1_712' title='bbox 1108 4527 1381 4596; x_wconf 83' lang='lat' dir='ltr'><strong>Christus,</strong></span> <span class='ocrx_word' id='word_1_713' title='bbox 1417 4531 1523 4586; x_wconf 90' lang='lat' dir='ltr'><strong>mel</strong></span> <span class='ocrx_word' id='word_1_714' title='bbox 1549 4533 1615 4588; x_wconf 78' lang='lat' dir='ltr'><strong>de</strong></span> <span class='ocrx_word' id='word_1_715' title='bbox 1652 4542 1804 4603; x_wconf 88' lang='lat' dir='ltr'><strong>petra</strong></span> <span class='ocrx_word' id='word_1_716' title='bbox 1832 4550 1926 4589; x_wconf 91' lang='lat' dir='ltr'><strong>su--</strong></span> <span class='ocrx_word' id='word_1_717' title='bbox 1954 4507 2011 4566; x_wconf 66' lang='grc' dir='ltr'><strong>Β</strong></span> <span class='ocrx_word' id='word_1_718' title='bbox 2033 4541 2262 4611; x_wconf 80' lang='lat' dir='ltr'><strong>alicujus</strong></span> <span class='ocrx_word' id='word_1_719' title='bbox 2290 4507 2553 4610; x_wconf 56' lang='lat' dir='ltr'><strong>nequitia;</strong></span> <span class='ocrx_word' id='word_1_720' title='bbox 2572 4553 2671 4593; x_wconf 82' lang='lat' dir='ltr'><strong>seu</strong></span> <span class='ocrx_word' id='word_1_721' title='bbox 2711 4538 3026 4608; x_wconf 91' lang='lat' dir='ltr'><strong>improperii</strong></span> <span class='ocrx_word' id='word_1_722' title='bbox 3067 4537 3415 4593; x_wconf 86' lang='lat' dir='ltr'><strong>credentibus</strong></span> <span class='ocrx_word' id='word_1_723' title='bbox 3447 4546 3509 4592; x_wconf 82' lang='lat' dir='ltr'><strong>et</strong></span> <span class='ocrx_word' id='word_1_724' title='bbox 3534 4538 3621 4592; x_wconf 85' lang='lat' dir='ltr'><strong>di-</strong></span> 
     </span>
    </p>
   </div>
   <div class='ocr_carea' id='block_1_89' title="bbox 350 4623 1929 4694">
    <p class='ocr_par' dir='ltr' id='par_1_89' title="bbox 350 4623 1929 4694">
     <span class='ocr_line' id='line_1_89' title="bbox 350 4623 1929 4694; baseline 0.001 -15"><span class='ocrx_word' id='word_1_725' title='bbox 350 4633 588 4690; x_wconf 76' lang='lat' dir='ltr'><strong>xerunt,</strong></span> <span class='ocrx_word' id='word_1_726' title='bbox 628 4625 720 4694; x_wconf 90' lang='lat' dir='ltr'><strong>qui</strong></span> <span class='ocrx_word' id='word_1_727' title='bbox 759 4625 1001 4694; x_wconf 83' lang='lat' dir='ltr'><strong>ejusdem</strong></span> <span class='ocrx_word' id='word_1_728' title='bbox 1041 4623 1417 4692; x_wconf 76' lang='lat' dir='ltr'><strong>Redemptoris</strong></span> <span class='ocrx_word' id='word_1_729' title='bbox 1462 4625 1634 4679; x_wconf 85' lang='lat' dir='ltr'><strong>nostri</strong></span> <span class='ocrx_word' id='word_1_730' title='bbox 1684 4625 1825 4679; x_wconf 76' lang='lat' dir='ltr'><strong>facta</strong></span> <span class='ocrx_word' id='word_1_731' title='bbox 1873 4635 1929 4680; x_wconf 86' lang='lat' dir='ltr'><strong>et</strong></span> 
     </span>
    </p>
   </div>
   <div class='ocr_carea' id='block_1_90' title="bbox 349 4713 1928 4784">
    <p class='ocr_par' dir='ltr' id='par_1_90' title="bbox 349 4713 1928 4784">
     <span class='ocr_line' id='line_1_90' title="bbox 349 4713 1928 4784; baseline -0.001 -14"><span class='ocrx_word' id='word_1_732' title='bbox 349 4715 608 4770; x_wconf 87' lang='lat' dir='ltr'><strong>miracula</strong></span> <span class='ocrx_word' id='word_1_733' title='bbox 647 4716 918 4771; x_wconf 87' lang='lat' dir='ltr'><strong>viderunt.</strong></span> <span class='ocrx_word' id='word_1_734' title='bbox 957 4713 1147 4781; x_wconf 75' lang='lat' dir='ltr'><strong>Oletun</strong></span> <span class='ocrx_word' id='word_1_735' title='bbox 1187 4727 1315 4768; x_wconf 89' lang='lat' dir='ltr'><strong>vero</strong></span> <span class='ocrx_word' id='word_1_736' title='bbox 1350 4715 1416 4768; x_wconf 89' lang='lat' dir='ltr'><strong>de</strong></span> <span class='ocrx_word' id='word_1_737' title='bbox 1454 4714 1608 4768; x_wconf 86' lang='lat' dir='ltr'><strong>ﬁrma</strong></span> <span class='ocrx_word' id='word_1_738' title='bbox 1643 4723 1795 4784; x_wconf 85' lang='lat' dir='ltr'><strong>petra</strong></span> <span class='ocrx_word' id='word_1_739' title='bbox 1839 4731 1928 4771; x_wconf 87' lang='lat' dir='ltr'><strong>su—</strong></span> 
     </span>
    </p>
   </div>
   <div class='ocr_carea' id='block_1_91' title="bbox 347 4803 1971 4873">
    <p class='ocr_par' dir='ltr' id='par_1_91' title="bbox 347 4803 1971 4873">
     <span class='ocr_line' id='line_1_91' title="bbox 347 4803 1971 4873; baseline 0.001 -14"><span class='ocrx_word' id='word_1_740' title='bbox 347 4813 566 4868; x_wconf 83' lang='lat' dir='ltr'><strong>xerunt,</strong></span> <span class='ocrx_word' id='word_1_741' title='bbox 611 4805 700 4873; x_wconf 91' lang='lat' dir='ltr'><strong>qui</strong></span> <span class='ocrx_word' id='word_1_742' title='bbox 746 4803 1008 4861; x_wconf 84' lang='lat' dir='ltr'><strong>eﬁ&#39;usione</strong></span> <span class='ocrx_word' id='word_1_743' title='bbox 1037 4804 1208 4859; x_wconf 87' lang='lat' dir='ltr'><strong>sancti</strong></span> <span class='ocrx_word' id='word_1_744' title='bbox 1254 4803 1490 4872; x_wconf 88' lang='lat' dir='ltr'><strong>Spiritus</strong></span> <span class='ocrx_word' id='word_1_745' title='bbox 1525 4813 1648 4872; x_wconf 91' lang='lat' dir='ltr'><strong>post</strong></span> <span class='ocrx_word' id='word_1_746' title='bbox 1688 4820 1928 4861; x_wconf 90' lang='lat' dir='ltr'><strong>resurre-</strong></span> <span class='ocrx_word' id='word_1_747' title='bbox 1965 4831 1971 4837; x_wconf 87' lang='grc'><strong>·</strong></span> 
     </span>
    </p>
   </div>
   <div class='ocr_carea' id='block_1_92' title="bbox 348 4894 1932 4967">
    <p class='ocr_par' dir='ltr' id='par_1_92' title="bbox 348 4894 1932 4967">
     <span class='ocr_line' id='line_1_92' title="bbox 348 4894 1932 4967; baseline -0.001 -15"><span class='ocrx_word' id='word_1_748' title='bbox 348 4899 585 4953; x_wconf 89' lang='lat' dir='ltr'><strong>ctionem</strong></span> <span class='ocrx_word' id='word_1_749' title='bbox 625 4897 742 4967; x_wconf 85' lang='lat' dir='ltr'><strong>ejus</strong></span> <span class='ocrx_word' id='word_1_750' title='bbox 773 4897 902 4965; x_wconf 80' lang='lat' dir='ltr'><strong>ungi</strong></span> <span class='ocrx_word' id='word_1_751' title='bbox 939 4904 1272 4951; x_wconf 89' lang='lat' dir='ltr'><strong>meruerunt.</strong></span> <span class='ocrx_word' id='word_1_752' title='bbox 1315 4894 1484 4962; x_wconf 87' lang='lat' dir='ltr'><strong>Quasi</strong></span> <span class='ocrx_word' id='word_1_753' title='bbox 1515 4911 1644 4966; x_wconf 86' lang='lat' dir='ltr'><strong>ergo</strong></span> <span class='ocrx_word' id='word_1_754' title='bbox 1682 4896 1734 4950; x_wconf 90' lang='lat' dir='ltr'><strong>in</strong></span> <span class='ocrx_word' id='word_1_755' title='bbox 1770 4895 1932 4952; x_wconf 84' lang='lat' dir='ltr'><strong>ﬁrma-</strong></span> 
     </span>
    </p>
   </div>
   <div class='ocr_carea' id='block_1_93' title="bbox 348 4988 1926 5064">
    <p class='ocr_par' dir='ltr' id='par_1_93' title="bbox 348 4988 1926 5064">
     <span class='ocr_line' id='line_1_93' title="bbox 348 4988 1926 5064; baseline -0.004 -14"><span class='ocrx_word' id='word_1_756' title='bbox 348 5001 507 5064; x_wconf 85' lang='lat' dir='ltr'><strong>pelra</strong></span> <span class='ocrx_word' id='word_1_757' title='bbox 536 4991 644 5047; x_wconf 88' lang='lat' dir='ltr'><strong>mel</strong></span> <span class='ocrx_word' id='word_1_758' title='bbox 683 4992 859 5057; x_wconf 88' lang='lat' dir='ltr'><strong>dedit,</strong></span> <span class='ocrx_word' id='word_1_759' title='bbox 908 4991 1125 5060; x_wconf 86' lang='lat' dir='ltr'><strong>quando</strong></span> <span class='ocrx_word' id='word_1_760' title='bbox 1169 4991 1344 5045; x_wconf 88' lang='lat' dir='ltr'><strong>adhuc</strong></span> <span class='ocrx_word' id='word_1_761' title='bbox 1379 4990 1626 5045; x_wconf 86' lang='lat' dir='ltr'><strong>mortalis</strong></span> <span class='ocrx_word' id='word_1_762' title='bbox 1667 4988 1926 5050; x_wconf 84' lang='lat' dir='ltr'><strong>Dominus</strong></span> 
     </span>
    </p>
   </div>
   <div class='ocr_carea' id='block_1_94' title="bbox 349 5079 1921 5149">
    <p class='ocr_par' dir='ltr' id='par_1_94' title="bbox 349 5079 1921 5149">
     <span class='ocr_line' id='line_1_94' title="bbox 349 5079 1921 5149; baseline -0.001 -13"><span class='ocrx_word' id='word_1_763' title='bbox 349 5081 734 5137; x_wconf 80' lang='lat' dir='ltr'><strong>miraculorum</strong></span> <span class='ocrx_word' id='word_1_764' title='bbox 756 5095 976 5136; x_wconf 88' lang='lat' dir='ltr'><strong>suorum</strong></span> <span class='ocrx_word' id='word_1_765' title='bbox 1003 5080 1341 5136; x_wconf 85' lang='lat' dir='ltr'><strong>dulcedinem</strong></span> <span class='ocrx_word' id='word_1_766' title='bbox 1364 5079 1644 5149; x_wconf 88' lang='lat' dir='ltr'><strong>discipulis</strong></span> <span class='ocrx_word' id='word_1_767' title='bbox 1669 5081 1921 5134; x_wconf 84' lang='lat' dir='ltr'><strong>ostendit.</strong></span> 
     </span>
    </p>
   </div>
   <div class='ocr_carea' id='block_1_95' title="bbox 350 5172 1929 5242">
    <p class='ocr_par' dir='ltr' id='par_1_95' title="bbox 350 5172 1929 5242">
     <span class='ocr_line' id='line_1_95' title="bbox 350 5172 1929 5242; baseline -0.001 -14"><span class='ocrx_word' id='word_1_768' title='bbox 350 5175 456 5232; x_wconf 84' lang='lat' dir='ltr'><strong>Sed</strong></span> <span class='ocrx_word' id='word_1_769' title='bbox 485 5175 645 5231; x_wconf 84' lang='lat' dir='ltr'><strong>ﬁrma</strong></span> <span class='ocrx_word' id='word_1_770' title='bbox 677 5181 830 5242; x_wconf 85' lang='lat' dir='ltr'><strong>petra</strong></span> <span class='ocrx_word' id='word_1_771' title='bbox 863 5172 1042 5228; x_wconf 90' lang='lat' dir='ltr'><strong>oleum</strong></span> <span class='ocrx_word' id='word_1_772' title='bbox 1069 5172 1234 5236; x_wconf 80' lang='lat' dir='ltr'><strong>fudit,</strong></span> <span class='ocrx_word' id='word_1_773' title='bbox 1263 5173 1388 5242; x_wconf 86' lang='lat' dir='ltr'><strong>quia</strong></span> <span class='ocrx_word' id='word_1_774' title='bbox 1419 5180 1543 5241; x_wconf 89' lang='lat' dir='ltr'><strong>post</strong></span> <span class='ocrx_word' id='word_1_775' title='bbox 1575 5172 1929 5226; x_wconf 86' lang='lat' dir='ltr'><strong>resurrectio-</strong></span> 
     </span>
    </p>
   </div>
   <div class='ocr_carea' id='block_1_96' title="bbox 349 5260 1927 5334">
    <p class='ocr_par' dir='ltr' id='par_1_96' title="bbox 349 5260 1927 5334">
     <span class='ocr_line' id='line_1_96' title="bbox 349 5260 1927 5334; baseline -0.003 -14"><span class='ocrx_word' id='word_1_776' title='bbox 349 5282 472 5320; x_wconf 89' lang='lat' dir='ltr'><strong>nem</strong></span> <span class='ocrx_word' id='word_1_777' title='bbox 509 5281 664 5321; x_wconf 84' lang='lat' dir='ltr'><strong>suam</strong></span> <span class='ocrx_word' id='word_1_778' title='bbox 702 5265 878 5319; x_wconf 76' lang='lat' dir='ltr'><strong>factus</strong></span> <span class='ocrx_word' id='word_1_779' title='bbox 906 5262 1017 5332; x_wconf 88' lang='lat' dir='ltr'><strong>jam</strong></span> <span class='ocrx_word' id='word_1_780' title='bbox 1055 5262 1425 5334; x_wconf 80' lang='lat' dir='ltr'><strong>impassibilis,</strong></span> <span class='ocrx_word' id='word_1_781' title='bbox 1467 5276 1564 5331; x_wconf 88' lang='lat' dir='ltr'><strong>per</strong></span> <span class='ocrx_word' id='word_1_782' title='bbox 1597 5260 1927 5317; x_wconf 76' lang='lat' dir='ltr'><strong>alllationem</strong></span> 
     </span>
    </p>
   </div>
   <div class='ocr_carea' id='block_1_97' title="bbox 349 5353 1928 5426">
    <p class='ocr_par' dir='ltr' id='par_1_97' title="bbox 349 5353 1928 5426">
     <span class='ocr_line' id='line_1_97' title="bbox 349 5353 1928 5426; baseline -0.001 -15"><span class='ocrx_word' id='word_1_783' title='bbox 349 5355 603 5426; x_wconf 85' lang='lat' dir='ltr'><strong>Spiritus,</strong></span> <span class='ocrx_word' id='word_1_784' title='bbox 634 5358 835 5413; x_wconf 87' lang='lat' dir='ltr'><strong>donum</strong></span> <span class='ocrx_word' id='word_1_785' title='bbox 865 5363 1064 5411; x_wconf 73' lang='lat' dir='ltr'><strong>sancta:</strong></span> <span class='ocrx_word' id='word_1_786' title='bbox 1089 5354 1371 5410; x_wconf 82' lang='lat' dir='ltr'><strong>unctionis</strong></span> <span class='ocrx_word' id='word_1_787' title='bbox 1390 5353 1686 5407; x_wconf 88' lang='lat' dir='ltr'><strong>emanavit.</strong></span> <span class='ocrx_word' id='word_1_788' title='bbox 1719 5353 1796 5409; x_wconf 88' lang='lat' dir='ltr'><strong>De</strong></span> <span class='ocrx_word' id='word_1_789' title='bbox 1825 5356 1928 5410; x_wconf 91' lang='lat' dir='ltr'><strong>hoc</strong></span> 
     </span>
    </p>
   </div>
   <div class='ocr_carea' id='block_1_98' title="bbox 347 5445 1928 5520">
    <p class='ocr_par' dir='ltr' id='par_1_98' title="bbox 347 5445 1928 5520">
     <span class='ocr_line' id='line_1_98' title="bbox 347 5445 1928 5520; baseline 0 -18"><span class='ocrx_word' id='word_1_790' title='bbox 347 5449 468 5504; x_wconf 89' lang='lat' dir='ltr'><strong>oleo</strong></span> <span class='ocrx_word' id='word_1_791' title='bbox 493 5464 592 5519; x_wconf 89' lang='lat' dir='ltr'><strong>per</strong></span> <span class='ocrx_word' id='word_1_792' title='bbox 629 5451 946 5520; x_wconf 87' lang='lat' dir='ltr'><strong>prophetam</strong></span> <span class='ocrx_word' id='word_1_793' title='bbox 977 5448 1176 5502; x_wconf 85' lang='lat' dir='ltr'><strong>dicitur</strong></span> <span class='ocrx_word' id='word_1_794' title='bbox 1205 5465 1216 5499; x_wconf 95' lang='lat'>:</span> <span class='ocrx_word' id='word_1_795' title='bbox 1252 5463 1270 5496; x_wconf 84' lang='grc'><em>‹</em></span> <span class='ocrx_word' id='word_1_796' title='bbox 1303 5445 1711 5514; x_wconf 86' lang='lat' dir='ltr'><strong>Computrescet</strong></span> <span class='ocrx_word' id='word_1_797' title='bbox 1741 5447 1928 5517; x_wconf 87' lang='lat' dir='ltr'><strong>jugum</strong></span> 
     </span>
    </p>
   </div>
   <div class='ocr_carea' id='block_1_99' title="bbox 351 5536 1932 5611">
    <p class='ocr_par' dir='ltr' id='par_1_99' title="bbox 351 5536 1932 5611">
     <span class='ocr_line' id='line_1_99' title="bbox 351 5536 1932 5611; baseline 0.002 -20"><span class='ocrx_word' id='word_1_798' title='bbox 351 5555 380 5592; x_wconf 88' lang='lat' dir='ltr'><strong>a</strong></span> <span class='ocrx_word' id='word_1_799' title='bbox 417 5539 556 5595; x_wconf 82' lang='lat' dir='ltr'><strong>facie</strong></span> <span class='ocrx_word' id='word_1_800' title='bbox 593 5541 696 5595; x_wconf 81' lang='lat' dir='ltr'><strong>olei</strong></span> <span class='ocrx_word' id='word_1_801' title='bbox 728 5541 864 5611; x_wconf 72' lang='lat' dir='ltr'><strong>(Ira.</strong></span> <span class='ocrx_word' id='word_1_802' title='bbox 899 5541 975 5611; x_wconf 73' lang='grc' dir='ltr'><strong>ι).</strong></span> <span class='ocrx_word' id='word_1_803' title='bbox 1012 5559 1030 5591; x_wconf 76' lang='grc' dir='ltr'><strong><em>ι</em></strong></span> <span class='ocrx_word' id='word_1_804' title='bbox 1075 5537 1190 5593; x_wconf 85' lang='lat' dir='ltr'><strong>Sub</strong></span> <span class='ocrx_word' id='word_1_805' title='bbox 1218 5537 1347 5606; x_wconf 76' lang='lat' dir='ltr'><strong>jugo</strong></span> <span class='ocrx_word' id='word_1_806' title='bbox 1385 5536 1581 5606; x_wconf 89' lang='lat' dir='ltr'><strong>quippe</strong></span> <span class='ocrx_word' id='word_1_807' title='bbox 1615 5541 1932 5594; x_wconf 85' lang='lat' dir='ltr'><strong>tenebamur</strong></span> 
     </span>
    </p>
   </div>
   <div class='ocr_carea' id='block_1_100' title="bbox 353 5627 1931 5690">
    <p class='ocr_par' dir='ltr' id='par_1_100' title="bbox 353 5627 1931 5690">
     <span class='ocr_line' id='line_1_100' title="bbox 353 5627 1931 5690; baseline 0.004 -12"><span class='ocrx_word' id='word_1_808' title='bbox 353 5627 700 5683; x_wconf 68' lang='lat' dir='ltr'><strong>«lmttmniaeae</strong></span> <span class='ocrx_word' id='word_1_809' title='bbox 748 5628 1170 5690; x_wconf 76' lang='lat' dir='ltr'><strong>dominationis;</strong></span> <span class='ocrx_word' id='word_1_810' title='bbox 1229 5628 1321 5681; x_wconf 88' lang='lat' dir='ltr'><strong>sed</strong></span> <span class='ocrx_word' id='word_1_811' title='bbox 1379 5629 1528 5683; x_wconf 89' lang='lat' dir='ltr'><strong>uncti</strong></span> <span class='ocrx_word' id='word_1_812' title='bbox 1577 5643 1764 5684; x_wconf 89' lang='lat' dir='ltr'><strong>sumus</strong></span> <span class='ocrx_word' id='word_1_813' title='bbox 1813 5629 1931 5684; x_wconf 88' lang='lat' dir='ltr'><strong>oleo</strong></span> 
     </span>
    </p>
   </div>
   <div class='ocr_carea' id='block_1_101' title="bbox 356 5716 1927 5788">
    <p class='ocr_par' dir='ltr' id='par_1_101' title="bbox 356 5716 1927 5788">
     <span class='ocr_line' id='line_1_101' title="bbox 356 5716 1927 5788; baseline 0.003 -20"><span class='ocrx_word' id='word_1_814' title='bbox 356 5716 587 5784; x_wconf 76' lang='lat' dir='ltr'><strong>Spiritus</strong></span> <span class='ocrx_word' id='word_1_815' title='bbox 618 5718 817 5780; x_wconf 83' lang='lat' dir='ltr'><strong>sancti,</strong></span> <span class='ocrx_word' id='word_1_816' title='bbox 855 5727 908 5770; x_wconf 85' lang='lat' dir='ltr'><strong>et</strong></span> <span class='ocrx_word' id='word_1_817' title='bbox 942 5718 1066 5786; x_wconf 88' lang='lat' dir='ltr'><strong>quia</strong></span> <span class='ocrx_word' id='word_1_818' title='bbox 1099 5732 1196 5772; x_wconf 92' lang='lat' dir='ltr'><strong>nos</strong></span> <span class='ocrx_word' id='word_1_819' title='bbox 1231 5718 1406 5788; x_wconf 85' lang='lat' dir='ltr'><strong>gratia</strong></span> <span class='ocrx_word' id='word_1_820' title='bbox 1448 5718 1713 5774; x_wconf 87' lang='lat' dir='ltr'><strong>libertatis</strong></span> <span class='ocrx_word' id='word_1_821' title='bbox 1743 5721 1927 5785; x_wconf 78' lang='lat' dir='ltr'><strong>unxit,</strong></span> 
     </span>
    </p>
   </div>
   <div class='ocr_carea' id='block_1_102' title="bbox 2031 4626 3623 4703">
    <p class='ocr_par' dir='ltr' id='par_1_102' title="bbox 2031 4626 3623 4703">
     <span class='ocr_line' id='line_1_102' title="bbox 2031 4626 3623 4703; baseline -0.004 -16"><span class='ocrx_word' id='word_1_822' title='bbox 2031 4647 2134 4703; x_wconf 81' lang='lat' dir='ltr'><strong>gne</strong></span> <span class='ocrx_word' id='word_1_823' title='bbox 2158 4633 2225 4686; x_wconf 89' lang='lat' dir='ltr'><strong>de</strong></span> <span class='ocrx_word' id='word_1_824' title='bbox 2250 4632 2330 4685; x_wconf 88' lang='lat' dir='ltr'><strong>eis</strong></span> <span class='ocrx_word' id='word_1_825' title='bbox 2365 4629 2755 4693; x_wconf 87' lang='lat' dir='ltr'><strong>sentientibus,</strong></span> <span class='ocrx_word' id='word_1_826' title='bbox 2783 4627 3157 4684; x_wconf 81' lang='lat' dir='ltr'><strong>conferuntur.</strong></span> <span class='ocrx_word' id='word_1_827' title='bbox 3192 4626 3300 4683; x_wconf 89' lang='lat' dir='ltr'><strong>Sed</strong></span> <span class='ocrx_word' id='word_1_828' title='bbox 3328 4627 3472 4682; x_wconf 89' lang='lat' dir='ltr'><strong>sicut</strong></span> <span class='ocrx_word' id='word_1_829' title='bbox 3495 4643 3623 4682; x_wconf 79' lang='lat' dir='ltr'><strong>car-</strong></span> 
     </span>
    </p>
   </div>
   <div class='ocr_carea' id='block_1_103' title="bbox 2032 4717 3621 4792">
    <p class='ocr_par' dir='ltr' id='par_1_103' title="bbox 2032 4717 3621 4792">
     <span class='ocr_line' id='line_1_103' title="bbox 2032 4717 3621 4792; baseline -0.004 -15"><span class='ocrx_word' id='word_1_830' title='bbox 2032 4723 2182 4778; x_wconf 88' lang='lat' dir='ltr'><strong>nales</strong></span> <span class='ocrx_word' id='word_1_831' title='bbox 2213 4721 2486 4792; x_wconf 88' lang='lat' dir='ltr'><strong>quondam</strong></span> <span class='ocrx_word' id='word_1_832' title='bbox 2511 4719 2770 4774; x_wconf 73' lang='lat' dir='ltr'><strong>Israelita:</strong></span> <span class='ocrx_word' id='word_1_833' title='bbox 2795 4719 2950 4773; x_wconf 88' lang='lat' dir='ltr'><strong>donis</strong></span> <span class='ocrx_word' id='word_1_834' title='bbox 2974 4719 3068 4773; x_wconf 90' lang='lat' dir='ltr'><strong>Dei</strong></span> <span class='ocrx_word' id='word_1_835' title='bbox 3104 4717 3256 4772; x_wconf 86' lang='lat' dir='ltr'><strong>abusi</strong></span> <span class='ocrx_word' id='word_1_836' title='bbox 3287 4726 3440 4782; x_wconf 85' lang='lat' dir='ltr'><strong>sunt,</strong></span> <span class='ocrx_word' id='word_1_837' title='bbox 3472 4727 3532 4772; x_wconf 90' lang='lat' dir='ltr'><strong>et</strong></span> <span class='ocrx_word' id='word_1_838' title='bbox 3552 4732 3621 4772; x_wconf 81' lang='lat' dir='ltr'><strong>ex</strong></span> 
     </span>
    </p>
   </div>
   <div class='ocr_carea' id='block_1_104' title="bbox 2030 4807 3632 4882">
    <p class='ocr_par' dir='ltr' id='par_1_104' title="bbox 2030 4807 3632 4882">
     <span class='ocr_line' id='line_1_104' title="bbox 2030 4807 3632 4882; baseline -0.005 -13"><span class='ocrx_word' id='word_1_839' title='bbox 2030 4812 2311 4869; x_wconf 86' lang='lat' dir='ltr'><strong>beneﬁciis</strong></span> <span class='ocrx_word' id='word_1_840' title='bbox 2347 4810 2667 4882; x_wconf 83' lang='lat' dir='ltr'><strong>largissimis</strong></span> <span class='ocrx_word' id='word_1_841' title='bbox 2701 4808 2916 4880; x_wconf 89' lang='lat' dir='ltr'><strong>pejores</strong></span> <span class='ocrx_word' id='word_1_842' title='bbox 2953 4808 3114 4875; x_wconf 81' lang='lat' dir='ltr'><strong>facti,</strong></span> <span class='ocrx_word' id='word_1_843' title='bbox 3151 4807 3220 4862; x_wconf 90' lang='lat' dir='ltr'><strong>ad</strong></span> <span class='ocrx_word' id='word_1_844' title='bbox 3257 4807 3632 4862; x_wconf 82' lang='lat' dir='ltr'><strong>idololatriam.</strong></span> 
     </span>
    </p>
   </div>
   <div class='ocr_carea' id='block_1_105' title="bbox 2032 4897 3622 4975">
    <p class='ocr_par' dir='ltr' id='par_1_105' title="bbox 2032 4897 3622 4975">
     <span class='ocr_line' id='line_1_105' title="bbox 2032 4897 3622 4975; baseline -0.004 -17"><span class='ocrx_word' id='word_1_845' title='bbox 2032 4904 2268 4975; x_wconf 85' lang='lat' dir='ltr'><strong>prolapsi</strong></span> <span class='ocrx_word' id='word_1_846' title='bbox 2301 4913 2457 4968; x_wconf 90' lang='lat' dir='ltr'><strong>sunt,</strong></span> <span class='ocrx_word' id='word_1_847' title='bbox 2489 4902 2562 4955; x_wconf 89' lang='lat' dir='ltr'><strong>ita</strong></span> <span class='ocrx_word' id='word_1_848' title='bbox 2589 4902 2728 4970; x_wconf 89' lang='lat' dir='ltr'><strong>prob</strong></span> <span class='ocrx_word' id='word_1_849' title='bbox 2773 4899 2954 4954; x_wconf 90' lang='lat' dir='ltr'><strong>dolor!</strong></span> <span class='ocrx_word' id='word_1_850' title='bbox 2990 4914 3098 4954; x_wconf 92' lang='lat' dir='ltr'><strong>non</strong></span> <span class='ocrx_word' id='word_1_851' title='bbox 3123 4898 3282 4968; x_wconf 88' lang='lat' dir='ltr'><strong>pauci</strong></span> <span class='ocrx_word' id='word_1_852' title='bbox 3311 4897 3493 4968; x_wconf 83' lang='lat' dir='ltr'><strong>pepuli</strong></span> <span class='ocrx_word' id='word_1_853' title='bbox 3534 4898 3622 4951; x_wconf 81' lang='lat' dir='ltr'><strong>in-</strong></span> 
     </span>
    </p>
   </div>
   <div class='ocr_carea' id='block_1_106' title="bbox 2033 4989 3632 5067">
    <p class='ocr_par' dir='ltr' id='par_1_106' title="bbox 2033 4989 3632 5067">
     <span class='ocr_line' id='line_1_106' title="bbox 2033 4989 3632 5067; baseline -0.005 -15"><span class='ocrx_word' id='word_1_854' title='bbox 2033 4997 2169 5067; x_wconf 86' lang='lat' dir='ltr'><strong>grati</strong></span> <span class='ocrx_word' id='word_1_855' title='bbox 2197 4994 2475 5050; x_wconf 86' lang='lat' dir='ltr'><strong>beneﬁciis</strong></span> <span class='ocrx_word' id='word_1_856' title='bbox 2500 4992 2615 5055; x_wconf 85' lang='lat' dir='ltr'><strong>Dei,</strong></span> <span class='ocrx_word' id='word_1_857' title='bbox 2641 4993 2707 5047; x_wconf 85' lang='lat' dir='ltr'><strong>ad</strong></span> <span class='ocrx_word' id='word_1_858' title='bbox 2729 4991 2859 5046; x_wconf 88' lang='lat' dir='ltr'><strong>vitia</strong></span> <span class='ocrx_word' id='word_1_859' title='bbox 2889 4991 3234 5055; x_wconf 85' lang='lat' dir='ltr'><strong>relabuntur;</strong></span> <span class='ocrx_word' id='word_1_860' title='bbox 3264 4998 3319 5044; x_wconf 85' lang='lat' dir='ltr'><strong>et</strong></span> <span class='ocrx_word' id='word_1_861' title='bbox 3348 4990 3452 5044; x_wconf 91' lang='lat' dir='ltr'><strong>hoc</strong></span> <span class='ocrx_word' id='word_1_862' title='bbox 3476 4989 3632 5059; x_wconf 84' lang='lat' dir='ltr'><strong>quod-</strong></span> 
     </span>
    </p>
   </div>
   <div class='ocr_carea' id='block_1_107' title="bbox 2033 5079 3629 5149">
    <p class='ocr_par' dir='ltr' id='par_1_107' title="bbox 2033 5079 3629 5149">
     <span class='ocr_line' id='line_1_107' title="bbox 2033 5079 3629 5149; baseline -0.006 -7"><span class='ocrx_word' id='word_1_863' title='bbox 2033 5086 2135 5142; x_wconf 85' lang='lat' dir='ltr'><strong>sibi</strong></span> <span class='ocrx_word' id='word_1_864' title='bbox 2179 5086 2246 5140; x_wconf 86' lang='lat' dir='ltr'><strong>ad</strong></span> <span class='ocrx_word' id='word_1_865' title='bbox 2289 5083 2515 5139; x_wconf 86' lang='lat' dir='ltr'><strong>salutem</strong></span> <span class='ocrx_word' id='word_1_866' title='bbox 2545 5081 2798 5137; x_wconf 86' lang='lat' dir='ltr'><strong>collatum</strong></span> <span class='ocrx_word' id='word_1_867' title='bbox 2828 5089 2940 5147; x_wconf 89' lang='lat' dir='ltr'><strong>est,</strong></span> <span class='ocrx_word' id='word_1_868' title='bbox 2990 5081 3044 5135; x_wconf 88' lang='lat' dir='ltr'><strong>in</strong></span> <span class='ocrx_word' id='word_1_869' title='bbox 3075 5079 3435 5149; x_wconf 89' lang='lat' dir='ltr'><strong>perditionem</strong></span> <span class='ocrx_word' id='word_1_870' title='bbox 3466 5093 3629 5134; x_wconf 79' lang='lat' dir='ltr'><strong>suam</strong></span> 
     </span>
    </p>
   </div>
   <div class='ocr_carea' id='block_1_108' title="bbox 2035 5170 3626 5243">
    <p class='ocr_par' dir='ltr' id='par_1_108' title="bbox 2035 5170 3626 5243">
     <span class='ocr_line' id='line_1_108' title="bbox 2035 5170 3626 5243; baseline -0.005 -11"><span class='ocrx_word' id='word_1_871' title='bbox 2035 5183 2376 5232; x_wconf 89' lang='lat' dir='ltr'><strong>convertunt.</strong></span> <span class='ocrx_word' id='word_1_872' title='bbox 2409 5174 2564 5229; x_wconf 89' lang='lat' dir='ltr'><strong>Unde</strong></span> <span class='ocrx_word' id='word_1_873' title='bbox 2595 5173 2938 5243; x_wconf 73' lang='lat' dir='ltr'><strong>subiungitur</strong></span> <span class='ocrx_word' id='word_1_874' title='bbox 2967 5191 2980 5224; x_wconf 90' lang='lat'>:</span> <span class='ocrx_word' id='word_1_875' title='bbox 3020 5189 3040 5222; x_wconf 73' lang='grc' dir='ltr'><strong>ε</strong></span> <span class='ocrx_word' id='word_1_876' title='bbox 3083 5170 3424 5226; x_wconf 85' lang='lat' dir='ltr'><strong>lnerassatus</strong></span> <span class='ocrx_word' id='word_1_877' title='bbox 3455 5179 3540 5226; x_wconf 87' lang='lat' dir='ltr'><strong>est</strong></span> <span class='ocrx_word' id='word_1_878' title='bbox 3568 5179 3626 5224; x_wconf 79' lang='lat' dir='ltr'><strong>et</strong></span> 
     </span>
    </p>
   </div>
   <div class='ocr_carea' id='block_1_109' title="bbox 2041 5260 3621 5331">
    <p class='ocr_par' dir='ltr' id='par_1_109' title="bbox 2041 5260 3621 5331">
     <span class='ocr_line' id='line_1_109' title="bbox 2041 5260 3621 5331; baseline -0.003 -13"><span class='ocrx_word' id='word_1_879' title='bbox 2041 5286 2060 5318; x_wconf 73' lang='grc' dir='ltr'>ι</span> <span class='ocrx_word' id='word_1_880' title='bbox 2094 5264 2461 5321; x_wconf 85' lang='lat' dir='ltr'><strong>recalcitravit</strong></span> <span class='ocrx_word' id='word_1_881' title='bbox 2505 5263 2753 5318; x_wconf 90' lang='lat' dir='ltr'><strong>dilectus.</strong></span> <span class='ocrx_word' id='word_1_882' title='bbox 2805 5263 3170 5325; x_wconf 88' lang='lat' dir='ltr'><strong>lnerassatus,</strong></span> <span class='ocrx_word' id='word_1_883' title='bbox 3221 5260 3621 5331; x_wconf 88' lang='lat' dir='ltr'><strong>impinguatus,</strong></span> 
     </span>
    </p>
   </div>
   <div class='ocr_carea' id='block_1_110' title="bbox 2041 5339 3627 5426">
    <p class='ocr_par' dir='ltr' id='par_1_110' title="bbox 2041 5339 3627 5426">
     <span class='ocr_line' id='line_1_110' title="bbox 2041 5339 3627 5426; baseline -0.002 -17"><span class='ocrx_word' id='word_1_884' title='bbox 2041 5378 2060 5409; x_wconf 72' lang='grc' dir='ltr'>ι</span> <span class='ocrx_word' id='word_1_885' title='bbox 2095 5339 2368 5414; x_wconf 39' lang='lat' dir='ltr'><strong>dil’atatus.</strong></span> <span class='ocrx_word' id='word_1_886' title='bbox 2401 5355 2698 5426; x_wconf 87' lang='lat' dir='ltr'><strong>Dereliquit</strong></span> <span class='ocrx_word' id='word_1_887' title='bbox 2726 5353 3013 5408; x_wconf 89' lang='lat' dir='ltr'><strong>Dominum</strong></span> <span class='ocrx_word' id='word_1_888' title='bbox 3061 5351 3318 5406; x_wconf 80' lang='lat' dir='ltr'><strong>faetorem</strong></span> <span class='ocrx_word' id='word_1_889' title='bbox 3349 5367 3531 5417; x_wconf 85' lang='lat' dir='ltr'><strong>suum,</strong></span> <span class='ocrx_word' id='word_1_890' title='bbox 3568 5361 3627 5406; x_wconf 87' lang='lat' dir='ltr'><strong>et</strong></span> 
     </span>
    </p>
   </div>
   <div class='ocr_carea' id='block_1_111' title="bbox 2037 5444 3636 5506">
    <p class='ocr_par' dir='ltr' id='par_1_111' title="bbox 2037 5444 3636 5506">
     <span class='ocr_line' id='line_1_111' title="bbox 2037 5444 3636 5506; baseline -0.005 -2"><span class='ocrx_word' id='word_1_891' title='bbox 2037 5469 2057 5501; x_wconf 84' lang='grc'><strong>‹</strong></span> <span class='ocrx_word' id='word_1_892' title='bbox 2091 5451 2319 5506; x_wconf 79' lang='lat' dir='ltr'><strong>recessit</strong></span> <span class='ocrx_word' id='word_1_893' title='bbox 2365 5464 2395 5503; x_wconf 91' lang='lat' dir='ltr'><strong>a</strong></span> <span class='ocrx_word' id='word_1_894' title='bbox 2443 5447 2554 5502; x_wconf 92' lang='lat' dir='ltr'><strong>Deo</strong></span> <span class='ocrx_word' id='word_1_895' title='bbox 2600 5447 2824 5502; x_wconf 87' lang='lat' dir='ltr'><strong>salutari</strong></span> <span class='ocrx_word' id='word_1_896' title='bbox 2868 5461 2986 5500; x_wconf 92' lang='lat' dir='ltr'><strong>suo.</strong></span> <span class='ocrx_word' id='word_1_897' title='bbox 3029 5444 3470 5499; x_wconf 85' lang='lat' dir='ltr'><strong>Provocaverunt</strong></span> <span class='ocrx_word' id='word_1_898' title='bbox 3497 5457 3636 5498; x_wconf 74' lang='lat' dir='ltr'><strong>eum:</strong></span> 
     </span>
    </p>
   </div>
   <div class='ocr_carea' id='block_1_112' title="bbox 2040 5536 3626 5606">
    <p class='ocr_par' dir='ltr' id='par_1_112' title="bbox 2040 5536 3626 5606">
     <span class='ocr_line' id='line_1_112' title="bbox 2040 5536 3626 5606; baseline -0.003 -12"><span class='ocrx_word' id='word_1_899' title='bbox 2040 5562 2058 5594; x_wconf 72' lang='grc' dir='ltr'>ς</span> <span class='ocrx_word' id='word_1_900' title='bbox 2095 5543 2148 5598; x_wconf 92' lang='lat' dir='ltr'><strong>in</strong></span> <span class='ocrx_word' id='word_1_901' title='bbox 2185 5541 2291 5596; x_wconf 87' lang='lat' dir='ltr'><strong>diis</strong></span> <span class='ocrx_word' id='word_1_902' title='bbox 2324 5541 2536 5606; x_wconf 87' lang='lat' dir='ltr'><strong>alienis,</strong></span> <span class='ocrx_word' id='word_1_903' title='bbox 2567 5548 2621 5595; x_wconf 90' lang='lat' dir='ltr'><strong>et</strong></span> <span class='ocrx_word' id='word_1_904' title='bbox 2657 5541 2711 5593; x_wconf 91' lang='lat' dir='ltr'><strong>in</strong></span> <span class='ocrx_word' id='word_1_905' title='bbox 2751 5538 3243 5594; x_wconf 85' lang='lat' dir='ltr'><strong>abominationibus</strong></span> <span class='ocrx_word' id='word_1_906' title='bbox 3278 5537 3393 5591; x_wconf 86' lang='lat' dir='ltr'><strong>suis</strong></span> <span class='ocrx_word' id='word_1_907' title='bbox 3418 5536 3486 5589; x_wconf 87' lang='lat' dir='ltr'><strong>ad</strong></span> <span class='ocrx_word' id='word_1_908' title='bbox 3519 5536 3626 5590; x_wconf 85' lang='lat' dir='ltr'><strong>ira-</strong></span> 
     </span>
    </p>
   </div>
   <div class='ocr_carea' id='block_1_113' title="bbox 2039 5625 3623 5688">
    <p class='ocr_par' dir='ltr' id='par_1_113' title="bbox 2039 5625 3623 5688">
     <span class='ocr_line' id='line_1_113' title="bbox 2039 5625 3623 5688; baseline -0.004 -4"><span class='ocrx_word' id='word_1_909' title='bbox 2039 5651 2058 5684; x_wconf 83' lang='grc'><em>‹</em></span> <span class='ocrx_word' id='word_1_910' title='bbox 2093 5633 2344 5688; x_wconf 88' lang='lat' dir='ltr'><strong>cundiam</strong></span> <span class='ocrx_word' id='word_1_911' title='bbox 2394 5630 2820 5687; x_wconf 81' lang='lat' dir='ltr'><strong>concitaverunt.</strong></span> <span class='ocrx_word' id='word_1_912' title='bbox 2873 5628 3296 5683; x_wconf 90' lang='lat' dir='ltr'><strong>lmmolaverunt</strong></span> <span class='ocrx_word' id='word_1_913' title='bbox 3341 5625 3623 5681; x_wconf 62' lang='lat' dir='ltr'><strong>daemoniis</strong></span> 
     </span>
    </p>
   </div>
   <div class='ocr_carea' id='block_1_114' title="bbox 2042 5717 3622 5787">
    <p class='ocr_par' dir='ltr' id='par_1_114' title="bbox 2042 5717 3622 5787">
     <span class='ocr_line' id='line_1_114' title="bbox 2042 5717 3622 5787; baseline -0.003 -15"><span class='ocrx_word' id='word_1_914' title='bbox 2042 5743 2059 5772; x_wconf 69' lang='grc' dir='ltr'><strong>ι</strong></span> <span class='ocrx_word' id='word_1_915' title='bbox 2095 5731 2276 5776; x_wconf 87' lang='lat' dir='ltr'><strong>etnon</strong></span> <span class='ocrx_word' id='word_1_916' title='bbox 2304 5722 2433 5784; x_wconf 75' lang='lat' dir='ltr'><strong>Deo,</strong></span> <span class='ocrx_word' id='word_1_917' title='bbox 2457 5719 2560 5774; x_wconf 89' lang='lat' dir='ltr'><strong>diis</strong></span> <span class='ocrx_word' id='word_1_918' title='bbox 2581 5734 2718 5787; x_wconf 71' lang='lat' dir='ltr'><strong>«pios</strong></span> <span class='ocrx_word' id='word_1_919' title='bbox 2742 5719 3081 5787; x_wconf 78' lang='lat' dir='ltr'><strong>ignorabant.</strong></span> <span class='ocrx_word' id='word_1_920' title='bbox 3108 5717 3622 5784; x_wconf 77' lang='lat' dir='ltr'><strong>Novirecentcsque</strong></span> 
     </span>
    </p>
   </div>
  </div>
