3964 6192
306 324 409 381 977

1062 316 1458 373 ENARRATIO
1498 313 1724 371 SUPER
1766 310 2388 373 DEUTEBONOMIUM.
2426 342 2494 350 —
2534 312 2661 367 LIB.
2702 313 2785 369 iV.

3470 315 3570 374 978

306 463 324 493 ι
362 446 646 500 venerunt,
670 451 803 505 quos
831 450 940 489 non
969 433 1250 488 coluerunt
1274 441 1454 504 patres
1481 449 1689 487 eorum.
1727 452 1743 483 δ
1774 431 1887 486 lloc
1916 439 1963 501 Α
1989 439 2114 503 apte
2152 432 2254 487 hoc
2307 430 2575 486 subditur.
2605 449 2623 481 ι
2660 431 2729 485 Et
2769 432 2982 487 ardebit
3019 447 3187 503 usque
3238 434 3307 488 ad
3369 434 3571 492 inferos

297 539 519 585 veteres
549 526 804 581 lsraelitm
833 524 1188 580 bistorialiter
1216 524 1491 590 fecerunt,
1527 524 1669 578 sicut
1702 523 1754 577 in
1788 537 1882 577 eo-

301 634 421 672 rum
449 618 604 671 libris
642 614 969 670 snﬂicientcr
995 628 1311 683 expressum
1352 623 1455 668 est.
1501 612 1607 668 Sed
1647 620 1701 667 et
1741 626 1886 667 nunc

298 705 572 776 spiritales
608 703 885 766 lsraelitte,
930 702 1145 774 quando
1171 704 1310 757 dona
1349 702 1444 757 Dei
1483 701 1537 756 in
1578 702 1803 757 scientia
1830 710 1885 757 et

298 799 626 862 virtutibus,
660 797 762 853 sibi
789 795 853 852 ad
884 795 1125 851 divinum
1150 796 1465 865 obsequium
1493 810 1785 859 concessa,
1815 794 1884 850 ad

300 890 550 945 heresim
565 889 678 944 sive
693 888 1021 960 hypocrisim
1043 895 1383 952 convertunt,
1402 887 1557 942 idolis
1576 895 1631 941 et
1651 903 1756 942 non
1771 885 1883 943 Deo

302 980 506 1036 servire
550 979 881 1051 probantur,
928 977 1208 1033 dmmoniis
1254 979 1439 1047 utique
1482 978 1684 1033 cultum
1733 978 1885 1035 exhi-

302 1072 475 1126 bendo
502 1078 559 1126 et
578 1086 689 1125 non
722 1070 831 1125 Deo
862 1088 875 1124 :
908 1069 1049 1138 quod
1073 1067 1262 1123 Patres
1290 1069 1486 1133 nostri,
1517 1070 1621 1125 hoc
1649 1078 1751 1135 est,
1789 1085 1882 1139 pa-

208 1196 229 1229 ,
296 1165 574 1229 triarclue,
599 1171 653 1219 et
680 1163 972 1232 prophetat,
1000 1168 1054 1216 et
1079 1154 1306 1230 apostoli
1332 1171 1494 1232 atque
1519 1161 1879 1232 evangelista},

295 1261 640 1325 nequaquam
683 1253 945 1309 fecerunt.
1002 1252 1129 1308 inde
1173 1253 1356 1309 evenit
1402 1252 1520 1308 istis
1562 1252 1880 1319 idololatris,

292 1346 439 1416 quod
466 1345 948 1401 clementissimum
990 1332 1275 1399 Dominum
1320 1345 1476 1399 malis
1518 1345 1629 1399 suis
1663 1345 1884 1400 irritan-

294 1445 400 1499 tes,
430 1451 592 1506 quem
620 1436 910 1506 propitium
934 1435 1134 1490 habere
1162 1443 1404 1505 possent,
1441 1451 1688 1489 severum
1720 1442 1884 1504 atque

295 1528 617 1583 destrictum
641 1528 956 1597 perpensuri
984 1516 1109 1583 sunt
1141 1546 1151 1580 :
1191 1544 1211 1578 ‹
1258 1524 1450 1591 Deum,
1493 1527 1585 1597 qui
1614 1532 1667 1583 te
1696 1527 1883 1598 genuit

298 1637 319 1669 ι
357 1606 731 1689 dereliquisti,
771 1626 825 1674 et
854 1617 1052 1673 oblitus
1080 1632 1140 1673 es
1168 1616 1378 1673 Domini
1418 1618 1680 1673 creatoris
1715 1618 1813 1672 tui.
1854 1636 1875 1670 ι

290 1708 494 1763 Genuit
521 1708 780 1763 Dominus
823 1709 1221 1779 quodammodo
1256 1708 1526 1764 lsraelitas
1569 1724 1664 1779 per
1702 1708 1877 1780 legem

1986 523 2258 579 deorsum.
2299 543 2316 574 ι
2352 522 2504 579 Licet
2534 537 2565 575 a
2591 521 2912 591 quibusdam
2941 521 3078 578 solet
3124 524 3229 579 diei
3270 524 3403 579 illud
3421 528 3567 595 quod

1986 615 2248 686 scriptum
2288 621 2370 668 est
2408 631 2421 666 :
2460 631 2479 664 ε
2517 610 2633 666 Non
2680 610 2973 667 vindicabit
3039 612 3183 673 Deus
3247 615 3331 669 bis
3383 616 3438 671 iu
3489 617 3571 681 id-

1988 706 2165 775 ipsum
2191 702 2450 776 (Nahum.
2483 703 2544 772 ι),
2574 701 2666 773 qui
2704 710 2883 758 tamen
2915 703 3036 769 hoc,
3051 704 3204 774 quod
3234 706 3301 759 ad
3337 709 3565 779 prepbe-
3631 691 3635 695 ’

1987 806 2098 853 tam
2132 797 2332 853 dicitur
2356 796 2423 852 de
2461 794 2679 866 iniquis,
2707 810 2813 850 non
2863 796 3168 855 attendunt.
3196 797 3278 860 Et,
3315 816 3333 848 ‹
3369 798 3571 869 duplici

1985 887 2313 944 contritione
2357 896 2577 942 contere
2609 901 2729 951 eos,
2765 906 2784 938 ι
2813 894 2865 941 et
2892 886 2945 942 id
2968 887 3112 956 quod
3139 887 3276 943 alias
3308 888 3571 960 scriptum

1986 990 2070 1036 est
2105 999 2117 1033 :
2163 999 2180 1031 ι
2210 978 2367 1034 Jesus
2394 977 2650 1049 pepulum
2676 979 2744 1034 de
2784 986 2931 1033 terra
2956 977 3172 1035 salvaus
3207 979 3452 1051 ZEgypti,
3480 996 3571 1037 se-

1985 1070 2160 1125 cundo
2192 1085 2288 1124 eos
2315 1068 2408 1139 qui
2446 1084 2555 1123 non
2581 1069 2926 1125 crediderunt
2960 1070 3210 1140 perdidit.
3251 1071 3456 1138 Quibus
3485 1082 3570 1128 ta-

1986 1178 2111 1218 men
2158 1161 2205 1217 si
2254 1176 2579 1217 consensum
2621 1162 2973 1232 prmbeamus,
3024 1162 3321 1231 quamlibet
3356 1164 3570 1234 culpata

1985 1252 2070 1308 bis
2092 1251 2234 1306 ferre
2255 1265 2361 1305 non
2403 1266 2564 1322 posse
2605 1252 2707 1307 hoc
2751 1260 2975 1322 peccato
3002 1254 3296 1320 percussis,
3328 1262 3491 1323 atque
3516 1271 3573 1309 in

1987 1350 2209 1414 peccato
2236 1358 2336 1399 suo
2361 1342 2736 1406 morientibus,
2760 1342 2923 1398 debet
2936 1342 3217 1408 mstimari,
3232 1344 3356 1413 quia
3378 1358 3571 1399 eorum

1985 1434 2264 1505 percussio
2288 1434 2377 1489 hic
2421 1442 2631 1507 empta,
2666 1434 2777 1489 illic
2818 1432 3042 1489 ﬁnitur:
3072 1443 3132 1489 ut
3160 1435 3214 1489 in
3252 1438 3573 1493 incorrectis

1985 1545 2154 1585 unum
2181 1528 2451 1601 ﬂagellum
2504 1528 2597 1593 sit,
2627 1528 2771 1598 quod
2812 1528 3184 1596 temporaliter
3233 1528 3443 1599 incipit,
3475 1530 3575 1585 sed

1985 1621 2041 1676 in
2070 1618 2291 1675 internis
2346 1618 2624 1689 suppliciis
2667 1625 3040 1684 consumatur,
3070 1626 3341 1689 quatenus
3368 1618 3450 1675 eis
3479 1620 3577 1689 qui

1984 1711 2206 1766 omnino
2241 1709 2443 1782 corrigi
2486 1720 2755 1775 renuunt,
2775 1710 2890 1787 jam
2929 1709 3281 1780 praesentium
3329 1709 3574 1782 ﬂagello-

290 1809 350 1853 ιιι
371 1798 861 1854 circumcisionem.
906 1798 1104 1854 Genuit
1147 1808 1201 1854 et
1244 1798 1598 1854 lsraeliticum
1625 1797 1878 1869 populum
1908 1798 1957 1859 B
1985 1821 2105 1859 rum
2130 1803 2429 1875 percussio,
2457 1802 2801 1873 sequentium
2824 1801 2897 1858 sit
2923 1802 3138 1858 initium
3154 1809 3573 1859 tormentorum.

288 1905 395 1958 per
434 1889 689 1959 baptismi
738 1890 966 1961 gratiam
1014 1896 1069 1945 et
1112 1889 1597 1945 sanctiﬂcationcm
1644 1888 1880 1960 Spiritus

289 1980 487 2034 structi.
521 1976 629 2033 Sed
654 1979 747 2048 qui
773 1978 1018 2034 oblivisci
1043 1991 1150 2033 non
1184 1977 1521 2047 timct,juste
1550 1978 1650 2032 sibi
1684 1979 1878 2033 iratum

291 2069 583 2122 Dominum
606 2084 705 2139 per
732 2067 1029 2124 vindictam
1056 2068 1275 2123 sentiet.
1312 2066 1466 2123 Unde
1497 2067 1834 2139 subjungitur
1862 2081 1878 2121 :

293 2178 315 2213 ι
357 2160 502 2216 Vidit
536 2161 798 2216 Dominus
838 2168 894 2215 et
933 2161 1003 2216 ad
1040 2158 1376 2216 iracundiam
1415 2159 1715 2215 concitatus
1748 2167 1832 2214 est
1863 2178 1875 2213 :

291 2269 315 2303 ‹
352 2252 479 2322 quia
521 2258 953 2322 provocavernnt
980 2264 1105 2305 eum
1138 2249 1233 2304 ﬁlii
1261 2249 1345 2304 sui
1387 2255 1442 2303 et
1481 2248 1624 2305 tiliae.
1659 2249 1727 2304 Et
1755 2249 1834 2303 ait
1863 2268 1876 2303 :

295 2360 316 2393 α
351 2341 696 2397 Abscondam
738 2340 932 2397 faciem
978 2356 1152 2395 meam
1185 2341 1255 2397 ab
1297 2340 1409 2408 eis,
1440 2348 1496 2396 et
1526 2341 1881 2397 considerabo

296 2454 315 2486 ι
354 2435 652 2490 novissima
695 2446 906 2490 eorum.
944 2453 963 2488 ι
1009 2432 1155 2489 Nihil
1199 2434 1418 2507 gravius
1466 2443 1550 2490 est
1599 2435 1656 2489 in
1703 2436 1882 2507 poenis

286 2540 453 2595 quam
481 2527 772 2595 praesentia
801 2534 858 2581 et
888 2525 1097 2581 visione
1124 2525 1221 2581 Dei
1265 2526 1489 2595 privari.
1538 2525 1694 2583 Unde
1737 2527 1883 2598 psal-

289 2617 453 2671 mista
487 2618 774 2672 Dominum
815 2618 1136 2688 deprecatur
1172 2617 1400 2674 dicens:
1446 2637 1465 2669 ‹
1510 2616 1588 2673 Ne
1625 2619 1881 2691 projicias

288 2722 380 2764 me
407 2724 438 2763 a
464 2707 602 2765 facie
630 2717 716 2765 tua
743 2706 915 2781 (Ρωιί
945 2708 1020 2781 1.).
1064 2729 1083 2762 ι
1120 2708 1188 2764 Et
1224 2710 1350 2764 item
1383 2729 1395 2764 :
1438 2709 1521 2764 Ne
1547 2722 1769 2778 avertas,
1799 2712 1881 2767 in-

289 2798 441 2869 quit.
474 2799 662 2869 faciem
690 2810 838 2869 tuam
873 2818 907 2855 a
945 2817 1046 2854 me.
1091 2797 1231 2855 Hinc
1261 2808 1317 2855 et
1344 2799 1446 2856 Job
1482 2800 1550 2855 ad
1592 2798 1880 2871 Dominum

290 2887 531 2957 loquitur
560 2888 747 2944 dicens
781 2906 795 2943 :
842 2906 863 2940 ‹
893 2888 939 2943 Α
967 2887 1106 2945 facie
1144 2897 1235 2944 tua
1263 2904 1369 2944 non
1407 2888 1709 2945 abscondar
1734 2887 1878 2960 (Job.

291 2978 436 3050 aut).
471 2996 489 3030 ι
525 2977 659 3046 Quia
690 2994 820 3050 ergo
863 2979 959 3035 ﬁlii
1007 2988 1063 3036 et
1106 2980 1251 3049 tiliae,
1296 2980 1400 3036 hoc
1443 2986 1545 3046 est,
1598 2970 1882 3049 utriusque

288 3080 457 3125 serus
480 3069 731 3125 homines
758 3071 1034 3128 irritantes
1078 3085 1202 3127 eum
1239 3087 1341 3142 pro
1384 3071 1543 3127 malis
1583 3071 1717 3136 suis,
1760 3087 1881 3142 qum

1985 1896 2283 1967 Sequitur:
2319 1913 2338 1947 ι
2382 1894 2631 1957 Comedit
2674 1898 2881 1953 terram
2935 1902 2992 1950 et
3040 1895 3322 1951 nascentia
3366 1893 3502 1965 ejus.
3545 1915 3564 1948 ι

1984 1984 2208 2040 Terram
2235 1985 2470 2041 comedit
2492 1993 2549 2040 et
2570 1984 2851 2040 nascentia
2887 1983 3024 2056 ejus,
3053 1999 3177 2040 cum
3209 1999 3431 2041 carnem
3451 2000 3575 2056 pec-

1983 2075 2244 2131 catricem
2274 2081 2498 2143 propter
2530 2087 2695 2143 opera
2718 2072 2980 2139 libidinis,
3007 2072 3221 2129 ﬂamma
3250 2083 3468 2131 attenta:
3495 2076 3573 2131 ul-

1984 2164 2150 2227 tionis
2202 2161 2490 2221 comburit.
2553 2161 2843 2219 Nascentia
2891 2163 3037 2219 enim
3081 2164 3300 2230 carnis,
3350 2165 3570 2234 proprie

1984 2272 2149 2328 opera
2180 2264 2310 2312 sunt
2336 2255 2787 2325 concupiscentia
2823 2254 3088 2320 carnalis,
3110 2272 3131 2307 ι
3167 2272 3287 2326 qua:
3310 2264 3440 2311 sunt
3465 2255 3574 2312 for-

1985 2347 2309 2414 nicationes,
2332 2346 2715 2413 immunditiae,
2742 2345 3115 2417 impudicitiae,
3135 2345 3372 2413 luxuria,
3403 2345 3570 2401 idoli»

1983 2457 2104 2509 rum
2152 2442 2383 2497 servitus
2409 2480 2424 2507 ,
2465 2439 2760 2505 veneficia,
2802 2438 3126 2504 inimicitia},
3172 2438 3571 2503 contentiones,

1983 2532 2374 2600 aemulationes,
2400 2531 2516 2598 irae,
2534 2531 2685 2599 rixa),
2713 2531 3101 2597 dissensiones,
3122 2539 3305 2595 sectae,
3336 2529 3571 2595 invidiae,

1984 2624 2295 2695 homicidia,
2346 2625 2658 2690 ebrietates,
2708 2622 3152 2690 comessationes,
3193 2632 3249 2679 et
3288 2622 3373 2678 bis
3423 2623 3574 2678 simi-

1983 2718 2076 2773 lia.
2106 2718 2237 2787 Qute
2266 2717 2359 2788 qui
2398 2724 2585 2788 agunt,
2624 2724 2684 2771 ut
2716 2715 2918 2772 Paulus
2938 2722 3190 2778 testatur,
3222 2728 3448 2785 regnum
3473 2710 3573 2768 Dei

1982 2825 2090 2865 non
2124 2816 2530 2878 consequentur
2559 2804 2701 2876 (Gal.
2738 2804 2819 2877 v).
2854 2824 2874 2857 ι
2914 2823 2932 2857 ε
2971 2804 3038 2858 Et
3073 2803 3338 2859 montium
3380 2799 3574 2856 lurida-

1981 2909 2165 2962 menta
2192 2901 2495 2957 comburet.
2531 2918 2552 2952 ι
2578 2897 2712 2955 Cum
2750 2897 3106 2968 superborum
3131 2896 3320 2966 iniqua
3343 2893 3571 2951 consan

1982 2993 2181 3065 quibus
2200 3006 2260 3048 se
2295 2991 2514 3061 impune
2546 3003 2708 3059 posse
2743 3003 2972 3060 peccare
2972 2986 3326 3075 ’credebant,
3351 2986 3591 3045 aeternis

1983 3084 2319 3140 cruciatibus
2378 3089 2721 3139 consument.
2772 3096 2790 3132 ι
2838 3078 3195 3152 Congregabo
3254 3093 3420 3150 super
3477 3091 3579 3133 eos

293 3159 524 3227 faciunt,
564 3160 682 3232 ejus
723 3161 1150 3217 misericordiam
1180 3178 1291 3218 non
1335 3170 1633 3229 merentur,
1679 3165 1775 3220 sed
1810 3163 1879 3218 ab
1907 3150 1951 3213 C
1980 3177 2147 3233 mala,
2188 3195 2209 3229 ι
2243 3174 2473 3247 Quando
2494 3189 2601 3230 non
2631 3170 2807 3229 solum
2838 3150 2982 3227 mala
3020 3186 3208 3244 opera,
3246 3171 3345 3228 sed
3382 3176 3440 3226 et
3474 3184 3571 3243 coe

290 3249 387 3306 illo
414 3251 634 3317 deserti,
666 3252 721 3307 in
747 3252 1057 3308 novissimis
1082 3268 1269 3309 eorum
1294 3253 1633 3324 probabitur,
1661 3253 1880 3324 quando
1983 3268 2273 3340 “nationes
2309 3274 2473 3337 atque
2501 3278 2667 3337 prava
2691 3277 2792 3333 pro
2816 3260 3018 3333 quibus
3047 3262 3345 3333 puniantur
3374 3261 3429 3314 in
3451 3272 3571 3314 me-

292 3342 487 3409 painas
512 3342 802 3410 sustinent,
829 3342 971 3413 quod
998 3343 1167 3399 Deum
1196 3343 1396 3399 habent
1425 3345 1643 3411 iratum,
1668 3345 1775 3401 hoc
1800 3355 1883 3402 est

1987 3362 2217 3419 moriam
2234 3361 2468 3418 adducet
2494 3357 2682 3414 verba.
2712 3354 2950 3426 Sagittas
2996 3369 3124 3410 suas
3153 3353 3207 3408 in
3238 3351 3318 3409 eis
3340 3349 3575 3422 complc-

291 3431 445 3486 enim
469 3432 816 3489 considerare
847 3433 1139 3489 novissima
1168 3446 1378 3499 eorum,
1410 3433 1744 3490 manifestari
1775 3436 1883 3491 tor-

1987 3456 2087 3522 bit,
2116 3454 2334 3526 quando
2356 3453 2493 3508 iram
2533 3449 2926 3521 indignationis
2975 3461 3089 3503 suae
3141 3459 3240 3515 per
3268 3443 3420 3500 varia
3471 3451 3577 3498 tor-

293 3530 479 3577 τηθηιθ
510 3521 746 3578 morm“-
2226 3544 2502 3601 ostendit:
2540 3561 2560 3595 ι
2590 3542 2996 3605 Consumuntur
3036 3537 3201 3594 fame.
3253 3557 3272 3590 ι
3308 3535 3423 3593 Hoc
3465 3544 3573 3598 est,

369 3651 390 3686 ε
418 3631 707 3690 Generatio
729 3637 874 3693 enim
902 3651 1158 3708 perversa
1177 3646 1262 3694 est
1285 3645 1339 3695 et
1367 3637 1615 3697 inﬁdeles
1639 3638 1755 3695 11111.
1781 3639 1887 3710 Ipsi
1987 3651 2088 3692 nec
2107 3635 2235 3702 cibi,
2278 3647 2381 3691 nec
2409 3638 2589 3702 potus,
2620 3630 2715 3687 sed
2734 3635 2996 3700 perpetua
3038 3627 3304 3695 bonorum
3346 3639 3479 3694 011°"
3482 3639 3574 3678 υηι

296 3744 318 3778 ι
354 3737 789 3799 provocaverunt
816 3744 904 3785 me
944 3730 999 3784 in
1041 3744 1128 3797 eo,
1165 3731 1257 3801 qui
1289 3746 1399 3787 non
1427 3738 1510 3786 est
1535 3730 1799 3805 papulas,
1831 3740 1891 3787 et
1988 3726 2295 3791 sterilitate,
2327 3742 2346 3777 ι
2375 3735 2435 3780 et
2471 3719 2810 3789 devorabunt
2834 3733 2931 3785 eos
2958 3731 3087 3775 aves
3130 3730 3314 3771 morsu
3343 3713 3574 3771 amaris-

297 3837 317 3871 ο
357 3819 412 3873 in
443 3828 604 3892 gente
628 3820 791 3875 stulta
820 3819 1049 3878 irritabo
1072 3820 1211 3876 illos.
1248 3840 1267 3874 ο
1301 3819 1439 3888 Quia
1466 3837 1596 3895 ergo
1634 3821 1890 3885 lsraelitze
1989 3820 2127 3875 simo
2157 3836 2170 3872 :
2213 3837 2232 3870 ι
2264 3814 2488 3888 maligni
2512 3811 2767 3871 videlicet
2794 3810 3019 3883 spiritus
3049 3817 3275 3880 pecc.-.ta
3301 3806 3573 3878 prteterita

291 3908 558 3966 derelicto
607 3909 721 3967 Deo
772 3910 914 3969 idola
968 3911 1283 3979 coluerunt,
1329 3911 1647 3969 deserentes
1700 3927 1889 3968 verum
1990 3913 2420 3982 improperantes
2448 3947 2464 3975 ,
2506 3920 2603 3962 ore
2647 3905 2895 3961 lacerant
2945 3902 3266 3965 saevissimo.
3311 3917 3329 3950 ι
3376 3899 3576 3956 Dentes

291 4010 350 4056 et
401 4016 569 4059 unum
617 4001 823 4070 Deum,
867 4002 1245 4059 deservicrunt
1288 4002 1549 4070 vanitati,
1600 4004 1887 4075 gentibus,
1988 4002 2283 4059 bestiarum
2309 3998 2602 4065 immittam
2630 3996 2686 4053 in
2711 4011 2830 4064 eos,
2861 4010 2987 4053 cum
3024 3992 3212 4050 furore
3238 3989 3571 4047 trahentium

291 4094 386 4162 qui
427 4094 611 4166 populi
655 4095 754 4151 Dei
795 4096 1015 4152 nomine
1052 4097 1282 4153 necdum
1316 4111 1381 4151 eo
1424 4104 1669 4168 tempore
1704 4098 1889 4157 vocari
1990 4108 2153 4165 super
2176 4099 2378 4146 terram
2412 4098 2575 4160 atque
2595 4087 2954 4159 serpentium.
2992 4104 3012 4141 ι
3045 4084 3240 4141 Bestiae
3270 4089 3433 4151 atque
3456 4093 3572 4135 ser-

293 4193 645 4252 meruerunt,
692 4185 746 4242 in
795 4186 1151 4258 direptionem
1201 4186 1386 4242 traditi
1436 4196 1581 4243 sunt.
1630 4186 1892 4243 Similiter
1991 4191 2202 4254 pentes,
2252 4181 2472 4251 maligni
2521 4178 2744 4250 spiritus
2792 4185 2939 4237 sunt.
2965 4175 3070 4243 Qui
3100 4174 3291 4230 bestia:
3318 4171 3569 4226 dicuntur

293 4276 686 4343 ecclesiastici,
715 4278 807 4348 qui
849 4279 1064 4335 deserta
1106 4279 1334 4335 veritate
1359 4280 1427 4335 ad
1454 4295 1695 4337 errorem
1721 4280 1889 4336 decli-
1991 4282 2214 4346 propter
2232 4272 2592 4336 ferocitatem,
2625 4275 2908 4340 serpentes
2944 4273 3169 4336 propter
3189 4261 3570 4319 calliditatem.

294 4378 602 4435 naverunt,
644 4370 692 4425 si
719 4385 819 4440 pro
854 4370 1010 4426 malis
1039 4371 1153 4426 suis
1183 4385 1292 4427 non
1319 4371 1701 4441 poenituerint,
1735 4371 1892 4427 mali-
1993 4368 2240 4424 Trahunt
2273 4365 2461 4443 uestis
2498 4371 2664 4433 atque
2700 4366 2982 4430 serpentes
3013 4357 3276 4429 reprobus
3323 4352 3577 4409 dentibus

293 4458 419 4530 guis
458 4459 762 4531 spiritibus,
811 4459 903 4530 qui
944 4460 1303 4530 superbiendo
1340 4461 1688 4531 perdiderunt
1722 4476 1888 4532 ange-
1921 4500 1971 4532 η
1994 4474 2157 4531 super
2182 4466 2385 4514 terram
2431 4470 2557 4511 cum
2589 4454 2797 4520 furore,
2823 4452 3044 4524 quando
3089 4451 3194 4507 hoc
3233 4448 3378 4520 Quod
3422 4447 3577 4517 prius

294 4550 460 4605 licam
518 4551 867 4622 dignitatem,
925 4551 994 4606 ad
1039 4550 1399 4621 puniendum,
1459 4549 1656 4607 inferni
1704 4566 1889 4607 carce-
1915 4541 1967 4560 ν
1993 4548 2319 4606 blandiendo
2354 4545 2676 4603 carnalibus
2702 4550 3091 4616 persuaserant
3132 4549 3192 4596 ut
3230 4541 3572 4603 seducerent,

297 4641 456 4697 ribus
504 4640 802 4697 tradentur.
857 4640 1003 4697 Bene
1049 4654 1179 4712 ergo
1227 4639 1499 4695 daemones
1543 4654 1674 4711 gens
1725 4639 1888 4696 stulta
1993 4637 2338 4710 postmodum
2383 4633 2675 4692 furibundo
2717 4635 2899 4693 animo
2922 4649 2954 4688 a
2987 4631 3369 4703 peccatoribus
3404 4645 3571 4700 expe-

296 4733 407 4789 dici
474 4740 741 4804 possunt,
799 4731 926 4802 quia
989 4730 1179 4789 odiunt
1229 4728 1497 4799 justitiam
1522 4770 1538 4796 ,
1594 4737 1653 4784 et
1702 4737 1890 4785 amant
1995 4740 2134 4799 tunt,
2187 4739 2249 4787 ut
2283 4729 2549 4786 crucieut.
2584 4745 2605 4780 ι
2637 4726 2795 4785 Foris
2840 4725 3078 4782 vastabit
3122 4739 3217 4780 eos
3263 4723 3492 4795 gladius,
3520 4730 3577 4777 et

299 4826 668 4897 iniquitatem.
704 4843 723 4876 ι
755 4823 900 4895 Ignis
936 4837 1231 4881 succensus
1271 4830 1357 4879 est
1395 4821 1452 4876 in
1497 4820 1682 4878 furore
1738 4838 1883 4888 meo,

305 4936 325 4969 ι
361 4925 421 4972 et
460 4916 677 4972 ardebit
718 4931 889 4986 usque
928 4915 998 4970 ad
1036 4912 1237 4971 inferni
1288 4912 1605 4968 novissima.
1641 4933 1661 4967 ι
1695 4913 1771 4970 De
1799 4914 1885 4971 his

300 5024 442 5080 quos
470 5009 731 5067 damnant
749 5006 959 5079 ﬂagella
982 5015 1039 5063 et
1062 5022 1170 5062 non
1200 5006 1455 5073 liberant,
1474 5007 1738 5077 scriptum
1764 5014 1885 5062 est:

305 5119 325 5151 ι
365 5099 691 5158 Percussisti
723 5115 841 5166 eos,
864 5106 921 5156 et
957 5115 1068 5157 non
1106 5101 1395 5158 doluerunt
1424 5120 1437 5157 :
1474 5098 1732 5161 attrivisti
1769 5112 1886 5164 eos,

300 5200 361 5249 ct
388 5206 499 5247 non
538 5200 832 5247 renuenth
864 5191 1111 5261 accipere
1139 5191 1483 5262 disciplinam
1506 5190 1725 5261 (larem.
1757 5186 1834 5258 v).
1866 5206 1884 5237 ι

302 5286 406 5342 His
428 5283 637 5358 ﬂagella
674 5284 744 5341 ab
766 5286 870 5341 bac
900 5285 1009 5340 vita
1057 5283 1336 5350 inchoant,
1365 5290 1424 5338 et
1455 5282 1511 5337 in
1539 5288 1742 5337 astet-na
1759 5292 1893 5348 per-

303 5379 563 5436 cussione
592 5377 908 5449 perdurant.
930 5377 1075 5435 Hine
1113 5376 1260 5432 enim
1287 5392 1387 5447 per
1414 5374 1632 5446 Moysen
1652 5371 1890 5428 dicitur:

311 5490 333 5523 ς
371 5471 518 5541 ignis
535 5469 742 5527 exarsit
769 5469 839 5526 ab
867 5470 951 5526 ira
977 5484 1121 5537 mea,
1145 5477 1204 5525 et
1227 5467 1439 5526 ardebit
1459 5479 1631 5537 usque
1653 5462 1721 5518 ad
1753 5461 1891 5519 inte-

305 5579 405 5621 ros
428 5564 703 5625 deorsum.
741 5582 761 5617 ι
796 5562 1067 5631 Quantum
1097 5563 1175 5619 ad.
1203 5568 1525 5632 praesentem
1546 5557 1745 5615 etenim
1773 5570 1896 5626 per-

306 5654 622 5712 cussionem
652 5662 886 5725 spectat,
917 5661 1065 5710 recte
1097 5652 1297 5709 dicitur
1327 5671 1340 5706 :
1380 5669 1401 5703 ι
1436 5646 1578 5722 ignis
1598 5647 1799 5704 exarsit
1825 5646 1894 5701 ab

311 5748 393 5803 ira
421 5750 562 5804 mea.
600 5766 620 5802 ι
649 5745 919 5813 Quantum
944 5758 1071 5801 vero
1099 5744 1165 5800 ad
1185 5751 1445 5800 aeternam
1472 5738 1893 5807 damnationem,

1993 4824 2141 4879 intus
2162 4836 2351 4893 pavor.
2390 4838 2411 4872 ι
2450 4817 2608 4874 Foris
2634 4816 2870 4877 vastabit
2909 4815 3107 4886 impios
3142 4814 3376 4887 gladius,
3400 4821 3457 4869 et
3484 4814 3571 4867 in-

1995 4924 2083 4971 tus
2114 4928 2304 4985 pavor,
2335 4910 2552 4981 quando
2576 4911 2639 4965 in
2655 4917 2899 4964 extrema
2922 4906 3147 4970 ultione,
3171 4906 3408 4977 undique
3447 4919 3570 4960 eor-

1991 5019 2123 5074 pus,
2138 5002 2280 5074 ignis
2302 4999 2492 5057 aeterni
2522 5006 2737 5069 torquet
2767 4997 3002 5063 exustio,
3035 5005 3091 5053 et
3136 4996 3282 5052 intus
3327 5004 3563 5050 mentem

1994 5094 2255 5165 angustiae
2299 5091 2557 5164 opprimit
2600 5087 2938 5161 magnitudo.
2965 5087 3123 5145 Unde
3157 5087 3419 5156 scriptum
3442 5090 3527 5137 est
3557 5097 3572 5134 :

2000 5203 2019 5235 α
2054 5183 2267 5239 Vermis
2296 5196 2485 5238 eorum
2517 5196 2624 5235 nou
2653 5179 2940 5244 morietur,
2976 5185 3033 5233 et
3067 5176 3209 5249 ignis
3242 5189 3349 5229 non
3375 5170 3583 5226 exstin-

1997 5283 2210 5346 guetur.
2242 5272 2503 5331 Juvenem
2525 5270 2687 5327 simul
2717 5284 2783 5325 ac
2810 5269 3098 5342 virginem,
3132 5268 3425 5322 lactentem
3449 5274 3573 5315 cum

1996 5365 2214 5422 homine
2257 5380 2388 5421 sene
2438 5362 2577 5434 (lsa.
2622 5361 2789 5434 LXVI).
2845 5380 2864 5414 ι
2916 5356 3256 5415 Enumeratis
3306 5349 3575 5406 universis

1997 5458 2267 5524 aetatibus,
2294 5454 2533 5513 ostendit
2569 5453 2697 5509 limiti
2730 5452 2879 5508 aetati
2912 5452 2968 5505 in
2999 5455 3183 5505 exerta
3224 5443 3428 5499 ultione
3454 5455 3574 5495 esse

1998 5548 2349 5620 parcendum,
2390 5561 2529 5617 quos
2578 5545 2721 5600 idem
2774 5538 3091 5598 idololatriae
3135 5535 3441 5590 tmdaverat
3461 5532 3576 5586 cul-

1999 5650 2104 5697 tus.
2133 5638 2432 5708 Allegorice
2487 5643 2667 5689 autem
2701 5632 2753 5686 in
2797 5630 3013 5698 juvene,
3041 5625 3301 5679 lascivum
3323 5632 3380 5678 et
3407 5622 3571 5679 libidi-

2001 5745 2223 5795 nosum;
2250 5730 2303 5784 in
2347 5726 2589 5797 virgine,
2629 5739 2660 5777 a
2715 5719 2869 5776 bonis
2910 5715 3169 5785 operibus
3199 5712 3472 5776 sterilem;
3522 5712 3575 5767 in
