3978 6182
413 381 518 438 979

1089 377 1148 431 Β.
1195 373 1448 428 RABANI
1487 371 1706 427 MAURI
1746 369 2063 425 ARCIIIEP.
2107 370 2412 427 MOGUNT.
2454 372 2738 428 OPERUM
2775 373 2954 429 PARS
2993 374 3033 428 Ι.

3563 377 3668 431 9θῦ

409 488 1050 554 lactente,hebctem;in
1075 499 1205 540 sene
1230 485 1441 557 pigrum
1458 493 1511 538 et
1536 482 1778 537 inutilem
1801 491 1984 536 osten-
2014 484 2064 543 A
2089 499 2282 538 narum
2325 495 2584 549 aeternum
2624 486 2884 559 effugiant
2941 490 3263 549 cruciatum.
3309 509 3329 540 ι
3385 492 3673 560 Quomodo

409 584 509 639 dit.
540 579 650 635 llos
678 594 806 648 ergo
823 576 1184 646 omnesjuxta
1210 574 1506 628 vindictam
1533 573 1629 628 Dei
1658 573 1712 626 in
1739 580 1984 628 extrema

407 676 614 733 ultione
633 679 931 733 consumet,
966 686 1101 740 quos
1123 685 1266 724 nunc
1308 667 1607 722 admonitio
1633 677 1688 722 et
1712 666 1988 737 correptio

2094 597 2111 622 ι
2146 575 2571 649 persequebatur
2593 592 2732 635 unus
2769 576 2935 642 mille,
2965 586 3021 635 et
3063 577 3172 633 duo
3199 578 3452 649 fugarent
3479 582 3668 650 decem

2095 682 2114 721 ‹
2152 663 2345 721 millia?
2363 664 2550 719 Nonne
2603 666 2743 732 ideo,
2781 667 2909 736 quia
2947 667 3089 723 Deus
3126 684 3260 724 suus
3280 671 3524 729 vendidit
3549 687 3667 733 eos.

410 784 441 822 a
466 767 706 839 peccatis
752 779 861 819 non
899 764 1134 818 cohibet.
1172 780 1190 811 ε
1224 761 1290 815 Ει
1339 759 1476 816 dixit
1508 778 1519 813 :
1555 759 1786 815 Ubinam
1827 758 1987 813 sunt?
2050 758 2067 799 I
2094 772 2112 805 ι
2148 761 2203 809 et
2223 754 2480 810 Dominus
2505 755 2771 811 conclusit
2804 757 2968 812 illos?
3001 779 3020 811 ι
3053 758 3371 830 Quicunque
3392 763 3671 832 magnitu—

407 855 635 910 Cessare
662 854 856 908 faciam
904 866 971 927 ex
1016 850 1322 905 hominibus
1361 848 1679 915 memoriam
1716 864 1923 903 eorum.
1961 868 1980 900 ι

409 945 768 1015 Interrogatio
816 942 910 997 Dei
961 958 1068 997 non
1099 949 1184 995 est
1214 940 1538 1011 ignorantia,
1570 941 1663 995 sed
1691 940 1983 1010 correptio.

406 1037 581 1109 Hujus
620 1036 900 1092 sententiae
937 1033 1298 1104 expletionem
1349 1032 1507 1086 facile
1547 1031 1864 1111 dignoscere
1892 1045 1987 1100 po-

344 1164 349 1169 ι
410 1136 539 1196 test,
573 1129 666 1199 qui
701 1127 915 1182 Iudaeos
960 1125 1108 1180 videt
1153 1139 1184 1177 a
1226 1131 1371 1176 terra
1407 1121 1846 1201 repromissionis
1875 1119 1985 1195 eje-

409 1230 530 1277 ctos
578 1229 632 1275 et
658 1234 756 1289 per
782 1227 951 1273 totum
977 1217 1165 1272 orbem
1197 1215 1491 1295 dispersos.
1521 1212 1860 1279 Generaliter
1894 1228 1988 1269 au-

409 1317 517 1362 tem
552 1308 803 1362 omnibus
841 1302 1241 1383 peccatoribus,
1266 1310 1323 1356 et
1365 1301 1853 1371 impcenitcntibus,
1885 1302 1988 1355 hoc

407 1398 653 1453 futurum
699 1397 967 1461 imminet,
995 1395 1135 1462 quod
1163 1393 1230 1448 de
1275 1402 1586 1457 sanctorum
1620 1401 1766 1446 terra
1802 1390 1989 1445 tollen-

409 1484 533 1555 tur,
554 1499 608 1543 et
632 1488 893 1549 memoria
923 1501 1111 1541 eorum
1164 1487 1217 1543 in
1257 1493 1401 1540 ctetu
1437 1484 1733 1538 electorum
1760 1497 1866 1536 non
1891 1498 1989 1535 nu-

408 1589 669 1646 meretur.
697 1578 849 1634 Unde
897 1592 997 1648 per
1044 1560 1390 1631 Psalmistam
1443 1575 1497 1628 in
1542 1574 1991 1655 quinquagesimo

407 1673 586 1744 primo
613 1671 844 1742 psalmo,
867 1658 1029 1739 capiti
1054 1669 1296 1735 omnium
1324 1668 1653 1736 iniquorum,
1681 1666 1843 1720 simul
1866 1682 1990 1724 cum

410 1776 525 1822 toto
556 1780 780 1835 corpore
808 1745 964 1835 pmna
993 1762 1304 1834 prmdicitur
1335 1759 1538 1825 futura,
1577 1775 1699 1819 cum
1732 1767 1990 1836 supputa-

2088 847 2267 904 dinem
2296 848 2393 902 Dei
2435 848 2702 905 veraciter
2734 852 3000 921 agnoscit,
3050 852 3336 911 interitum
3361 870 3521 910 suum
3561 872 3675 915 non

2087 952 2153 991 ex
2187 937 2503 1000 inﬁrmitate
2549 940 2801 1009 potentia:
2843 941 3031 1009 ipsius,
3056 957 3121 996 ex
3152 944 3511 1023 permissione
3535 945 3670 1014 justi

2081 1028 2271 1098 judi‘cii
2298 1029 2418 1099 ejus
2461 1030 2680 1087 evenire
2733 1032 3024 1091 manifeste
3048 1034 3340 1105 probabit:
3366 1038 3491 1105 quia
3519 1038 3671 1093 nullo

2088 1121 2250 1177 modo
2296 1121 2416 1178 fieri
2452 1131 2655 1192 posset,
2674 1125 2818 1193 quod
2854 1141 2993 1181 unus
3041 1136 3461 1197 persequeretur
3494 1129 3666 1192 mille,

2089 1220 2145 1266 et
2177 1213 2282 1267 duo
2309 1212 2561 1283 fugarent
2594 1213 2781 1269 decem
2803 1215 2993 1283 millia,
3024 1218 3129 1274 nisi
3149 1219 3411 1275 Dominus
3438 1236 3538 1275 eos
3558 1230 3672 1275 tra-

2090 1304 2335 1370 didisset,
2358 1313 2414 1360 et
2438 1321 2634 1361 exesos
2659 1307 2993 1378 projiciendo
3020 1310 3072 1364 in
3100 1325 3296 1366 manus
3328 1312 3670 1367 inimicorum

2089 1395 2456 1460 concluderet.
2493 1415 2512 1447 ι
2548 1396 2666 1453 Non
2707 1408 2794 1453 est
2844 1400 2989 1454 enim
3023 1399 3169 1455 Deus
3212 1409 3400 1455 noster
3429 1410 3488 1455 ut
3520 1402 3665 1457 Deus

2090 1500 2320 1549 eorum:
2353 1492 2410 1540 et
2440 1486 2643 1541 inimici
2690 1488 2863 1542 nostri
2912 1497 3045 1543 sunt
3080 1488 3312 1558 judices.
3353 1511 3371 1541 ι
3410 1490 3674 1551 Dominus

2091 1576 2237 1630 enim
2280 1577 2423 1639 Deus
2470 1585 2655 1632 noster
2684 1592 2851 1633 verax
2876 1587 2932 1633 et
2952 1579 3131 1649 justus
3170 1587 3276 1645 est,
3314 1581 3454 1636 idola
3485 1591 3670 1637 autem

2092 1665 2355 1737 gentium,
2397 1664 2532 1719 falsa
2584 1675 2639 1721 et
2694 1667 2922 1722 inutilia.
2956 1667 3109 1735 Quod
3138 1671 3304 1725 etiam
3351 1672 3669 1735 non'solum

2094 1758 2289 1823 nostri,
2322 1772 2511 1812 verum
2545 1758 2710 1820 etiam
2747 1769 3060 1819 nostrorum
3091 1761 3393 1830 approbant
3419 1763 3674 1819 adversa~

410 1857 483 1913 tis
504 1857 729 1928 singulis
749 1854 1030 1926 speciebus
1054 1854 1307 1908 vitiorum
1335 1850 1692 1914 subinfertur:
1717 1869 1736 1902 ‹
1763 1851 1993 1920 Propter
2019 1845 2068 1904 B
2096 1847 2183 1902 rii.
2210 1846 2364 1903 Unde
2388 1849 2583 1918 sapius
2610 1848 2822 1919 legitur,
2853 1850 2998 1920 quod
3022 1851 3268 1907 hostibus
3295 1850 3465 1908 ιιιᾱωί
3487 1854 3673 1908 traditi

408 1962 475 2003 ea
505 1948 749 2007 destruet
780 1954 833 2005 te
861 1944 1005 2000 Deus
1032 1943 1087 2011 in
1130 1942 1324 2009 finem;
1360 1941 1555 1996 evellet
1576 1950 1648 2008 te,
1679 1949 1735 1997 et
1763 1942 1995 2017 emigra—

411 2038 492 2094 bit
519 2046 571 2093 te
597 2038 663 2092 de
692 2034 1041 2131 tabernaculo
1073 2042 1184 2099 tuo,
1221 2029 1287 2089 et'
1310 2034 1547 2089 radicem
1586 2036 1731 2089 tuam
1754 2035 1820 2089 de
1849 2042 1993 2090 terra

411 2128 731 2183 viventium.
771 2128 813 2179 ι’
866 2140 881 2147 ⁴

488 2240 508 2274 ι
540 2220 645 2277 Sed
674 2227 895 2291 propter
938 2218 1078 2284 iram
1130 2217 1474 2273 inimicorum
1521 2215 1724 2283 distuli,
1758 2232 1827 2271 ne
1856 2215 1995 2271 forte

419 2331 438 2363 ι
476 2296 819 2380 superbirent
846 2310 1034 2377 hostes
1055 2323 1245 2363 eorum
1280 2314 1336 2362 et
1368 2307 1612 2362 dicerent
1640 2325 1653 2360 :
1683 2307 1870 2362 Manus
1898 2322 1995 2361 no-

418 2418 439 2452 ι
478 2409 591 2455 stra
621 2399 857 2464 excelsa,
882 2406 938 2453 et
966 2413 1071 2452 non
1097 2398 1241 2452 Deus
1284 2395 1415 2452 fecit
1440 2398 1556 2452 hac
1577 2397 1780 2457 omnia.
1819 2417 1837 2449 ι
1871 2396 1995 2451 Ideo

416 2488 562 2543 enim
614 2489 876 2543 Dominus
927 2501 1070 2556 smpe
1123 2486 1364 2557 priorem
1418 2486 1672 2556 populum
1714 2486 1995 2541 tolerando

415 2582 695 2647 sustinuit,
720 2596 788 2635 ne
818 2588 1008 2652 gentes
1052 2566 1142 2634 eis.
1179 2577 1442 2643 conflnes,
1471 2591 1668 2631 nomen
1720 2584 1775 2631 et
1807 2586 1997 2647 poten—

416 2677 547 2728 tlam
571 2675 689 2744 ejus
716 2673 1179 2743 blasphemarent.
1224 2669 1379 2725 Unde
1399 2674 1454 2724 et
1483 2668 1695 2740 Moyses
1721 2667 1788 2723 ad
1817 2667 1997 2722 Domi-

415 2779 546 2818 num
579 2780 677 2834 pro
705 2753 929 2832 peccato
950 2760 1118 2832 Israel
1156 2760 1545 2831 indignantem,
1574 2768 1630 2814 et
1675 2774 1769 2815 eos
1794 2759 2000 2828 disper-

420 2855 549 2909 dere
583 2852 852 2908 volentem
895 2850 973 2905 ait
1008 2868 1020 2903 :
1076 2867 1095 2901 ι
1153 2849 1252 2915 Ne,
1277 2864 1479 2919 quaeso,
1528 2849 1775 2913 Domine,
1816 2846 1999 2903 dicant

415 2942 660 3017 Egyptii
690 2958 705 2996 :
734 2941 938 2997 Callide
962 2940 1147 2996 eduxit
1168 2954 1285 3005 eos,
1317 2947 1377 2994 ut
1406 2939 1739 2994 interficeret
1763 2940 1817 2993 in
1844 2954 1998 2994 mon-

420 3036 588 3100 tibus,
624 3043 679 3089 et
704 3033 909 3089 deleret
935 3048 966 3087 e
995 3041 1160 3089 terra.
1194 3031 1520 3101 Requiescat
1550 3031 1628 3085 ira
1661 3039 1770 3091 tua,
1797 3038 1852 3084 et
1881 3037 2001 3086 esto

418 3125 699 3198 placabilis
749 3139 913 3195 super
958 3123 1251 3193 nequitiam
1297 3121 1478 3202 populi
1534 3122 1638 3177 'tui.
1688 3121 1999 3178 Recordare

412 3218 713 3283 Abraham,
744 3216 895 3295 Isaac
920 3223 974 3270 et
1001 3217 1187 3281 Israel,
1228 3214 1512 3271 servorum
1540 3224 1776 3280 tuorum,
1802 3213 1999 3284 quibus

415 3309 614 3379 jurasti
652 3322 753 3377 per
792 3308 1133 3378 temetipsum
1171 3307 1393 3362 dicens:
1420 3306 1786 3376 Multiplicabo
1814 3319 1999 3359 semen

424 3408 663 3456 vestrum
717 3401 859 3456 sicut
924 3390 1109 3455 stellas
1149 3398 1304 3464 coeli;
1351 3406 1407 3454 et
1437 3399 1749 3454 universam
1796 3404 2000 3452 terram

422 3489 564 3542 hanc
591 3488 656 3544 de
679 3504 784 3559 qua
809 3488 1024 3544 locutus
1051 3502 1169 3542 sum
1188 3488 1327 3543 dabo
1354 3487 1546 3542 semini
1572 3496 1776 3553 vestro,
1798 3495 1854 3543 et
1876 3503 2001 3559 pos-

423 3577 671 3634 sidehitis
704 3568 825 3633 eam
863 3586 1096 3649 semper.
1135 3577 1494 3648 Placatusque
1535 3585 1620 3634 est
1647 3578 1907 3633 Dominus
1933 3593 2003 3633 ne

423 3670 633 3725 faceret
659 3671 858 3726 malum
879 3712 895 3737 ,
921 3670 1064 3741 quod
1091 3670 1313 3726 locutus
1354 3671 1529 3726 fuerat
1570 3669 1637 3724 ad
1685 3670 2000 3724 universum

423 3759 680 3831 populum
720 3776 877 3815 suum
917 3760 1115 3832 (Exod.
1162 3759 1358 3833 xxxii).
1418 3780 1437 3812 ι
1484 3758 1747 3815 Similiter
1797 3768 1853 3815 et
1902 3774 2002 3815 nos

428 3850 644 3919 quando
675 3853 1099 3920 peccaverimus,
1153 3861 1377 3923 propter
1409 3867 1661 3923 magnam
1702 3852 2002 3922 potentiam

427 3952 581 3991 suam
632 3946 687 3991 et
737 3937 1201 4009 longanimitatem
1246 3941 1508 4005 sustinet,
1567 3940 1758 3995 nolens
1824 3941 2004 4011 perire

430 4040 791 4096 quemquam;
826 4029 920 4082 sed
945 4043 1135 4084 omnes
1148 4030 1325 4084 salvos
1345 4029 1484 4094 fieri,
1510 4037 1565 4084 et
1584 4030 1652 4085 ad
1674 4031 2002 4100 agnitionem

430 4116 677 4172 veritatis
696 4118 1001 4188 pervenire.
1023 4117 1186 4173 Juxta
1203 4118 1333 4173 illud
1344 4119 1610 4189 Apostoli,
1636 4121 1781 4189 quod
1803 4119 1870 4174 ad
1894 4120 2000 4176 Ro-

433 4222 626 4262 manos
671 4206 917 4263 scribens
960 4209 1035 4263 ait
1067 4227 1079 4263 :
1111 4228 1130 4261 ι
1167 4209 1464 4265 Existimas
1497 4219 1702 4278 autem,
1741 4225 1776 4266 ο
1816 4212 2000 4276 homo,

433 4297 525 4367 qui
547 4296 760 4367 judieas
784 4312 878 4353 eos
909 4300 1000 4369 qui
1041 4298 1170 4353 talia
1211 4307 1401 4370 agunt,
1439 4306 1496 4354 et
1519 4297 1654 4354 facis
1684 4315 1771 4366 ea,
1798 4303 1924 4371 quia
1945 4308 2004 4355 tu

427 4385 654 4457 eﬁ‘ugies
697 4385 960 4455 judicium
991 4388 1123 4443 Dei?
1156 4388 1238 4443 An
1288 4387 1503 4447 divitias
1529 4389 1785 4446 bonitatis
1810 4388 1927 4459 ejus
1949 4396 2005 4444 et

431 4477 704 4545 patientia:
729 4488 784 4535 et
808 4476 1232 4549 longanimitatis
1251 4479 1573 4545 contemnis,
1603 4480 1860 4551 ignorans
1875 4496 2003 4550 quo—

434 4570 578 4623 niam
625 4570 933 4641 benignitas
988 4570 1082 4626 Dei
1132 4570 1200 4625 ad
1246 4571 1624 4640 paenitentiam
1663 4579 1719 4626 te
1750 4570 2005 4626 adducit?

429 4662 737 4718 Secundum
773 4664 1029 4719 duritiam
1055 4673 1236 4719 autem
1257 4672 1407 4719 tuam
1428 4673 1481 4718 et
1511 4665 1856 4735 imptenitens
1885 4680 2002 4732 cor,

434 4753 771 4809 thesaurizas
795 4755 891 4809 tibi
924 4755 1058 4809 iram
1082 4756 1137 4808 in
1166 4754 1254 4809 die
1280 4755 1376 4809 iraa
1415 4763 1471 4810 et
1508 4755 1853 4809 revelationis
1869 4755 2003 4824 justi

434 4842 621 4912 iudicii
646 4842 760 4907 Dei,
797 4852 853 4899 et
896 4854 1091 4900 caetera
1122 4843 1294 4916 (Rom.
1326 4844 1408 4914 ιι).
1429 4843 1507 4899 Ac
1531 4860 1601 4899 ne
1623 4843 1761 4899 lbrte
1785 4845 2005 4916 maligni

430 4933 661 5003 spiritus
685 4933 946 5003 glorietur
971 4934 1024 4988 in
1054 4935 1362 5004 perditione
1392 4944 1574 4989 nostra
1599 4935 1665 4989 de
1689 4933 2006 4990 fortitudine

426 5037 550 5097 sua,
576 5020 731 5091 quasi
763 5020 1046 5075 victoriam
1083 5021 1292 5077 viribus
1313 5024 1428 5079 suis
1459 5022 1849 5093 percepissent,
1879 5039 2005 5078 cum

420 5114 534 5168 hoc
555 5126 769 5179 semper
795 5118 1022 5176 certent,
1062 5120 1120 5166 ut
1145 5114 1471 5169 sententiam
1497 5112 1758 5168 Altissimi
1784 5128 2007 5182 perver-

436 5210 569 5269 tant,
592 5202 684 5271 qui
728 5201 975 5257 homines
998 5202 1239 5257 decrevit
1260 5203 1439 5257 locum
1482 5202 1811 5272 perditorum
1850 5203 2008 5272 spiri-

436 5303 582 5349 tuum
610 5295 663 5348 in
699 5293 855 5350 cmlis
896 5294 1194 5363 possidere.
1230 5313 1249 5344 ι
1280 5293 1425 5348 Gens
1459 5291 1766 5347 Iudaeorum
1803 5294 2008 5364 absque

434 5385 661 5441 consilio
688 5393 773 5440 est
796 5392 854 5438 et
896 5385 1016 5439 sine
1063 5384 1347 5453 prudentia
1376 5402 1389 5436 :
1433 5383 1637 5436 utinam
1666 5392 1917 5453 saperent
1939 5398 2006 5438 ac

435 5477 727 5532 novissima
742 5475 1107 5546 providerent.
1142 5493 1161 5523 ι
1195 5472 1341 5527 Gens
1372 5470 1683 5527 Judaaorum
1703 5489 1803 5529 nec
1823 5488 1926 5528 non
1949 5482 2005 5529 et

435 5567 724 5635 impiorum
756 5567 875 5621 sine
899 5564 1127 5621 consilio
1156 5561 1349 5618 salutis
1372 5572 1476 5626 est,
1516 5562 1642 5631 quia
1671 5563 1724 5617 in
1764 5563 2004 5618 futurum

438 5657 539 5711 sibi
586 5657 871 5724 providere
909 5655 1178 5718 nesciunt,
1202 5660 1468 5722 quatenus
1494 5651 1864 5707 imminentem
1907 5667 2004 5722 pro

438 5745 675 5824 peccatis
697 5746 810 5801 suis
834 5745 1063 5801 evadant
1098 5744 1409 5809 vindictam,
1440 5751 1490 5804 et
1521 5741 1860 5803 infernalium
1890 5759 2003 5823 pa:—

2093 1954 2193 2008 pro
2217 1937 2532 1995 infidelitate
2569 1947 2732 2007 atque
2754 1938 3013 2008 iniustitia
3043 1957 3138 1995 sua
3165 1942 3361 2003 merito
3386 1944 3457 1997 ab
3484 1944 3567 1998 eis
3587 1960 3673 1997 ar-

2093 2037 2409 2102 guerentur,
2438 2029 2581 2083 sicut
2628 2026 2893 2084 .leremias
2937 2030 2990 2084 in
3027 2030 3532 2089 Lamentationibus
3558 2032 3673 2086 suis

2095 2122 2226 2177 dicit
2254 2139 2268 2175 :
2303 2139 2320 2170 ι
2355 2121 2622 2175 Viderunt
2648 2135 2767 2175 eam
2791 2120 2997 2187 hostes,
3037 2131 3091 2181 et
3117 2123 3426 2179 deriserunt
3448 2123 3669 2179 sabbata

2094 2212 2212 2283 ejus
2249 2212 2428 2285 (Thre.
2461 2212 2521 2284 ι).
2557 2232 2575 2264 ι
2607 2212 2745 2275 Hinc
2773 2214 2918 2269 enim
2938 2215 3095 2276 nobis
3116 2229 3458 2284 summopere
3480 2229 3675 2269 caven-

2096 2305 2220 2359 dum
2253 2312 2352 2364 est,
2384 2320 2452 2358 ne
2474 2304 2659 2359 hostes
2686 2305 2889 2362 nostris
2928 2304 3085 2360 malis
3126 2305 3334 2359 nostris
3368 2305 3667 2374 provocati,

2096 2394 2150 2447 iu
2172 2391 2561 2463 blasphemiam
2591 2401 2779 2449 contra
2809 2393 2983 2457 Deum
3018 2403 3328 2466 erumpant,
3368 2411 3493 2450 cum
3525 2396 3670 2452 vide-

2096 2482 2206 2543 rint
2232 2496 2331 2536 nos
2383 2489 2688 2551 superatos,
2733 2488 2789 2537 et
2816 2481 2885 2536 ad
2925 2481 3156 2536 nihilum
3182 2491 3407 2553 propter
3450 2492 3670 2553 peccata

2097 2562 2283 2629 nostra
2322 2574 2590 2639 redactos,
2613 2574 2717 2629 hoc
2740 2573 2926 2628 virtuti
2952 2589 3074 2641 suae
3096 2581 3363 2640 asserant,
3394 2576 3538 2646 quod
3562 2590 3666 2631 non

2098 2679 2192 2721 sua
2218 2665 2484 2734 potentia,
2521 2664 2613 2719 sed
2634 2664 2838 2732 judicio
2861 2664 3073 2727 Domini
3100 2662 3379 2726 redactum
3405 2671 3507 2727 est.
3544 2682 3564 2716 ε
3598 2665 3677 2721 De

2097 2755 2256 2811 vinea
2277 2753 2423 2810 enim
2450 2753 2832 2819 Sodomorum,
2871 2754 3033 2820 vinea
3069 2767 3277 2819 eorum,
3311 2762 3368 2815 et
3389 2755 3456 2809 de
3488 2753 3675 2808 ειὼιπε

2098 2844 2255 2900 banis
2299 2843 2635 2899 Gomorrhm.
2662 2842 2792 2899 Uva:
2834 2858 3026 2898 eorum
3050 2860 3156 2897 uva
3195 2842 3358 2909 fellis,
3402 2853 3459 2898 et
3489 2844 3678 2899 botrus

2099 2935 2496 2990 amarissimus.
2529 2954 2547 2986 ι
2576 2933 2730 3004 Saepe
2764 2934 2819 2989 in
2856 2933 3154 3005 Scripturis
3188 2936 3360 2991 sacris
3388 2934 3676 3007 Synagoga

2098 3025 2182 3082 vel
2209 3023 2505 3079 Jerusalem
2543 3024 2790 3079 Sodomae
2827 3032 2883 3078 et
2917 3014 3236 3080 Gomorrhee
3267 3033 3674 3095 comparantur,

2101 3118 2227 3187 quia
2253 3118 2392 3172 sicut
2413 3116 2553 3173 male
2578 3110 2684 3172 illie
2709 3117 2891 3173 abusa:
2913 3124 3038 3173 sunt
3060 3117 3218 3173 donis
3238 3117 3359 3182 Dei,
3374 3118 3455 3173 sic
3474 3125 3534 3171 et
3557 3118 3675 3172 istc

2026 3188 2072 3250 Ο
2104 3206 2381 3263 beneﬁciis
2395 3222 2608 3278 semper
2629 3207 2954 3263 exstiterunt
2975 3207 3220 3278 ingrata).
3248 3206 3401 3263 Unde
3419 3207 3588 3262 Isaias
3609 3205 3682 3262 de

2102 3297 2210 3352 illis
2239 3298 2317 3352 ait
2342 3315 2355 3350 :
2388 3315 2407 3350 ι
2445 3296 2559 3352 Nisi
2587 3296 2847 3353 Dominus
2877 3298 3215 3352 exercituum
3251 3297 3563 3368 reliquisset
3582 3311 3679 3351 no-

2100 3388 2185 3444 bis
2230 3402 2435 3455 semen,
2472 3388 2625 3464 quasi
2668 3387 2903 3445 Sodoma
2943 3386 3271 3451 fuissemus:
3299 3397 3355 3444 et
3373 3388 3529 3458 quasi
3566 3386 3677 3441 Go-

2101 3482 2323 3535 morrha
2354 3479 2562 3535 similes
2595 3478 2908 3535 fuissemus.
2953 3479 3150 3535 Audite
3198 3480 3425 3539 verbum
3463 3477 3681 3543 Domini

2100 3572 2372 3642 principes
2393 3570 2770 3636 Sodomorum,
2797 3571 3019 3627 auribus
3042 3572 3259 3642 percipe
3273 3571 3446 3642 legem
3469 3571 3681 3626 Domini

2102 3664 2276 3719 nostri
2294 3663 2521 3734 populus
2546 3662 2882 3729 Gomorrhaa,
2912 3671 3015 3719 etc.
3047 3661 3182 3734 (Ira.
3210 3661 3272 3733 ι).
3299 3683 3318 3715 ι
3339 3660 3510 3717 Vinea
3533 3660 3683 3717 enim

2103 3757 2337 3821 Domini,
2367 3744 2508 3811 sicu’t
2534 3755 2590 3810 in
2615 3756 2805 3810 eodem
2833 3756 3094 3826 propheta
3138 3755 3397 3823 scriptum
3438 3761 3544 3817 est,
3588 3751 3684 3805 do-

2104 3863 2226 3903 mus
2278 3845 2444 3903 Israel
2471 3843 2575 3899 fuit
2618 3862 2631 3899 :
2673 3860 2793 3915 qua:
2829 3853 2957 3900 tunc
2996 3844 3049 3899 in
3077 3841 3216 3898 fellis
3260 3842 3684 3901 amaritudinem

2105 3950 2365 3992 conversa
2402 3942 2504 3999 est,
2536 3934 2753 4003 quando
2786 3942 3017 3989 mortem
3048 3932 3250 3988 Christi
3295 3931 3683 3999 meditabatur.

2108 4025 2263 4082 Unde
2283 4032 2340 4079 et
2361 4024 2462 4094 ipsi
2488 4024 2542 4078 in
2563 4038 2724 4078 cruce
2737 4021 3014 4092 pendenti,
3045 4030 3255 4078 acetum
3281 4021 3405 4090 felle
3433 4021 3681 4089 mistum,

2106 4114 2367 4169 arundine
2428 4120 2823 4184 porrexerunt,
2882 4122 2944 4167 ut
2993 4112 3047 4167 in
3101 4126 3166 4168 eo
3213 4113 3685 4179 demonstraretur

2104 4205 2332 4261 scientia
2369 4203 2524 4274 legis,
2570 4218 2733 4273 quam
2777 4203 2880 4274 ipsi
2930 4212 3133 4258 rectam
3188 4211 3534 4272 acceperunt,
3559 4200 3685 4257 felle

2106 4294 2326 4349 malitiae
2370 4308 2482 4349 suae
2516 4294 2718 4349 habere
2755 4301 3066 4362 corruptam
3088 4333 3104 4359 ,
3151 4293 3560 4347 cum-datorem
3606 4290 3686 4347 le-

2106 4391 2189 4461 gis
2212 4390 2281 4445 ad
2304 4404 2362 4445 se
2384 4389 2693 4443 venientem
2716 4388 2957 4459 recipere
2982 4388 3288 4455 noluerunt,
3316 4389 3541 4458 insuper
3567 4387 3691 4445 irri-

2029 4521 2083 4580 D
2111 4489 2361 4537 taverunt
2377 4488 2433 4536 et
2460 4479 2785 4535 afﬂixerunt.
2831 4479 3023 4546 Aliter,
3062 4480 3166 4536 hac
3200 4481 3469 4536 sententia
3495 4488 3552 4534 et
3578 4480 3689 4533 ha:-

2109 4570 2401 4626 rcticorum
2420 4568 2659 4638 nequitia
2688 4568 3006 4638 percutitur,
3031 4568 3122 4637 qui
3151 4567 3277 4622 licet
3311 4566 3500 4636 gratiae
3527 4565 3690 4636 spiri-

2108 4660 2232 4715 talis
2254 4675 2284 4714 a
2312 4660 2515 4715 sanctis
2536 4658 2978 4728 praedicatoribus
3002 4672 3198 4728 purum
3222 4659 3413 4729 dogma
3429 4657 3687 4728 primitus

2106 4751 2434 4821 acceperint,
2466 4750 2568 4821 ipsi
2599 4757 2774 4804 tamen
2798 4749 3080 4803 erroribus
3114 4749 3226 4804 suis
3250 4748 3383 4803 illud
3407 4748 3687 4803 maculare

2106 4859 2214 4898 non
2242 4841 2715 4911 pertimescebant,
2748 4848 2805 4894 et
2834 4840 2955 4895 ideo
2985 4840 3231 4895 doctrina
3256 4854 3446 4894 eorum
3481 4848 3594 4894 tota
3627 4839 3686 4892 in

2107 4930 2247 4987 fellis
2275 4939 2330 4986 et
2358 4930 2615 4985 absinthii
2647 4929 3065 4983 amaritudinem
3110 4944 3371 4984 conversa
3394 4937 3496 4983 est.
3535 4946 3556 4979 ‹
3588 4926 3686 4981 Fel

2108 5023 2403 5078 draconum
2429 5021 2615 5075 vinum
2641 5035 2851 5086 eorum,
2875 5031 2930 5075 et
2961 5036 3227 5075 venenum
3261 5020 3508 5090 aspidum
3539 5021 3687 5074 insa-

2108 5111 2305 5168 nabile.
2343 5129 2364 5163 ι
2398 5110 2599 5180 Aperte
2625 5108 2933 5165 Iudaeorum
2964 5109 3189 5179 perﬁdia
3216 5120 3272 5163 et
3301 5109 3685 5164 haereticorum

2108 5202 2344 5258 versutia
2370 5200 2665 5256 draconum
2695 5198 2801 5255 felli
2833 5207 2889 5255 et
2935 5200 3181 5270 aspidum
3222 5213 3431 5253 veneno
3462 5215 3685 5269 compa-

2110 5300 2319 5357 rantur,
2354 5290 2482 5361 quia
2512 5292 2653 5346 sicut
2683 5299 2963 5360 serpentes
2985 5278 3403 5345 amaritudinem
3440 5297 3496 5343 et
3520 5304 3686 5343 vene-

2114 5398 2242 5437 num
2268 5382 2321 5435 in
2362 5380 2748 5444 seoccultant,
2785 5388 3051 5449 quatenus
3094 5380 3341 5435 incautos
3394 5381 3692 5450 improvise

2112 5473 2324 5537 laedant,
2357 5472 2440 5527 sic
2459 5479 2514 5526 et
2534 5469 2703 5526 Judaei
2725 5479 2782 5525 et
2815 5471 3053 5525 haeretici
3082 5469 3344 5525 malitiam
3379 5485 3535 5525 suam
3564 5470 3692 5525 dolo

2113 5572 2168 5619 et
2205 5561 2483 5616 fraudibus
2508 5560 2715 5624 velant,
2741 5567 3013 5628 quatenus
3046 5560 3436 5630 imprudentes,
3474 5559 3691 5614 facilius

2112 5652 2476 5718 exstinguant.
2492 5650 2636 5705 Bene
2654 5662 2782 5719 ergo
2811 5648 3012 5704 dicitur
3039 5662 3306 5703 venenum
3330 5647 3578 5717 aspidum
3610 5648 3689 5701 in-e

2112 5740 2371 5808 sanabile,
2425 5740 2550 5810 quia
2591 5737 2966 5795 haereticorum
3014 5753 3187 5803 error,
3238 5752 3575 5823 qumcunque
3602 5736 3684 5803 in:
