3964 6192
269 366 364 425 981

1023 362 1422 418 LNAKRATIO
1461 361 1687 419 SUPER
1730 358 2357 419 DEUTERONOMIUM.
2400 393 2469 403 -—
2508 364 2637 422 LIB.
2680 366 2770 422 IV.

3431 368 3539 424 983

270 481 494 540 vascrit.
532 479 636 535 nisi
670 493 728 533 se
759 476 884 532 inde
923 477 1253 543 liberaverit,
1287 478 1405 535 sine
1437 476 1600 533 dubio
1628 464 1682 530 in
1710 485 1862 532 :etec-
1888 476 1938 536 A
1965 476 2138 531 servis
2164 477 2279 532 suis
2308 476 2672 531 miserebitur.
2718 496 2738 529 ι
2778 476 2913 545 Quia
2946 477 2999 533 in
3049 477 3260 535 cmlesti
3310 480 3546 538 beatitu-

270 594 400 635 num
425 577 665 647 perimit.
701 593 721 626 ι
767 574 957 630 Nonne
994 575 1109 630 bzec
1158 575 1375 631 condita
1402 583 1529 631 sunt
1570 574 1713 644 apud
1748 587 1856 635 me.

269 681 323 726 et
353 673 568 739 signata
612 668 667 722 in
720 668 993 722 thesauris
1028 668 1200 723 meis?
1244 688 1263 721 ι
1310 666 1476 734 Moris
1510 675 1594 722 est
1632 664 1861 721 humani

272 764 510 835 generis,
549 768 608 815 ut
634 760 912 831 pneterita
948 761 1058 817 cito
1096 760 1503 825 obliviscantur,
1536 768 1589 815 et
1618 775 1738 829 qua:
1764 759 1863 813 ali-

275 852 490 924 quando
508 850 734 922 grandia
756 849 1099 915 videbantur,
1133 851 1310 920 spatio
1341 851 1600 919 temporis
1620 850 1860 914 labente,

276 942 434 999 simul
457 943 572 1012 ipsa
598 941 652 995 in
684 941 1064 996 recordatione
1088 939 1366 996 deﬁciant.
1392 940 1497 995 Sed
1526 955 1630 995 non
1672 939 1746 992 ita
1781 944 1864 992 est

275 1035 415 1105 apud
440 1034 630 1096 Deum,
659 1031 750 1086 ubi
782 1031 1117 1100 praeteritum
1151 1039 1206 1084 et
1235 1030 1474 1084 futurum
1506 1044 1613 1084 non
1639 1037 1743 1094 est,
1768 1028 1866 1083 sed

274 1130 516 1196 prazse‘ns
536 1136 753 1191 semper
787 1121 960 1175 adest.
1002 1120 1132 1189 Qua:
1159 1121 1305 1175 enim
1351 1120 1507 1175 nobis
1534 1126 1866 1189 praetereunt

276 1214 348 1268 ibi
389 1218 773 1275 reservantur,
814 1225 917 1266 nec
950 1209 1208 1265 oblivioni
1262 1209 1564 1264 tradentur.
1609 1209 1739 1263 Inde
1770 1222 1867 1262 ne-

275 1320 431 1361 cesse
465 1312 569 1369 est,
596 1312 659 1357 ut
683 1310 927 1372 peccata,
952 1317 1073 1371 qua:
1120 1301 1320 1357 dudum
1368 1299 1762 1366 commisimus,
1789 1298 1868 1352 in-

277 1396 446 1452 stanti
471 1395 794 1465 pmuitentia
814 1392 995 1449 delere
1008 1406 1191 1447 coram
1207 1390 1382 1447 oculis
1398 1390 1494 1446 Dei
1516 1389 1832 1445 studeamus
1848 1406 1862 1443 :

279 1503 347 1543 ne
369 1487 515 1543 forte
538 1488 593 1541 in
628 1484 812 1540 futuro
841 1484 1059 1555 quando
1089 1490 1304 1554 tempus
1331 1483 1586 1538 vindicta:
1622 1481 1750 1547 erit,
1778 1495 1869 1536 re-

228 1594 243 1601 ’
276 1589 436 1652 putet
458 1580 615 1636 nobis
649 1580 828 1635 debita
865 1588 1052 1655 nostra
1086 1584 1141 1631 et
1180 1576 1347 1631 dicat.
1386 1593 1405 1627 ι
1436 1575 1564 1630 Haec
1600 1573 1777 1630 fecisti
1815 1580 1871 1629 et

286 1693 306 1727 ι
346 1675 512 1730 tacui.
537 1672 873 1728 Existimasti
924 1671 1109 1741 inique
1142 1668 1285 1740 quod
1311 1683 1488 1725 essem
1515 1668 1612 1723 tibi
1641 1667 1866 1734 similis;

289 1787 307 1819 ι
343 1778 575 1836 arguam
596 1772 684 1851 [te
731 1772 788 1818 et
836 1768 1069 1818 statuam
1102 1761 1195 1817 illa
1220 1771 1412 1817 contra
1451 1760 1645 1851 faciem
1696 1768 1865 1815 tuam.

290 1877 308 1909 ι
346 1832 462 1912 Mea
483 1863 568 1911 est
593 1832 748 1917 ultio.
764 1862 818 1909 et
840 1869 940 1926 ego
968 1853 1275 1908 retribuam
1294 1853 1375 1908 eis
1423 1844 1774 1939 iti'tempore,
1807 1860 1867 1906 ut
1900 1832 1945 1892 Β

288 1967 308 1999 ι
346 1948 564 2002 labatur
601 1960 697 2016 pes
726 1960 936 2000 eorum.
977 1964 996 1997 ι
1031 1943 1192 2000 Certa
1221 1951 1348 1998 sunt
1374 1943 1516 2013 apud
1557 1942 1868 2006 Dominum,

279 2048 339 2094 et
366 2048 577 2108 tempus
601 2044 656 2091 et
679 2035 869 2091 modus
897 2031 1172 2091 vindictze.
1202 2032 1310 2090 Sed
1336 2034 1463 2104 quia
1491 2034 1675 2089 multa:
1703 2033 1869 2089 mise-

284 2130 529 2185 rationes
569 2126 685 2197 ejus
723 2134 866 2194 sunt,
901 2145 919 2177 ‹
954 2141 1400 2198 praroccupemus
1440 2125 1631 2181 faciem
1669 2125 1785 2195 ejus
1816 2125 1870 2181 in

283 2220 649 2283 confessione,
678 2226 733 2273 et
760 2220 814 2274 in
835 2217 1061 2289 psalmis
1078 2217 1374 2287 jubilem‘us
1410 2217 1481 2273 ei.
1511 2215 1873 2273 Humiliemus

284 2314 339 2369 in
365 2310 573 2381 jejunio
599 2312 808 2366 animas
850 2318 1100 2376 nostras;
1136 2328 1154 2361 ›
1190 2307 1478 2380 vigilemus
1520 2316 1576 2363 et
1630 2323 1870 2375 oremus,

288 2422 310 2454 ‹
341 2403 599 2473 quoniam
611 2403 733 2472 quis
761 2401 882 2468 scit,
914 2401 959 2456 si
981 2409 1332 2457 convertatur
1356 2407 1412 2454 et
1434 2400 1682 2471 ignoscat
1704 2400 1871 2466 Deus,

283 2504 342 2549 et
367 2495 645 2564 relinquat
668 2503 791 2565 post
821 2509 880 2550 se
928 2493 1403 2550 benedictionem?
1444 2491 1606 2547 Juxta
1633 2501 1718 2547 est
1759 2492 1874 2548 dies

285 2587 629 2657 perditionis,
657 2594 711 2640 et
761 2586 950 2641 adesse
977 2584 1236 2641 festinant
1269 2592 1533 2655 tempora.
1560 2603 1579 2636 ι
1608 2582 1768 2637 Juxta
1790 2589 1876 2638 est

286 2680 582 2748 unicuique
610 2678 724 2733 dies
751 2678 988 2743 ultionis,
1011 2671 1156 2748 ‘quia
1183 2687 1366 2733 certus
1396 2684 1499 2742 est,
1531 2690 1632 2732 nec
1671 2675 1878 2732 diutur-

289 2785 420 2825 num
462 2783 583 2822 esse
606 2775 784 2838 potest
824 2766 966 2837 quod
1009 2765 1299 2837 aliquando
1356 2764 1557 2820 ﬁnitur.
1603 2763 1872 2833 Quidquid

288 2858 441 2912 enim
472 2856 765 2928 temporale
787 2866 847 2911 ut
876 2865 961 2913 est
983 2857 1218 2911 hominis
1244 2863 1400 2921 mtas,
1429 2855 1516 2909 vel
1540 2854 1724 2910 mundi
1755 2870 1877 2909 cur-

293 2964 411 3014 sus,
435 2948 500 3002 ad
541 2949 899 3003 aeternitatem
930 2955 1295 3021 comparatur,
1320 2962 1545 3018 parvum
1581 2947 1639 3001 lit
1670 2946 1725 3001 in
1756 2946 1875 3017 ejus

292 3041 720 3109 comparatione.
774 3040 899 3095 Ideo
946 3040 1164 3106 dicitur,
1206 3058 1222 3091 ι
1266 3046 1322 3094 et
1371 3038 1563 3094 adesse
1612 3038 1874 3093 festinant

294 3145 562 3205 tempora,
585 3154 603 3187 ι
630 3135 754 3203 quia
783 3135 890 3189 cito
918 3135 1178 3190 liniuntur
1207 3131 1542 3203 temporalia.
1563 3130 1871 3187 Secundum

294 3225 582 3280 historiam
611 3232 813 3290 autem,
840 3223 1205 3280 lsraelitarnm
1242 3223 1477 3278 vindicta
1504 3208 1869 3293 appropiavit;

294 3315 422 3387 quia
449 3328 517 3369 ex
543 3330 648 3384 quo
674 3315 936 3370 rebellare
983 3322 1284 3386 cmperunt,
1328 3329 1604 3384 nunquam
1639 3313 1878 3384 perfecte

296 3404 647 3468 destiterunt,
661 3403 830 3458 donec
853 3404 1005 3475 regni
1027 3404 1205 3459 locum
1227 3412 1282 3459 et
1303 3404 1424 3458 vita:
1438 3405 1875 3474 prosperitatem,

295 3495 508 3563 pariter
530 3494 903 3565 perdiderunt.
935 3494 1067 3549 Nam
1097 3503 1384 3565 postquam
1411 3495 1876 3566 prophetas'occi-

297 3587 519 3652 derunt,
563 3594 620 3641 et
675 3584 1009 3641 Salvatorem
1055 3585 1474 3652 crucifixerunt,
1524 3585 1879 3641 seditionibus

296 3676 540 3746 antiquis
568 3692 706 3731 nova
734 3675 1233 3747 superadjicientcs,
1271 3675 1547 3731 Romanos
1567 3674 1880 3731 rebellando

297 3769 355 3822 in
406 3783 466 3822 se
498 3776 948 3838 provocaverunt,
1008 3768 1101 3838 qui
1155 3767 1288 3823 urbe
1342 3768 1638 3834 destructa,
1680 3767 1880 3838 templo

297 3875 582 3925 succenso,
609 3859 808 3930 p0pulo
847 3860 989 3915 fame
1029 3868 1084 3914 et
1121 3859 1298 3931 gladio
1359 3867 1570 3924 necato,
1622 3859 1882 3930 reliquias

298 3964 491 4004 eorum
530 3964 628 4019 per
659 3957 830 4003 totum
878 3949 1062 4004 orbem
1112 3949 1504 4020 disperserunt,
1538 3950 1629 4004 ubi
1661 3950 1881 4006 incertis

299 4040 519 4095 sedibus
540 4039 804 4110 vagando,
829 4054 924 4111 spe
945 4039 1246 4095 futurorum
1261 4049 1479 4095 manent
1502 4041 1716 4097 incerti.
1748 4061 1765 4092 ι
1791 4040 1883 4096 Ju—

300 4127 506 4184 dicabit
528 4127 789 4183 Dominus
830 4128 1087 4201 populum
1132 4144 1310 4195 suum,
1340 4138 1397 4184 et
1436 4130 1492 4184 in
1541 4132 1715 4187 servis
1768 4132 1881 4188 suis

302 4219 669 4279 miserebitur.
724 4239 743 4272 ι
798 4217 1070 4275 iudicabit
1120 4233 1250 4292 ergo
1314 4220 1576 4278 Dominus
1624 4222 1882 4293 populum

302 4327 480 4376 suum,
510 4312 728 4389 quando
749 4312 949 4367 electos
977 4329 1154 4392 suosa
1185 4313 1431 4385 reprobis
1452 4316 1707 4371 secernit.
1742 4314 1879 4368 Nam

297 4403 544 4475 judicare
585 4403 875 4472 aliquando
921 4419 1019 4474 pro
1058 4404 1391 4470 discernere,
1432 4404 1722 4475 aliquando
1750 4419 1882 4460 vero

302 4484 402 4566 pro
424 4495 683 4550 damnare
705 4495 987 4565 accipitur.
1022 4494 1173 4551 Unde
1193 4495 1248 4550 in
1279 4495 1485 4565 psalmo
1516 4494 1783 4565 Propheta
1813 4495 1881 4549 ad
1907 4536 1961 4596 Β

304 4588 594 4642 Dominum
620 4586 757 4641 dixit
785 4601 799 4639 :
826 4603 844 4638 ι
866 4585 1055 4643 Judica
1081 4602 1185 4653 me,
1208 4586 1373 4649 Deus.
1398 4593 1453 4641 et
1483 4586 1729 4642 discerne
1749 4602 1881 4641 cau-

303 4694 421 4733 sam
444 4693 618 4733 meam
642 4678 709 4733 de
732 4687 891 4748 gente
922 4694 1027 4732 non
1055 4688 1264 4742 sancta,
1292 4679 1360 4733 ab
1384 4677 1601 4732 homine
1628 4677 1812 4746 iniquo
1831 4684 1886 4731 et

304 4768 492 4822 doloso
521 4756 669 4836 eripe
699 4763 870 4836 (Psal.
902 4766 1059 4839 xui).
1104 4786 1122 4818 ι
1160 4766 1520 4837 Hicjuuicare
1544 4780 1644 4835 pro
1683 4766 1885 4821 discre-

307 4857 452 4913 tione
477 4856 713 4926 ponitur.
746 4854 889 4909 Alibi
930 4865 1109 4910 autem
1159 4854 1429 4926 Propheta
1478 4855 1546 4909 ad
1598 4855 1882 4910 Dominum

305 4944 547 5000 clamans
578 4945 653 4999 ait
684 4958 698 4998 :
732 4962 751 4993 ι
783 4940 992 5011 Judica,
1019 4944 1261 5008 Domine,
1290 4951 1550 4999 nocentes
1578 4958 1683 5009 me,
1717 4959 1883 5014 expu-
1908 4986 1940 4998 -

306 5050 411 5106 gna
479 5037 860 5108 impngnantcs
901 5050 986 5090 me
1017 5035 1189 5105 (Psal.
1219 5036 1426 5109 xxxrv).
1464 5056 1482 5089 ι
1517 5034 1623 5092 Sed
1666 5037 1754 5092 hic
1800 5038 1889 5110 ju-

306 5126 508 5181 dicium
533 5141 632 5195 pro
678 5125 1027 5182 damnatione
1064 5127 1296 5196 positum
1328 5136 1430 5183 est.
1486 5125 1759 5182 Judicabit
1783 5128 1889 5184 Do-

308 5216 491 5271 minus
519 5227 737 5272 sanctos
766 5231 914 5282 suos,
947 5216 1163 5286 quando
1188 5229 1282 5270 eos
1304 5216 1359 5270 in
1386 5216 1471 5270 die
1493 5215 1685 5285 judicli
1709 5232 1892 5288 segre-

310 5322 445 5378 gans
470 5323 499 5360 a
523 5308 899 5376 peccatoribus
949 5305 1238 5362 collocabit
1284 5307 1338 5361 in
1380 5307 1603 5360 dextera
1640 5322 1756 5361 sua.
1786 5308 1892 5364 llo-

311 5407 451 5452 stem
479 5408 660 5453 autem
682 5405 1326 5471 eorumetpersecutores
1347 5412 1376 5451 a
1400 5397 1637 5452 sinistris
1667 5405 1886 5464 statuet,

314 5496 375 5542 ut
396 5489 797 5544 damnationem
826 5498 1029 5543 certam
1053 5503 1178 5544 cum
1199 5487 1412 5546 diabolo
1440 5495 1495 5541 et
1520 5487 1726 5557 angelis
1751 5487 1887 5557 ejus,

315 5579 369 5635 in
399 5577 607 5634 inferno
630 5580 912 5650 recipiant,
948 5586 1003 5634 et
1030 5579 1183 5634 ibunt
1205 5579 1261 5634 bi
1302 5579 1354 5632 in
1382 5577 1702 5648 supplicium
1728 5586 1889 5634 arter-

316 5686 469 5733 num,
490 5668 622 5738 justi
647 5678 825 5725 autem
855 5669 907 5723 in
934 5668 1098 5725 vitam
1120 5677 1395 5727 aeternam.
1424 5668 1574 5722 Tunc
1592 5667 1890 5738 perfectum

319 5762 441 5825 erit,
466 5763 607 5832 quod
658 5762 709 5815 in
738 5759 995 5830 pracdicto
1046 5774 1203 5814 versu
1256 5754 1601 5830 subsequitur
1636 5777 1647 5812 :
1689 5780 1704 5811 ‹
1742 5760 1805 5815 Et
1835 5763 1888 5815 in

1963 567 2090 623 dine
2118 566 2364 623 ﬁdelibus
2385 567 2498 622 suis
2519 566 2948 622 misericordiam
2965 569 3246 638 praestabit
3258 580 3541 627 aeternam.

1960 658 2148 713 Potest
2182 667 2239 712 et
2271 658 2374 713 iste
2405 674 2597 714 versus
2622 658 2689 714 ad
2726 655 3039 713 Judzeorum
3071 663 3551 720 conversationem‘

1963 749 2208 804 ultimam
2255 748 2468 814 referri,
2520 750 2736 820 quando
2785 749 3083 804 miserante
3130 751 3242 806 Deo
3291 755 3549 823 populum

1964 856 2141 908 suum,
2172 849 2294 919 post
2328 841 2716 911 plenitudinem
2767 841 3010 912 gentium
3051 843 3452 901 subintrantem
3479 851 3547 905 ad

1966 934 2147 1000 ﬁdem,
2175 920 2354 990 omnis
2382 935 2546 990 Israel
2573 950 2671 1005 per
2698 933 2933 1003 gratiam
2955 935 3191 990 divinam
3216 937 3283 991 ad
3305 938 3553 994 eamdem

1966 1024 2126 1080 ﬁdem
2157 1038 2470 1090 conversus,
2503 1022 2683 1079 salvus
2715 1023 2827 1082 lict.
3104 1014 3107 1015 ⁷

2045 1136 2063 1169 ε
2097 1118 2313 1173 Videbit
2337 1117 2477 1187 quod
2498 1117 2771 1173 inﬁrmata
2801 1119 2872 1174 sit
2897 1135 3111 1186 manus,
3134 1126 3189 1174 et
3219 1118 3390 1174 clausi
3421 1133 3557 1190 quo-

1974 1227 1997 1270 ι,
2029 1223 2134 1278 que
2186 1208 2500 1263 defecerunt
2541 1227 2554 1264 :
2595 1206 2907 1280 residuique
2947 1210 3255 1280 consumpti
3307 1219 3453 1264 sunt.
3486 1209 3556 1264 Et

1975 1319 1994 1352 ι
2031 1302 2175 1357 dicet
2213 1320 2227 1357 :
2271 1300 2374 1357 Ubi
2425 1313 2552 1357 sunt
2588 1303 2660 1358 dii
2687 1318 2899 1369 eorum,
2938 1304 2991 1357 in
3041 1303 3237 1374 quibus
3272 1303 3552 1359 habebant

1976 1410 1995 1443 ι
2030 1391 2319 1448 ﬁduciam?
2346 1393 2426 1448 Ex
2442 1402 2671 1464 quorum
2693 1394 2929 1450 victimis
2951 1394 3306 1450 comedebant
3338 1394 3550 1463 adipes,

1978 1504 1995 1535 ι
2028 1492 2086 1539 et
2113 1485 2367 1540 bibebant
2412 1486 2599 1540 vinum
2637 1485 2977 1541 libaminum.
3010 1485 3250 1556 Surgant
3277 1494 3333 1540 et
3372 1482 3553 1555 opitu—

1978 1594 1997 1628 ι
2034 1576 2216 1632 lentur
2251 1576 2423 1642 vobis,
2453 1587 2508 1631 et
2543 1577 2597 1630 in
2625 1577 3043 1633 necessitatibus
3066 1592 3163 1632 vos
3191 1584 3497 1648 protegant.
3534 1596 3551 1627 ι

1972 1665 2209 1731 Videbit,
2237 1667 2432 1736 inquit,
2469 1667 2611 1736 quod
2644 1666 2919 1722 infirmata
2951 1668 3022 1722 sit
3070 1683 3284 1735 manus,
3322 1682 3447 1722 cum
3480 1666 3562 1721 vi-

1973 1755 2089 1812 deri
2121 1755 2312 1812 fecerit
2360 1756 2509 1827 quod
2542 1772 2708 1828 opera
2747 1758 3037 1825 malorum,
3075 1773 3196 1828 quae
3224 1756 3472 1812 fecerunt
3503 1757 3558 1812 in

1972 1852 2278 1907 idololatria
2335 1852 2422 1909 vel
2463 1853 2678 1909 caeteris
2732 1852 3282 1923 transgressionibus,
3343 1849 3560 1907 inﬁrma

1970 1944 2190 2009 fuerint,
2215 1946 2432 2016 quando
2457 1945 2525 2001 ad
2547 1944 2773 2000 nihilum
2805 1947 3043 2013 redacta,
3078 1944 3214 2001 nihil
3237 1944 3339 2010 eis,
3376 1943 3469 2015 qui
3494 1959 3560 1999 ea

1971 2037 2232 2103 fecerant,
2277 2036 2601 2109 profuerint.
2640 2039 2708 2093 Et
2751 2038 2921 2094 clausi
2952 2053 3169 2109 quoque
3222 2037 3558 2094 defecerunt.

1971 2125 2088 2183 Hoc
2109 2135 2211 2193 est,
2239 2126 2353 2183 sive
2381 2125 2550 2184 Judaei
2579 2129 2646 2183 ad
2690 2131 3058 2201 captivitatem
3094 2129 3162 2184 ab
3194 2112 3433 2184 inimicis
3463 2128 3561 2183 du-

1972 2219 2071 2285 cti,
2112 2219 2312 2275 ibidem
2331 2220 2634 2292 consumpti
2664 2229 2809 2288 sunt,
2844 2221 2929 2277 vel
2960 2234 3152 2277 omnes
3187 2219 3338 2290 impii
3374 2219 3435 2297 in
3463 2235 3561 2290 po—

1973 2322 2224 2370 testatem
2255 2314 2560 2372 daemonum
2602 2315 2810 2381 traditi,
2852 2315 2996 2370 ultra
3025 2330 3132 2369 non
3166 2312 3557 2386 praevalebunt.

1975 2406 2307 2476 Residuique
2335 2407 2640 2479 consumpti
2665 2416 2807 2472 sunt,
2845 2409 2972 2478 quia
3004 2408 3071 2463 ab
3085 2407 3191 2463 hac
3220 2406 3331 2461 vita
3361 2419 3564 2458 exeun-

1976 2508 2078 2563 tes,
2115 2515 2223 2553 non
2270 2499 2549 2553 habebunt
2590 2498 2820 2555 ulterius
2845 2505 3173 2569 potestatem
3198 2504 3362 2565 atque
3393 2492 3562 2548 facul-

1977 2596 2142 2644 tatem
2175 2587 2376 2658 aliquid
2423 2585 2678 2643 faciendi.
2719 2587 2925 2643 Idcirco
2976 2586 3030 2640 in
3083 2583 3411 2640 Ecclesiaste
3438 2581 3567 2637 scri-

1974 2685 2124 2748 ptum
2151 2682 2234 2732 est
2264 2696 2277 2731 :
2313 2696 2331 2729 (
2368 2676 2738 2747 Quodcunque
2762 2684 2944 2748 potest
2987 2690 3182 2730 manus
3215 2682 3308 2728 tua
3360 2671 3559 2736 facere,

1976 2772 2245 2826 instanter
2260 2785 2509 2842 cperare,
2544 2770 2671 2839 quia
2707 2785 2810 2824 nec
2838 2784 2993 2839 opus,
3019 2782 3117 2823 nec
3146 2767 3304 2831 ratio,
3342 2780 3443 2820 nec
3476 2780 3566 2819 sa-

1976 2861 2202 2932 pientia,
2233 2876 2334 2916 uec
2381 2860 2636 2927 scientia,
2690 2867 2852 2915 erunt
2901 2858 3041 2928 apud
3079 2857 3303 2919 inferos,
3345 2871 3454 2926 quo
3506 2863 3564 2911 tu

1973 2951 2233 3020 properas
2282 2946 2506 3021 (Eccles.
2552 2947 2653 3017 ιχ).
2699 2967 2718 2999 ι
2763 2945 2916 3015 Quod
2971 2954 3153 3002 autem
3199 2943 3562 3015 subiungitur,

1982 3060 2001 3095 ι
2036 3042 2129 3097 ubi
2148 3049 2275 3096 sunt
2298 3041 2370 3096 dii
2401 3055 2588 3096 eorum
2613 3041 2669 3095 in
2694 3041 2890 3112 quibus
2922 3038 3192 3095 habebant
3236 3035 3509 3099 ﬁduciam,
3535 3055 3554 3089 ι

1976 3144 2032 3189 et
2051 3132 2280 3204 reliqua,
2313 3130 2606 3202 signiﬁcat,
2650 3130 2795 3201 quod
2821 3128 3116 3186 idololatraa
3148 3127 3355 3182 nullum
3404 3124 3562 3194 adju-

1980 3223 2179 3280 torium
2208 3224 2263 3278 in
2290 3223 2378 3279 die
2403 3222 2744 3279 necessitatis
2770 3221 3006 3277 habeant
3042 3220 3112 3278 ab
3148 3217 3307 3277 idolis
3324 3257 3341 3283 ,
3364 3216 3563 3286 quibus

1978 3323 2138 3370 antea
2161 3314 2364 3370 cultum
2395 3313 2772 3370 exhibuerant.
2798 3310 2907 3368 Sed
2927 3327 3026 3372 nec
3051 3309 3238 3369 mundi
3267 3316 3561 3369 amatores.

1979 3409 2071 3478 qui
2094 3423 2192 3478 per
2217 3407 2524 3472 avaritiam,
2557 3422 2679 3477 qua:
2727 3412 2810 3461 est
2864 3403 3133 3460 idolorum
3186 3400 3446 3466 servitus,
3473 3413 3568 3471 pe.

1979 3500 2169 3556 cnnias
2202 3499 2259 3552 in
2303 3496 2506 3553 mundo
2561 3497 2987 3568 congregabant,
3020 3494 3115 3565 qui
3161 3493 3372 3557 deliciis
3400 3500 3566 3561 atque

1980 3590 2208 3646 luxuria:
2247 3588 2649 3654 deserviebant,
2700 3602 2933 3657 quorum
2961 3587 3103 3641 Deus
3127 3594 3319 3640 venter
3345 3592 3483 3649 erat,
3510 3592 3568 3638 et

1982 3681 2154 3752 gloria
2185 3680 2239 3734 in
2267 3676 2587 3735 confusione
2618 3693 2809 3733 eorum
2853 3677 2947 3746 qui
3004 3685 3221 3732 terrena
3258 3677 3562 3745 sepiebant.

1981 3772 2116 3827 nihil
2143 3785 2326 3827 secum
2348 3768 2635 3825 conferunt
2660 3770 2726 3824 dc
2748 3768 3006 3824 universo
3025 3766 3210 3823 labore
3236 3782 3358 3831 suo,
3386 3781 3563 3836 quan-

1982 3864 2051 3919 do
2085 3879 2181 3934 pro
2209 3862 2450 3934 peccatis
2480 3861 2593 3917 suis
2628 3861 2695 3917 ad
2720 3868 2986 3916 tartarum
3010 3876 3041 3915 a
3074 3858 3324 3930 malignis
3347 3857 3560 3929 spiriti-

1982 3955 2083 4011 bus
2111 3954 2516 4026 pertrahuntur.
3640 3938 3651 3945 ’

2060 4065 2081 4101 ε
2122 4047 2314 4103 Videte
2342 4045 2485 4117 quod
2508 4060 2609 4117 ego
2631 4045 2735 4100 sim
2764 4044 2934 4112 solus,
2957 4052 3144 4107 etnon
3168 4043 3400 4129 sitaljus
3424 4042 3568 4103 Deus

1982 4144 2183 4207 praeter
2203 4151 2309 4192 me.
2359 4155 2378 4188 ι
2424 4134 2551 4191 Haec
2579 4135 2881 4192 admonitio
2914 4134 3239 4206 generaliter
3274 4133 3340 4188 ad
3376 4146 3565 4188 omnes
3628 4148 3633 4155 '

1985 4227 2232 4281 homines
2270 4226 2530 4296 pertinet,
2565 4232 2628 4280 ut
2662 4226 2854 4281 relicta
2884 4225 3127 4285 falsitate,
3157 4223 3444 4286 idolorum,
3478 4230 3564 4275 at-

1984 4332 2090 4387 que
2126 4318 2446 4388 deceptione
2495 4316 2899 4382 haereticorum,
2949 4331 3053 4371 nec
3082 4330 3189 4371 non
3219 4323 3276 4369 et
3321 4312 3564 4377 omnium

1984 4409 2330 4478 iniquitatum
2354 4407 2625 4470 sordibus,
2661 4405 2731 4464 ad
2763 4421 2929 4461 unum
2958 4412 3014 4460 et
3039 4404 3211 4461 solum
3257 4404 3430 4459 Deum
3460 4402 3563 4457 Pa-

1986 4507 2127 4554 trem
2154 4505 2209 4552 et
2238 4495 2502 4568 Spiritum
2550 4503 2819 4562 sanctum,
2882 4511 2980 4571 per
3033 4482 3565 4557 ﬁdem'catholicam

1989 4588 2273 4647 colendum
2303 4596 2710 4655 convertantur,
2741 4601 2972 4657 eumque
2999 4601 3068 4641 ex
3096 4594 3208 4642 toto
3240 4584 3425 4650 corde,
3456 4593 3566 4645 tota

1989 4679 2187 4743 anima,
2244 4685 2462 4748 totaque
2515 4678 2718 4735 virtute
2765 4677 3016 4747 diligant,
3070 4684 3125 4732 et
3163 4676 3412 4733 mandata
3449 4675 3569 4747 ejus

1989 4779 2151 4839 atque
2188 4767 2394 4837 judicia
2420 4767 2708 4838 diligenter
2757 4775 3100 4834 conservent,
3131 4775 3397 4839 quatenus
3415 4768 3567 4842 regni

1988 4859 2225 4917 cmlestis
2243 4860 2487 4919 haeredes
2507 4857 2642 4914 eﬁici
2667 4867 2996 4923 mereantur.
3034 4877 3053 4914 ι
3093 4859 3206 4931 Ego
3237 4861 3478 4916 occidam
3506 4868 3562 4915 et

1989 4962 2089 5016 ego
2113 4947 2297 5013 vivere
2322 4946 2553 5013 faciam;
2594 4947 2895 5017 percutiam
2922 4956 2977 5003 et
3000 4963 3100 5020 ego
3122 4950 3346 5016 sanabo,
3373 4956 3428 5005 et
3453 4963 3561 5005 non

1988 5028 2090 5104 est,
2127 5039 2218 5110 qui
2258 5039 2323 5095 de
2344 5054 2505 5094 manu
2529 5054 2649 5094 mea
2691 5039 2873 5109 possit.
2889 5054 3105 5097 eruere.
3142 5059 3161 5093 ›
3190 5039 3408 5105 Duobus
3450 5052 3569 5092 mo-

1990 5130 2072 5187 dis
2091 5131 2435 5202 omnipotens
2457 5132 2597 5187 Deus
2625 5130 2894 5198 vulnerat,
2933 5146 3070 5210 quos
3092 5133 3352 5191 reducere
3379 5130 3447 5184 ad
3473 5144 3563 5183 sa-

1989 5221 2157 5282 lutem
2184 5229 2360 5277 curat.
2407 5221 2710 5292 Aliquando
2750 5222 2903 5286 enim
2948 5234 3185 5281 carnem,
3215 5218 3467 5290 percutit,
3509 5226 3565 5272 ct

1989 5308 2189 5367 mentis
2213 5309 2414 5365 duritia
2451 5310 2507 5364 in
2557 5324 2655 5365 suo
2698 5325 2899 5381 pavore
2947 5309 3195 5375 tabescit.
3224 5305 3567 5361 Vulnerando

1990 5414 2121 5470 ergo
2149 5399 2215 5459 ad
2250 5400 2478 5456 salutem
2516 5407 2754 5464 revocat,
2791 5416 2927 5462 cum.
2954 5400 3163 5455 electos.
3204 5411 3333 5452 suos
3378 5394 3568 5466 aﬁligit

1990 5491 2231 5546 exterius
2284 5499 2339 5547 et
2379 5491 2607 5547 interius
2640 5491 2898 5555 viviﬁcat.
2933 5491 3098 5549 Recte
3127 5503 3223 5558 per
3245 5487 3462 5559 Moysen
3487 5486 3567 5542 lo-

1991 5579 2175 5648 quitur
2200 5598 2212 5634 :
2244 5598 2262 5630 ι
2297 5579 2410 5652 Ego
2438 5580 2681 5635 occidam
2710 5588 2764 5634 et
2790 5580 2971 5633 vivere
2998 5577 3223 5642 faciam;
3261 5575 3564 5645 percutiam

1992 5680 2047 5726 et
2074 5687 2172 5742 ego
2203 5672 2425 5735 sanabo,
2456 5691 2475 5724 ι
2512 5655 2722 5731 Occidit
2754 5670 2905 5727 enim.
2950 5677 3012 5723 ut
3053 5668 3307 5733 vivificet,
3333 5669 3567 5740 percutit

1995 5773 2051 5817 ut
2079 5770 2233 5818 smiet
2266 5781 2276 5815 :
2307 5763 2431 5831 quia
2460 5762 2661 5817 idcirco
2704 5758 2851 5815 foras
2880 5759 3152 5824 admonet,
3193 5766 3252 5814 ut
3285 5758 3430 5815 intus
3450 5756 3540 5812 vui
