3978 6182
367 347 475 405 983

1014 344 1074 398 Β.
1114 343 1364 403 RABAM
1405 343 1622 401 MAURI
1658 338 1973 399 ARCHIEP.
2013 336 2320 395 MOGUNT.
2356 336 2639 393 OPEBUM
2670 335 2852 395 PARS
2891 336 2932 390 l.

3494 333 3600 384 98$

359 478 493 521 nera
521 478 629 518 non
668 458 890 539 indiget.
924 457 1061 531 Quia
1092 459 1293 515 mentis
1324 467 1524 516 nostra:
1543 458 1799 517 duritiam
1828 471 1927 512 suo
1956 457 2002 523 Α
2030 452 2289 523 sanguine
2317 450 2574 521 peceasti,
2605 457 2661 507 et
2684 448 2908 517 sanguis
2927 454 2980 509 te
3001 453 3377 516 W‘Iuetur.
3414 464 3434 496 ι
3469 445 3615 500 Lau—

361 554 630 613 desiderio
663 551 917 624 percutit,
947 551 1041 606 sed
1068 549 1420 621 percutienda
1471 558 1649 615 sanat,
1671 548 1797 618 quia
1820 556 1931 602 ter-

361 644 504 707 roris
527 643 612 701 sui
631 641 814 711 jaculo
838 639 1125 695 transﬁxos
1158 639 1226 693 ad
1271 654 1491 699 sensnm
1518 654 1621 697 nos
1651 638 1931 697 rectitudi-

364 730 715 809 nis“:me
749 728 924 785 Corda
969 728 1112 785 enim
1153 727 1425 784 malesana
1479 738 1608 784 sunt
1632 743 1755 784 eum
1784 727 1930 785 nullo

682 819 951 879 satiantur
967 835 981 883 ;
1007 833 1129 881 cum
1145 819 1592 890 peregrinationis
1607 835 1718 875 sum
1740 834 1937 885 mrum—-

364 906 492 967 nam
519 924 627 966 non
651 909 894 965 sentiunt
918 922 1106 972 acum
1147 924 1273 979 erga
1306 908 1674 965 inﬁrmitatem
1701 908 1931 980 proximi

365 1002 448 1056 sui
469 1015 568 1056 nec
589 999 826 1069 quolibet
850 998 1072 1052 minimo
1093 996 1284 1053 affectu
1310 998 1681 1070 languescunt.
1708 999 1805 1054 sed
1827 999 1937 1053 vulo

365 1103 663 1158 iterantur;
692 1107 815 1149 cum
845 1091 1045 1149 amoris
1074 1092 1158 1146 sui
1189 1092 1408 1161 spiculis
1438 1100 1647 1148 mentes
1674 1091 1818 1151 Deus
1856 1091 1936 1151 in-

366 1184 653 1241 sensibiles
687 1182 939 1254 percutit,
964 1198 1196 1251 moxque
1218 1184 1316 1238 has
1353 1183 1635 1241 sensibiles
1668 1198 1767 1253 per
1789 1197 1935 1241 amo—

368 1290 483 1333 rem
525 1273 806 1329 charitatis
845 1272 1039 1327 reddit.
1077 1291 1096 1322 c
1139 1271 1354 1331 Levabo
1382 1274 1451 1329 ad
1479 1272 1672 1331 coelum
1720 1286 1939 1329 manum

369 1379 545 1419 meam
573 1378 591 1420 2
619 1363 815 1428 dicam,
845 1362 981 1417 Vivo
1011 1378 1110 1434 ego
1152 1363 1206 1417 in
1240 1373 1523 1423 mternum.
1562 1383 1581 1414 ι
1612 1362 1727 1416 Alia
1757 1369 1939 1419 autem

369 1453 536 1508 editio
558 1453 635 1508 sic
660 1452 821 1510 habet
850 1470 910 1504 ε(
951 1433 1085 1519 Quia
1138 1453 1322 1507 tollam
1373 1453 1426 1507 in
1477 1453 1675 1516 coelum
1720 1433 1965 1511 manum“

367 1559 569 1608 meam,
611 1551 666 1601 et
712 1541 909 1612 jurabo
934 1558 1032 1612 per
1068 1543 1346 1601 dexteram
1401 1558 1596 1608 meam,
1623 1552 1679 1599 et
1722 1543 1936 1598 dicam:

369 1631 506 1687 Vivo
550 1647 651 1704 ego
708 1632 762 1686 in
824 1640 1106 1689 aeternum.
1139 1653 1158 1685 ι
1189 1633 1246 1690 in
1278 1633 1473 1689 coelum
1518 1648 1736 1691 manum
1762 1633 1944 1690 levare

369 1721 482 1776 sive
507 1720 773 1787 attollere,
822 1732 907 1776 est
946 1724 1241 1793 potentiam
1295 1724 1615 1783 aeternitatis
1642 1738 1752 1783 ante
1778 1738 1942 1795 super

2033 545 2174 610 date,
2212 554 2419 615 gentes,
2451 542 2706 613 populum
2734 539 2869 608 ejus,
2894 540 3024 609 quia
3075 540 3393 611 sanguinem
3422 555 3609 595 servo-

2032 650 2153 689 rum
2209 649 2428 691 suorum
2455 632 2748 689 ulciscetur
2775 672 2790 696 ,
2843 639 2899 687 et
2927 630 3217 685 vindictam
3262 629 3531 683 retribuet
3554 629 3609 682 in

2031 728 2216 783 hostes
2238 741 2447 782 eorum.
2484 745 2504 779 ι
2548 724 2871 784 Laudabunt
2917 734 3107 779 omnes
3134 728 3324 793 gentes
3348 719 3613 791 populum

2033 819 2152 884 Dei,
2187 817 2401 888 quando
2426 816 2661 873 viderint
2713 814 3007 886 gloriosam
3044 802 3324 884 apparere
3374 813 3431 868 in
3475 828 3615 868 eon-

2034 917 2225 983 spectu
2253 906 2548 965 conditoris
2594 905 2678 962 sui
2714 905 3017 963 Ecclesium
3065 904 3184 970 Dei,
3212 912 3271 959 et
3298 912 3617 975 persecuto-

2035 1018 2125 1058 res
2151 1001 2270 1071 ejus
2297 1015 2396 1070 pro
2423 999 2593 1055 ell'uso
2622 996 2883 1070 sanguine
2914 1012 2948 1052 a
2974 1012 3036 1052 se
3061 1004 3381 1067 martyrum,
3416 1003 3474 1051 et
3496 1010 3614 1049 ma-

2038 1092 2106 1149 lis
2140 1090 2392 1149 omnibus
2419 1104 2541 1160 quae
2569 1089 2625 1143 in
2668 1088 2772 1145 hac
2813 1086 2925 1141 vita
2967 1093 3270 1157 gesserunt,
3326 1100 3426 1156 per
3459 1085 3615 1139 mali-

2037 1198 2265 1255 gnorum
2295 1181 2583 1252 epit-imum
2629 1178 2993 1237 ministerium
3020 1176 3251 1242 recludi,
3304 1177 3361 1232 in
3411 1177 3613 1246 gehen-

2039 1288 2165 1331 nam
2190 1272 2331 1343 ignis
2358 1271 2566 1327 aeterni.
2599 1268 2754 1325 Tunc
2786 1268 2932 1323 enim
2981 1274 3039 1321 et
3086 1266 3213 1322 boni
3237 1266 3440 1322 bonum
3465 1265 3611 1335 quod

2040 1362 2223 1417 vident
2267 1360 2585 1424 laudabunt,
2616 1357 2743 1429 quia
2773 1356 3058 1429 ρι’ωωίοω
3111 1355 3291 1424 placet
3344 1354 3489 1423 quod
3518 1353 3612 1409 ha-

2040 1454 2206 1517 bent;
2244 1459 2299 1508 et
2322 1451 2473 1520 impii
2501 1450 2555 1504 in
2584 1448 2759 1518 pinnis
2801 1447 3118 1511 constituti,
3154 1445 3339 1501 dicent
3386 1445 3529 1501 intra
3554 1458 3613 1496 se

2043 1542 2422 1614 pmnitentiam
2458 1550 2724 1612 agentes:
2769 1555 2788 1589 σ
2833 1537 2900 1592 Hi
2954 1547 3084 1593 sunt
3130 1550 3266 1611 quos
3321 1533 3612 1603 aliquando

2044 1633 2333 1691 habuimus
2356 1632 2410 1686 in
2438 1631 2701 1696 derisum,
2732 1635 2788 1687 et
2815 1629 2869 1683 in
2899 1627 3305 1687 similitudinem
3332 1626 3609 1701 imprope-

2046 1723 2134 1781 rii.
2165 1721 2275 1776 Nos
2305 1720 2562 1781 insensati
2618 1719 2785 1779 vitam
2820 1717 3035 1773 illorum
3089 1715 3490 1785 aestimabamus
3526 1713 3613 1773 in-

370 1812 551 1867 omnia
581 1813 934 1868 excellentem
964 1815 1270 1869 ostendere.
1294 1812 1487 1870 Iurare
1521 1830 1618 1884 per
1644 1815 1943 1881 dexteram,
1972 1803 2021 1868 B
2050 1812 2280 1876 saniem,
2308 1818 2365 1866 et
2416 1808 2579 1867 ﬁnem
2631 1808 2843 1865 illorum
2888 1806 3004 1867 sine
3058 1806 3282 1867 honore.
3333 1801 3615 1871 Quomodo

371 1909 454 1956 est
478 1918 576 1983 per
598 1902 813 1965 Filium,
844 1903 934 1972 qui
961 1904 1179 1958 dextera
1207 1904 1301 1959 Dei
1324 1904 1651 1989 nominatur,
1678 1904 1946 1974 promissa

374 1995 545 2067 ipsius
566 1996 619 2051 in
641 2002 931 2066 conspectu
957 1997 1234 2053 hominum
1267 1997 1614 2064 confirmare,
1648 2005 1702 2053 et
1730 1998 1946 2054 aeterni-

380 2093 543 2138 tatem
575 2099 726 2138 suam
770 2084 1112 2140 credentibus
1156 2085 1259 2141 sibi
1298 2100 1395 2157 per
1421 2085 1771 2158 Evangelium
1802 2101 1946 2143 reve-

374 2173 491 2230 lare
522 2191 536 2229 :
569 2174 691 2243 quia
717 2181 955 2245 potestas
996 2176 1113 2247 ejus
1136 2183 1377 2246 potestas
1398 2184 1482 2231 est
1505 2185 1728 2242 aeterna,
1756 2186 1814 2232 et
1862 2191 1940 2235 re-

375 2282 536 2337 gnum
562 2265 678 2336 ejus
703 2267 845 2336 quod
867 2282 974 2321 non
1003 2275 1398 2338 corrumpetur.
1438 2286 1457 2318 ι
1495 2267 1552 2322 Si
1590 2283 1859 2324 exacuere
1886 2276 1948 2321 ut

380 2379 398 2407 ο
437 2357 616 2430 fulgur
639 2357 871 2429 gladium
901 2372 1099 2422 meum,
1124 2365 1182 2413 et
1221 2358 1513 2428 arripuerit
1542 2356 1807 2429 judicium
1830 2371 1948 2412 ma-

382 2465 399 2495 ι
437 2458 538 2502 nus
575 2460 718 2512 mea,
743 2447 964 2501 reddam
997 2446 1259 2501 ultionem
1289 2447 1533 2504 hostibus
1560 2448 1717 2513 meis,
1752 2456 1809 2502 et
1851 2447 1946 2518 qui

384 2561 402 2589 ο
441 2541 669 2594 oderunt
694 2555 781 2597 me
823 2540 1136 2595 retribuam.
1172 2561 1190 2594 ι
1221 2541 1502 2599 Exacuere
1534 2555 1593 2605 ut
1630 2543 1811 2613 fulgur
1838 2544 1951 2614 gla-

378 2629 525 2682 dium
574 2627 667 2682 Dei
723 2636 807 2683 est
852 2629 1189 2698 repentinam
1240 2631 1528 2687 vindictam
1585 2632 1639 2686 in
1706 2632 1952 2689 hostibus

377 2718 651 2772 exercere.
674 2715 741 2771 Et
764 2716 1004 2786 arripere
1015 2715 1278 2784 judicium
1298 2735 1486 2774 manus
1506 2720 1715 2783 divinae,
1743 2729 1827 2776 est
1857 2734 1954 2791 per

373 2806 578 2877 justam
636 2806 1046 2862 retributionem
1110 2807 1338 2878 singulis
1386 2812 1680 2865 secundum
1734 2811 1953 2882 prepria

377 2897 571 2953 merita
613 2897 860 2964 reddere,
886 2897 1029 2953 sicut
1078 2900 1339 2970 scriptum
1382 2911 1506 2957 est:
1545 2922 1563 2953 ε
1593 2901 1761 2959 Filius
1810 2904 1955 2959 enim

380 2989 614 3045 hominis
646 2997 730 3044 est
759 2989 813 3043 in
842 2989 1009 3061 gleria
1039 2988 1217 3046 Patris
1239 2992 1321 3049 sui
1348 3009 1470 3047 cum
1496 2993 1698 3064 angelis
1725 2994 1867 3059 suis;
1903 3002 1956 3050 et

380 3086 510 3135 tunc
556 3080 741 3136 reddet
778 3081 1066 3150 unicuique
1110 3082 1404 3139 secundum
1434 3099 1597 3154 Opera
1622 3083 1734 3152 ejus
1760 3083 1952 3155 (Marc.

2046 1918 2176 1976 ergo
2200 1901 2497 1973 computati
2527 1908 2652 1960 sunt
2714 1900 2851 1959 inter
2888 1896 3031 1957 ﬁlios
3082 1896 3176 1955 Dei
3208 1903 3266 1957 et
3321 1894 3466 1949 inter
3490 1908 3616 1948 sane

2045 2003 2163 2050 ctos
2197 2009 2316 2049 sors
2368 1991 2583 2046 illorum
2635 1990 2762 2045 est?
2790 1989 2858 2047 Et
2883 1987 3149 2058 propitius
3202 1984 3309 2045 erit
3360 1984 3617 2039 Dominus

2046 2092 2207 2139 terrae
2241 2081 2420 2153 populi
2471 2079 2555 2136 sui
2611 2078 2767 2150 (Sap.
2815 2076 2892 2148 v).
2952 2096 2971 2130 ι
3031 2074 3256 2143 Quando
3317 2073 3615 2128 Ecclesiam

2047 2180 2315 2237 sanctam,
2344 2186 2507 2240 quam
2560 2170 2821 2245 hactenus
2850 2164 3152 2235 regebatin
3202 2162 3467 2226 adversis,
3496 2177 3617 2232 per-

2048 2262 2333 2333 petualiter
2364 2258 2646 2315 collocabit
2671 2258 2723 2312 in
2754 2255 3047 2327 prosperis,
3081 2254 3136 2308 in
3159 2267 3330 2324 regno
3360 2249 3609 2304 videlicet

2049 2344 2279 2414 cmlesti,
2317 2349 2408 2404 ubi
2438 2348 2556 2403 sine
2613 2346 2719 2401 ﬁne
2759 2345 3034 2418 gaudebit,
3065 2352 3119 2400 et
3145 2341 3335 2398 laudes
3388 2341 3614 2395 Domino

2051 2442 2213 2500 simul
2237 2457 2359 2497 cum
2414 2439 2617 2499 sanctis
2670 2437 2874 2508 angelis
2924 2436 3003 2492 in,
3031 2443 3292 2490 aeternum
3357 2431 3613 2491 cantabit.

2059 2553 2078 2586 ε
2120 2533 2462 2601 Locutusque
2499 2538 2582 2584 est
2641 2528 2902 2584 Dominus
2952 2526 3020 2582 ad
3065 2525 3286 2598 Moysen
3339 2525 3390 2579 in
3430 2523 3617 2578 eadem

2059 2642 2077 2674 ε
2119 2623 2206 2678 die
2234 2622 2456 2677 dicens:
2489 2619 2733 2675 Ascende
2763 2618 2819 2673 in
2865 2626 3107 2673 montem
3156 2615 3320 2671 istum
3376 2614 3617 2678 Abarim,

2061 2734 2079 2767 ι
2129 2712 2206 2787 (id
2233 2722 2317 2769 est
2337 2711 2676 2797 transitum),
2730 2711 2784 2766 in
2820 2718 3059 2765 montem
3110 2707 3279 2772 Nebo,
3315 2707 3408 2777 qui
3440 2715 3524 2761 est
3566 2706 3619 2760 in

2062 2826 2081 2859 ‹
2135 2814 2280 2860 terra
2308 2802 2463 2861 Moab
2491 2811 2681 2859 contra
2708 2800 2958 2864 Iericho;
2990 2809 3044 2854 et
3070 2800 3193 2855 vide
3250 2809 3452 2854 terram
3476 2798 3620 2853 Cha-

2065 2917 2083 2950 ι
2129 2913 2288 2962 naan,
2318 2912 2478 2966 quam
2504 2910 2603 2966 ego
2626 2894 2836 2949 tradam
2868 2892 2991 2949 (iliis
3039 2890 3204 2948 Israel
3251 2889 3622 2954 obcdiendam,

2064 3008 2082 3039 ‹
2130 2996 2185 3043 et
2213 3002 2425 3042 morere
2450 2985 2507 3041 in
2546 2993 2747 3059 mqnte.
2791 2982 2964 3051 Quem
3012 2981 3406 3041 conscendens,
3430 2975 3621 3048 junge-

2067 3098 2085 3131 ι
2130 3078 2207 3134 ris
2232 3077 2443 3149 populis
2470 3076 2595 3141 tuis,
2626 3074 2768 3131 sicut
2796 3081 3044 3131 mortuus
3096 3083 3181 3128 est
3236 3069 3418 3124 Aaron
3459 3067 3628 3122 frater

381 3168 522 3238 νηί).
577 3190 596 3224 ›
645 3170 713 3227 Et
748 3146 1035 3241 Apostolus
1074 3185 1090 3224 :
1141 3190 1160 3223 ι
1202 3171 1419 3238 Omnes,
1453 3146 1664 3243 inquit;
1692 3146 1956 3229 stabimus
1983 3146 2028 3207 Ο
2066 3187 2084 3220 ι
2130 3146 2257 3225 tuus
2286 3146 2339 3222 in
2368 3175 2555 3220 monte
2608 3163 2735 3228 Hor,
2774 3171 2829 3218 et
2873 3162 3150 3233 appositus
3198 3159 3409 3231 populis
3459 3158 3621 3212 suis:

384 3269 511 3318 ante
534 3258 1001 3328 trib'unalChristi,
1026 3264 1322 3334 utrecipiat
1346 3266 1714 3334 unusquisque
1733 3264 1953 3335 prepria

385 3355 627 3423 corporis
652 3361 812 3423 prout
833 3354 1018 3424 gessit,
1046 3355 1160 3409 sive
1185 3356 1529 3410 bonum’sive
1554 3356 1752 3411 malum
1783 3353 1954 3426 (Rom.

384 3444 517 3514 xiv).
558 3463 577 3496 ι
610 3443 897 3499 lnchriabo
917 3444 1141 3516 sagittas
1176 3459 1325 3500 meas
1350 3445 1632 3517 sanguine,
1662 3453 1716 3499 et
1753 3445 1960 3517 gladius

386 3550 540 3591 meus
561 3534 841 3590 devorabit
860 3548 1069 3590 carnes.
1098 3533 1306 3611 Sagitta
1335 3536 1478 3590 enim
1520 3537 1792 3595 hominem
1834 3537 1960 3592 dum

386 3643 493 3683 non
524 3625 774 3688 attendit,
804 3628 1067 3698 percutit;
1109 3637 1164 3684 et
1195 3629 1319 3683 dum
1349 3628 1437 3684 illa
1470 3646 1577 3686 non
1609 3630 1957 3701 prmvidetur,

388 3716 569 3772 subito
598 3715 881 3771 interimit.
915 3715 1138 3788 Sagittae
1177 3718 1386 3774 Domini
1430 3727 1557 3775 sunt
1601 3719 1807 3774 celeres
1850 3720 1965 3775 vin-

388 3808 580 3862 dictae:
614 3824 734 3878 quae
767 3809 891 3864 licet
933 3811 1092 3866 modo
1122 3812 1348 3867 occulta:
1396 3821 1522 3867 sunt
1563 3827 1745 3867 coram
1792 3814 1963 3871 oculis

388 3897 715 3967 iniquorum,
743 3899 922 3955 subito
948 3908 1126 3956 tamen
1154 3902 1647 3957 manifestabuntur
1671 3904 1724 3957 in
1750 3903 1965 3959 damna-

390 3986 537 4042 tione
590 3988 945 4056 perditorum,
989 3998 1047 4045 et
1094 3991 1186 4046 Dei
1235 3992 1449 4063 gladius
1477 4008 1672 4047 carnes
1706 3994 1961 4059 comedit,

314 4163 319 4169 '
389 4078 516 4147 quia
543 4079 595 4133 ln
621 4088 865 4137 extremo
884 4080 1088 4151 judicio
1116 4082 1231 4152 ejus
1272 4086 1540 4143 sententia
1575 4101 1668 4141 eos
1687 4128 1700 4153 ,
1728 4087 1818 4157 qui
1845 4102 1965 4142 car-

391 4169 590 4224 naliter
612 4171 848 4243 sapiunt,
876 4173 1097 4228 occidit.

467 4281 486 4312 c
520 4262 597 4317 De
641 4278 832 4318 cruore
867 4264 1190 4331 occisorum,
1218 4274 1273 4321 et
1323 4267 1388 4321 de
1417 4266 1729 4336 captivitate
1779 4266 1965 4336 nudati

392 4351 735 4408 inimicorum
761 4353 975 4425 capitis.
1015 4375 1032 4406 ι
1066 4353 1147 4410 Ad
1199 4356 1302 4410 hoc
1328 4357 1470 4427 quod
1501 4357 1650 4420 dicit,
1681 4355 1748 4412 de
1773 4371 1967 4413 cruore

394 4441 757 4508 inimicorum,
800 4444 1117 4499 subauditur
1161 4445 1290 4500 illud
1320 4446 1462 4515 quod
1501 4448 1834 4517 praemissum
1862 4453 1963 4510 est,

401 4549 423 4583 ι
452 4530 737 4589 lnebriabe
774 4535 1001 4606 sagittas
1030 4550 1178 4592 meas
1227 4538 1504 4612 sanguine.
1545 4559 1582 4595 ι,
1604 4539 1837 4594 lnebriat
1864 4538 1962 4593 Do-

394 4623 581 4678 minus
611 4626 838 4695 sagittas
888 4641 1016 4683 suas
1059 4627 1114 4681 in
1162 4644 1354 4683 cruore
1388 4630 1692 4685 occisorum
1748 4631 1966 4698 quando

395 4714 654 4771 ultionem
709 4726 928 4773 exercet
984 4717 1040 4774 in
1097 4720 1253 4773 turba
1293 4720 1654 4776 inimicorum.
1709 4719 1966 4789 Tuncque

397 4804 747 4861 nudabuntur
773 4807 994 4863 consilia
1028 4809 1332 4878 iniquarum
1363 4808 1647 4912 mentium,
1679 4809 1874 4878 quibus
1906 4823 1964 4863 se

400 4894 617 4964 impune
641 4910 870 4966 peccare
905 4898 1266 4953 conﬁdebant.
1309 4894 1541 4955 Possun't
1570 4907 1624 4953 et
1662 4897 1837 4967 capita
1866 4897 1967 4952 ini-

399 5000 632 5057 quorum
687 4985 929 5057 magistri
989 4988 1156 5060 accipi
1215 4989 1533 5053 errantium,
1567 4988 1620 5042 in
1672 5002 1809 5057 quos
1836 4987 1970 5041 ultio

392 5074 693 5133 novissima
723 5076 1023 5141 redundat,
1064 5079 1188 5148 quia
1219 5079 1310 5148 qui
1344 5079 1561 5132 fuerunt
1586 5093 1750 5132 causa
1781 5092 1970 5148 pecca-

399 5173 598 5231 torum,
628 5164 864 5221 sentient
917 5162 1113 5221 damna
1152 5167 1207 5223 in
1259 5167 1609 5221 retributione
1663 5180 1968 5236 pmnarum.

400 5254 552 5312 Unde
601 5256 657 5310 in
702 5254 1025 5329 Apocalypsi
1056 5259 1315 5328 scriptum
1359 5267 1489 5313 est:
1529 5276 1547 5308 ‹
1590 5257 1657 5313 Et
1683 5257 1816 5313 exiit
1842 5270 1970 5313 san-

398 5349 518 5421 guis
544 5350 610 5405 dc
675 5348 815 5415 lacu,
879 5367 1051 5421 usque
1079 5353 1147 5407 ad
1207 5351 1391 5405 frenos
1451 5365 1711 5420 equorum
1778 5348 1962 5423 (Apoc.

396 5441 530 5504 xw).
563 5461 582 5493 ι
625 5440 737 5498 Hoc
769 5451 874 5507 est,
894 5443 1157 5517 processit
1183 5442 1316 5498 ultio
1345 5448 1758 5505 tormentorum,
1798 5457 1967 5512 usque

398 5531 464 5585 ad
491 5540 729 5587 rectores
752 5533 1092 5604 populorum.
1131 5531 1311 5601 Usque
1348 5532 1492 5585 enim
1518 5531 1585 5586 ad
1615 5529 1886 5587 diabolum
1915 5539 1970 5585 et

398 5624 514 5689 eius
540 5624 777 5692 angelos,
814 5623 1105 5679 novissimo
1163 5616 1461 5681 certamine
1491 5620 1635 5675 exiet
1687 5620 1820 5673 ultio
1850 5634 1969 5673 san-

403 5709 576 5779 guinis
632 5721 940 5768 sanctorum
996 5712 1170 5775 effusi,
1228 5720 1366 5767 Sicut
1415 5710 1674 5770 scriptum
1731 5717 1855 5764 est:
1901 5708 1957 5763 la

2063 3277 2081 3309 ε
2136 3258 2261 3328 quia
2290 3255 2630 3327 prmvaricati
2660 3255 2793 3311 estis
2830 3262 3017 3309 contra
3048 3267 3134 3307 me
3180 3251 3232 3305 in
3285 3250 3461 3304 medio
3489 3248 3619 3302 lilio-

2064 3368 2083 3401 ι
2127 3364 2247 3404 rum
2274 3348 2469 3412 Israel,
2501 3355 2555 3402 et
2605 3346 2673 3401 ad
2720 3361 2888 3418 aquas
2919 3341 3391 3406 contradictionis,
3448 3349 3505 3394 et
3533 3354 3634 3393 cae-

2066 3458 2085 3494 t
2130 3448 2263 3494 tera.
2308 3460 2326 3491 ι
2360 3437 2581 3497 Abarim
2635 3451 2788 3491 mons
2826 3442 2929 3501 est,
2985 3434 3038 3488 in
3091 3447 3199 3502 quo
3252 3439 3496 3485 mortuus
3547 3436 3636 3484 est

2063 3532 2296 3602 Moyses,
2336 3537 2392 3584 et
2415 3529 2802 3600 interpretatur
2838 3525 3148 3603 transitus;
3181 3532 3239 3580 et
3290 3522 3439 3579 Nebo
3469 3522 3636 3577 inter-

2062 3628 2309 3695 pretatur
2344 3618 2592 3674 inclusio.
2624 3618 2837 3695 Dicitur
2867 3625 3044 3672 autem
3078 3626 3133 3670 et
3160 3631 3315 3671 mons
3341 3628 3461 3669 esse
3490 3612 3636 3668 Neho

2064 3715 2119 3771 in
2158 3724 2301 3769 terra
2338 3713 2492 3768 Moab
2520 3720 2708 3768 contra
2770 3709 2988 3766 Iericho
3036 3724 3198 3778 supra
3234 3706 3550 3770 Iordanem,
3584 3707 3639 3760 in

2064 3806 2355 3876 supercilio
2380 3803 2611 3875 Phasga,
2669 3802 3079 3871 ostenditurque
3125 3798 3546 3855 ascendentibus
3573 3797 3641 3851 de

2062 3898 2227 3970 Libya
2259 3898 2324 3953 de
2364 3896 2545 3952 urbe:
2599 3895 2990 3964 antiquumque
3046 3893 3252 3947 habens
3313 3890 3640 3945 vocabulum

2057 3988 2212 4059 juxta
2239 3997 2478 4044 montem
2520 3985 2751 4057 Phogor,
2805 3998 3001 4039 nomen
3054 3982 3344 4054 pristinum
3397 3979 3640 4034 retinen-

2066 4092 2197 4147 tem,
2225 4098 2254 4136 a
2285 4097 2392 4152 quo
2417 4081 2560 4135 circa
2590 4093 2714 4134 eum
2746 4077 2913 4148 regio,
2944 4090 3116 4147 usque
3161 4088 3306 4127 nunc
3335 4070 3641 4142 appellatur

2064 4168 2293 4245 Phasga.
2324 4170 2531 4243 Moyses
2565 4185 2694 4240 ergo
2749 4169 2802 4223 in
2831 4165 3052 4223 Abarim
3092 4173 3145 4219 et
3194 4164 3246 4217 in
3277 4171 3462 4217 monte
3490 4158 3645 4213 Nebo

2066 4272 2254 4320 contra
2277 4261 2493 4317 Iericho
2520 4268 2710 4315 contra
2743 4256 3034 4314 Iordanem
3088 4253 3341 4317 moritur,
3393 4251 3520 4321 quia
3555 4264 3643 4304 te:

2069 4365 2125 4410 et
2152 4353 2491 4410 circumcisio
2536 4367 2707 4421 usque
2760 4348 2829 4404 ad
2879 4346 3079 4403 Christi
3122 4345 3413 4399 adventum
3468 4350 3523 4396 et
3548 4342 3645 4396 ba-

2070 4446 2253 4518 ptismi
2280 4452 2684 4502 sacramentum
2710 4438 2994 4512 processit,
3026 4436 3209 4504 ibique
3255 4434 3509 4488 conclusa
3537 4438 3643 4497 est,

2070 4539 2194 4608 quia
2223 4537 2344 4592 ﬁnis
2375 4533 2509 4606 legis
2536 4543 2619 4589 est
2646 4531 2916 4597 Christus,
2947 4528 3012 4583 ad
3045 4524 3312 4597 justitiam
3343 4522 3491 4577 omni
3519 4536 3643 4576 cre-

2070 4631 2238 4689 denti.
2284 4629 2432 4684 V'idit
2458 4627 2664 4698 Moyses
2692 4633 2891 4679 terram
2917 4615 3376 4692 repromissionis,
3408 4617 3503 4670 sed
3526 4630 3638 4668 non

2071 4721 2342 4791 ingressus
2366 4726 2449 4773 est
2477 4718 2529 4777 in
2561 4732 2703 4778 eam,
2762 4712 2888 4783 quia
2922 4708 3172 4781 praevidit
3206 4707 3261 4762 in
3291 4706 3561 4776 spiritum,
3591 4713 3649 4758 et

2072 4810 2123 4864 in
2154 4809 2267 4880 lege
2299 4808 2546 4880 prmdixit
2581 4805 2784 4861 Christi
2829 4802 3062 4873 gratiam
3118 4798 3379 4861 futuram,
3407 4796 3503 4852 sed
3536 4812 3646 4849 non

2070 4882 2240 4968 usque
2276 4897 2344 4952 ad
2374 4897 2520 4952 illam
2553 4896 2607 4949 in
2637 4906 2867 4962 corpore
2905 4886 3266 4958 exspectavit,
3327 4893 3389 4938 ut
3436 4883 3651 4937 videret

2073 5001 2191 5041 eam
2215 4992 2567 5057 praesentem,
2599 4981 2743 5052 quod
2772 4977 3030 5048 apostolis
3066 4973 3270 5032 Christi
3325 4986 3651 5027 concessum

2074 5087 2198 5141 est;
2227 5084 2280 5131 et
2305 5075 2425 5130 ideo
2448 5074 2551 5144 ipsi
2587 5072 2729 5127 beati
2762 5069 2930 5139 ipsius
2958 5066 3201 5122 veritatis
3235 5078 3369 5119 voce
3390 5076 3513 5117 esse
3563 5068 3650 5115 te—

2073 5174 2308 5232 stantur,
2335 5164 2460 5236 quia
2485 5164 2629 5235 quod
2664 5160 2815 5216 multi
2867 5158 2999 5227 justi
3037 5165 3093 5212 et
3143 5156 3419 5226 prophetae
3462 5151 3653 5206 videre

2072 5266 2129 5313 et
2154 5257 2340 5315 audire
2365 5256 2666 5319 voluerunt,
2692 5254 2795 5307 hoc
2819 5251 2952 5320 ipsis
2982 5246 3398 5319 prmsentialiter
3422 5260 3658 5300 cernere

2075 5344 2460 5418 gloriosissime
2486 5357 2806 5397 concessum
2837 5349 2920 5394 est
2948 5337 3165 5410 (Matth.
3196 5334 3314 5405 xm)

2658 5449 2904 5506 .CAPUT
2944 5448 3031 5502 ιιι.

2159 5523 2232 5578 De
2257 5520 2699 5579 benedictionibus
2733 5519 2906 5589 Moysi
2939 5534 3095 5589 super
3121 5514 3356 5588 singulas
3377 5514 3566 5568 tribus.

2146 5615 2296 5685 (CAP.
2323 5613 2542 5680 xxxiii.)
2586 5632 2602 5662 ‹
2650 5610 2776 5666 Haec
2803 5619 2884 5665 est
2919 5608 3227 5666 benedictio
3247 5622 3353 5679 qua
3373 5603 3660 5659 benedixit

2078 5727 2095 5759 ι
2146 5706 2370 5768 Moyses,
2409 5706 2570 5759 homo
2596 5702 2853 5765 Dei,ﬁliis
2879 5702 3043 5758 lsrael
3069 5708 3193 5757 ante
3216 5707 3447 5754 mortem
3474 5711 3658 5755 suam,
