3964 6192
392 319 499 377 985

1146 308 1545 367 ENARRATIO
1585 308 1811 379 SUPER
1846 309 2477 367 DBDTERONOMIUM.
2516 343 2585 353 —-
2620 314 2748 369 LIB.
2788 314 2878 369 iV.

3551 315 3654 373 986

397 449 417 482 ι
462 434 518 485 et
557 425 652 481 ait.
690 443 710 476 ι
762 423 910 478 Bene
952 428 1008 475 et
1029 418 1422 476 rationabiliter
1449 420 1584 474 ondo
1613 421 1715 475 iste
1739 419 1965 490 disposi-

2071 428 2280 484 orietur
2306 426 2645 496 soliustitiai,
2668 436 2724 483 et
2748 431 2954 486 sanitas
2990 431 3046 486 in
3070 433 3264 501 pennis
3287 432 3402 501 ejus
3429 433 3650 504 (Malae.

392 521 559 578 tionis
602 516 705 572 sibi
727 514 1000 579 convenit,
1035 529 1140 582 qua
1170 511 1378 583 Moyses
1406 511 1602 566 ﬁniens
1641 511 1974 575 Deuterouo-

391 613 561 669 mium
590 624 772 673 suum,
798 607 1148 663 novissimam
1171 616 1380 677 partem
1410 606 1554 662 illius
1597 604 1974 662 benedictione

391 703 660 761 conclusit
692 718 705 754 :
754 699 1109 771 praeligemus
1141 700 1283 768 quod
1305 699 1556 754 Christus
1580 706 1701 768 post
1739 697 1976 767 comple—

388 800 595 856 tionem
620 794 885 865 evangelii
912 793 1019 857 sui,
1041 793 1360 863 etpassione
1386 801 1548 862 atque
1570 791 1974 847 resurrectione

390 887 537 942 illius
561 891 896 957 perpetrata,
930 882 1225 937 novissime
1253 881 1472 951 quando
1497 896 1830 937 ascensurus
1852 886 1973 935 erat

390 977 446 1032 in
467 975 685 1040 cmium,
716 973 939 1029 elevatis
984 972 1237 1027 manibus
1283 972 1399 1027 suis
1424 973 1477 1027 in
1510 971 1803 1041 discipulos
1844 986 1973 1026 suos

386 1066 667 1123 benedixit
691 1066 810 1121 eis:
840 1082 859 1115 ι
889 1064 957 1118 Et
978 1063 1181 1118 factum
1214 1063 1447 1117 estdum
1472 1061 1817 1117 benediceret
1838 1061 1971 1128 illis,

385 1161 620 1217 recessit
637 1159 708 1213 ab
734 1159 833 1223 eis,
859 1164 912 1211 et
937 1155 1211 1212 ferebatur
1232 1156 1287 1210 in
1317 1154 1518 1211 caelum
1551 1153 1706 1225 (Luc.
1732 1153 1904 1224 xxiv).
1944 1172 1965 1207 ι

383 1251 522 1307 Nam
540 1250 849 1307 benedictio
870 1251 1126 1318 ista,°qua
1151 1246 1245 1303 lilii
1269 1247 1434 1302 lsrael
1462 1248 1516 1301 in
1532 1246 1969 1311 Deuterouomio,

382 1341 530 1414 quod
543 1351 629 1396 est
646 1339 880 1396 secunda
897 1338 1430 1403 lex,»benedicuntur,
1446 1336 1736 1391 manifeste
1755 1336 1824 1391 ad
1847 1350 1972 1407 gra-

382 1434 517 1489 tiam
540 1433 777 1505 pertinet
801 1431 934 1486 Novi
965 1430 1294 1485 Testamenti
1327 1430 1380 1483 in
1405 1442 1515 1499 quo
1543 1436 1599 1482 et
1618 1429 1811 1497 prisca:
1837 1427 1971 1496 legis

381 1523 641 1596 mysteria
684 1529 1017 1586 reserantur,
1062 1528 1118 1574 et
1169 1519 1281 1573 veri
1326 1517 1606 1582 lsraelitaa,
1639 1515 1971 1570 benedictio-

377 1629 528 1679 nem,
560 1631 680 1685 qua:
716 1628 815 1685 per
842 1612 1057 1685 Moysen
1091 1612 1361 1667 hominem
1386 1610 1482 1665 Dei
1510 1608 1833 1680 prophetata
1858 1614 1964 1673 est,

354 1713 789 1774 consequuntur
833 1718 931 1773 per
971 1703 1244 1757 hominem
1273 1701 1557 1757 Dominum
1588 1698 1775 1754 Iesum
1803 1697 1965 1757 Cbrt-

2076 520 2171 592 tv).
2203 541 2221 574 ι
2255 520 2325 575 Et
2349 520 2417 575 de
2443 536 2552 589 quo
2573 534 2669 589 per
2688 518 2906 574 Balaam
2930 521 3158 576 dicitur:
3206 541 3225 572 ι
3256 521 3470 579 Orietur
3498 526 3653 581 stella

2072 629 2139 669 ex
2154 611 2351 676 Jacob,
2366 620 2421 666 et
2443 618 2737 681 consurget
2756 610 2920 666 homo
2942 611 3007 666 de
3026 610 3190 669 lsrael
3210 613 3398 682 (Num.
3425 618 3595 687 xxxv).
3630 640 3649 670 ι

2072 709 2215 767 Bene
2238 720 2420 767 autem
2446 712 2512 767 de
2532 709 2655 766 Seir
2679 711 2772 781 qui
2803 709 2924 764 aliis
2958 709 3266 775 nominibus
3288 750 3303 775 ,
3333 710 3503 767 Edom
3541 712 3655 767 sive

2060 802 2214 857 Esau
2259 803 2478 867 dicitur,
2518 800 3084 871 Judzeorum,populus
3129 800 3441 869 designatur
3465 840 3480 864 ,
3530 803 3656 869 quia

2071 894 2374 950 carnalium
2399 894 2798 950 oblectamenta
2826 900 3087 955 sectatus,
3114 891 3205 962 qui
3226 906 3325 960 per
3348 890 3509 945 lentis
3529 892 3658 944 edn—

2073 986 2203 1039 lium
2241 987 2506 1056 primatus
2550 987 2633 1040 sui
2683 986 2907 1056 gloriam
2966 983 3220 1054 perdidit,
3268 989 3323 1036 et
3376 982 3658 1053 promissae

2071 1076 2172 1134 sibi
2198 1077 2591 1132 benedictionis
2615 1077 2869 1148 gratiam,
2897 1075 3001 1129 iide
3048 1073 3226 1143 populi
3267 1070 3501 1140 junioris
3538 1085 3659 1139 sup-

2068 1169 2364 1239 plantatus,
2417 1168 2619 1224 amisit.
2673 1168 2748 1222 De
2773 1172 2954 1222 monte
2975 1165 3190 1220 Pharan
3213 1164 3472 1219 Dominus
3500 1158 3659 1214 Chri-

2067 1269 2191 1315 stus
2210 1260 2480 1330 apparuit,
2508 1261 2631 1329 quia
2656 1274 2765 1328 quo
2801 1257 2972 1328 magis
3002 1266 3190 1312 contra
3240 1272 3362 1310 eum
3403 1255 3656 1310 ferocitas

2067 1351 2251 1424 populi
2289 1351 2521 1407 inﬁdelis
2556 1352 2748 1415 saeviit,
2772 1367 2836 1406 eo
2869 1349 3195 1405 eminentius
3216 1364 3279 1403 ac
3292 1348 3496 1417 largius
3520 1347 3658 1402 divi—

2069 1446 2256 1501 nitatis
2299 1445 2416 1513 ejus
2441 1445 2629 1500 notitia
2653 1444 2912 1498 excrevit.
2959 1439 3242 1496 Tradendo
3286 1439 3485 1507 quippe
3527 1454 3653 1493 eum

2068 1538 2137 1593 ad
2162 1545 2414 1601 mortem,
2459 1544 2516 1592 et
2560 1550 2777 1591 crucem
2802 1533 2919 1601 eius
2942 1531 3194 1586 violentis
3245 1529 3469 1585 vocibus
3507 1527 3655 1599 ﬂagi-

2068 1627 2250 1691 tando,
2280 1640 2476 1681 nomen
2502 1625 2620 1695 ejus
2649 1624 2828 1679 delere
2850 1623 3036 1679 voluit.
3079 1620 3186 1675 Sed
3207 1620 3349 1675 unde
3377 1618 3656 1674 humiliter

2068 1716 2211 1772 inter
2234 1716 2547 1787 passionum
2569 1713 2928 1770 contumelias
2956 1713 3133 1777 latuit,
3157 1711 3279 1766 inde
3304 1708 3655 1767 excellentius

379 1806 548 1852 stum.
603 1796 759 1852 Unde
798 1796 874 1849 ait
918 1793 1249 1864 Apostolus:
1309 1812 1328 1843 ‹
1359 1792 1683 1848 Benedictus
1727 1792 1870 1846 Deus
1910 1795 1967 1844 et
1992 1780 2040 1840 B
2066 1822 2165 1877 per
2184 1780 2441 1862 {Nam
2471 1804 2883 1861 ,mmcﬁonis
2925 1802 3146 1865 cauis“.
3196 1807 3254 1854 et
3296 1800 3442 1868 ipsos
3488 1798 3653 1853 etiam

378 1895 535 1956 pater
553 1885 767 1941 Domini
812 1884 981 1939 nostri
1018 1883 1142 1938 Iesu
1164 1882 1387 1948 Christi,
1431 1882 1524 1952 qui
1555 1881 1834 1937 benedixit
1865 1892 1965 1937 nos

376 1977 435 2030 in
454 1976 605 2030 omni
620 1974 997 2030 benedictione
1012 1972 1300 2044 spirituali,
1316 1974 1370 2028 in
1398 1974 1714 2029 caelestibus
1741 1974 1794 2028 in
1808 1971 1965 2026 Chri—

374 2072 465 2121 sto
496 2063 585 2135 (Il
610 2063 733 2118 Cor.
755 2063 816 2134 ι).
852 2085 871 2116 ι
915 2064 983 2119 Et
1008 2065 1148 2120 bene
1203 2064 1519 2119 imminente
1548 2064 1715 2137 Moysi
1763 2073 1960 2132 morte,

376 2156 479 2212 lilii
500 2155 665 2232 Israel
687 2156 951 2227 spirituali
992 2156 1366 2211 benedictione
1392 2156 1652 2222 ditantur,
1684 2158 1808 2225 quia
1834 2157 1962 2212 dum

374 2248 514 2319 legis
539 2249 752 2310 utnbra,
775 2262 896 2316 qua:
935 2248 1213 2303 terrestria
1237 2247 1615 2317 pollicebatur,
1641 2246 1960 2311 destruitur,

375 2339 642 2395 donorum
670 2340 969 2395 caelestium
997 2340 1201 2395 veritas
1237 2340 1497 2409 aperitur.
1567 2339 1835 2394 Prazvidet
1855 2338 1959 2393 ita-

375 2441 484 2499 que
506 2428 716 2500 Moyses
741 2428 935 2499 spiritu
966 2430 1289 2500 prophetico
1334 2430 1504 2485 nostri
1534 2428 1836 2484 Saluatoris
1861 2429 1959 2484 adv

374 2530 618 2584 ventum,
669 2528 725 2576 et
774 2520 1013 2576 futuram
1041 2521 1275 2591 gratiam
1299 2520 1434 2581 Novi
1469 2520 1803 2591 Testamenti
1862 2519 1959 2588 qui

375 2615 708 2686 prieteritam
731 2627 983 2678 narrans,
1014 2584 1079 2668 ei
1117 2628 1248 2668 voce
1287 2584 1576 2682 primitivze
1599 2610 1855 2666 Ecclesiae

376 2708 648 2766 tabundus
696 2707 1045 2777 prosequitur
1081 2705 1306 2762 dicens:
1366 2704 1683 2759 iDominus
1732 2702 1786 2756 in
1829 2700 1960 2757 Sina

375 2801 555 2857 veniet
580 2807 637 2855 et
672 2800 741 2855 de
764 2797 886 2854 Seir
908 2804 1060 2851 ortus
1083 2804 1169 2852 est
1195 2796 1371 2851 nobis.
1409 2816 1429 2848 ο
1494 2793 1599 2849 Per
1625 2794 1845 2848 nomina
1882 2791 1962 2847 lo-

374 2908 566 2949 corum
608 2892 947 2946 demonstrat
992 2888 1216 2944 effectus
1244 2902 1448 2942 rerum.
1514 2885 1646 2943 Sina
1695 2884 1962 2952 interpre-

377 2990 524 3039 tatur
549 2982 809 3052 amphora
846 2995 985 3044 mea,
1024 2979 1109 3034 vel
1140 2993 1390 3033 mensura
1419 2993 1561 3043 mea,
1587 2976 1702 3031 sitve
1737 2974 1961 3030 manda-

376 3082 513 3128 tum.
548 3070 670 3126 Seir
688 3069 912 3140 pilosus,
930 3069 1044 3123 sive
1065 3068 1326 3137 hispidus.
1351 3065 1569 3120 Pharan
1594 3065 1847 3120 ferodtas
1872 3078 1962 3119 eo-

374 3178 530 3231 rum,
578 3164 692 3217 sive
721 3159 964 3232 frugifer.
1011 3159 1141 3215 Sina
1191 3159 1357 3230 igitur
1388 3157 1616 3228 ligurum
1673 3164 1817 3210 tenet
1859 3155 1963 3209 Ve-
1989 3145 2033 3207 C

372 3254 509 3308 teris
552 3251 902 3312 Testamenti,
935 3249 1079 3318 quod
1118 3257 1323 3303 certam
1382 3261 1691 3301 mensuram
1740 3243 1964 3300 manda-

375 3354 556 3401 torum
587 3342 740 3411 juxta
766 3341 1003 3412 deealogi
1033 3340 1311 3394 decretum
1338 3346 1547 3402 tenens,
1572 3337 1763 3405 jubere
1792 3336 1961 3401 novit,

375 3438 473 3493 sed
499 3424 703 3506 iuvare
726 3450 833 3490 non
861 3434 1028 3498 novit,
1056 3433 1150 3488 sed
1177 3439 1475 3488 sectatores
1513 3444 1641 3485 suos
1688 3444 1787 3499 per
1806 3429 1966 3499 spiri-

372 3541 493 3586 tum
520 3528 819 3584 dilectionis
840 3528 1054 3590 liberat,
1074 3527 1186 3597 sed
1229 3540 1327 3594 per
1357 3524 1606 3578 timorem
1648 3537 1821 3592 pmua:
1849 3536 1965 3576 ser-

372 3621 468 3677 vili
483 3620 792 3675 conditione
815 3617 1057 3673 subditos
1076 3617 1225 3686 ligat.
1258 3615 1408 3670 Unde
1432 3622 1490 3667 et
1506 3613 1701 3666 doctor
1723 3611 1963 3681 gentium

373 3714 663 3771 scribendo
686 3713 753 3767 ad
777 3711 1017 3775 Galatas,
1058 3725 1157 3780 per
1195 3709 1329 3763 duas
1360 3720 1558 3761 uxores
1595 3716 1650 3757 et
1684 3718 1783 3773 per
1829 3702 1964 3758 duos

375 3805 520 3862 ﬁlios
547 3804 804 3868 Ahrahaz,
853 3803 1081 3857 duorum
1124 3804 1575 3855 testamentorum
1619 3810 1684 3849 ac
1734 3795 1962 3849 duorum

372 3895 697 3969 populorum
716 3909 816 3965 per
842 3892 1152 3964 allegoriam
1180 3888 1448 3958 expressit
1471 3886 1698 3957 figuram
1716 3883 1918 3938 dicens
1946 3901 1958 3935 :

382 4008 402 4040 ι
438 3987 710 4058 Scriptum
739 3993 821 4041 est
835 3983 1091 4054 quoniam
1112 3980 1387 4036 Abraham
1405 3978 1539 4032 duos
1560 3975 1699 4029 filios
1726 3973 1919 4028 habuit
1945 3990 1958 4026 :

377 4096 546 4136 unum
569 4079 633 4134 de
660 4076 875 4143 ancilla,
897 4084 952 4131 et
977 4089 1145 4129 unum
1174 4071 1453 4127 delibera.
1517 4067 1624 4124 Sed
1645 4067 1738 4137 qui
1767 4066 1833 4120 de
1861 4081 1961 4119 au-

376 4175 522 4242 cilla,
551 4174 850 4232 secundum
875 4185 1094 4226 carnem
1126 4176 1286 4223 natus
1320 4175 1404 4222 est
1431 4182 1447 4233 ;
1483 4164 1574 4235 qui
1599 4172 1781 4219 autem
1805 4161 1873 4216 de
1894 4160 1963 4215 li-

334 4268 337 4269 ⁷
373 4267 533 4330 hera,
550 4279 649 4334 per
672 4261 1187 4334 repromissionem:
1230 4272 1351 4329 qua:
1374 4264 1497 4312 sunt
1520 4271 1620 4327 per
1647 4252 1961 4324 allegoriam

377 4358 522 4414 dicta
546 4355 745 4429 (Colat.
790 4354 885 4426 ιν).
939 4352 1081 4407 llzec‘
1099 4351 1245 4405 enim
1288 4358 1415 4404 sunt
1447 4348 1553 4403 duo
1591 4346 1959 4401 Testamenta.

380 4449 562 4505 Unum
585 4447 798 4517 quidem
832 4462 862 4499 a
896 4452 1079 4499 monte
1093 4441 1223 4496 Sina
1256 4439 1308 4494 in
1330 4439 1650 4494 servitutem
1672 4448 1956 4506 generans,

378 4558 501 4613 qua:
522 4531 614 4595 est
646 4538 793 4607 Agar
833 4536 987 4604 (Sina
1037 4542 1215 4587 autem
1249 4545 1409 4585 mons
1438 4532 1521 4584 est
1562 4527 1616 4581 in
1643 4525 1842 4580 Arabia
1871 4521 1962 4594 qui

379 4611 706 4698 coniunctus
725 4634 808 4681 est
830 4624 901 4690 ei,
918 4637 1039 4694 qua:
1065 4635 1210 4676 nunc
1239 4625 1324 4674 est
1352 4612 1699 4676 Jerusalem),
1726 4622 1782 4668 et
1799 4611 1969 4667 servit

380 4738 507 4778 cum
536 4721 661 4776 filiis
688 4720 821 4782 suis,
854 4725 959 4772 etc.
1017 4714 1277 4769 Dominus
1303 4725 1431 4781 ergo
1451 4707 1609 4763 Iesus
1630 4706 1882 4762 Christus
1903 4705 1969 4760 de

385 4815 515 4870 Sina
542 4812 711 4877 venit,
758 4809 884 4879 quia
925 4823 991 4862 ex
1022 4804 1251 4861 lectione
1294 4802 1429 4872 legis
1463 4807 1520 4855 et
1558 4798 1965 4871 prophetarum,

383 4904 728 4962 credentibus
747 4899 997 4955 innotuit.
1022 4895 1150 4950 lude
1162 4893 1307 4949 enim
1324 4890 1489 4955 venit,
1513 4904 1636 4945 cum
1650 4902 1773 4943 cum
1787 4887 1859 4943 ibi
1875 4887 1969 4956 qui

382 4994 639 5065 intelligit
660 4990 885 5047 invenit.
934 5008 952 5038 ι
976 4987 1131 5043 Unde
1142 4995 1201 5041 et
1228 4985 1344 5055 ipse
1371 4982 1635 5052 incipiens
1657 4978 1884 5049 ahloyse
1912 4985 1970 5033 et

382 5089 637 5146 omnibus
661 5084 956 5159 prophetis,
973 5079 1432 5149 interpretabatur
1445 5074 1727 5145 discipulis
1752 5072 1819 5128 ad
1840 5086 1971 5141 quo-

385 5198 507 5238 rum
532 5194 628 5236 cor
646 5194 742 5249 per
762 5174 921 5231 fidem
956 5173 1139 5227 venire
1163 5168 1432 5238 cupiebat,
1466 5167 1520 5220 in
1544 5164 1797 5219 omnibus
1821 5160 1969 5216 Scri-

384 5272 580 5346 pturis.
595 5285 715 5339 quae
733 5268 799 5322 de
821 5266 1106 5336 ipsoerant
1127 5259 1281 5331 (Luc.
1296 5256 1492 5325 χχιι).
1522 5275 1539 5306 ι
1562 5256 1635 5309 De
1661 5253 1783 5309 Seir
1803 5251 1969 5306 etiam

384 5342 539 5419 ortus
573 5377 588 5414 :
616 5358 740 5429 quia
762 5372 827 5410 cx
866 5353 1091 5409 iudaice
1116 5349 1335 5406 malitiae
1359 5355 1415 5401 et
1437 5342 1831 5400 incredulitatis
1858 5355 1969 5395 suae

385 5451 614 5523 spinetis
632 5446 947 5517 asperrimo,
991 5441 1286 5498 secundum
1311 5452 1531 5493 carnem
1560 5433 1792 5506 genitus,
1816 5445 1969 5486 novze

386 5542 527 5600 lucis
575 5546 790 5602 exortu,
832 5543 1044 5591 mentes
1087 5530 1426 5588 credentium
1464 5524 1801 5589 illuminavit,
1853 5530 1973 5576 tan-

387 5648 549 5704 quam
566 5647 725 5686 verus
747 5630 825 5685 sol
845 5627 1095 5697 iustitiae,
1115 5626 1182 5679 dc
1198 5640 1304 5696 quo
1332 5621 1589 5677 Dominus
1611 5634 1708 5689 per
1734 5616 1966 5687 prophe—

392 5732 501 5777 tam
528 5720 658 5775 dicit
688 5734 701 5773 :
759 5738 777 5769 ι
810 5717 972 5773 Vobis
1001 5723 1179 5774 autem
1207 5712 1518 5769 timentibus
1541 5724 1735 5765 nomen
1760 5720 1964 5770 metum,

2068 1894 2435 1950 ferocissimos
2461 1892 2840 1955 interfectores
2866 1906 2994 1947 suos
3017 1888 3255 1943 edomita
3298 1884 3619 1942 incredulita
3636 1915 3652 1925 -

2062 1986 2137 2041 tis
2160 1986 2379 2050 duritia,
2406 1985 2531 2041 fidei
2570 2001 2685 2041 suae
2707 1984 2837 2052 jugo
2881 1981 3116 2051 subegit,
3166 1993 3396 2050 quorum
3439 1993 3545 2032 una
3567 1977 3655 2031 die

2063 2079 2170 2134 tria
2201 2077 2388 2140 millia,
2422 2085 2479 2131 et
2503 2076 2626 2131 inde
2647 2074 2890 2145 quinque
2915 2071 3100 2133 millia,
3126 2079 3182 2124 et
3214 2068 3468 2137 deinceps
3491 2067 3652 2120 innu—

2063 2182 2214 2222 mera
2255 2165 2625 2221 crediderunt.
2675 2163 2743 2217 Et
2788 2176 2951 2231 quem
2972 2159 3125 2229 prius
3155 2156 3309 2227 quasi
3354 2155 3655 2211 Samarita-

2064 2271 2192 2312 num
2217 2262 2275 2310 et
2307 2254 2573 2310 dmonia
2600 2253 2892 2309 habentem
2915 2249 3149 2304 aversati
3173 2247 3408 2309 fuerant,
3433 2245 3481 2299 ei
3507 2253 3656 2314 post-

2063 2347 2283 2403 modum
2308 2343 2655 2414 inseparabili
2690 2342 2813 2398 ﬁdei
2848 2349 2904 2397 et
2936 2338 3220 2395 charitatis
3241 2335 3448 2407 glutino
3468 2335 3654 2389 adhae-

2061 2444 2268 2495 serunt.
2306 2438 2382 2493 De
2422 2436 2619 2506 quibus
2647 2434 2739 2490 hic
2763 2433 2961 2488 dicitur
2990 2448 3006 2488 :
3039 2449 3058 2482 ι
3094 2430 3161 2484 Et
3187 2444 3308 2483 cum
3337 2442 3404 2483 eo
3431 2434 3649 2481 sancto-

2063 2544 2183 2583 rum
2236 2526 2424 2583 millia.
2460 2547 2479 2578 ι
2530 2524 2827 2595 Sequitur:
2883 2540 2903 2574 ι
2948 2520 3004 2576 lu
3058 2519 3280 2574 dextera
3335 2514 3453 2583 ejus
3490 2516 3650 2585 ignea

2062 2620 2168 2673 lex.
2200 2639 2220 2670 ι
2251 2619 2482 2673 Dextera
2505 2624 2687 2671 autem
2716 2613 2821 2669 Dei
2846 2610 3186 2681 appellantur
3223 2606 3404 2662 electi.
3444 2605 3499 2660 In
3525 2603 3655 2659 dex—

2061 2718 2178 2766 tera
2204 2725 2336 2778 ergo
2374 2707 2475 2763 Dei
2496 2706 2583 2762 lex
2609 2706 2765 2776 ignea
2800 2712 2905 2773 est,
2930 2700 3056 2771 quia
3083 2697 3247 2757 electi
3267 2694 3521 2751 mandata
3542 2708 3654 2749 coa-

2060 2800 2214 2856 lestia
2243 2812 2581 2868 nequaquam
2611 2794 2807 2863 frigido
2831 2792 2995 2848 corde
3022 2788 3286 2850 audiunt;
3320 2784 3414 2839 sed
3442 2783 3507 2837 ad
3536 2783 3653 2836 huic

2061 2890 2266 2949 amoris
2296 2888 2470 2944 intimi
2498 2886 2710 2942 facibus
2734 2874 3111 2939 inardescunt.
3154 2877 3347 2932 Sermo
3370 2873 3436 2928 ad
3465 2887 3652 2927 aurem

2063 2982 2297 3047 dudtur,
2322 2987 2379 3036 et
2397 2993 2551 3034 mens
2579 2977 2798 3032 sibimet
2823 2974 2978 3035 irata,
2994 2985 3058 3026 ex
3093 2970 3318 3024 interna:
3353 2964 3654 3020 dulcedinis

2062 3074 2279 3129 ﬂamma
2320 3078 2718 3127 concrematur.
2770 3064 2987 3121 Aliter:
3020 3063 3255 3117 Dextera
3295 3056 3509 3125 Domini
3556 3071 3654 3111 no-

2065 3165 2165 3221 stri
2190 3162 2319 3219 Jesu
2341 3160 2543 3219 Christi
2573 3155 2883 3226 evangelica
2912 3150 3223 3224 praadicatio
3247 3155 3353 3212 est,
3375 3163 3472 3217 per
3488 3161 3652 3216 quam

2064 3272 2173 3311 non
2192 3252 2510 3324 temporalis
2548 3249 2798 3311 felicitas,
2828 3260 2948 3316 qua:
2984 3245 3039 3303 in
3088 3242 3206 3298 leva
3256 3238 3529 3311 designari
3561 3253 3653 3293 so-

2064 3347 2161 3412 let,
2198 3346 2338 3401 sicut
2364 3344 2419 3399 in
2449 3343 2589 3413 lege,
2630 3339 2724 3395 sed
2748 3346 2949 3393 aeterna
2982 3329 3264 3388 beatitudo
3290 3326 3645 3413 promittitur.

2065 3410 2268 3509 Deiqua
2295 3452 2493 3508 sponsa
2510 3410 2757 3512 loquitur
2795 3432 2848 3486 in
2876 3426 3103 3485 Cantico
3124 3423 3461 3480 canticorum
3487 3438 3500 3450 ·
3537 3410 3555 3471 ἃ
3587 3418 3655 3475 Et

2064 3535 2161 3589 dex
2172 3540 2285 3587 tera
2310 3529 2450 3583 illius
2466 3523 2864 3595 amplexabitur
2875 3535 2962 3576 me
2976 3518 3153 3589 (Cant.
3171 3513 3232 3583 ιι)
3279 3533 3299 3567 ι
3326 3512 3380 3567 1η
3410 3513 3513 3567 hac
3527 3526 3657 3566 vero

2063 3624 2304 3684 dextera,
2334 3621 2422 3674 lex
2454 3619 2611 3687 ignea
2637 3624 2722 3671 est
2752 3654 2767 3677 ,
2794 3611 3010 3667 dilectio
3040 3606 3292 3662 videlicet
3330 3619 3429 3673 per
3455 3603 3655 3658 donum

2062 3713 2301 3785 Spiritus
2327 3708 2527 3773 sancti,
2586 3706 2641 3761 in
2693 3704 2992 3760 electorum
3019 3695 3272 3754 cordibus
3316 3689 3530 3747 dill‘usa.
3580 3691 3656 3745 De

2063 3779 2169 3876 qua
2195 3801 2481 3873 Apostolus
2506 3798 2583 3853 ait
2612 3814 2624 3850 :
2658 3814 2677 3845 ι
2704 3790 2987 3849 Plenitudo
3015 3803 3144 3857 ergo
3164 3784 3298 3855 legis
3326 3790 3410 3837 est
3439 3779 3655 3876 dilectio

2064 3868 2256 3967 ('Roin.‘
2282 3889 2425 3961 xm).
2466 3908 2485 3941 ι
2530 3886 2659 3942 Ιίωο
2699 3893 2933 3950 namque
2960 3878 3015 3933 in
3049 3873 3342 3946 Evangelio
3368 3868 3657 3942 singulari-

2066 3962 2148 4040 ter
2167 3979 2600 4042 commendatur,
2621 3974 2837 4030 dicente
2861 3968 3123 4024 Domino:
3157 3983 3176 4016 ι
3214 3962 3525 4018 Mandatum
3555 3973 3651 4013 no-

2064 4091 2194 4143 vum
2233 4074 2303 4129 do
2349 4070 2525 4135 vobis,
2545 4074 2608 4122 ut
2643 4062 2886 4135 diligatis
2916 4059 3147 4115 invicem
3173 4055 3315 4112 sicut
3336 4051 3499 4108 dilexi
3534 4065 3650 4143 vos.
3753 4045 3766 4062 ‘

2064 4162 2125 4218 in
2152 4135 2257 4216 hoc
2283 4162 2611 4230 cognoscent
2654 4164 2865 4214 omnes,
2907 4146 3032 4216 quia
3067 4142 3173 4199 mei
3215 4141 3347 4196 estis
3381 4135 3648 4207 discipuli,

2065 4252 2112 4306 si
2155 4225 2497 4305 dilectionem
2526 4240 2825 4299 habueritis
2858 4236 2926 4292 ad
2961 4233 3190 4288 invicem
3228 4227 3412 4297 (Joan.
3444 4225 3589 4296 XIII).
3625 4246 3645 4279 ι

2066 4338 2196 4405 Quae
2219 4352 2316 4407 per
2338 4333 2602 4404 Spiritum
2631 4333 2878 4385 sanctum
2906 4322 2960 4376 in
3011 4334 3137 4390 igne
3163 4321 3535 4387 apparentem,
3560 4312 3652 4369 de-

2067 4431 2207 4486 cima
2222 4406 2357 4497 ipost
2375 4422 2746 4479 ascensionem
2775 4416 2881 4480 die,
2913 4412 2969 4467 in
3011 4407 3282 4481 apostolos
3313 4406 3502 4470 effusa,
3532 4419 3651 4461 om-

1988 4497 2040 4555 D
2068 4535 2189 4575 nem
2212 4495 2343 4588 legis
2367 4510 2755 4585 plenitudinem
2780 4514 3035 4573 tanquam
3063 4498 3228 4570 digito
3253 4496 3349 4551 Dei
3373 4495 3650 4588 inﬂeorum

2065 4617 2247 4666 mente
2268 4584 2920 4676 descripsit,cunctosque
2940 4593 3141 4649 electos
3164 4588 3406 4643 fervente
3420 4584 3647 4657 Spiritu,

2063 4703 2309 4757 lucentes
2329 4675 2644 4767 operatione
2681 4688 2831 4745 facit.
2896 4684 3096 4739 Verum
3129 4680 3255 4749 quia
3284 4678 3401 4732 haec
3424 4675 3510 4731 lex
3542 4690 3650 4730 non

2066 4794 2155 4851 uni
2180 4789 2374 4862 populo
2398 4795 2458 4842 ut
2478 4786 2566 4839 lex
2591 4781 2782 4852 Moysi,
2810 4777 2905 4834 sed
2929 4772 3197 4862 universis
3241 4785 3341 4841 per
3372 4767 3649 4862 Christum

2038 4856 2314 4958 -getitibus
2355 4874 2687 4951 promulgata
2709 4877 2813 4934 est,
2837 4882 2962 4922 mox
2988 4861 3298 4934 adiungitur
3323 4878 3337 4914 :
3401 4876 3420 4909 ι
3452 4856 3649 4912 Dilexit

2069 4956 2313 5047 populos.
2353 4992 2372 5024 ι
2418 4970 2616 5040 Legem
2640 4965 2805 5035 igitur
2855 4956 3158 5020 charitatis,
3207 4969 3367 5026 quam
3394 4965 3492 5005 nos
3533 4964 3648 5004 ser-

2070 5039 2201 5122 vare
2219 5064 2402 5134 jussit,
2431 5039 2640 5131 primus
2662 5055 2777 5125 ipse
2800 5047 3062 5121 implevit,
3098 5039 3649 5134 diligendo‘videlicet

2070 5132 2297 5228 populos
2321 5160 2605 5221 utrosque,
2632 5138 3063 5202 circumcisionis
3089 5146 3142 5192 et
3165 5132 3409 5207 praeputii
3425 5147 3439 5192 ;
3474 5136 3530 5183 et
3552 5142 3646 5182 ve-

2071 5226 2227 5304 niens
2248 5239 2668 5315 evangelizaudo
2699 5247 2885 5308 pacem
2912 5230 3069 5288 nobis
3093 5227 3183 5298 qui
3218 5226 3373 5291 longe
3407 5233 3645 5282 eramus,

2071 5348 2128 5397 et
2146 5353 2336 5410 pacem
2360 5308 2444 5390 his
2468 5333 2561 5403 qui
2588 5344 2778 5402 prepe,
2793 5324 3048 5401 quoniam
3071 5333 3168 5410 per
3179 5316 3365 5410 ipsum
3386 5308 3647 5410 habemus

2068 5395 2345 5485 accessum
2390 5395 2551 5481 ambo
2591 5395 2652 5474 in
2692 5395 3039 5484 unOSSpiritu
3070 5405 3135 5459 ad
3179 5403 3411 5456 Patrem.
3494 5395 3646 5451 Hane

2069 5531 2249 5577 autem
2279 5518 2620 5575 dilectionem
2647 5507 2987 5568 commendat
3013 5491 3510 5555 misericordissima
3528 5490 3645 5557 ejus

2067 5612 2445 5685 passio,quam
2476 5621 2573 5674 pro
2599 5602 2761 5658 totius
2783 5594 2965 5652 mundi
2981 5587 3153 5645 salute
3174 5581 3431 5651 suscepit,
3448 5583 3513 5638 de
3539 5595 3644 5649 qua

2069 5673 2325 5777 ipse
2369 5719 2387 5752 ι
2426 5673 2681 5768 Maiorem
2728 5692 2827 5746 hac
2865 5681 3205 5741 dilectionem
3248 5690 3409 5733 nemo
3461 5673 3641 5740 habet,
