3964 6192
389 326 489 394 987
1060 322 1121 377 Β.
1163 308 1414 377 eamut
1454 322 1673 378 nsum
1710 313 2028 396 ARCBIEP.
2070 321 2380 380 nouum.
2421 323 2705 381 orsum!
2745 323 2927 379 rans
2960 323 3001 378 1.
3539 332 3638 386 933

381 460 544 514 quam
589 449 649 496 ut
680 439 916 495 animam
960 453 1115 493 suam
1145 437 1267 505 quis
1291 444 1458 505 ponat
1502 450 1600 504 pro
1620 434 1811 489 amicis
1848 434 1962 488 suis
1990 437 2039 497 Α
2064 433 2220 487 daret
2247 433 2441 502 gratia,
2475 447 2573 503 per
2597 448 2759 503 quam
2786 433 3074 488 multitudo
3102 433 3190 488 illa
3215 432 3409 500 Jacob,
3451 437 3517 493 de
3541 457 3644 508 qua

384 532 571 605 (1οαηῖ
601 532 715 604 xv).
753 552 772 585 ι
826 531 908 584 Ad
935 531 1091 599 hujus
1127 544 1225 583 nos
1266 526 1556 581 charitatis
1578 523 1957 588 imitationem,
2058 526 2318 595 scriptum
2341 534 2463 581 est:
2527 544 2545 575 ι
2579 525 2938 581 Multitudinis
2958 533 3138 580 autem
3160 529 3503 583 credentium
3530 543 3645 585 erat

382 624 600 697 quando
636 623 703 677 ad
756 619 1049 691 perfectam
1105 617 1312 672 scilicet
1354 617 1486 686 legis
1534 614 1955 678 observantiam,

384 717 659 789 apostolus
692 714 940 769 accendit
959 711 1143 766 dicens
1172 727 1186 762 :
1236 728 1254 759 ι
1285 710 1470 763 Estote
1510 708 1814 761 imitatores
1838 704 1955 770 Dei,

380 810 523 865 sicut
552 807 642 860 ﬁlii
669 804 992 868 charissimi,
1022 812 1077 857 et
1103 801 1374 856 ambulate
1405 801 1457 854 in
1486 800 1793 861 dilectione,
1817 799 1959 853 sicut

381 909 437 955 et
459 898 708 954 Christus
752 896 1057 950 dilexitnos
1084 935 1097 958 ,
1127 902 1182 946 et
1227 892 1447 946 tradidit
1491 892 1841 959 semetipsum
1860 905 1958 958 pro

382 989 536 1043 nobis
555 989 878 1042 oblationem
909 994 975 1040 et”
998 986 1226 1039 hostiam
1254 986 1364 1038 Deo
1392 983 1443 1036 in
1471 984 1691 1037 odorem
1724 982 1959 1036 suavita-

382 1083 469 1136 tis.
518 1079 717 1135 Omnes
756 1079 927 1133 sancti
980 1078 1036 1131 in
1082 1093 1240 1130 manu
1274 1076 1416 1130 illius
1463 1074 1775 1145 sunt(Eph.
1819 1073 1896 1145 v).
1932 1093 1952 1126 ι

378 1171 496 1226 Non
540 1181 624 1225 est
651 1182 1002 1238 personarum
1052 1168 1296 1236 acceptio
1338 1167 1479 1235 apud
1530 1165 1718 1228 Deum,
1771 1165 1863 1219 sed
1903 1164 1958 1220 in

377 1261 522 1315 omni
560 1269 739 1330 gente,
797 1273 917 1327 qua:
943 1259 1095 1311 timet
1122 1257 1288 1309 Deum
1316 1266 1372 1309 et
1385 1264 1643 1325 operatur
1662 1254 1954 1321 justitiam,

377 1364 632 1422 acceptus
675 1360 758 1406 est
804 1350 899 1404 illi.
965 1368 984 1399 ι
1013 1348 1215 1404 Omnes
1267 1348 1438 1401 sancti
1488 1347 1541 1399 in
1597 1362 1759 1399 manu
1816 1346 1959 1400 illius

376 1451 521 1497 sunt.
559 1462 577 1494 ι
635 1441 791 1508 Quia,
846 1442 1149 1509 quicunque
1167 1438 1445 1505 justificati
1478 1444 1602 1490 sunt
1648 1437 1701 1489 in
1741 1437 1958 1491 nomine

377 1532 587 1587 Domini
619 1532 790 1587 nostri
818 1531 947 1585 Iesu
987 1529 1213 1593 Christi,
1246 1529 1373 1583 etin
1399 1526 1602 1596 Spiritu
1628 1525 1723 1580 Dei
1762 1526 1953 1591 nostri,

375 1632 430 1679 et
464 1622 983 1692 audiuntjubentem
1012 1623 1295 1677 Dominum
1322 1638 1334 1674 :
1368 1639 1385 1669 ί
1416 1619 1599 1674 Sancti
1623 1619 1957 1687 estole,quia

374 1723 429 1768 et
456 1728 555 1785 ego
579 1724 799 1768 sanctus
826 1730 965 1777 sum,
1005 1732 1022 1764 ι
1057 1713 1123 1767 ab
1159 1712 1306 1765 omni
1356 1711 1500 1765 malo
1530 1710 1697 1780 ipsius
1718 1709 1956 1778 potentia

2056 630 2152 669 cor
2179 631 2344 670 unum
2368 622 2424 669 et
2446 615 2627 670 anima
2649 631 2778 680 una,
2805 617 2858 670 in
2888 617 3094 672 semine
3115 617 3370 683 Abrahze,
3391 622 3541 688 quod
3567 631 3645 675 est

2055 704 2305 761 Christus
2334 705 2472 777 (Act.
2500 705 2593 779 IV),
2631 726 2650 759 ι
2701 707 3074 764 hereditatem
3098 709 3253 777 regni
3279 710 3527 765 caelestis
3553 727 3648 767 ac-

2056 797 2281 866 ciperet.
2327 795 2458 863 Quae
2486 796 2742 867 quoniam
2762 797 2830 852 de
2850 797 3136 853 maledicto
3165 798 3304 868 legis
3340 799 3647 870 redempta,

2055 886 2488 943 benedictionem
2507 888 2697 958 gratia:
2712 898 3003 943 consecuta
3046 898 3152 953 est,
3180 891 3407 959 pulchre
3429 892 3536 947 sub
3559 891 3652 946 Ja-

2055 977 2157 1031 cob
2207 977 2425 1031 nomine
2458 978 2792 1046 designatur,
2840 978 2927 1033 cui
2978 978 3047 1035 de
3093 977 3310 1035 Christo
3357 979 3647 1036 manifeste

2056 1068 2423 1137 promittitur;
2459 1087 2479 1118 ι
2513 1068 2629 1122 Erit
2675 1068 2817 1138 apud
2860 1069 3250 1134 rectissimum,
3301 1072 3648 1142 congregatis

2054 1157 2391 1228 principibus
2425 1157 2628 1228 pepuli,
2682 1173 2804 1214 cum
2852 1158 3097 1214 tribubus
3141 1159 3329 1215 lsrael.
3387 1181 3406 1213 ι
3473 1161 3647 1218 Jacob

2056 1265 2290 1318 namque
2310 1259 2594 1319 postquam
2615 1250 2685 1305 ab
2709 1249 2901 1319 angelo
2922 1250 3008 1305 cui
3030 1250 3311 1319 praevaluit
3329 1251 3647 1309 benedictus

2056 1349 2164 1403 est,
2193 1340 2449 1394 continuo
2474 1338 2689 1394 Israelis
2710 1355 2905 1395 nomen
2935 1342 3146 1410 accepit
3176 1360 3189 1396 :
3240 1347 3387 1412 quod
3422 1346 3647 1414 proprie

2012 1411 2207 1501 ‘juxta
2232 1431 2510 1497 Hebraeos,
2532 1444 2709 1487 rectus
2733 1433 2831 1488 Dei
2858 1433 3076 1489 dicitur.
3131 1436 3225 1491 Vir
3247 1411 3439 1490 autem
3455 1411 3647 1493 videns

2058 1523 2247 1588 Deum,
2293 1540 2401 1579 non
2442 1526 2496 1579 in
2528 1524 2832 1590 elementis,
2864 1527 2957 1582 sed
2988 1527 3041 1580 in
3072 1543 3207 1585 sono
3232 1529 3385 1585 vocis
3419 1538 3523 1585 est.
3553 1529 3645 1587 Sic
3686 1532 3693 1543 ‘

2056 1631 2187 1685 ergo
2216 1614 2544 1671 etludaicus
2569 1616 2797 1685 populus
2813 1619 2881 1672 ad
2906 1616 3067 1673 iidem
3096 1617 3298 1687 Christi
3322 1635 3643 1686 conversus,

2057 1711 2113 1759 et
2135 1705 2202 1759 ab
2224 1719 2290 1758 eo
2308 1712 2431 1774 post
2456 1705 2910 1763 resurrectionem
2948 1706 3286 1773 benedictus,
3326 1709 3413 1764 cui
3443 1710 3499 1763 in
3526 1726 3647 1781 pass

372 1811 741 1874 proteguntur.
770 1803 849 1857 De
862 1803 1056 1871 quibus
1079 1804 1190 1870 ipse
1212 1802 1311 1855 sub
1338 1801 1507 1871 figura
1528 1800 1766 1854 omnium
1785 1798 1957 1867 loqui-
1985 1787 2030 1846 Β
2058 1795 2211 1848 sione
2244 1794 2593 1864 przevaluisse
2624 1794 2834 1863 jussum
2879 1804 2991 1862 est,
3045 1812 3240 1852 novam
3286 1800 3526 1854 nominis
3553 1816 3647 1856 ae-

373 1902 462 1948 ιω·
492 1893 546 1948 in
572 1894 862 1963 Evangelia
893 1912 904 1947 :
944 1912 961 1945 ι
995 1894 1062 1947 Et
1089 1909 1190 1964 ego
1203 1893 1366 1947 vitam
1395 1900 1651 1946 aeternam
1677 1892 1746 1944 do
1760 1890 1858 1955 eis,
1898 1899 1954 1946 et

372 2002 479 2041 non
509 1986 763 2054 peribunt
789 1987 841 2040 in
864 1996 1147 2050 aeternum,
1169 1993 1223 2039 et
1247 2002 1353 2041 non
1373 1986 1545 2055 rapiet
1556 2001 1651 2040 eas
1667 1986 1953 2055 quisquam

371 2077 425 2132 in
455 2085 716 2132 aeternum
740 2079 806 2132 de
833 2093 993 2132 manu
1042 2066 1160 2134 mea
1194 2078 1376 2151 (Joon.
1400 2079 1478 2151 χ).
1521 2100 1540 2131 ι
1600 2079 1677 2133 Ex
1711 2079 1951 2133 omnium

371 2167 554 2238 itaque
588 2169 1010 2223 concordissima
1070 2170 1416 2224 multitudine
1447 2180 1759 2225 sanctorum
1788 2186 1952 2224 unum

369 2256 572 2314 Christi
621 2259 1067 2335 gloriosissimum
1120 2259 1350 2314 eilicitur
1396 2273 1640 2331 regnum.
1715 2259 1811 2315 Cui
1844 2254 1955 2329 per

368 2348 562 2402 Isaiam
589 2348 787 2403 dicitur
813 2366 824 2402 :
855 2367 873 2399 ι
910 2349 976 2403 Et
998 2351 1105 2403 erit
1134 2364 1336 2404 corona
1368 2351 1550 2420 gloriae
1571 2350 1624 2403 in
1655 2365 1816 2404 manu
1844 2349 1953 2404 Do-

374 2440 528 2504 mini,
566 2449 621 2495 et
657 2441 904 2496 diadema
954 2442 1102 2512 regni
1150 2444 1205 2497 in
1254 2459 1417 2497 manu
1444 2443 1539 2497 Dei
1590 2443 1687 2497 tui.
1748 2442 1816 2496 Et
1860 2443 1951 2511 qui

369 2530 804 2600 appropinquant
839 2531 1067 2600 pedibus
1087 2530 1222 2599 ejus,
1248 2532 1517 2601 accipient
1558 2532 1859 2586 doctrinam
1886 2526 1951 2585 il-

367 2614 472 2674 lius
500 2617 636 2689 (Isa.
661 2619 817 2691 mi).
858 2640 876 2672 ι
934 2620 1105 2675 Pedes
1129 2621 1339 2675 Domini
1367 2619 1495 2676 Jesu
1517 2620 1738 2686 Christi,
1777 2621 1951 2676 sancti

366 2711 590 2783 apostoli
621 2719 675 2766 et
695 2711 1039 2783 evangelista:
1060 2721 1206 2777 sunt,
1230 2728 1459 2782 quorum
1490 2714 1733 2768 doctrina
1757 2715 1809 2767 in
1833 2712 1952 2767 uni-

364 2817 525 2858 verso
551 2803 682 2858 orbe
706 2802 963 2857 discurrit
990 2803 1057 2858 de
1084 2803 1280 2874 quibus
1298 2805 1562 2873 scriptum
1583 2816 1697 2859 est:
1730 2822 1749 2854 ι
1776 2804 1949 2871 Quam

362 2892 576 2961 pulchri
605 2908 768 2962 super
794 2900 1006 2947 montes
1028 2893 1194 2962 pedes
1228 2892 1711 2963 evangeiizantium
1737 2900 1946 2962 pacem,

365 2983 854 3053 evangelizantium
896 2982 1037 3038 bona
1072 2982 1249 3055 (Rom.
1284 2983 1361 3054 ι).
1401 2999 1419 3034 ι
1471 2982 1788 3051 Quicunque
1816 2997 1949 3052 ergo

363 3073 449 3128 his
474 3074 702 3144 pedibus
728 3074 873 3140 fidei,
899 3075 1116 3144 pietatis
1140 3084 1195 3129 et
1215 3074 1536 3131 obedientia:
1559 3074 1844 3129 devotione
1863 3088 1951 3129 re-

2055 1886 2201 1954 cepit
2225 1886 2564 1955 dignitatem,
2592 1894 2653 1940 ut
2675 1887 2745 1941 ob
2770 1884 2997 1953 iustitia:
3027 1887 3418 1956 perfectionem
3447 1890 3642 1958 Israel,

2054 1975 2108 2031 id
2137 1984 2242 2040 est,
2282 1976 2617 2031 rectissimus
2639 1976 2939 2047 appelletur
2967 1996 2979 2031 :
3009 1977 3099 2033 cui
3131 1979 3294 2034 etiam
3314 1996 3413 2048 per
3441 1981 3639 2037 Isaiam

2054 2061 2198 2119 Deus
2218 2063 2456 2132 loquitur
2485 2082 2496 2117 :
2532 2082 2551 2114 ι
2587 2064 2747 2130 Audi,
2770 2063 2957 2132 Iacob,
2985 2082 3143 2122 serve
3168 2083 3339 2133 meus,
3366 2079 3423 2124 et
3452 2071 3641 2126 rectis-

2053 2154 2191 2210 sime
2219 2171 2378 2225 quem
2408 2157 2547 2227 elegi
2597 2157 2734 2230 (Ita.
2762 2158 2931 2230 xuv).
2975 2178 2996 2211 ι
3073 2159 3229 2230 Apud
3281 2161 3430 2216 hunc
3460 2163 3639 2232 itaque

2054 2248 2418 2302 rectissimum
2443 2264 2539 2304 rex
2570 2242 2846 2315 Christus,
2885 2251 2979 2320 qui
3008 2251 3065 2306 in
3094 2250 3308 2306 Psalmo
3351 2251 3593 2322 loquitur
3619 2271 3634 2318 ;

2059 2355 2080 2388 ι
2108 2337 2219 2408 Ego
2234 2346 2413 2393 autem
2459 2340 2786 2396 constitutus
2821 2356 2940 2396 sum
2972 2355 3067 2396 rex
3114 2341 3184 2396 ab
3218 2358 3286 2398 eo
3315 2358 3481 2414 super
3508 2343 3637 2400 Sion

2053 2440 2291 2487 montem
2313 2440 2561 2488 sanctum
2599 2432 2736 2501 ejus,
2779 2453 2798 2487 ι
2847 2433 3061 2490 futurus
3107 2449 3228 2491 esse
3277 2437 3634 2506 promittitur,

2053 2521 2305 2577 habitans
2337 2523 2590 2613 videlicet
2622 2540 2719 2596 per
2761 2525 2922 2581 fidem
2954 2526 3008 2581 in
3043 2527 3219 2582 corde
3234 2528 3374 2597 ejus,
3410 2542 3638 2598 eumque

2053 2614 2157 2669 sibi
2186 2631 2411 2686 regnum
2437 2618 2698 2688 inclytum
2722 2617 2981 2683 eiiciens,
3011 2618 3152 2673 sicut
3170 2634 3269 2688 per
3280 2618 3499 2690 Moysen
3516 2629 3637 2675 ante

2051 2709 2395 2776 promiserat.
2457 2729 2477 2760 ι
2507 2711 2616 2767 Vos
2651 2719 2852 2778 anteet,
2881 2712 3155 2782 inquiens,
3198 2712 3353 2769 eritis
3382 2713 3517 2769 mihi
3556 2729 3637 2767 re-

2053 2817 2214 2872 gnum
2244 2803 2598 2868 sacerdotale,
2638 2811 2697 2858 et
2719 2818 2852 2874 gens
2875 2812 3063 2859 sancta
3089 2804 3288 2875 (Exod.
3314 2804 3454 2875 xu).
3489 2826 3508 2857 ι
3573 2805 3637 2860 Et

2051 2890 2301 2946 Michaeas
2358 2892 2685 2961 praedixerat
2719 2908 2737 2946 :
2782 2912 2802 2944 ι
2839 2893 2907 2947 Et
2946 2892 3128 2951 veniet
3182 2902 3426 2963 potestas
3464 2895 3635 2964 prima

2053 2996 2279 3053 regnum
2305 2982 2428 3037 illia:
2466 2983 2596 3038 Sion
2623 2983 2812 3055 (Maeli.
2843 2983 2940 3056 IV).
2977 3004 2995 3036 ι
3038 2984 3203 3053 Cujus
3233 2987 3387 3055 regni
3409 3001 3635 3041 concors

2050 3071 2327 3138 plenitudo
2349 3073 2654 3128 ostenditur
2677 3075 2861 3131 verbis
2884 3075 3358 3145 subsequentibus,
3396 3094 3523 3135 cum
3552 3078 3631 3135 in-

362 3138 619 3221 verenter
649 3138 991 3237 appropia-nt,
1033 3182 1138 3222 non
1169 3168 1580 3232 contristentur,
1601 3166 1743 3236 quod
1773 3168 1948 3235 ipsum
1977 3138 2022 3203 Ο
2051 3160 2268 3217 fertur:
2328 3182 2347 3214 ι
2389 3162 2745 3237 Congregatis
2793 3158 3045 3221 videlicet
3067 3138 3149 3221 ἰιι
3202 3138 3461 3224 unitatem
3512 3168 3633 3225 ﬁdei

368 3253 644 3309 Christum
669 3257 949 3310 docentem
979 3256 1033 3309 in
1055 3272 1218 3311 carne
1247 3272 1353 3311 non
1381 3256 1667 3322 viderunt;
1704 3270 1809 3310 non
1838 3269 1953 3310 me-
2052 3252 2382 3323 principibus
2424 3256 2627 3327 populi,
2661 3278 2682 3311 ι
2743 3257 2797 3313 id
2825 3266 2941 3324 est,
2991 3261 3197 3316 sanctis
3232 3259 3491 3331 apostolis
3512 3301 3529 3327 ,
3568 3260 3634 3320 de

363 3352 538 3409 tuant,
561 3361 631 3400 ne
660 3344 799 3400 forte
821 3338 1222 3403 ab‘hominibus
1248 3349 1401 3418 quasi
1418 3348 1664 3404 homines
1677 3348 1956 3417 decipian-
2051 3344 2248 3414 quibus
2270 3346 2530 3417 scriptum
2555 3355 2637 3403 est
2668 3365 2681 3401 :
2739 3367 2758 3400 ι
2784 3351 3101 3406 Constitues
3131 3366 3228 3406 eos
3248 3352 3523 3421 principes
3552 3367 3634 3409 su-

363 3444 474 3492 tur.
528 3435 632 3491 Per
676 3452 866 3492 eorum
918 3452 1149 3508 namque
1180 3454 1241 3494 os
1293 3439 1533 3509 loquitur
1586 3438 1858 3505 Christus,
1896 3447 1953 3495 et
2044 3444 2150 3501 per
2187 3448 2403 3491 omnem
2453 3446 2653 3493 terram
2695 3436 2870 3512 (Prol.
2919 3440 3098 3512 xvni),
3139 3462 3158 3494 ι
3200 3457 3323 3497 cum
3382 3442 3632 3502 tribubus

364 3545 465 3601 per
488 3531 653 3602 pedes
681 3530 925 3586 doctrina
969 3532 1162 3603 capitis
1189 3533 1426 3587 auditur.
1492 3532 1647 3588 Unde
1677 3534 1791 3603 ipse
1831 3532 1952 3587 ait:
2046 3524 2237 3591 Israel,
2277 3541 2345 3580 ex
2368 3528 2563 3598 quibus
2612 3530 2863 3585 omnibus
2893 3531 3178 3587 innumera
3234 3531 3527 3609 multitudo
3578 3532 3630 3595 in

368 3639 388 3672 ι
426 3618 525 3687 Qui
558 3636 653 3677 vos
674 3622 845 3688 audit,
874 3638 961 3678 me
989 3624 1139 3678 audit
1164 3623 1318 3694 (Luc.
1351 3623 1429 3698 x).
1462 3643 1480 3676 ι
1515 3624 1583 3679 Et
1615 3623 1818 3679 Paulus
1835 3622 1958 3678 ela-
2045 3615 2324 3672 Christum
2372 3617 2658 3673 Dominum
2691 3621 2938 3676 credidit.
2974 3620 3128 3676 Unde
3155 3629 3211 3676 et
3233 3620 3401 3679 Iacob
3428 3622 3631 3677 duode-

362 3720 476 3767 mat
507 3733 520 3767 ;
555 3731 575 3765 ι
612 3713 694 3768 An
722 3715 1152 3784 experimentum
1176 3716 1419 3786 quan-itis
1447 3714 1582 3784 eius,
1635 3714 1727 3784 qui
1756 3716 1811 3772 in
1861 3728 1953 3771 me
2050 3714 2155 3759 clm
2184 3705 2464 3773 tribubus,
2490 3723 2610 3777 quae
2631 3718 2789 3765 erant
2810 3711 2862 3765 in
2889 3711 3244 3781 dispersione,
3276 3712 3470 3767 scribit
3511 3712 3635 3784 Epi-

358 3803 603 3875 loquitur
620 3804 905 3860 Christus?
934 3825 954 3858 ο
990 3804 1076 3877 (II
1101 3805 1224 3861 Cor.
1249 3805 1393 3875 xm.)
1419 3805 1500 3862 Ab
1528 3805 1619 3861 illo
1645 3806 1810 3877 igitur
1829 3819 1950 3860 om-
2052 3797 2263 3853 stolam.
2314 3796 2652 3872 Pulcbrcque
2672 3802 2946 3873 principes
2969 3804 3148 3874 populi
3175 3805 3347 3874 prius,
3371 3814 3429 3863 et
3441 3798 3637 3860 deinde

360 3909 459 3949 nes
489 3895 772 3960 docemur,
823 3896 987 3950 etiam
1016 3912 1114 3966 per
1165 3913 1262 3952 ora
1291 3906 1600 3954 sauciorum
1630 3894 1951 3966 pmdicmm
2051 3888 2224 3943 tribus
2243 3890 3196 3964 congregandzeprophctantur,quia
3211 3894 3631 3965 videlicetprimi

361 3997 504 4049 rum,
554 3984 710 4056 cujus
749 3999 912 4039 manu
939 3984 1180 4041 Ecclesia
1221 3988 1428 4060 regitur
1471 3989 1711 4043 omnium
1746 3988 1950 4044 electo—
2048 3980 2274 4049 προδιοιί
2295 3980 2363 4036 ad
2388 3980 2548 4036 ﬁdem
2573 3985 2750 4038 νοωιί
2785 3994 2931 4050 sunt,
2965 3994 3021 4040 et
3048 3994 3237 4057 postea
3264 4002 3365 4057 per
3385 4002 3484 4042 eos
3504 3987 3628 4042 uni-

360 4090 501 4129 rum.
557 4075 654 4131 Vel
706 4082 875 4141 certe,
928 4078 1049 4149 qui.
1082 4080 1516 4149 appropinquant
1567 4080 1794 4150 pedibus
1829 4081 1947 4151 ejus

2050 4085 2219 4125 versae
2263 4072 2435 4127 tribus
2478 4073 2741 4132 collectae.
2776 4076 2936 4143 Quod
2981 4086 3041 4132 ut
3067 4094 3231 4149 supra
3252 4079 3514 4146 diximus,
3562 4093 3628 4137 ex

357 4164 629 4235 accipient
685 4166 989 4221 doctrinam
1038 4166 1202 4233 illius,
1249 4169 1373 4238 quia
1429 4168 1534 4224 illis
1584 4185 1696 4240 pra:
1736 4171 1946 4227 ceteris
2045 4168 2199 4231 Pam
2236 4161 2291 4216 ίη
2336 4162 2514 4233 Primo
2562 4163 2859 4222 εθινδιυνίε
2901 4169 3137 4224 adven"!
3185 4170 3469 4240 impletum
3523 4181 3624 4228 θει-

356 4258 597 4314 scientite
618 4258 823 4314 Christi
848 4275 1047 4315 arcana
1080 4260 1409 4326 revelantur,
1441 4260 1774 4331 quispiritali
1800 4262 1946 4317 desi-

359 4347 508 4402 derio
529 4346 834 4418 ﬂagrantes,
865 4349 918 4403 in
940 4350 1265 4422 evangelicis
1286 4358 1447 4420 atque
1470 4350 1781 4422 apostolicis
1808 4352 1945 4407 scri-

358 4439 467 4509 ptis
493 4438 582 4495 die
609 4448 878 4510 noctuque
905 4441 1258 4496 meditantur.
1314 4440 1548 4508 Verum,
1584 4442 1710 4514 quia
1746 4443 1941 4499 hmcde

358 4527 476 4598 lege
503 4531 813 4602 evangelica
839 4533 983 4588 dicta
1027 4540 1171 4597 sunt,
1204 4541 1502 4602 sequuntur
1524 4534 1598 4598 hi,
1621 4550 1684 4589 ex
1705 4548 1939 4602 quorum

358 4631 492 4672 voce
531 4617 742 4690 Moyses
785 4619 1050 4690 loquitur,
1092 4620 1159 4675 de
1205 4620 1320 4691 lege
1351 4622 1602 4687 Mosaica,
1630 4631 1683 4675 ct
1708 4623 1935 4677 dicunt:

365 4728 386 4762 ι
420 4709 616 4781 Legem
642 4715 899 4783 praecepit
922 4714 1077 4769 nobis
1103 4712 1336 4784 Moyses,
1362 4714 1733 4768 luereditatem
1761 4713 1941 4768 multi-

362 4802 561 4858 tudinis
583 4802 768 4860 Jacob.
804 4825 823 4858 ι
858 4805 983 4862 Ηεεο
1011 4807 1156 4861 enim
1185 4806 1285 4860 fuit
1316 4816 1427 4861 tota
1458 4806 1594 4876 legis
1624 4804 1851 4871 utilitas,
1881 4816 1942 4862 ut

352 4892 571 4966 juberet
592 4891 737 4961 juste
767 4895 967 4963 vivere,
1000 4897 1321 4967 injustitiam
1352 4897 1648 4962 declinare,
1686 4905 1741 4951 et
1769 4899 1937 4953 hatre-

358 4985 584 5040 ditatem
634 4986 824 5041 semini
863 4989 1095 5046 Abrahae
1126 4991 1532 5061 repromissam,
1569 4990 1799 5045 fideliter
1848 5007 1941 5046 ex-

359 5083 636 5145 spectare;
670 5075 1014 5147 sedjubendo
1042 5095 1148 5134 non
1171 5081 1334 5135 etiam
1372 5079 1689 5149 adiuvando,
1734 5096 1939 5152 nequa-

358 5182 519 5238 quam
554 5184 584 5222 a
612 5168 850 5238 peccatis
881 5168 1227 5237 justiﬁcavit;
1267 5172 1361 5227 sed
1410 5182 1726 5242 peccatores
1775 5174 1938 5227 etiam

358 5264 805 5333 praevaricatores
830 5262 977 5319 fecit.
1013 5264 1166 5321 Unde
1198 5265 1490 5336 Apostolus
1518 5267 1630 5321 ait:
1672 5286 1691 5318 ι
1719 5266 1822 5323 Ubi
1849 5285 1942 5323 au-

362 5361 469 5408 tem
522 5371 628 5412 non
661 5364 745 5411 est
796 5355 902 5420 lex,
937 5371 1036 5411 nec
1088 5357 1499 5426 prazvaricatio;
1534 5376 1552 5409 ι
1596 5366 1652 5412 et
1685 5358 1881 5413 iterum
1917 5378 1929 5415 :

365 5464 385 5496 ι
421 5446 532 5501 Lex
572 5456 756 5504 autem
806 5448 1170 5513 subintravit,
1222 5454 1283 5501 ut
1329 5447 1631 5502 abundaret
1676 5447 1936 5503 delictum

361 5536 536 5604 (Rom.
565 5540 660 5611 iv).
709 5561 728 5595 ι
778 5540 1039 5597 Videlicet
1081 5548 1139 5596 ut
1170 5541 1586 5612 agnoscentibus
1631 5541 1938 5597 hominibus

363 5628 729 5688 inﬁrmitatem
778 5650 951 5700 suam,
1000 5642 1056 5689 et
1079 5635 1148 5690 ob
1186 5636 1287 5691 hoc
1316 5635 1629 5691 mediatoris
1674 5634 1935 5689 auxilium

364 5719 640 5778 ardentius
653 5724 1102 5796 desiderantibus,
1117 5730 1362 5787 veniente
1375 5729 1590 5786 Christo
1611 5730 1938 5793 superabun-

1966 4493 2017 4552 D

2045 4255 2291 4313 Perfecto
2333 4267 2514 4316 autem
2554 4259 2882 4332 lmplehitur,
2939 4280 3067 4319 cum
3104 4263 3261 4333 juxta
3299 4268 3621 4337 apostolum,
3666 4324 3677 4331 ,

2049 4365 2069 4398 ι
2102 4347 2441 4403 subintrantc
2460 4350 2698 4418 gentium
2723 4352 3075 4421 plenitudine,
3107 4355 3282 4410 omnis
3311 4355 3478 4411 Israel
3520 4357 3624 4413 sal—

2042 4454 2141 4494 vus
2170 4439 2261 4495 flet
2282 4439 2459 4512 (Rom.
2484 4447 2592 4517 XI).
2624 4464 2642 4496 ι
2700 4442 2901 4501 Verum
2953 4447 3078 4516 quia
3115 4455 3271 4517 pater
3293 4448 3657 4531 Augustinus

2043 4530 2109 4585 de
2134 4531 2235 4585 hac
2252 4530 2442 4585 eadem
2468 4533 2842 4590 benedictione
2863 4534 2917 4589 in
2947 4534 3086 4591 libro
3113 4538 3474 4606 quaestionum
3486 4538 3623 4595 Deuo

2043 4622 2350 4688 teronomii,
2386 4621 2531 4678 unde
2551 4623 2721 4678 multa
2738 4640 2900 4696 supra
2933 4627 3230 4697 posuimus,
3268 4628 3448 4699 aliqua
3502 4645 3622 4700 pro-

2042 4712 2187 4779 tulit,
2217 4713 2334 4768 haec
2356 4713 2412 4768 in
2460 4714 2564 4769 hoc
2591 4714 2717 4769 loco
2734 4717 2982 4784 ponenda
3010 4733 3131 4773 esse
3169 4721 3502 4776 censuimus.
3558 4721 3622 4774 Et

2043 4805 2170 4875 quia
2236 4804 2588 4875 Septuaginta
2641 4806 3000 4879 interpretum
3067 4808 3360 4865 editionem
3408 4818 3620 4864 secutus

2043 4902 2147 4959 est,
2175 4895 2245 4948 ita
2272 4896 2480 4967 incipit.
2524 4915 2542 4949 ι
2579 4898 2706 4955 Ilaec
2745 4909 2831 4955 est
2867 4899 3172 4955 benedictio
3215 4915 3325 4969 qua
3348 4900 3621 4955 benedixit

2044 5008 2063 5040 ‹
2113 4989 2323 5062 Moyses
2342 4993 2505 5047 horno
2529 4992 2623 5047 Dei
2651 4992 2791 5047 filios
2814 4990 3002 5056 Israel,
3022 4993 3339 5061 priusquam
3366 4991 3621 5062 defunge-

2048 5098 2066 5131 ι
2114 5090 2285 5136 retur.
2332 5081 2399 5141 Et
2421 5082 2598 5136 dixit:
2632 5082 2892 5136 Dominus
2915 5098 2982 5136 ex
3004 5080 3130 5136 Sina
3165 5081 3331 5140 venit.
3365 5089 3423 5134 et
3450 5081 3622 5135 illuxit

2047 5190 2066 5222 ι
2110 5186 2178 5226 ex
2229 5169 2563 5235 Seirnobis;
2612 5170 2889 5226 festinavit
2932 5186 2997 5225 ex
3039 5178 3222 5225 monte
3256 5168 3472 5224 Pharan
3502 5185 3621 5225 cum

2047 5279 2066 5313 ι
2112 5262 2295 5317 multis
2345 5262 2582 5318 millibus
2616 5262 2811 5318 Cades.
2861 5262 2946 5318 Ad
2986 5263 3267 5319 dexteram
3295 5261 3413 5330 ejus
3448 5261 3619 5332 angeli

2046 5369 2067 5404 ι
2112 5369 2233 5408 cum
2264 5369 2351 5419 eo,
2382 5362 2439 5409 et
2463 5355 2706 5424 pepercit
2737 5354 2934 5425 populo
2961 5369 3088 5421 suo;
3126 5362 3180 5408 et
3204 5369 3394 5408 omnes
3421 5354 3623 5409 sancti-

2049 5463 2069 5496 ι
2114 5445 2286 5499 ﬁcasti
2307 5446 2408 5500 sub
2437 5461 2629 5502 manus
2658 5453 2794 5510 tuas,
2820 5454 2875 5500 et
2909 5445 2963 5501 hi
2990 5445 3091 5500 sub
3128 5451 3181 5499 te
3203 5454 3363 5509 sunt;
3392 5453 3450 5499 et
3472 5460 3621 5499 acccc

2048 5558 2069 5590 ε
2109 5540 2187 5609 pit
2214 5539 2280 5594 de
2303 5540 2481 5594 verbis
2526 5539 2695 5610 ipsius
2722 5539 2913 5609 legem,
2966 5553 3129 5607 quam
3152 5536 3429 5608 mandavit
3470 5536 3621 5591 nobis

2049 5649 2068 5682 ι
2112 5630 2323 5701 Moyses
2367 5630 2733 5686 hiereditatem
2756 5626 3265 5700 congregationibus
3298 5623 3468 5680 Iacob
3499 5642 3515 5688 ;
3568 5631 3619 5678 ct

2050 5743 2068 5776 ι
2111 5722 2214 5778 crit
2269 5720 2321 5777 in
2372 5724 2568 5781 dilecto
2615 5723 2868 5791 [uince-ps
2912 5718 3252 5791 congregatis
3290 5716 3619 5790 principibus
