3964 6192
371 323 478 382 εις)

1112 326 1508 383 ΕΝΛΒΒᾹΤΙΟ
1547 328 1772 385 SUPER
1810 328 2429 389 υΕυΤΕιιοΝυΜιυιι.
2472 366 2541 376 —
2575 337 2704 391 LIB.
2746 340 2833 396 IV.

3515 350 3620 404 990

376 463 395 492 ι
444 440 783 513 populorum,
812 439 971 494 Simul
1002 439 1172 494 tribus
1193 439 1375 495 Israel.
1422 460 1441 492 ›
1482 439 1598 494 Non
1625 440 1941 513 negligenda
1970 442 2022 502 Α
2045 443 2285 510 gentium
2334 445 2492 500 simul
2545 464 2669 503 cum
2708 451 2953 507 tribubus
2990 453 3174 521 Israel,
3220 466 3280 513 ut
3330 460 3647 530 impleatur,

370 541 458 593 est
496 532 599 586 ista
629 531 928 601 prophetia.
991 530 1229 601 Apparet
1270 533 1465 602 quippe
1494 532 1595 586 ista
1645 532 1951 587 benedictio

370 623 443 677 ad
471 637 667 677 novum
690 620 942 691 populum
965 618 1259 689 pertinere,
1297 639 1456 692 quem
1497 622 1758 677 Dominus
1792 623 1951 678 Chri-

372 723 491 769 stus
517 712 893 784 sanctiﬁcavit,
924 729 989 768 ex
1015 713 1166 779 cujus
1206 729 1436 784 persona
1490 715 1593 769 ista
1649 715 1900 769 dicuntur
1919 731 1949 769 a

375 776 697 877 Moyse,'uon
725 818 790 857 ex
805 818 1034 875 persona
1063 776 1232 872 ipsius
1259 804 1446 874 Moysi,
1471 804 1612 873 quod
1644 805 1696 857 in
1722 819 1951 872 sequen-

377 894 522 948 tibus
550 893 830 950 evidenter
873 902 1114 964 apparet.
1168 892 1303 947 Nam
1341 893 1386 946 si
1435 900 1718 962 propterea
1744 892 1949 946 dielum

374 991 479 1051 est,
517 1002 534 1035 ι
573 983 831 1037 Dominus
864 998 931 1037 ex
958 981 1087 1036 Sina
1110 983 1284 1048 venit,
1317 1003 1335 1035 ι
1367 983 1490 1055 quia
1529 983 1583 1036 in
1615 991 1795 1037 monte
1820 982 1949 1037 Sina

375 1074 459 1128 lex
492 1075 615 1129 data
640 1080 741 1137 est,
770 1073 895 1141 quid
927 1071 1025 1125 sibi
1049 1072 1182 1135 vult,
1215 1073 1356 1141 quod
1395 1073 1675 1143 sequitur:
1734 1091 1752 1123 ι
1785 1072 1852 1126 Ει
1876 1073 1951 1126 al-

375 1164 513 1223 lusit
535 1179 599 1221 ex
622 1163 743 1218 Seir
768 1163 938 1226 nobis,
970 1181 989 1214 ι
1016 1177 1136 1216 cum
1163 1160 1284 1219 Seir
1313 1176 1467 1215 mons
1488 1162 1731 1217 Idumiea:
1752 1162 1843 1226 sit,
1858 1161 1949 1217 ubi

375 1256 620 1326 regnavit
650 1253 825 1310 Esau?
852 1253 1053 1307 Deinde
1077 1252 1286 1322 Moyses
1308 1253 1448 1307 ﬁlios
1475 1253 1637 1306 Israel
1670 1252 1950 1307 benedicat

372 1347 461 1401 his
487 1345 687 1409 verbis,
719 1344 858 1399 sicut
897 1344 1175 1416 Scriptura
1197 1344 1464 1413 prmdixit,
1513 1345 1783 1413 quomodo
1809 1343 1948 1398 idem

373 1435 526 1493 dicit.
585 1452 604 1484 ι
638 1434 705 1487 Εῑ
755 1434 964 1503 accepit
1006 1435 1071 1487 de
1102 1433 1282 1487 verbis
1333 1433 1501 1505 ipsius
1548 1432 1740 1504 legem,
1787 1448 1947 1502 quam

372 1523 648 1581 mandavit
674 1522 828 1578 nobis
860 1520 1083 1591 Moyses.
1122 1540 1141 1573 ι
1195 1520 1459 1575 Nimirum
1496 1536 1624 1591 ergo
1667 1522 1948 1594 prophetia

373 1623 479 1681 est,
512 1622 571 1669 ut
594 1613 845 1677 diximus,
871 1612 1127 1685 populum
1167 1628 1361 1669 novum
1386 1612 1585 1669 Christi
1622 1615 1793 1685 gratia
1827 1629 1950 1669 san-

373 1704 671 1760 ctiﬁcatum
704 1703 1092 1773 praenuntians,
1149 1703 1269 1758 ideo
1302 1705 1401 1759 sub
1455 1704 1672 1759 nomine
1716 1704 1948 1758 ﬁliorum

2048 533 2192 603 quod
2227 551 2389 605 supra
2421 538 2620 593 dictum
2651 548 2735 595 est
2772 530 2844 594 :‘c
2881 542 3182 610 Lmtamini,
3211 558 3417 616 gentes,
3462 553 3622 607 simul

2048 637 2171 677 οιιιιι
2214 626 2410 694 populo
2438 626 2572 694 ejus.
2615 650 2632 679 ι
2679 628 2816 695 Quia
2852 630 3066 685 cmcitas
3090 647 3156 685 ex
3194 642 3345 700 parte
3372 637 3426 690 in
3456 638 3618 695 Israel

2048 712 2187 769 facta
2228 724 2331 780 est,
2364 716 2534 771 donec
2579 717 2849 787 plenitudo
2893 720 3133 788 gentium
3172 721 3424 783 intraret,
3461 735 3517 780 et
3544 730 3619 782 sic

2050 805 2227 859 omnis
2272 805 2437 859 Israel
2483 806 2665 861 salvus
2712 806 2906 861 ﬁeret:
2945 827 2963 858 ι
2997 808 3154 862 Vivat
3187 810 3373 864 Ruben
3417 821 3475 867 et
3514 830 3618 868 non

2048 894 2332 959 moriatur,
2382 902 2436 949 et
2482 895 2553 949 sit
2584 911 2785 965 parvus
2823 897 2874 949 in
2916 911 3160 952 numero.
3225 918 3242 950 ι
3293 899 3636 957 Praecedentr

2048 996 2297 1037 sermone
2324 984 2553 1038 salutem
2573 985 2857 1054 primitivaz
2884 986 3155 1051 Ecclesias,
3186 1004 3305 1057 qua:
3332 1004 3396 1043 ex
3420 987 3622 1045 Iudaeis

2052 1072 2224 1129 electa
2255 1083 2353 1137 est,
2394 1076 2700 1145 specialiter
2738 1076 3186 1146 prophelaverat;
3221 1093 3362 1132 nunc
3400 1079 3624 1149 singulis

2050 1164 2298 1219 tribubus
2351 1166 2601 1235 proprias
2660 1166 3061 1221 benedictiones
3110 1167 3394 1234 tribuens,
3462 1186 3628 1228 veros

2049 1249 2321 1305 Israelitas
2368 1267 2433 1306 ex
2482 1260 2712 1321 utroque
2741 1252 2936 1321 popqu
2966 1254 3209 1323 designat
3247 1273 3259 1306 :
3292 1263 3347 1309 et
3387 1271 3531 1312 nunc
3558 1263 3624 1313 de

2049 1339 2285 1406 Christo,
2314 1356 2456 1396 nunc
2483 1342 2549 1396 de
2572 1341 2847 1410 apostolis,
2881 1357 3025 1396 nunc
3049 1343 3114 1396 de
3134 1344 3406 1411 primitiva
3436 1346 3625 1401 Eccle-

2049 1431 2127 1485 sia
2156 1446 2223 1485 ex
2253 1430 2470 1496 Iudaeis,
2499 1446 2642 1486 nunc
2670 1432 2995 1503 generaliter
3024 1433 3090 1486 de
3112 1444 3303 1488 cuncta
3332 1437 3489 1490 simul
3518 1437 3624 1491 Ec-

2048 1520 2212 1574 clesia
2261 1520 2601 1575 vaticinatur.
2649 1520 2802 1587 Quod
2846 1529 3026 1576 autem
3065 1522 3288 1591 populus
3329 1525 3623 1581 electorum

2049 1624 2118 1664 ex
2147 1611 2427 1665 duodecim
2458 1610 2791 1680 spiritalibus
2831 1619 3040 1666 constet
3080 1612 3345 1677 tribubus,
3389 1613 3623 1669 Joannes

2051 1699 2277 1755 dilectus
2323 1700 2532 1755 Domini
2579 1701 2631 1755 in
2678 1700 2905 1771 mystica
2948 1700 3268 1771 Apocalypsi
3318 1702 3618 1758 describit:

372 1794 565 1859 Israel,
591 1795 718 1863 quia
745 1808 929 1849 semen
968 1802 1053 1847 est
1072 1792 1366 1859 Abraham,
1412 1795 1515 1847 hoc
1547 1803 1650 1859 est,
1679 1794 1771 1848 ﬁlii
1826 1804 1951 1849 sunt
1978 1775 2024 1833 Β
2057 1807 2075 1839 ι
2110 1788 2285 1853 Vivat,
2325 1789 2515 1859 inquit,
2547 1789 2758 1853 Ruben,
2790 1799 2845 1844 et
2888 1804 2996 1844 non
3039 1791 3321 1844 moriatur.
3357 1810 3377 1842 ι
3426 1791 3617 1846 Ruben

370 1884 769 1954 promissionis,
800 1892 856 1939 et
893 1884 1265 1953 interpretatio
1283 1881 1400 1951 ejus
1418 1887 1521 1950 est,
1551 1885 1738 1939 videns
1758 1885 1946 1939 Deum.

370 1978 636 2032 Dominus
664 1993 810 2047 ergo,
851 1977 973 2048 quia
1009 1992 1072 2031 ex
1107 1977 1234 2031 Sina
1265 1980 1433 2044 venit,
1471 1978 1716 2034 Christus
1757 1976 1951 2034 intelli-

372 2072 584 2143 gendus
630 2079 715 2125 est
748 2111 763 2135 ,
809 2070 1062 2139 quoniam
1091 2068 1218 2123 Sina
1276 2070 1661 2141 interpretatur
1695 2073 1945 2128 tentatio.
1984 2084 1987 2085 '

376 2159 540 2214 Venit
572 2174 702 2229 ergo
742 2175 809 2213 ex
842 2158 1140 2213 tentatione
1174 2159 1461 2228 passionis,
1513 2161 1709 2226 crucis,
1741 2162 1947 2216 mortis.

376 2266 395 2297 ς
436 2247 504 2300 Et
545 2246 731 2300 alluxit
776 2262 841 2300 ex
884 2246 1022 2301 Seir.
1060 2268 1078 2298 ι
1125 2248 1247 2301 Scir
1289 2249 1674 2318 interpretatur
1722 2251 1948 2321 pilosus,

371 2335 516 2406 quod
548 2333 814 2403 signiﬁcat
842 2342 1196 2403 peccatorem.
1241 2334 1332 2390 Sic
1352 2338 1495 2391 enim
1523 2346 1680 2392 natus
1700 2348 1783 2393 est
1809 2339 1950 2393 Esau

371 2423 499 2476 odio
534 2422 770 2478 habitus.
834 2423 940 2479 Sed
984 2425 1261 2496 quoniam,
1293 2426 1383 2494 qui
1414 2426 1675 2480 sedebant
1724 2427 1776 2481 in
1806 2436 1952 2482 lene-

370 2512 486 2567 bris
514 2519 569 2564 et
592 2512 645 2567 iu
673 2512 860 2566 umbra
890 2513 1097 2578 mortis,
1124 2513 1212 2567 lux
1240 2522 1357 2568 orta
1387 2523 1471 2569 est
1491 2515 1594 2578 eis,
1616 2516 1737 2571 ideo
1763 2518 1951 2573 alluxit

373 2619 441 2657 ex
481 2602 620 2657 Seir.
679 2603 853 2658 Simul
883 2606 1044 2663 etlam
1079 2623 1184 2662 non
1216 2605 1447 2661 absurde
1481 2607 1794 2678 intelligitur
1829 2624 1950 2665 esse

373 2693 691 2766 praedictum
721 2707 787 2747 ex
810 2696 1082 2765 gentibus,
1099 2712 1218 2769 qum
1241 2696 1612 2767 signiﬁcantur
1635 2714 1731 2768 per
1753 2715 1949 2753 nomen

375 2779 520 2844 Seir,
544 2781 668 2849 quia
694 2796 848 2837 mons
859 2791 945 2836 est
958 2784 1235 2853 pertinens
1260 2785 1326 2837 ad
1355 2783 1514 2846 Esau,
1533 2792 1810 2837 venturam
1829 2801 1952 2853 gra-

372 2869 505 2922 tiam
549 2870 750 2923 Christi
785 2871 979 2941 populo
1020 2873 1202 2927 Israel.
1239 2872 1389 2928 Unde
1435 2873 1565 2927 dicit
1614 2872 1898 2943 Apostolus
1931 2892 1944 2929 :

382 2973 403 3007 ι
434 2956 511 3011 Ita
537 2967 591 3013 et
613 2959 667 3012 lii
699 2976 841 3015 nunc
863 2978 968 3017 non
996 2964 1342 3017 crediderunt
1369 2963 1420 3016 in
1439 2973 1614 3017 vestra
1642 2965 1949 3019 miscricor-

374 3046 488 3113 dia,
533 3057 681 3104 utet
728 3049 828 3120 ipsi
857 3052 1280 3108 misericordiam
1325 3062 1741 3123 consequantur.
1780 3074 1798 3106 ι
1843 3054 1947 3124 Ipsi

2053 1880 2441 1948 interpretatur
2469 1879 2691 1934 visionis
2722 1879 2895 1944 ﬁlius,
2935 1880 3146 1934 dicente
3172 1888 3379 1933 matre:
3414 1899 3433 1930 ι
3481 1880 3624 1935 Vidit

2052 1967 2192 2023 Deus
2234 1969 2590 2023 humilitatem
2628 1985 2825 2024 meam.
2862 1989 2883 2022 ι
2913 1970 2979 2023 Et
3005 1978 3089 2024 est
3115 1970 3503 2039 primogenitus
3529 1987 3623 2039 pa~

2053 2058 2302 2113 triarcha:
2329 2057 2515 2114 Iacob.
2566 2058 2845 2130 Signiﬁcat
2889 2061 3069 2128 itaque
3098 2060 3327 2114 electum
3367 2061 3619 2131 populum

2051 2163 2115 2203 ex
2143 2149 2362 2215 Iudaeis,
2384 2151 2472 2205 cui
2499 2150 2680 2204 divina
2706 2151 2983 2206 miseratio
3007 2151 3232 2206 contulit
3254 2160 3314 2205 ut
3334 2152 3426 2221 qui
3456 2152 3624 2207 Deum

2050 2238 2295 2306 negando
2334 2245 2387 2293 et
2418 2238 2778 2309 cruciﬁgendo
2817 2248 3032 2294 aeternae
3063 2241 3220 2294 morti
3260 2242 3497 2310 seipsum
3528 2241 3621 2294 ad-

2050 2328 2695 2403 dixerattcompunctus
2738 2332 2804 2386 ad
2839 2332 3276 2402 praedicationem
3317 2341 3623 2387 sanctorum

2051 2424 2440 2492 apostolorum,
2488 2425 2691 2479 erroris
2737 2424 2820 2479 sui
2869 2424 3242 2493 pcenitentiam
3288 2435 3471 2495 ageret
3517 2441 3530 2477 :
3569 2432 3625 2479 et

2049 2516 2275 2569 credens
2306 2516 2359 2569 in
2391 2515 2667 2570 Christum
2703 2530 2772 2569 ex
2814 2514 2918 2568 ﬁde
2955 2516 3179 2576 viveret,
3208 2516 3299 2583 qui
3352 2514 3467 2584 ipsa
3510 2513 3622 2583 jam

2050 2604 2363 2659 inﬁdelitate
2387 2612 2630 2659 mortuus
2649 2611 2788 2657 erat.
2825 2602 2977 2659 Unde
3003 2611 3056 2658 et
3076 2603 3297 2657 visionis
3319 2602 3459 2656 ﬁlius
3479 2610 3625 2656 recte

2051 2692 2271 2757 dicitur,
2303 2693 2426 2761 quia
2456 2700 2703 2762 respectu
2733 2692 3115 2747 misericordia:
3142 2691 3334 2746 divina:
3365 2691 3621 2745 salvator.

2051 2768 2126 2835 De
2171 2796 2278 2851 qua
2317 2781 2601 2836 Psalmista
2647 2790 2875 2836 exorat:
2914 2798 2933 2832 ι
2990 2780 3122 2835 Vide
3157 2780 3515 2835 humilitatem
3568 2788 3625 2834 et

2050 2869 2293 2924 laborem
2315 2885 2513 2929 meum,
2547 2878 2604 2924 et
2622 2870 2830 2925 dimitte
2850 2869 3027 2924 omnia
3056 2877 3274 2938 peccata
3298 2883 3417 2922 mea
3448 2866 3621 2938 (Psal.

2051 2963 2207 3032 x1111).
2238 2960 2305 3015 Et
2342 2960 2411 3014 ad
2438 2959 2724 3015 Ezechiam
2756 2961 3013 3015 Dominus
3045 2960 3282 3030 loquitur
3317 2962 3337 3014 :‘
3375 2977 3393 3010 ι
3431 2958 3623 3013 Audivi

2050 3053 2351 3108 orationem
2391 3061 2554 3115 tuam,
2593 3052 2703 3106 vidi
2750 3051 3020 3123 lacrymas
3061 3060 3201 3107 tuas.
3242 3071 3261 3103 ι
3303 3050 3401 3107 Hic
3443 3059 3623 3105 autem

370 3154 505 3210 ergo
537 3140 743 3205 dicunt,
815 3160 834 3192 ι
862 3142 1066 3198 Alluxit
1090 3161 1154 3199 ex
1199 3144 1320 3199 Seir
1347 3145 1524 3209 nobis,
1579 3153 1633 3199 et
1675 3144 1949 3200 festinavit
1975 3130 2020 3192 C
2050 3143 2296 3215 populus,
2324 3150 2581 3211 quantum
2607 3141 2672 3196 ad
2695 3142 3153 3211 comparationem
3178 3139 3471 3195 inﬁdelium
3495 3153 3637 3213 gen:

371 3244 444 3284 ex
476 3238 658 3285 mente
709 3229 946 3298 Pharan,
984 3252 1003 3285 ι
1062 3234 1116 3288 id
1145 3241 1247 3297 est,
1290 3248 1359 3289 ex
1388 3242 1570 3289 monte
1619 3233 1900 3290 fructilero
1932 3254 1946 3290 :

371 3320 427 3374 Id
458 3320 601 3375 enim
635 3322 1021 3390 interpretatur
1057 3322 1294 3389 Pharan,
1348 3324 1491 3393 quod
1537 3323 1808 3394 signiﬁcat
1849 3325 1953 3381 Eo-

371 3414 559 3469 clesia.
616 3414 750 3469 Cum
778 3415 961 3470 multis
1012 3415 1246 3471 millibus
1269 3415 1461 3471 Cades.
1522 3416 1590 3470 Et
1631 3426 1837 3471 mutata
1861 3418 1950 3472 in-

371 3514 704 3575 terpretatur
727 3506 899 3562 Cades
925 3516 979 3562 et
1024 3507 1349 3563 sanctitudo.
1430 3507 1630 3562 Mutata
1674 3516 1799 3563 sunt
1824 3523 1953 3578 ergo

372 3596 544 3651 multa
569 3597 732 3651 millia
763 3608 817 3653 et
843 3599 1175 3653 sanctiﬁcata
1200 3612 1297 3668 per
1325 3599 1573 3670 gratiam,
1606 3614 1727 3652 cum
1759 3600 1953 3668 quibus

374 3688 525 3743 venit
552 3688 800 3744 Christus
826 3690 893 3744 ad
918 3689 1188 3744 Israelitas
1226 3698 1415 3759 postea
1445 3689 1792 3760 colligendos.
1852 3688 1953 3745 Se-

372 3778 561 3858 quitur
584 3788 639 3833 et
663 3779 823 3834 dicit:
859 3798 878 3830 ι
900 3780 979 3834 Ad
1011 3781 1285 3834 dexteram
1301 3780 1417 3849 ejus
1447 3780 1619 3850 angeli
1648 3795 1770 3835 cum
1793 3796 1893 3836 eo:
1927 3800 1947 3834 ι

374 3872 478 3937 hoc
495 3886 598 3924 non
617 3871 820 3945 indiget
841 3872 1192 3942 expositione.
1230 3890 1248 3923 ι
1271 3872 1337 3926 Ει
1355 3873 1615 3941 pepercit,
1651 3873 1955 3942 inquit,po-

370 3962 500 4029 pulo
527 3977 645 4027 suo,
671 3983 690 4014 ι
724 3963 928 4022 donans
951 3962 1321 4023 remissionem
1349 3970 1710 4033 peccatorum.
1739 3962 1863 4018 Inde
1889 3964 1955 4017 ad

371 4040 550 4121 ipsum
575 4054 844 4109 convertit
869 4067 1198 4119 sermonem,
1216 4061 1272 4108 et
1298 4053 1373 4114 alt
1402 4070 1421 4104 ι
1452 4052 1519 4107 Ει
1545 4069 1734 4109 omnes
1757 4052 1956 4110 sancti-

374 4143 520 4196 Iicati
551 4144 651 4197 sub
676 4159 866 4198 manus
881 4151 1016 4205 tuas,
1039 4151 1094 4198 et
1121 4144 1175 4197 hi
1197 4143 1298 4197 sub
1326 4152 1377 4196 te
1391 4150 1538 4198 sunt.
1571 4162 1589 4196 ι
1631 4141 1745 4196 Non
1771 4142 1955 4212 utique

371 4233 749 4302 superbientes
775 4241 831 4288 et
859 4249 1011 4287 suam
1041 4232 1304 4304 justitiam
1334 4233 1575 4287 volentes
1601 4233 1952 4297 constituere,

373 4332 727 4395 agnoscentes
772 4324 1021 4395 gratiam,
1074 4331 1128 4378 et
1160 4322 1384 4391 justitiae
1432 4322 1523 4376 Dei
1573 4321 1949 4394 subjiciuntur.

378 4432 396 4463 ι
437 4413 503 4467 Et
534 4414 760 4482 accepit,
809 4414 1017 4483 inquit,
1057 4413 1123 4467 de
1152 4413 1332 4467 verbis
1375 4411 1491 4481 ejus
1529 4433 1545 4464 ι
1581 4425 1596 4464 :
1627 4412 1832 4480 accepit
1878 4411 1953 4466 le-

372 4519 495 4574 gem
529 4517 690 4575 quam
716 4503 1009 4566 mandavit,
1041 4502 1236 4572 inquit,
1268 4501 1422 4555 nobis
1466 4500 1694 4571 Moyses,
1740 4502 1844 4557 hoc
1869 4510 1953 4556 est

373 4597 602 4665 populus
634 4594 769 4663 ejus.
804 4596 879 4649 De
904 4593 1082 4647 verbis
1110 4589 1224 4659 ejus
1261 4590 1470 4658 accepit
1498 4590 1691 4660 legem,
1723 4590 1848 4659 quia
1883 4590 1950 4645 de

372 4686 620 4741 doctrina
640 4685 755 4753 ejus
780 4684 1157 4738 intellexerunt
1178 4681 1350 4750 legem
1378 4695 1572 4743 meam,
1596 4680 1767 4748 ipsam
1787 4694 1954 4749 quam

372 4776 651 4832 mandavit
695 4775 849 4830 nobis
888 4773 1116 4843 Moyses.
1151 4772 1268 4849 Ipse
1300 4785 1513 4839 quoque
1559 4769 1635 4822 ait
1682 4769 1735 4822 in
1782 4768 1974 4834 Evam,

371 4870 516 4941 gelio
549 4888 561 4922 :
607 4888 625 4919 c
648 4867 724 4922 "Si
754 4866 1045 4921 crederetis
1075 4863 1260 4937 Moysi,
1292 4861 1587 4917 crederetis
1614 4870 1670 4915 et
1695 4862 1855 4927 mihi;
1885 4862 1950 4916 de

374 4945 465 5015 me
511 4961 655 5014 enim
701 4958 787 5011 ille
821 4956 1038 5024 scripsit
1069 4955 1251 5026 (Ioan.
1286 4944 1339 5024 ἢ
1374 4974 1391 5006 ι
1425 4953 1539 5008 Νοιι
1569 4952 1712 5008 enim
1743 4953 1950 5027 accepit

375 5050 549 5121 legem
595 5047 684 5103 ille
726 5047 975 5117 populus,
1007 5060 1168 5114 quam
1207 5060 1311 5099 non
1344 5043 1633 5109 intellexit;
1683 5043 1778 5097 sed
1824 5052 1950 5097 tunc

374 5140 607 5209 accepit,
640 5140 855 5209 quando
891 5135 1194 5200 intellexit,
1245 5137 1311 5190 de
1359 5135 1538 5188 verbis
1581 5133 1716 5202 ejus,
1763 5149 1953 5210 carens

374 5227 639 5283 velamine
676 5226 864 5282 veteri.
907 5225 1215 5279 Conversus
1244 5223 1311 5278 ad
1342 5222 1649 5286 Dominum,
1684 5225 1826 5278 hanc
1872 5223 1953 5276 di-

375 5318 452 5371 cit
487 5316 855 5372 bzereditatem
887 5312 1323 5385 congregationis
1350 5311 1548 5374 Iacob,
1589 5329 1709 5381 qua:
1755 5311 1953 5365 intelli-

376 5407 548 5482 genda
563 5414 647 5461 est
668 5422 773 5460 non
804 5413 1040 5469 terrena,
1066 5404 1161 5460 sed
1183 5403 1454 5467 caelestis;
1488 5417 1591 5455 non
1620 5401 1949 5469 temporalis,

377 5499 472 5554 sed
502 5508 724 5553 (eterna.
761 5514 779 5546 ι
818 5495 885 5550 Et
912 5495 1039 5559 erit,
1078 5494 1272 5561 inquit,
1313 5493 1366 5547 in
1394 5492 1590 5547 dilecto
1618 5491 1885 5559 princeps.
1927 5509 1942 5541 I

378 5591 496 5660 Ipse
527 5590 712 5657 utique
751 5588 803 5641 in
836 5586 1029 5641 dilecto
1061 5583 1258 5653 populo
1281 5582 1385 5638 erit
1421 5581 1668 5650 princeps
1696 5579 1952 5634 Dominus

382 5678 556 5747 Iesus,
606 5675 945 5748 congregatis
986 5673 1321 5747 principibus
1357 5670 1693 5743 populorum,
1746 5668 1793 5722 id
1846 5679 1945 5733 est,

1978 4460 2029 4520 D

2051 3234 2120 3289 tis
2154 3249 2295 3298 suae,
2328 3233 2538 3288 exstitit
2573 3245 2773 3302 parvus
2795 3246 3037 3293 numero,
3073 3237 3284 3284 tantum
3314 3229 3418 3284 ﬁde
3450 3228 3623 3283 maxi-

2051 3335 2171 3379 mus
2208 3333 2263 3379 et
2295 3322 2562 3392 gloriosus
2602 3321 2721 3377 fuit.
2764 3322 2917 3388 Quod
2956 3321 3224 3392 Propheta
3265 3335 3374 3375 non
3403 3318 3627 3373 maledi-

2048 3415 2223 3470 centis
2250 3425 2396 3480 veto,
2419 3412 2513 3468 sed
2540 3409 2774 3466 futuram
2792 3412 2970 3482 populi
2996 3412 3138 3467 illius
3156 3410 3453 3467 caecitatem
3484 3423 3623 3478 prae-

2052 3506 2259 3567 videns,
2288 3520 2410 3558 cum
2429 3505 2698 3558 sententia
2723 3503 2886 3557 divini
2909 3503 3099 3572 judieii
3126 3500 3369 3571 praedicit
3400 3513 3415 3553 :
3449 3517 3468 3549 ι
3500 3497 3623 3554 Ilaec

2052 3604 2135 3651 est
2162 3592 2312 3649 Iuda:
2340 3593 2665 3648 benedictio.
2694 3591 2854 3655 Audi,
2888 3591 3135 3653 Domine,
3165 3603 3351 3642 vocem
3375 3584 3546 3650 Iudae,
3567 3594 3623 3639 et

2053 3686 2119 3746 ad
2163 3683 2415 3754 pupulum
2442 3697 2596 3736 suum
2626 3680 2871 3735 introduc
2907 3693 3050 3733 eum.
3089 3698 3107 3730 ι
3138 3677 3243 3732 Per
3281 3675 3493 3740 Iudam,
3531 3675 3625 3744 qui

2053 3774 2439 3843 interpretatur
2464 3769 2752 3837 confessio,
2777 3768 3096 3825 universalis
3116 3766 3356 3823 Ecclesia
3381 3763 3628 3834 designa-

2054 3874 2163 3931 tur,
2195 3864 2246 3918 iu
2294 3876 2400 3933 qua
2430 3876 2573 3916 vera:
2618 3861 2740 3916 ﬁdei
2776 3870 2832 3917 et
2859 3859 3032 3915 laudis
3078 3858 3173 3914 Dei
3222 3853 3489 3913 confessio
3518 3862 3623 3909 est.

2051 3954 2332 4012 Confessio
2376 3952 2520 4007 enim
2548 3951 2638 4005 hic
2666 3966 2766 4021 pro
2807 3950 2965 4006 laude
3002 3959 3057 4005 et
3085 3948 3380 4021 gratiarum
3412 3945 3627 4000 actione

2053 4048 2334 4117 accipitur,
2374 4045 2585 4101 dicente
2621 4054 2832 4099 lintre:
2865 4062 2883 4094 ι
2923 4043 3078 4097 Modo
3115 4039 3413 4098 conﬁtebor
3447 4037 3625 4092 Domi-

2053 4154 2141 4193 no.
2178 4157 2196 4189 ι
2221 4135 2312 4189 Illa
2340 4149 2469 4206 ergo
2495 4143 2577 4189 est
2598 4150 2724 4189 vera
2752 4133 2950 4188 Christi
2971 4145 3163 4201 sponsa
3190 4142 3311 4198 qua:
3326 4127 3391 4180 de
3412 4123 3624 4179 cunctis

2052 4228 2342 4284 virtutibus
2370 4227 2565 4297 quibus
2586 4226 2881 4280 adornatur
2906 4224 2960 4277 in
2990 4220 3271 4282 omnibus,
3304 4232 3410 4271 non
3443 4229 3501 4270 se
3530 4228 3628 4268 ex-

2052 4318 2213 4381 tollit,
2251 4316 2346 4372 sed
2376 4329 2572 4385 sponso
2597 4329 2695 4369 suo
2719 4312 2906 4367 Iaudes
2935 4318 2989 4366 et
3013 4309 3216 4380 gratias
3244 4306 3371 4377 agit.
3394 4304 3500 4358 Pro
3523 4303 3627 4358 hac

2053 4406 2320 4475 Propheta
2350 4414 2538 4457 exorat
2564 4411 2622 4457 ut
2653 4418 2755 4457 vox
2785 4401 2909 4456 ﬁdei
2935 4407 2989 4453 et
3014 4397 3188 4453 sancti
3223 4393 3478 4450 desiderii
3508 4391 3627 4461 ejus

2055 4512 2086 4551 a
2116 4494 2342 4549 Domino
2371 4493 2721 4554 exaudiatur;
2756 4492 2822 4546 de
2838 4504 2944 4560 qua
2976 4487 3103 4543 alibi
3130 4487 3317 4541 eadem
3338 4482 3579 4552 loquitur
3605 4496 3621 4534 :

2058 4605 2077 4638 ι
2123 4585 2268 4641 Voce
2307 4600 2427 4639 mea
2466 4583 2535 4637 ad
2579 4581 2862 4637 Dominum
2891 4577 3119 4634 clamavi
3147 4585 3199 4632 et
3226 4573 3502 4630 exaudivit
3538 4585 3627 4626 me

2054 4676 2120 4732 de
2149 4683 2328 4729 monte
2364 4683 2552 4730 saneto
2598 4689 2695 4729 suo
2726 4671 2899 4746 (Psal.
2939 4673 3045 4741 ιιι).
3084 4688 3105 4723 ι
3135 4669 3202 4723 Et
3226 4675 3286 4722 ut
3310 4667 3377 4721 ad
3404 4674 3625 4735 aposto-

2052 4765 2163 4819 lum
2191 4779 2345 4819 suum
2370 4770 2404 4829 ,‘
2431 4763 2482 4818 id
2512 4772 2596 4819 est
2635 4763 2702 4817 ad
2730 4760 3095 4832 patriarchas,
3135 4767 3189 4812 et
3212 4756 3502 4827 prophetas
3528 4794 3541 4818 ,
3568 4760 3627 4807 et

2053 4854 2324 4925 apostolos
2349 4893 2363 4918 ,
2394 4868 2491 4924 per
2525 4868 2660 4922 quos
2694 4853 2747 4906 in
2777 4850 2992 4905 Christo
3021 4848 3198 4919 genita
3227 4852 3341 4908 est,
3373 4843 3623 4899 introdu-

2051 4950 2207 4996 catur
2234 4942 2288 4995 in
2313 4956 2535 5011 regnum
2563 4940 2800 5002 cmleste,
2834 4937 3050 5007 impleto
3078 4937 3181 4991 hoc
3206 4933 3349 5003 quod
3366 4933 3423 4986 in
3445 4930 3627 4983 Evan-

2052 5033 2189 5102 gelio
2211 5032 2526 5102 prmdictum
2553 5039 2636 5085 est
2668 5048 2681 5083 :
2715 5048 2735 5081 ι
2769 5028 3030 5096 Quoniam
3055 5026 3207 5080 multi
3233 5025 3300 5079 ab
3323 5022 3543 5078 Oriente
3565 5026 3624 5072 et

2053 5124 2120 5177 ab
2150 5121 2440 5178 Occidente
2467 5120 2703 5183 venient,
2735 5127 2789 5173 et
2817 5117 3131 5173 recumbeut
3170 5128 3292 5169 cum
3320 5108 3615 5170 Abraham,

2051 5212 2203 5268 Isaac
2229 5221 2283 5266 et
2308 5210 2475 5265 Iacob
2498 5210 2551 5264 in
2584 5225 2748 5279 regno
2785 5207 3043 5262 caelorum
3072 5202 3284 5274 (Matth.
3320 5194 3460 5265 vm).
3493 5210 3512 5244 ι
3545 5192 3620 5247 De

2052 5306 2156 5360 hac
2198 5302 2592 5357 introductione
2638 5298 2781 5354 ﬁdeli
2822 5312 2980 5354 servo
3026 5293 3225 5349 dicitur
3262 5305 3277 5341 :
3324 5303 3345 5336 ί
3392 5284 3537 5338 Intra
3565 5282 3620 5337 in

2053 5395 2305 5468 gaudium
2328 5393 2539 5448 Domini
2561 5392 2656 5446 tui.
2694 5410 2713 5443 ι

2129 5502 2148 5536 ι
2182 5483 2370 5538 Manus
2402 5480 2518 5550 ejus
2552 5479 2865 5551 pugnabunt
2895 5489 2993 5545 pro
3029 5487 3113 5535 eo,
3153 5477 3210 5524 et
3237 5466 3450 5535 adiutor
3478 5462 3622 5543 illius

2059 5595 2077 5629 ι
2122 5584 2311 5631 contra
2340 5573 2682 5629 adversarios
2709 5569 2825 5638 ejus
2846 5568 2966 5621 erit.
3004 5582 3023 5615 ι
3047 5562 3221 5631 Supra
3243 5558 3311 5613 ad
3333 5557 3619 5612 Dominum

2054 5685 2264 5739 precem
2308 5666 2554 5726 fuderat.
2601 5678 2744 5716 nunc
2778 5658 2876 5729 ipsi
2923 5653 3073 5710 Iuda:
3104 5650 3318 5707 Domini
3362 5647 3619 5705 auxilium
