3964 6192
362 318 456 374 aut

1004 312 1064 364 B.
1108 310 1361 365 RABAM
1401 309 1622 364 MAUltl
1660 306 1981 363 ARClllEP.
2023 302 2335 362 MOGUNT.
2376 298 2662 355 Oi’EllUM
2702 297 2883 354 PARS
2921 297 2960 352 I.

3517 296 3623 352 992

364 430 666 508 pollicetur.
727 423 842 480 Non
899 438 1029 495 ergo
1077 430 1371 494 praesumat
1417 420 1585 477 Judas
1626 420 1692 476 de
1737 419 1943 474 viribus
1971 429 2023 489 Α
2049 417 2287 508 arbitrio?
2304 416 2399 470 Dei
2440 415 2648 508 Patris,
2681 414 2939 508 quiﬂFil-io
2966 429 3065 468 suo
3092 429 3197 468 non
3213 415 3495 508 pepercit,
3533 418 3629 471 sed

364 520 496 583 suis,
534 533 602 572 ne
650 517 766 587 ipsa
811 515 1043 571 elatione
1085 515 1243 570 cadat
1292 530 1475 569 coram
1520 511 1755 567 inimicis
1804 508 1936 593 suis,

366 609 505 663 sicut
534 606 599 662 de
629 604 875 675 superbis
902 604 1160 674 scriptum
1189 612 1273 658 est
1306 618 1320 656 :
1360 622 1377 652 ι
1416 601 1632 672 Expulsi
1664 607 1808 664 sunt,
1842 614 1943 653 nec

365 705 659 769 potuerunt
685 703 829 750 stare
861 691 1032 764 (Psal.
1057 692 1255 765 xxxv);
1297 714 1315 744 ι
1348 694 1440 748 sed
1478 692 1530 745 in
1563 692 1942 758 illiussemper

369 789 567 843 virtute
594 785 828 841 conﬁdat
864 786 955 855 qui
984 785 1059 839 ait
1087 803 1101 837 :
1140 804 1158 836 ι
1194 784 1489 849 Conlidite,
1521 800 1618 854 ego
1650 783 1755 838 vici
1782 798 1941 837 mun-

370 881 497 936 dum
549 879 731 951 (Joan.
782 878 916 949 xvi).
949 897 967 930 ι
1004 876 1175 946 Ilujus
1226 877 1370 931 enim
1415 892 1606 932 manus
1642 891 1741 946 pro
1779 890 1845 930 eo
1889 873 1943 928 in

372 973 553 1027 crucis
586 970 825 1041 patibulo
849 981 1034 1025 contra
1063 969 1335 1040 spiritales
1366 970 1635 1038 nequitias
1675 983 1945 1039 pugnave-

371 1072 502 1118 runt
543 1071 601 1117 ut
646 1077 743 1130 per
788 1068 1015 1115 mortem
1058 1060 1361 1115 destrueret
1407 1074 1531 1114 eum
1577 1059 1668 1128 qui
1712 1059 1946 1114 habebat

376 1153 566 1208 mortis
607 1151 929 1221 imperium;
983 1158 1037 1204 et
1074 1158 1259 1206 contra
1296 1165 1486 1205 omnes
1514 1150 1852 1209 adversarios
1893 1158 1951 1204 et

375 1241 825 1311 persecutoresei
869 1240 1083 1310 adiutor
1126 1239 1331 1305 existit,
1366 1246 1425 1293 ut
1457 1238 1646 1307 adepta
1679 1238 1744 1291 de
1781 1236 1947 1291 hosti-

375 1332 476 1386 bus
516 1330 773 1394 victoria,
818 1330 1051 1384 exsultet
1087 1338 1141 1382 et
1181 1330 1327 1384 dicat
1358 1348 1371 1382 :
1400 1345 1417 1378 ι
1458 1330 1524 1383 Ει
1548 1344 1708 1398 super
1735 1327 1947 1384 excelsa

376 1434 496 1474 mea
536 1419 766 1474 deducet
795 1433 881 1475 me
907 1419 1080 1473 victor
1114 1419 1167 1473 in
1196 1419 1420 1488 psalmis
1446 1428 1725 1474 canentem
1761 1418 1946 1488 (Abac.

378 1507 484 1578 ιιι).
519 1527 537 1560 ι
573 1507 641 1560 Et
673 1505 819 1561 aliud
853 1524 866 1559 :
903 1525 921 1557 ι
955 1507 1199 1572 Domine,
1220 1516 1281 1562 ut
1302 1518 1456 1563 scuto
1480 1508 1634 1561 bona:
1658 1507 1951 1580 voluntatis

380 1606 484 1652 tua:
508 1597 777 1652 coronasti
810 1611 908 1653 nos
933 1594 1104 1664 (Psal.
1130 1596 1203 1667 v).
1246 1617 1264 1649 ι
1296 1597 1413 1667 Ipse
1445 1596 1588 1671 enim
1620 1595 1747 1650 vicit
1779 1596 1831 1649 in
1857 1611 1952 1650 no-

380 1688 484 1752 bis,
516 1695 570 1741 et
600 1702 698 1756 pro
722 1687 946 1741 victoria
977 1703 1071 1741 sua
1100 1703 1199 1741 nos
1222 1688 1276 1742 in
1308 1681 1680 1741 misericordia
1705 1693 1755 1738 et
1785 1685 1951 1739 mise-

2041 524 2139 578 pro
2169 507 2323 563 nobis
2342 505 2593 563 omnibus
2615 503 2836 559 tradidit
2863 504 3034 568 illum,
3067 504 3226 559 morti
3258 503 3627 575 adjudicatus,

2040 597 2344 669 passionem
2394 596 2573 650 crucis
2600 595 2833 663 exrcpit.
2868 594 3017 650 Unde
3065 601 3119 648 et
3166 594 3335 665 judici
3385 610 3491 649 suo
3520 595 3630 664 ipse

2002 760 2007 765 ο
2042 686 2295 742 dicebat:
2336 704 2353 735 ι
2401 684 2519 740 Non
2573 684 2803 739 haberes
2856 691 3178 753 potestatem
3223 685 3519 738 adversum
3550 699 3633 738 me

2041 775 2225 841 ullam,
2257 774 2361 830 nisi
2397 775 2492 831 tibi
2523 775 2648 829 data
2679 784 2824 830 esset
2849 776 3081 844 desuper
3109 774 3290 838 (Joan.
3326 774 3468 845 xix).
3515 796 3533 826 ι
3573 775 3639 830 F.t

2044 878 2172 924 nota
2217 869 2362 939 quod
2408 868 2500 938 qui
2532 867 2795 938 probatur
2839 876 2894 921 et
2937 867 3213 937 judicatur
3259 868 3343 921 vir
3382 868 3478 931 sit,
3512 867 3637 936 quia

2045 959 2305 1025 Dominus
2350 958 2647 1028 majestatis
2692 960 2809 1014 hate
2847 959 3031 1012 omnia
3068 958 3120 1011 in
3172 974 3300 1014 vera
3331 958 3641 1029 humilitate

2046 1048 2324 1114 sustinuit,
2358 1049 2456 1105 sed
2498 1047 2782 1103 divinitate
2813 1046 3162 1118 impassibilis
3193 1048 3395 1101 mansit
3444 1047 3639 1116 Sequi-

2049 1148 2137 1194 tur
2164 1139 2338 1193 adhuc
2361 1138 2426 1194 de
2454 1137 2786 1210 perfectione
2814 1138 2941 1192 Levi
2965 1138 3223 1208 spiritalis
3249 1158 3263 1192 :
3302 1158 3320 1189 ι
3359 1138 3464 1205 Qui
3490 1140 3643 1193 dixe-

2057 1248 2075 1281 ‹
2115 1236 2242 1284 runt
2271 1229 2407 1299 patri
2441 1244 2539 1284 suo
2569 1236 2623 1282 et
2651 1228 2809 1285 matri
2839 1244 2969 1293 sum,
3001 1227 3193 1283 Nescio
3220 1245 3346 1293 vos;
3372 1237 3427 1283 et
3462 1228 3643 1282 fratri-

2055 1337 2073 1369 ι
2110 1318 2211 1373 lius
2244 1318 2377 1384 suis,
2407 1316 2602 1388 Ignoro
2642 1317 2783 1382 illos,
2841 1327 2897 1372 et
2947 1319 3257 1372 nescierunt
3299 1318 3440 1373 ﬁlios
3467 1334 3639 1373 suos:

2057 1428 2075 1460 ι
2117 1410 2170 1463 1ιί
2200 1410 2574 1465 custodierunt
2613 1408 2887 1478 eloquium
2933 1417 3105 1474 tuum,
3137 1418 3192 1464 et
3221 1420 3440 1479 pactum
3492 1419 3641 1464 tuum

2058 1517 2076 1549 ι
2112 1508 2482 1555 servaverunt.
2510 1497 2719 1555 Iudicia
2750 1508 2861 1564 tua,
2897 1515 2931 1553 ο
2955 1497 3148 1567 Iacob,
3178 1508 3233 1554 et
3258 1499 3433 1571 legem
3468 1509 3641 1565 tuam,

2059 1607 2076 1638 ι
2115 1604 2148 1644 o
2186 1588 2371 1643 Israel.
2421 1609 2439 1641 ο
2488 1587 2611 1644 Ηεεε
2657 1588 2804 1643 enim
2853 1590 3037 1644 omnia
3074 1590 3250 1643 sancti
3306 1588 3543 1661 apostoli
3592 1598 3649 1644 et

2055 1687 2323 1749 martyres
2352 1687 2407 1733 et
2448 1677 2676 1749 perfecti
2716 1679 2920 1749 quique
2965 1678 3342 1749 impleverunt,
3385 1681 3478 1750 qui
3512 1680 3646 1736 nulli

382 1775 679 1831 rationibus
731 1782 973 1830 coronat.
1035 1794 1054 1827 ‹
1107 1775 1235 1831 Levi
1281 1791 1494 1846 quoque
1543 1776 1660 1830 ait:
1690 1773 1955 1830 Perfectio
1985 1774 2032 1835 Β
2058 1769 2310 1823 cedentes
2331 1766 2570 1833 effectui.
2598 1778 2785 1837 patres
2812 1778 2866 1823 ct
2896 1778 3121 1836 matres.
3160 1768 3357 1825 fratres
3392 1779 3449 1825 et
3477 1769 3644 1833 ﬁlios.

387 1883 405 1916 ι
442 1874 531 1918 tua
562 1872 616 1918 et
655 1864 897 1919 doctrina
925 1874 1014 1919 tua
1052 1865 1168 1919 viro
1197 1875 1385 1921 sancto
1410 1875 1521 1920 tuo.
1563 1886 1581 1918 ι
1614 1865 1791 1920 Choro
1827 1879 1957 1935 apo-

383 1952 593 2017 stolico,
624 1960 679 2007 et
712 1953 1086 2007 universorum
1121 1964 1417 2026 martyrum
1454 1955 1750 2020 exercitui,
1780 1954 1955 2008 omni-

383 2056 487 2110 que
518 2040 693 2095 ordini
724 2040 1088 2109 perfecturum
1112 2043 1215 2101 ista
1244 2044 1517 2109 dicuntur,
1547 2045 1638 2115 qui
1670 2044 1959 2114 perfectio-

382 2145 506 2185 nem
546 2130 830 2187 cbaritatis
867 2131 1160 2188 morientes
1188 2148 1286 2203 pro
1326 2133 1552 2190 Domino
1579 2134 1957 2204 impleverunt,

383 2229 436 2298 et
465 2221 910 2278 abrenuntiantes
935 2225 1187 2279 omnibus
1209 2225 1419 2281 culmen
1442 2226 1701 2282 doctrina:
1722 2244 1958 2298 evange-

383 2296 501 2365 lica:
530 2312 764 2366 assecuti
786 2319 944 2377 sunt,
979 2321 1235 2382 tanquam
1262 2314 1373 2368 veri
1403 2314 1602 2371 Levita:
1625 2332 1729 2370 non
1759 2296 1959 2372 haben-

385 2382 471 2455 tes
508 2411 718 2471 partem
761 2401 813 2456 in
853 2413 1019 2468 terra,
1065 2403 1157 2460 sed
1194 2419 1317 2460 cum
1365 2404 1632 2476 Propheta
1675 2406 1956 2463 dicentes:

392 2510 410 2542 ι
444 2491 704 2546 Dominus
750 2508 878 2562 pars
921 2494 1252 2550 haereditatis
1306 2482 1439 2552 mea:
1484 2494 1656 2566 (Psal.
1697 2499 1818 2567 xv);
1859 2518 1877 2551 ι
1907 2507 1963 2553 et

386 2581 515 2636 item
556 2598 570 2635 :
615 2598 635 2631 ι
671 2580 853 2636 Portio
890 2598 1033 2647 mea,
1077 2582 1321 2648 Domine,
1356 2585 1468 2640 dixi
1492 2588 1764 2641 custodire
1791 2589 1960 2659 legem

388 2679 535 2726 tuam
586 2670 784 2742 (Psul.
837 2671 1063 2743 cxvut).
1128 2693 1146 2727 ι
1213 2673 1362 2730 Hanc
1418 2692 1545 2732 vero
1592 2678 1962 2735 admirabilem

385 2762 771 2834 perfectionem
822 2763 953 2819 Levi
1011 2765 1079 2820 ab
1133 2765 1222 2821 illo
1271 2766 1461 2823 didicit
1512 2777 1567 2823 et
1611 2772 1820 2840 accepit
1873 2772 1964 2841 qui

387 2852 445 2907 in
475 2852 763 2924 Evangelio
786 2854 864 2908 ait
897 2873 909 2907 :
951 2873 968 2905 ι
1003 2854 1061 2909 Si
1087 2856 1208 2924 quis
1237 2856 1348 2912 vult
1376 2866 1496 2927 post
1526 2875 1611 2914 me
1637 2861 1845 2926 venire,
1870 2863 1963 2916 ab-

389 2947 554 3012 neget
582 2941 927 3013 semetipsum
952 2950 1008 2997 et
1042 2944 1192 2999 tollat
1232 2960 1447 3001 crucem
1477 2960 1651 3013 suam,
1682 2957 1739 3003 et
1765 2965 1965 3020 sequa-

390 3038 480 3086 tur
525 3046 613 3085 me
650 3030 804 3103 (Luc.
844 3033 943 3105 ιχ).
1001 3052 1021 3086 ι
1066 3034 1131 3089 Et
1167 3036 1360 3090 iterum
1406 3056 1418 3090 :
1470 3055 1490 3089 ι
1538 3037 1638 3105 Qui
1669 3040 1967 3110 perdiderit

2060 1859 2396 1929 propositum
2431 1874 2588 1917 suum
2617 1858 2874 1930 impedire
2905 1860 3184 1930 cupientes
3206 1861 3330 1931 quia
3362 1862 3551 1915 animo
3580 1860 3650 1915 ab

2060 1950 2139 2005 eis
2167 1948 2420 2018 disjuncti
2438 1959 2618 2016 erant,
2650 1951 2802 2020 quasi
2833 1949 3038 2006 alienos
3060 1958 3115 2006 et
3142 1960 3434 2007 extraneos
3456 1951 3650 2023 despe-

2063 2048 2295 2094 xerunt:
2330 2049 2493 2112 atque
2534 2040 2657 2095 ideo
2700 2055 2811 2115 prze
2847 2041 3060 2095 eunetis
3106 2039 3353 2094 ﬁdelibus
3393 2041 3651 2110 specialis

2061 2132 2278 2186 virtutis
2313 2132 2631 2203 privilegio,
2662 2129 2935 2201 eloquium
2972 2140 3027 2186 et
3057 2140 3273 2201 pactum
3300 2130 3508 2187 Christi
3536 2148 3653 2187 ser-

2063 2236 2217 2275 vasse
2245 2230 2298 2275 et
2311 2219 2514 2290 judicia
2545 2219 2826 2290 legemque
2858 2220 2971 2273 veri
3002 2218 3174 2274 Jacob
3202 2228 3256 2274 et
3285 2220 3452 2276 Israel
3475 2231 3653 2289 custo-

2060 2310 2225 2375 disse,
2253 2308 2557 2365 laudantur.
2584 2308 2819 2380 Populus
2833 2311 3029 2381 quippe
3053 2311 3255 2365 electus
3268 2312 3463 2366 merito
3484 2310 3649 2366 Iacob

2062 2410 2117 2455 et
2146 2399 2307 2455 Israel
2340 2400 2661 2473 appellatur,
2699 2400 2826 2468 quia
2850 2410 2905 2454 et
2936 2401 2990 2454 in
3025 2400 3129 2455 hoc
3168 2400 3365 2454 saeculo
3393 2401 3649 2471 supplan-

2066 2499 2298 2545 tatorum
2321 2491 2576 2545 vitiorum
2599 2500 2654 2545 et
2684 2490 2739 2545 in
2756 2489 2938 2547 futuro
2962 2491 3058 2546 Dei
3081 2492 3290 2546 visione
3316 2490 3647 2563 perfruetur.

2063 2578 2228 2651 Cujus
2263 2578 2467 2650 judicia
2497 2589 2552 2636 et
2580 2581 2664 2636 lex
2714 2570 3021 2652 specialiter
3050 2592 3321 2654 prati-epla
3356 2582 3562 2637 Christi
3599 2592 3654 2638 et

2065 2669 2308 2725 doctrina
2352 2671 2628 2743 Evangelii
2658 2680 2761 2728 est.
2816 2672 2908 2728 Ille
2937 2675 3079 2730 scire
3123 2674 3293 2729 Deum
3324 2674 3648 2729 familiarius

2064 2762 2286 2831 appetit,
2314 2763 2405 2832 qui
2427 2780 2541 2833 pra:
2571 2780 2757 2819 amore
2782 2764 3003 2835 pietatis
3028 2762 3144 2834 ejus
3173 2766 3383 2821 nescire
3420 2782 3480 2820 se
3507 2765 3651 2820 desi—

2066 2850 2220 2907 derat
2259 2866 2395 2921 quos
2442 2853 2733 2915 carnaliter
2782 2853 2958 2910 scivit.
3012 2854 3173 2910 Gravi
3222 2855 3423 2909 etenim
3460 2855 3653 2910 (tantum

2066 2941 2294 2996 scientia
2322 2943 2502 2998 divina
2531 2944 2825 3012 minuetur,
2868 2946 2913 3000 si
2944 2960 3069 3001 cum
3100 2945 3281 2999 carnis
3308 2945 3500 3000 notitia
3532 2961 3654 3016 par-
3689 2940 3703 2949 ’

2068 3032 2219 3088 titur.
2254 3033 2418 3089 Extra
2458 3043 2717 3107 cognatos
2756 3049 2886 3106 ergo
2920 3022 3150 3107 quisque
3176 3051 3240 3089 ac
3261 3035 3539 3105 proximos
3565 3035 3657 3090 de-

391 3120 625 3179 auimam
647 3136 799 3178 suam
830 3133 1051 3194 prapter
1086 3140 1191 3192 me,
1230 3125 1284 3182 in
1321 3127 1486 3187 vitam
1519 3138 1775 3185 aeternam
1810 3131 1963 3187 inve-
1993 3118 2037 3182 C
2067 3127 2159 3182 bet
2181 3124 2296 3179 ﬁeri
2320 3165 2335 3190 ,
2369 3125 2414 3180 si
2436 3125 2547 3180 vult
2579 3126 2785 3206 parenti
2814 3127 3056 3181 omnium
3080 3126 3262 3180 verius
3287 3126 3445 3197 jungi
3477 3145 3491 3178 :
3523 3141 3658 3196 qua-

391 3210 504 3265 niet
531 3226 650 3267 eam
681 3210 863 3281 (Joan.
893 3213 1012 3285 xu).
1044 3234 1063 3267 ι
1095 3215 1214 3285 Ipse
1241 3227 1325 3272 est
1347 3219 1490 3273 enim
1518 3220 1603 3274 vir
1629 3229 1852 3277 sanctus
1871 3224 1965 3292 qui

395 3299 514 3354 haec
550 3301 804 3359 universa
847 3301 978 3356 fecit
1014 3313 1070 3359 et
1114 3306 1315 3372 docuit,
1355 3308 1497 3365 sicut
1536 3308 1877 3382 Evangelista
1903 3314 1970 3368 de

397 3390 488 3445 illo
516 3390 621 3444 ait:
650 3409 670 3441 ι
691 3392 820 3459 Quae
843 3394 1178 3463 cmpitJesus
1197 3395 1374 3453 facere
1390 3407 1445 3453 et
1461 3401 1673 3457 docere.
1696 3422 1715 3454 ι
1743 3403 1894 3460 Unde
1916 3413 1972 3460 et

396 3482 483 3537 vir
509 3489 730 3538 sanctus
764 3482 934 3554 ipsius
961 3484 1086 3541 Levi
1120 3486 1348 3555 dicitur,
1375 3498 1434 3544 ut
1461 3500 1586 3561 pote
1619 3493 1878 3563 singulari
1917 3502 1972 3551 et

393 3573 591 3629 divitue
622 3575 893 3630 sanctitati
917 3592 984 3631 ex
1011 3578 1178 3633 nimio
1203 3593 1389 3635 amore
1418 3582 1727 3649 adhaaserit,
1752 3583 1971 3641 imitans

395 3664 546 3719 illum
593 3679 765 3735 usque
812 3666 880 3721 ad
928 3668 1240 3739 sanguinem
1281 3686 1381 3741 pro
1422 3672 1650 3727 veritate
1689 3675 1967 3730 certando.

398 3753 551 3813 Unde
580 3763 634 3810 et
663 3756 738 3811 de
783 3757 1033 3826 passione
1079 3757 1196 3827 ejus
1235 3775 1360 3814 mox
1405 3761 1694 3821 subditur:
1735 3781 1755 3815 ‹
1799 3763 1970 3831 Quem

400 3864 420 3898 ι
450 3847 688 3914 probasti
708 3848 761 3902 in
784 3850 1102 3916 tentatione,
1129 3860 1183 3905 et
1199 3850 1452 3919 iudicasti
1477 3856 1545 3910 ad
1565 3871 1731 3926 aquas
1756 3866 1972 3913 eontra-

404 3954 422 3986 ι
456 3937 724 3993 dictionis.
774 3958 794 3991 ι
843 3939 995 4007 Quod
1036 3942 1285 3998 videlicet
1333 3959 1430 4013 per
1479 3947 1861 4017 apostropham
1904 3949 1971 4003 ad

398 4024 614 4081 Patrem
641 4026 858 4085 dicitur.
889 4046 908 4080 ‹
941 4030 1200 4089 Teutalus
1227 4041 1309 4087 est
1330 4034 1472 4088 enim
1501 4035 1602 4090 iste
1621 4036 1706 4089 vir
1728 4045 1967 4101 sanctus,

399 4125 461 4170 ut
479 4114 770 4186 Apostolus
787 4118 892 4184 ait,
922 4133 1019 4188 per
1038 4120 1219 4174 omnia
1250 4122 1543 4176 secundum
1566 4122 1969 4180 similitudinem

394 4210 624 4273 excepto
651 4212 876 4274 peccato
904 4203 1090 4277 (Hebr.
1124 4204 1222 4276 iv).
1270 4225 1289 4258 ι
1326 4205 1430 4262 Sed
1460 4208 1750 4263 maximam
1791 4218 1970 4265 tenta—

397 4294 601 4350 tionem
632 4303 689 4350 et
722 4303 848 4351 tunc
877 4296 1119 4351 diabolus
1155 4296 1353 4362 intulit,
1394 4313 1516 4353 eum
1551 4299 1607 4353 in
1636 4296 1752 4367 ejus
1780 4315 1970 4357 necem

395 4385 703 4447 Iudaeorum
753 4388 962 4447 animas
999 4396 1147 4443 tanta
1184 4389 1543 4444 obstinatione
1584 4392 1863 4458 excitavit,
1910 4399 1971 4447 ut

392 4493 588 4535 omnes
615 4494 723 4533 una
757 4495 891 4536 voce
914 4481 1154 4536 dicerent
1178 4499 1189 4533 :
1223 4498 1242 4532 ι
1282 4480 1510 4551 Sanguis
1536 4480 1649 4549 ejus
1678 4498 1841 4553 super
1871 4498 1970 4538 nos

394 4575 453 4620 et
480 4582 641 4636 super
676 4568 814 4623 ﬁlios
850 4577 1064 4626 nostros
1092 4566 1305 4641 (Matth.
1330 4570 1519 4642 nvu).
1542 4591 1561 4623 ι
1590 4570 1970 4627 Consummata

394 4654 595 4724 quippe
621 4657 768 4712 omni
792 4658 1089 4713 tentatione
1117 4673 1277 4728 quam
1309 4667 1431 4728 post
1449 4658 1715 4726 jejunium
1738 4660 1972 4730 quadra-

394 4740 550 4813 ginta
609 4743 815 4799 dierum
867 4747 1125 4815 protulit,
1180 4746 1319 4802 sicut
1370 4746 1699 4818 evangelista
1757 4747 1967 4813 scribit,

402 4848 425 4881 ι
455 4830 703 4889 discessit
729 4835 798 4889 ab
827 4850 891 4890 eo
915 4835 1159 4892 diabolus
1183 4837 1250 4891 ad
1278 4845 1488 4908 tempus
1517 4835 1668 4908 (Luc.
1696 4836 1793 4907 ιν).
1835 4856 1854 4889 ι
1886 4837 1970 4892 ln-

398 4928 578 4977 stante
622 4930 803 4978 autem
846 4927 1117 4994 passione,
1156 4927 1405 4984 Christus
1449 4927 1704 4982 Dominus
1743 4936 1798 4983 et
1829 4928 1969 4985 illius

398 5011 770 5071 imminentem
813 5016 1188 5082 tentatiouem,
1239 5025 1293 5073 et
1331 5033 1482 5074 suam
1534 5017 1967 5087 probatissimam

394 5102 742 5161 dilectionem
764 5110 927 5173 atque
945 5105 1304 5160 obedientiam
1324 5122 1619 5176 exponens,
1635 5107 1738 5162 ait:
1760 5126 1778 5159 ι
1810 5108 1971 5163 Venit

394 5198 547 5257 enim
589 5195 842 5268 princeps
875 5196 1038 5266 hujus
1072 5198 1287 5264 mundi,
1335 5206 1392 5252 et
1432 5200 1487 5253 in
1534 5215 1622 5255 me
1668 5216 1775 5256 non
1808 5200 1971 5256 habet

396 5288 711 5359 quidquam.
739 5286 849 5345 Sed
877 5294 937 5342 ut
959 5296 1248 5357 cognoscat
1268 5289 1499 5345 mundus
1522 5291 1648 5360 quia
1673 5290 1837 5365 diligo
1865 5292 1969 5348 Pa-

401 5385 635 5443 trem,et
658 5377 798 5433 sicut
819 5376 1129 5432 mandatum
1153 5377 1301 5435 dedit
1327 5379 1460 5434 mihi
1493 5379 1675 5446 Pater,
1706 5381 1785 5436 sic
1804 5380 1965 5438 facio.

402 5469 637 5540 Surgite,
659 5484 847 5527 eamus
873 5469 998 5528 hinc
1022 5467 1203 5540 (Joan.
1231 5469 1394 5541 xxv)»
1420 5472 1489 5526 Et
1508 5474 1743 5529 surrexit
1759 5475 1824 5529 ad
1846 5490 1969 5545 pas-

401 5558 640 5624 sionem,
679 5562 733 5617 in
765 5577 871 5632 qua
898 5562 1383 5619 contradicentium
1416 5565 1602 5622 turbas
1629 5567 1964 5637 populorum,

401 5651 554 5714 quasi
583 5666 844 5718 aquarum
878 5654 1254 5711 inundantium
1283 5656 1556 5727 impetum,
1593 5659 1871 5723 toleravit;
1915 5672 1970 5713 et

2071 3225 2228 3272 tenus
2266 3216 2484 3271 eosdem
2522 3232 2657 3287 quos
2689 3226 2911 3288 propter
2960 3215 3129 3272 Deum
3172 3216 3380 3271 utiliter
3410 3216 3655 3289 negligit,

2072 3314 2220 3363 tanto
2249 3304 2474 3361 solidius
2505 3306 2710 3380 diligat,
2740 3318 2944 3378 quanto
2981 3310 3036 3364 in
3063 3310 3142 3365 eis
3178 3309 3430 3367 all‘ectum
3453 3311 3653 3367 solubi-

2070 3395 2177 3451 lem
2224 3398 2429 3467 copulae
2472 3400 2712 3456 carnalis
2753 3401 2992 3473 ignorat.
3036 3404 3305 3463 Debemus
3342 3407 3563 3477 quidem
3605 3416 3659 3463 et

2072 3490 2443 3559 temporaliter
2471 3492 2777 3573 hislquibus
2814 3496 3044 3552 vicinius
3079 3494 3363 3567 jungimur
3390 3496 3518 3567 plus
3556 3512 3657 3552 ca:-

2074 3580 2202 3635 teris
2232 3583 2509 3652 prodesse,
2541 3583 2666 3654 quia
2693 3592 2749 3639 et
2776 3583 2995 3640 ﬂamma
3024 3588 3256 3641 admotis
3282 3589 3447 3643 rebus
3468 3589 3653 3644 incen-

2071 3669 2217 3725 dium
2249 3671 2499 3743 porrigit,
2538 3674 2629 3727 sed
2656 3674 2757 3728 hoc
2783 3674 2957 3744 ipsum
2990 3676 3138 3744 prius
3168 3676 3256 3731 ubi
3292 3678 3538 3731 nascitur
3572 3678 3653 3731 in-

2072 3762 2268 3817 cendit.
2299 3762 2568 3818 Debemus
2593 3765 2841 3835 copulam
2867 3774 3094 3822 terrente
3120 3769 3463 3839 cognationis
3488 3785 3653 3839 agno-

2070 3866 2242 3918 scere,
2273 3852 2366 3907 sed
2391 3861 2571 3908 tamen
2606 3853 2771 3922 hanc,
2811 3873 2935 3912 cum
2966 3873 3184 3915 cursum
3217 3860 3414 3915 mentis
3446 3877 3654 3931 praepe-

2070 3943 2173 4011 (lit,
2229 3945 2479 4016 ignorare
2512 3964 2524 4000 :
2557 3956 2825 4018 quatenus
2876 3949 3049 4006 ﬁdelis
3097 3951 3308 4006 animus
3364 3952 3419 4006 in
3477 3953 3655 4006 divino

2071 4036 2246 4091 studio
2270 4052 2550 4103 accensus,
2582 4055 2683 4095 nec
2705 4056 2769 4094 ea
2799 4056 2917 4110 qua:
2942 4042 3043 4097 sibi
3076 4052 3197 4099 sunt
3227 4044 3281 4098 in
3302 4044 3506 4100 inlimis
3527 4061 3651 4099 cou-

2065 4129 2253 4200 juncta
2285 4130 2581 4201 despiciat,
2613 4142 2667 4188 et
2696 4134 2810 4190 haec
2836 4137 2977 4205 apud
3005 4139 3356 4210 semetipsum
3396 4147 3544 4194 recte
3568 4154 3653 4193 or-

2071 4221 2278 4285 dinans,
2313 4237 2525 4277 summo
2543 4238 2664 4278 cum
2690 4239 2876 4281 amore
2904 4227 3269 4282 transcendat.
3303 4226 3503 4283 Solerti
3525 4243 3650 4298 ergo

2071 4328 2200 4369 cura
2222 4313 2544 4368 studendum
2570 4323 2654 4369 est
2678 4330 2746 4369 ne
2770 4316 2951 4371 carnis
2974 4318 3147 4388 gratia
3176 4319 3457 4388 subrepat,
3488 4328 3648 4389 atque

2072 4420 2102 4458 a
2127 4412 2271 4458 recto
2297 4402 2489 4458 itinere
2527 4405 2707 4460 cordis
2727 4421 2993 4475 gressum,
3031 4406 3300 4474 deﬂectat,
3345 4423 3414 4463 ne
3445 4410 3644 4465 donum

2074 4495 2292 4565 superni
2350 4495 2553 4550 amoris
2614 4495 2869 4567 impediat
2934 4506 2991 4554 et
3041 4508 3354 4570 surgentem
3410 4484 3650 4557 mentem

2073 4585 2488 4657 superimposito
2527 4586 2765 4657 pondere
2811 4588 3064 4645 deorsum
3103 4598 3334 4659 premat.
3387 4589 3480 4646 Sic
3511 4592 3651 4648 enim

2073 4675 2298 4746 quisque
2324 4677 2749 4748 propinquorum
2779 4676 2941 4733 debet
2975 4679 3388 4735 necessitatibus
3417 4682 3649 4752 eompati

2074 4773 2132 4818 ut
2168 4775 2347 4821 tamen
2376 4782 2473 4835 per
2507 4768 2935 4838 compassionem
2967 4785 3074 4825 non
3100 4771 3244 4826 sinat
3279 4772 3390 4827 vim
3423 4787 3538 4829 suae
3574 4773 3652 4827 in-

2071 4855 2326 4910 tentionis
2356 4856 2637 4926 impedire,
2660 4866 2718 4912 ut
2740 4856 2964 4914 affectus
2984 4861 3201 4930 quidem
3226 4863 3424 4917 mentis
3444 4863 3653 4919 viscera

2072 4944 2293 5013 repleat,
2326 4946 2420 5000 sed
2444 4953 2625 5002 tamen
2661 4963 2690 5001 a
2723 4948 2948 5019 spiritali
2975 4951 3252 5020 proposito
3279 4968 3387 5007 non
3415 4962 3647 5009 avertat.

2069 5031 2253 5103 Neque
2294 5035 2439 5090 enim
2480 5038 2653 5092 sancti
2692 5038 2794 5093 viri
2841 5039 2909 5111 ad
2938 5038 3294 5111 impendenda
3342 5046 3652 5100 necessaria

2068 5122 2397 5211 prepinquos
2438 5125 2620 5182 carnis
2656 5143 2762 5183 non
2804 5127 3050 5211 diligunt,
3093 5132 3188 5187 sed
3220 5148 3407 5189 amore
3436 5136 3654 5203 spirita-

2070 5209 2197 5266 lium
2243 5212 2414 5283 ipsam
2446 5214 2499 5269 in
2529 5230 2588 5271 se
2627 5209 2969 5274 dilectionem
3006 5221 3246 5288 vincunt,
3277 5232 3551 5292 quatenus
3576 5226 3652 5279 sic

2070 5316 2189 5356 eam
2212 5301 2552 5361 discretionis
2573 5307 2940 5365 moderamine
2967 5318 3265 5381 temperent
3290 5322 3350 5370 ut
3378 5331 3478 5385 per
3513 5317 3653 5372 hante

2070 5390 2122 5445 in
2151 5406 2319 5461 parvo
2346 5393 2533 5450 saltem
2572 5411 2636 5451 ac
2665 5398 2887 5454 minimo
2902 5415 2954 5453 ,a
2996 5412 3144 5456 recto
3182 5402 3375 5460 itinere
3403 5419 3513 5459 non
3555 5405 3649 5460 de-

2069 5481 2288 5538 clinent.
2321 5483 2467 5552 Quos
2499 5487 2639 5543 bene
2672 5490 2827 5545 nobis
2854 5506 2952 5561 per
2991 5482 3438 5562 signiﬁcationem
3470 5510 3647 5551 vacem

2071 5575 2318 5640 inuuunt,
2342 5593 2461 5647 qua:
2483 5581 2583 5636 sub
2607 5598 2731 5638 arca
2757 5583 2966 5641 Domini
2983 5586 3050 5640 ad
3071 5596 3325 5659 montana
3345 5589 3647 5648 tendentes,

2071 5663 2262 5721 aﬂectu
2307 5668 2464 5723 simul
2509 5677 2564 5726 et
2596 5673 2770 5745 rigido
2816 5689 2976 5731 sensu
3022 5675 3357 5747 gradiuntur.
3406 5677 3643 5744 Quorum
