3964 6192
287 351 392 408 993

1072 338 1472 396 ENARRA'I‘IO
1510 334 1737 395 SUPER
1779 330 2398 396 DEUTERONOMIUM.
2438 369 2506 379 —
2543 336 2668 394 [ΑΒ.
2713 337 2794 396 ιν.

3440 346 3545 401 994

283 476 414 527 dum
447 469 646 523 vitulos
680 464 1003 521 clausissent
1031 462 1174 517 domi
1198 502 1212 525 ,
1241 469 1299 515 ut
1324 459 1583 529 scriptum
1617 468 1720 521 est,
1747 471 1867 527 pcr-
1895 458 1944 518 Λ
1977 475 1994 506 ι
2038 458 2147 511 min
2194 457 2269 511 ait
2312 474 2324 511 :
2365 457 2784 511 Amantissimus
2842 455 3052 512 Domini
3112 458 3372 516 habitabit
3419 479 3548 519 con-

283 570 480 634 gentes
504 567 559 613 et
583 557 906 625 mugientes,
931 555 1121 609 dantes
1143 552 1359 623 quidem
1386 551 1455 605 ab
1483 550 1685 604 intimis
1704 548 1873 618 mugi-

286 651 458 716 tibus,
513 649 604 703 sed
650 654 833 701 tamen
872 642 1092 714 accepto
1132 642 1321 696 itinere
1373 655 1478 695 non
1531 639 1873 694 deﬂectentes

284 754 529 811 gressus.
577 756 595 788 ι
626 735 835 791 Ponent
864 732 1160 804 thymiama
1192 734 1246 786 in
1280 730 1463 785 furore
1506 738 1619 793 tuo,
1644 737 1699 782 et
1721 728 1874 783 holo-

286 840 538 887 caustum
559 839 726 897 ‘super
752 827 922 880 altare
943 833 1118 879 tuum.
1156 844 1175 877 ι
1220 823 1376 879 Sicut
1405 822 1584 876 Aaron
1617 821 1875 875 historia-

288 921 419 975 liter
446 921 500 974 in
556 919 695 973 libro
742 915 1104 971 Numerorum
1148 914 1341 969 fecisse
1391 913 1625 983 legitur,
1661 911 1875 980 quando

291 1021 516 1083 propter
559 1010 876 1064 seditionem
926 1007 1121 1062 factam
1159 1007 1213 1060 in
1242 1006 1439 1075 populo
1465 1013 1689 1075 propter
1715 1003 1873 1070 Core,

292 1104 513 1157 Dathan
532 1108 588 1156 et
613 1098 837 1165 Abiron,
866 1113 1093 1153 currens
1118 1097 1184 1151 ad
1216 1089 1450 1151 mediam
1482 1094 1876 1150 multitudinem

292 1209 454 1264 quam
481 1193 593 1262 jam
619 1188 867 1245 vastabat
891 1188 1219 1251 incendium,
1243 1186 1438 1243 obtulit
1467 1186 1794 1258 thymiama;
1826 1193 1879 1240 et

292 1293 449 1341 stans
484 1284 630 1338 inter
664 1289 905 1336 mortuos
943 1296 1006 1334 ac
1032 1280 1298 1343 viventes,
1338 1294 1436 1348 pro
1471 1278 1666 1348 populo
1692 1278 1879 1349 depre-

294 1381 450 1427 catus
478 1379 585 1436 est,
625 1379 681 1425 et
722 1370 878 1440 plaga
908 1369 1160 1423 cessavit.
1203 1366 1397 1432 Aliter,
1445 1383 1542 1437 per
1569 1374 1880 1421 sanctorum

294 1460 590 1521 orationes,
620 1458 761 1527 quod
795 1465 877 1512 est
909 1458 1185 1511 incensum
1216 1456 1597 1510 suavissimum
1630 1455 1878 1521 Domino,

296 1550 533 1605 vindicta
565 1547 709 1616 justc
750 1547 1041 1602 imminens
1079 1546 1276 1617 populo
1312 1549 1554 1615 peceanti
1586 1545 1911 1615 mitigatum.

295 1644 418 1711 Quo
454 1642 600 1696 enim
626 1639 823 1710 purius
851 1639 1037 1693 talium
1071 1653 1224 1693 mens
1250 1638 1395 1693 omni
1426 1646 1656 1692 terrente
1677 1636 1885 1706 cupidi-

299 1734 430 1807 tatis
457 1739 709 1788 contactu
747 1729 1010 1786 defwcata
1041 1739 1125 1785 est
1152 1737 1207 1784 et
1243 1729 1371 1785 solis
1398 1730 1637 1785 cmlestis
1676 1727 1885 1783 deside-

1979 565 1998 598 ι
2028 546 2256 603 ﬁdenter
2283 548 2334 600 in
2362 561 2447 599 eo.
2485 565 2504 598 ι
2539 545 2762 616 Legitur
2801 545 2947 600 enim
2992 547 3043 600 in
3093 547 3363 608 Geneseos
3411 552 3550 609 libro

1970 637 2170 693 dixisse
2226 636 2419 692 ludam
2483 638 2548 693 ad
2608 637 2805 707 Joseph
2856 638 2909 692 in
2973 637 3211 710 Egypto
3250 642 3317 698 de
3357 642 3551 715 Benja-

1976 728 2087 781 min
2122 745 2133 780 :
2165 726 2327 781 Pater
2380 737 2567 782 tenere
2614 727 2785 798 diligit
2820 743 2965 782 eum.
2999 727 3167 800 Igitur
3207 732 3250 785 si
3281 732 3554 789 intravero

1974 817 2041 871 ad
2086 832 2302 872 servum
2344 827 2494 873 tuum
2538 827 2744 887 patrem
2775 830 3043 886 nostrum,
3082 826 3135 876 et
3163 820 3252 876 ille
3300 823 3554 891 defuerit,

1974 920 2096 963 cum
2124 909 2303 963 anima
2351 908 2495 963 illius
2522 924 2589 963 ex
2623 907 2779 976 hujus
2821 910 2998 964 anima
3033 912 3281 980 pendeat,
3331 914 3554 968 viderit-

1974 1014 2081 1070 que
2134 1010 2258 1054 eum
2305 1015 2412 1055 non
2457 1015 2578 1055 esse
2621 999 2936 1064 nobiscum,
2995 1002 3276 1056 morietur.
3333 1003 3561 1059 Videtur

1976 1090 2189 1159 quidem
2202 1088 2512 1145 secundum
2539 1091 2825 1145 historiam
2857 1100 3075 1162 tangere
3106 1094 3246 1161 quod
3272 1093 3551 1164 Benjamin

1977 1195 2006 1232 a
2030 1180 2341 1248 patriarcha
2363 1181 2521 1235 simul
2557 1188 2609 1236 et
2644 1182 2904 1251 propheta
2931 1183 3120 1252 spiritu
3145 1182 3241 1238 Dei
3269 1185 3452 1253 pleno,
3484 1187 3559 1241 vi-

1985 1269 2179 1324 delicet
2203 1278 2358 1340 patre
2386 1285 2486 1325 suo
2513 1270 2696 1335 Iacob,
2720 1280 3027 1337 amaretur;
3070 1281 3125 1326 et
3151 1274 3293 1344 quod
3323 1290 3421 1344 per
3447 1276 3558 1329 dis-

1980 1361 2356 1431 pensationem
2409 1362 2504 1416 Dei
2559 1361 2708 1417 locus
2768 1362 2893 1426 ille,
2952 1364 3006 1418 in
3062 1379 3168 1435 quo
3219 1366 3396 1421 cultus
3449 1367 3564 1438 ejus

1981 1451 2215 1504 maxime
2257 1450 2471 1505 futurus
2510 1460 2646 1517 erat,
2681 1453 2845 1506 tribui
2874 1451 3116 1521 ejusdem
3150 1455 3554 1520 decerneretur,

1980 1541 2086 1595 hoc
2114 1548 2198 1595 est
2233 1538 2556 1607 Jerusalem,
2588 1542 2678 1596 ubi
2710 1543 2967 1612 templum
3010 1555 3066 1598 et
3102 1544 3274 1599 altare
3310 1545 3406 1601 Dei
3437 1563 3569 1601 con--

1982 1632 2312 1688 struebatur.
2343 1633 2517 1703 Atque
2548 1635 2670 1691 ideo
2702 1634 3043 1707 subiungitur
3070 1653 3087 1692 :
3125 1655 3144 1687 ι
3179 1636 3341 1704 Quasi
3366 1639 3420 1693 in
3447 1640 3568 1692 tha-

1983 1725 2125 1779 lamo
2150 1734 2265 1781 tota
2294 1725 2382 1781 die
2412 1726 2730 1782 morabitur.
2790 1748 2808 1779 ι
2860 1728 2997 1795 Quia
3035 1726 3334 1785 Jerusalem
3363 1728 3464 1803 [uit
3503 1747 3569 1785 eo

300 1828 400 1882 riis
426 1825 614 1895 ignita,
645 1836 712 1877 eo
753 1819 1022 1876 efﬁcacius
1050 1834 1238 1875 eorum
1276 1819 1451 1874 oratio
1482 1820 1619 1873 iram
1650 1818 1742 1872 Dei
1780 1815 1882 1870 mi-
1909 1808 1956 1866 B
1982 1823 2224 1886 tempore
2255 1817 2405 1873 locus
2427 1833 2589 1887 quem
2615 1817 2775 1889 elegit
2799 1818 3058 1875 Dominus
3089 1829 3147 1875 ut
3181 1830 3327 1877 esset
3369 1838 3563 1878 nomen

300 1921 433 1988 tigat
468 1936 483 1970 :
514 1930 635 1985 qua:
675 1928 826 1968 more
856 1911 1227 1983 thymiamatis
1254 1910 1309 1965 in
1338 1916 1625 1979 conspectu
1656 1907 1751 1961 Dei
1788 1905 1886 1959 ﬁa-

298 2019 446 2080 grat,
492 2014 554 2063 'et
607 2006 779 2060 instar
826 2002 1162 2058 mundissimi
1211 1999 1527 2063 holocausti,
1567 2000 1636 2054 ab
1678 2006 1772 2052 ara
1811 1997 1885 2067 pii

299 2097 485 2153 cordis
526 2094 741 2149 ﬂamma
781 2100 983 2147 sanctae
1016 2090 1320 2146 devotionis
1368 2090 1422 2144 in
1457 2088 1653 2145 omium
1689 2087 1885 2143 subvo-

300 2189 399 2242 lat.
430 2186 545 2240 Hoc
572 2191 752 2238 autem
780 2182 1049 2251 praecipue
1081 2180 1284 2235 sanctis
1314 2179 1572 2249 apostolis
1599 2187 1654 2231 et
1679 2186 1886 2247 marty-

302 2280 467 2333 ribus
481 2274 754 2345 congruit,
783 2286 1012 2341 quorum
1043 2267 1379 2345 orationibus
1401 2283 1542 2338 saepe
1564 2266 1892 2338 prepitiatur

309 2368 452 2421 Deus
490 2342 730 2434 peccatis
755 2360 938 2431 populi
968 2358 1090 2422 sui;
1129 2342 1329 2427 quique
1355 2356 1687 2425 semetipsos
1731 2368 1894 2424 super

304 2458 480 2512 altare
507 2453 626 2519 Dei,
654 2452 707 2508 id
728 2459 831 2516 est,
853 2466 955 2520 pro
981 2449 1085 2503 ﬁde
1104 2446 1325 2513 Christi,
1353 2454 1498 2501 totos
1520 2446 1890 2501 holocaustum

310 2545 541 2600 Domino
571 2542 902 2598 obtulerunt.
955 2537 1106 2594 Unde
1140 2545 1194 2592 et
1228 2537 1296 2592 de
1322 2538 1457 2608 ipsis
1487 2536 1766 2606 Scriptura
1812 2535 1894 2590 die

308 2638 386 2693 cit
418 2654 431 2690 :
473 2656 492 2687 ι
529 2636 811 2705 Tanquam
841 2648 1033 2689 aurum
1064 2634 1116 2687 in
1149 2632 1367 2689 fornace
1393 2630 1640 2702 probavit
1670 2629 1811 2694 illos,
1839 2635 1895 2682 et

309 2730 450 2785 sicut
483 2726 781 2783 holocausti
814 2727 1044 2781 hostiam
1075 2724 1283 2794 accepit
1324 2721 1442 2777 illos
1480 2719 1629 2791 (Sap.
1672 2721 1827 2790 xvn).
1868 2736 1887 2771 ›

308 2820 457 2878 Istud
497 2828 583 2875 est
611 2816 783 2874 mare
824 2818 921 2872 Dei
962 2816 1061 2871 sub
1097 2830 1205 2884 quo
1249 2814 1457 2867 animas
1491 2808 1894 2866 interfectorum

200 2964 205 2967 .
309 2920 532 2984 propter
572 2911 792 2965 verbum
837 2908 932 2962 Dei
967 2913 1023 2962 et
1061 2903 1429 2960 testimonium
1465 2900 1613 2966 Jesu,
1660 2897 1896 2954 Joannes

311 3005 611 3060 clamantes
655 3004 709 3057 in
736 3000 1053 3072 Apocalypsi
1099 2998 1232 3053 vidit
1266 2995 1419 3069 (Cap.
1450 2993 1551 3066 vt),
1595 2994 1663 3049 de
1701 2994 1897 3064 quibus

1985 1905 2104 1973 ejus
2155 1906 2249 1959 ibi.
2300 1906 2599 1978 Allegorice
2638 1918 2819 1963 autem
2868 1908 3135 1965 Dominus
3188 1920 3375 1968 noster
3414 1912 3573 1968 Jesus

1984 1994 2232 2050 Christus
2271 1995 2384 2065 ipse
2428 1996 2831 2053 amantissimus
2872 2005 2954 2053 est
2980 2000 3075 2053 Dei
3109 1999 3302 2066 Patris,
3353 2002 3416 2055 de
3462 2018 3572 2072 quo

1988 2086 2127 2141 dixit
2158 2105 2170 2139 :
2206 2104 2225 2135 ι
2270 2084 2369 2140 Hic
2412 2092 2495 2142 est
2524 2086 2694 2141 Filius
2719 2103 2873 2143 meus
2900 2089 3151 2157 dilectus,
3194 2092 3248 2146 in
3295 2106 3402 2161 quo
3432 2094 3566 2149 mihi

1988 2176 2127 2231 bene
2149 2177 2449 2246 complacui
2503 2177 2717 2249 (Matt/1.
2749 2178 2853 2250 nt).
2888 2194 2906 2231 ι
2956 2178 3055 2234 Hie
3091 2181 3146 2234 in
3176 2181 3373 2236 virtute
3398 2181 3579 2237 Patris

1990 2274 2195 2332 manet,
2234 2266 2361 2335 quia
2392 2268 2446 2320 in
2477 2268 2697 2325 dextera
2737 2270 2953 2325 virtutis
2997 2271 3167 2336 sedet,
3202 2279 3257 2326 et
3298 2282 3490 2342 regnat
3518 2273 3573 2327 in

1994 2361 2244 2416 excelsis.
2289 2361 2396 2417 Sed
2422 2363 2567 2418 etde
2595 2363 2935 2420 humanitate
2973 2365 3088 2434 ejus
3125 2366 3344 2436 intelligi
3374 2376 3578 2438 potest,

1992 2452 2121 2522 quia
2151 2452 2205 2505 in
2239 2466 2301 2506 ea
2349 2452 2608 2507 divinitas
2635 2454 2844 2509 habitat
2887 2454 3241 2521 conﬁdenter,
3279 2472 3439 2527 quam
3478 2456 3581 2513 sibi

1993 2542 2274 2612 conjunxit
2302 2545 2357 2598 iu
2384 2544 2589 2599 unitate
2614 2559 2878 2615 personat.
2902 2546 3056 2614 Quod
3080 2556 3259 2602 autem
3286 2547 3434 2614 dicit,
3470 2569 3490 2600 ‹
3527 2551 3580 2605 in

1994 2634 2233 2690 thalamo
2260 2636 2575 2699 morabitur,
2623 2642 2679 2690 et
2716 2636 2857 2691 inter
2896 2637 3154 2695 humeros
3195 2639 3338 2694 illius
3368 2641 3579 2710 requie-

1996 2730 2130 2792 scet,
2161 2747 2179 2780 ι
2201 2727 2467 2797 signiﬁcat
2488 2728 2630 2798 quod
2653 2730 2707 2782 in
2721 2737 2876 2785 utero
2893 2730 3118 2801 virginis
3135 2732 3368 2787 ctelestis
3383 2747 3587 2803 sponso

1997 2819 2281 2887 conjuncta
2317 2829 2400 2876 est
2425 2821 2698 2889 Ecclesia,
2730 2838 2853 2893 qua:
2887 2823 2943 2878 in
2982 2822 3297 2879 fortitudine
3328 2825 3584 2897 potentia:

2004 2910 2203 2967 Christi
2247 2920 2300 2966 et
2349 2912 2403 2966 in
2443 2913 2698 2981 operibus
2747 2914 2863 2984 ejus
2903 2915 3191 2969 maximam
3236 2914 3486 2971 ﬁduciam
3523 2932 3586 2969 ac

2003 3005 2250 3075 requiem
2278 3005 2479 3060 mentis
2507 3007 2690 3060 habet.
2720 3004 2891 3065 Aliter
2919 3025 2932 3060 :
2958 3020 3056 3077 per
3070 3006 3368 3078 Benjamin,
3396 3007 3488 3076 qui
3517 3021 3585 3061 ex

312 3092 566 3153 subditur
602 3112 616 3149 :
663 3112 683 3145 ε
728 3092 985 3157 Benedic,
1033 3088 1277 3145 Domine.
1321 3084 1623 3142 fortitudini
1652 3084 1769 3155 eius
1800 3101 1814 3137 ε
1845 3092 1901 3138 ει
1943 3158 1968 3161 ,ί
2002 3093 2324 3149 liiiodoloris
2345 3094 2398 3147 in
2416 3090 2582 3148 {illum
2603 3095 3047 3151 dexterreversus
3065 3096 3374 3161 est,beatus
3390 3094 3589 3150 Paulus

318 3206 339 3238 ι
371 3198 540 3256 opera
574 3196 831 3237 manuum
864 3180 1006 3234 illius
1033 3179 1267 3248 suscipe.
1305 3195 1327 3228 ›
1356 3172 1678 3230 Fortitudini
1704 3174 1903 3244 quippe

2004 3185 2339 3254 designatur,
2373 3184 2464 3254 qui
2496 3183 2562 3239 de
2588 3193 2935 3254 persecutore
2962 3186 3014 3239 in
3044 3158 3342 3256 apostolum
3365 3193 3593 3255 repente

314 3284 633 3331 saneton
654 3280 951 3342 martyrum
974 3267 1328 3331 benedicitur,
1347 3281 1468 3321 cum
1492 3276 1681 3320 eurum
1703 3264 1904 3319 invicta

314 3363 576 3435 patientia
616 3360 824 3417 caelesti
873 3358 1045 3431 gloria
1084 3361 1483 3410 remuneratur.
1526 3353 1680 3420 Quod
1723 3351 1904 3406 verbis

318 3454 442 3509 aliis
470 3452 732 3522 repetisse
759 3451 973 3504 videtur
1001 3447 1266 3508 addendo,
1309 3463 1333 3497 ο
1362 3451 1418 3501 et
1447 3458 1616 3513 opera
1644 3458 1901 3498 manuum

318 3544 471 3599 illius
491 3543 726 3613 suscipe.
765 3560 789 3594 ι
818 3541 1027 3595 Dantur
1047 3539 1127 3592 eis
1154 3550 1298 3592 nunc
1323 3535 1550 3607 singulm
1571 3533 1721 3588 stolae
1749 3532 1902 3596 albae,

318 3635 469 3689 sicut
500 3634 555 3687 in
584 3630 904 3703 Apocalypsi
934 3629 1184 3699 legimus,
1208 3626 1368 3681 beata
1387 3624 1908 3681 scilicetani'marum

319 3725 541 3790 laetitia;
571 3732 625 3779 et
654 3724 709 3778 in
748 3721 957 3793 judicio
983 3719 1202 3783 futuro,
1238 3716 1472 3786 receptis
1514 3711 1917 3769 immortalibus

320 3833 386 3872 ac
417 3816 698 3888 praeclaris
727 3829 794 3869 ex
824 3810 1226 3868 resurrectione
1249 3807 1569 3878 corporibus
1596 3802 1907 3876 fulgebunt,

323 3916 383 3961 ut
421 3904 707 3975 Scriptura
735 3902 889 3967 dicit,
922 3919 943 3952 ο
986 3909 1041 3956 et
1079 3908 1337 3968 tanquam
1378 3894 1626 3952 scintillat
1661 3895 1715 3948 in
1742 3908 1905 3946 arun-

323 3996 512 4050 dineto
540 3995 850 4049 discut-rent
893 3987 1043 4062 (Sep.
1087 3988 1195 4058 ut).
1250 4007 1270 4038 ι
1316 3985 1620 4040 Exurentes
1655 3981 1910 4038 videlicet

314 4099 533 4139 ~acuos
583 4086 764 4137 metite
816 4089 875 4136 et
928 4080 1298 4134 infructuosos
1347 4088 1512 4145 opere
1572 4072 1915 4130 adversarios

325 4190 476 4240 suos,
527 4174 597 4228 de
642 4187 870 4243 (parum
922 4183 1084 4240 poena
1130 4180 1259 4224 mox
1295 4165 1583 4236 sequitur:
1621 4182 1641 4216 ι
1685 4162 1929 4221 Percute'

333 4286 356 4318 ο
399 4267 562 4321 dorsa
588 4263 935 4318 inimicorum
958 4259 1115 4330 ejus,
1159 4267 1215 4313 et
1242 4256 1335 4327 qui
1363 4256 1595 4311 oderunt
1633 4268 1778 4318 eum,
1806 4260 1917 4307 neu

334 4377 363 4410 ο
400 4362 750 4425 consurgant.
791 4373 810 4406 ι
854 4351 1191 4407 Videbantur
1233 4348 1379 4403 enim
1428 4346 1534 4425 sibi
1566 4345 1788 4414 impune
1838 4349 1918 4397 tot

331 4456 647 4505 sancton
689 4452 988 4515 martyrum
1034 4440 1354 4510 sanguinem
1404 4435 1661 4501 fundere;
1708 4434 1802 4490 sed
1836 4433 1918 4488 eis

331 4539 489 4611 quasi
520 4550 616 4609 per
650 4510 873 4591 dorsum
918 4544 1099 4603 ρωιη,
1141 4544 1305 4602 quam
1342 4528 1640 4598 przuvidel'e
1684 4542 1792 4581 non
1820 4540 1917 4581 no-
1944 4510 1994 4570 Ι)

333 4638 549 4694 verant,
588 4625 914 4696 parabatur,
952 4620 1232 4677 damnatio
1263 4618 1517 4675 videlicet
1559 4617 1915 4687 sempiterna,

336 4723 393 4776 in
417 4732 583 4791 quam
622 4727 839 4773 mentes
886 4715 1031 4770 ultra
1079 4724 1302 4783 surgere
1350 4726 1458 4766 non
1501 4708 1763 4765 valerent.
1803 4710 1921 4765 Tali

335 4812 690 4885 percussione
725 4810 1012 4873 feriuntur,
1036 4806 1107 4863 de
1133 4807 1327 4876 quibus
1354 4803 1611 4859 Salomon
1639 4803 1717 4856 ait
1757 4819 1772 4857 :
1805 4822 1824 4852 ι
1854 4803 1937 4857 Et

338 4904 495 4973 virga
530 4900 587 4955 in
626 4901 789 4956 dorso
828 4896 1273 4967 imprudentium.
1318 4912 1338 4945 ι
1385 4892 1517 4960 Quae
1547 4900 1677 4947 tunc
1704 4907 1926 4963 percusa

341 5008 526 5051 surum
566 4992 739 5049 oculis
786 4988 1205 5061 praesentahitur
1240 4998 1365 5042 cum
1399 4985 1555 5056 juxta
1592 4984 1790 5040 librum
1831 4983 1931 5038 Sa-

340 5088 583 5159 pientiae,
614 5087 670 5141 in
699 5085 909 5141 inferno
934 5081 1120 5153 positi,
1163 5087 1221 5134 et
1243 5085 1557 5134 sanctorum
1603 5085 1930 5149 martyrum,

341 5192 482 5250 quos
510 5179 600 5232 hic
626 5190 822 5234 exosus
842 5176 1164 5238 habuerant,
1188 5171 1417 5241 gloriam
1449 5174 1795 5233 contuentes;
1809 5182 1931 5224 sera

345 5277 511 5338 atque
533 5264 873 5322 infructuosa
902 5261 1242 5335 paenitudine
1273 5258 1477 5314 dicturi
1500 5266 1629 5313 sunt
1658 5276 1672 5312 :
1712 5258 1778 5312 iii
1807 5265 1941 5311 sunt-

345 5371 484 5427 quos
511 5356 801 5420 habuimus
844 5352 1135 5425 aliquando
1168 5350 1225 5405 i'n
1263 5349 1514 5405 derisum
1537 5356 1594 5403 et
1627 5346 1936 5402 similitudi-

350 5464 475 5505 nem
506 5447 852 5519 impropeﬁi;
885 5442 1316 5513 nos,iusensati,
1337 5442 1502 5497 vitam
1532 5439 1746 5494 illorum
1772 5444 1935 5506 puta-

350 5547 543 5602 bamus
589 5545 877 5607 insaniam,
929 5549 984 5596 et
1037 5540 1200 5595 ﬁnem
1244 5538 1462 5593 iilorum
1510 5536 1629 5591 sine
1678 5533 1884 5588 honore
1917 5549 1935 5586 :

352 5636 627 5709 quomodo
656 5633 952 5705 computati
1003 5628 1128 5686 sunt
1174 5630 1317 5684 inter
1360 5628 1500 5682 ﬁlios
1533 5625 1648 5689 Dei,
1688 5631 1743 5678 et
1794 5623 1941 5677 inter

356 5738 574 5783 sanctos
611 5743 731 5782 sors
782 5726 999 5780 illorum
1045 5722 1169 5777 est?
1220 5729 1275 5776 et
1316 5728 1533 5774 cmtera.
1566 5735 1585 5767 ι
1626 5717 1690 5771 Et
1739 5714 1934 5782 Benja—

2005 3280 2262 3339 niutatus,
2309 3286 2407 3329 vas
2451 3273 2738 3330 electionis
2776 3273 2995 3329 Christo
3042 3274 3267 3330 effectus
3316 3284 3420 3329 est.
3468 3272 3596 3345 Ipse

2004 3367 2151 3421 enim
2180 3380 2239 3420 se
2268 3376 2334 3420 ex
2360 3365 2468 3421 hac
2492 3365 2634 3419 tribu
2666 3363 2835 3420 fuisse
2866 3371 3117 3431 testatur,
3147 3364 3214 3419 de
3242 3378 3346 3435 qua
3370 3365 3461 3420 hic
3485 3364 3593 3435 spi-

2007 3456 2117 3512 ritu
2140 3456 2446 3526 prophetali
2472 3457 2783 3512 nasciturus
2807 3470 2925 3512 esse
2946 3456 3324 3527 prauuscltur.
3358 3456 3591 3527 Dignum

2006 3546 2204 3614 quippe
2228 3544 2328 3600 fuit
2353 3553 2414 3600 ut
2445 3547 2901 3615 quemadmodum
2921 3541 3148 3601 Ioannis
3174 3547 3427 3616 Baptistaa
3450 3558 3593 3617 prat-

2006 3636 2272 3702 cursoria,
2317 3637 2425 3692 imo
2463 3636 2707 3706 angelica
2755 3636 2986 3705 dignitas
3024 3644 3151 3691 ante
3193 3636 3452 3706 prtedicta
3487 3646 3597 3701 est,

2008 3729 2168 3784 itaet
2195 3729 2442 3801 magistri
2472 3727 2717 3800 gentium
2753 3727 2809 3781 in
2837 3727 2944 3782 ﬁde
2983 3735 3039 3782 et
3076 3726 3307 3783 veritate
3340 3727 3610 3783 universo»

2008 3816 2209 3885 mundo
2236 3832 2335 3893 pro
2366 3815 2545 3870 futura
2570 3814 2744 3886 gratia
2781 3814 2928 3869 inter
2953 3825 3148 3886 magna
3186 3813 3445 3871 Ecclesiat
3470 3826 3594 3886 my-

2017 3909 2184 3964 steria
2227 3909 2676 3980 prophetaretur,
2722 3906 2848 3976 quia
2883 3904 3113 3961 Domino
3165 3905 3361 3977 insigni
3413 3919 3615 3961 amore

2012 3992 2268 4064 dilectus,
2318 3997 2499 4053 subito
2541 4011 2608 4051 ex
2636 3993 3336 4067 persecutore‘przedicator
3376 3995 3616 4051 effectus

2013 4098 2098 4145 est
2132 4105 2146 4143 :
2190 4087 2537 4159 Evangeiium
2565 4097 2664 4158 per
2702 4087 3092 4143 revelationem
3117 4083 3319 4142 Christi
3367 4086 3593 4149 didicit;

2014 4179 2083 4235 ad
2125 4176 2323 4233 ctelum
2367 4192 2537 4246 usque
2580 4177 2800 4231 tertium
2851 4184 3037 4245 raptus
3080 4182 3163 4230 est
3196 4189 3213 4229 :
3242 4176 3295 4230 in
3340 4175 3599 4245 paradiso

2015 4283 2214 4324 arcana
2235 4266 2422 4331 verba,
2443 4280 2564 4335 quae
2586 4277 2927 4334 nequaquam
2950 4265 3258 4320 hominibus
3278 4265 3421 4334 loqui
3448 4264 3601 4328 licet,

2015 4360 2240 4416 audivit.
2271 4359 2331 4414 lo
2361 4358 2516 4428 cujus
2550 4364 2734 4412 mente
2760 4367 2907 4412 tanta
2945 4356 3070 4412 ﬁdei
3095 4355 3418 4413 confidentia
3446 4354 3611 4411 Chri-

2019 4460 2137 4508 stus
2161 4448 2451 4514 habitavit,
2473 4456 2531 4503 ut
2552 4448 2669 4518 ipse
2693 4448 2836 4503 inter
2858 4449 3137 4503 innumera
3157 4446 3396 4518 pericula
3418 4463 3613 4503 coram

2021 4545 2271 4617 gentibus
2303 4553 2360 4599 et
2405 4542 2624 4613 regibus
2671 4549 2727 4596 et
2768 4541 2895 4597 ﬁliis
2931 4540 3096 4596 israel
3124 4548 3441 4596 constanter
3478 4555 3613 4596 eum

2018 4630 2343 4707 praedicans,
2390 4632 2589 4689 clamet
2625 4650 2637 4686 :
2678 4651 2697 4683 ι
2744 4630 2872 4686 Mihi
2916 4633 3098 4687 vivere
3125 4630 3374 4686 Christus
3413 4641 3516 4697 est,
3552 4642 3619 4687 et

2022 4727 2160 4784 mori
2205 4721 3117 4796 lucrum(P1tilipp.l,2).rEtiterum
3154 4740 3166 4776 :
3205 4740 3224 4773 ι
3260 4720 3317 4775 In
3361 4724 3510 4778 omni
3553 4725 3622 4778 llr
3696 4730 3703 4735 ’

2024 4819 2182 4876 ducia
2217 4818 2361 4874 sicut
2385 4831 2625 4887 semper,
2650 4817 2729 4871 ita
2760 4823 2815 4871 et
2838 4826 2983 4870 nunc
3002 4813 3336 4885 glorificatur
3360 4814 3621 4872 Christus:

2025 4911 2339 4979 incorpore
2391 4912 2529 4972 meo,
2580 4907 2696 4963 sive
2734 4918 2836 4978 per
2872 4907 3064 4972 vitam,
3103 4909 3216 4964 sive
3244 4923 3344 4978 per
3372 4916 3620 4963 mortem:

2028 5001 2242 5073 (ibid).
2278 5020 2297 5053 ι
2332 5001 2409 5055 De
2434 4999 2589 5068 cujus
2618 4998 2796 5052 adhuc
2832 4998 2978 5051 omni
3004 4999 3265 5053 virtutum
3295 4995 3450 5063 flore,
3482 5012 3619 5067 sper

2027 5091 2329 5148 ciosissima‘
2365 5095 2421 5144 et
2468 5087 2818 5142 dilectissima
2860 5086 3080 5142 Christo
3116 5089 3295 5143 anima
3312 5127 3343 5152 ,..
3370 5087 3567 5142 dicitur
3592 5100 3619 5136 ε

2034 5200 2053 5234 ι
2095 5182 2261 5251 Quasi
2288 5181 2343 5236 in
2373 5178 2754 5235 thalamotota
2785 5179 2873 5233 die
2895 5178 3217 5235 morabitur.
3257 5197 3276 5230 ι
3312 5176 3408 5231 Vel
3440 5173 3625 5243 Ipsius»

2029 5274 2235 5331 scilicet
2256 5272 2521 5344 spirituali
2545 5271 2816 5328 connubio
2844 5272 2983 5325 mira
3010 5282 3223 5339 semper
3255 5255 3627 5320 oblectatione

2036 5365 2345 5438 perfruens,
2374 5380 2601 5435 eamque
2627 5362 2935 5418 divinorum
2964 5372 3215 5417 sensuum
3249 5353 3400 5425 prole
3428 5352 3619 5407 fecun-

2038 5454 2207 5523 dans,
2247 5465 2302 5514 et
2329 5457 2527 5512 nullius
2568 5456 2683 5510 vitii
2730 5452 3104 5523 inquietudine
3147 5453 3415 5503 secretum
3450 5442 3627 5515 plact-r

2039 5549 2248 5607 dissimi
2274 5549 2512 5621 pectoris
2548 5545 2946 5615 derelinquens.
2992 5539 3084 5594 Vel
3108 5544 3255 5592 certe
3276 5535 3331 5589 in
3363 5548 3430 5590 eo
3459 5532 3629 5606 quas?

2041 5639 2094 5695 in
2130 5638 2500 5709 pulrherrimo
2536 5634 2772 5688 thalamo
2802 5628 3063 5689 residens,
3104 5635 3161 5679 et
3193 5625 3462 5695 virgineas
3497 5639 3632 5680 ατε-α

2004 5736 2007 5737 ⁷
2044 5731 2282 5785 dentium
2324 5736 2563 5789 utentes,
2600 5725 2705 5776 imo
2732 5722 3063 5773 diversorum
3095 5715 3408 5786 populorum
3434 5716 3622 5771 Eccle-
