3978 6182
448 315 550 372 996

1077 308 1139 363 Β.
1184 306 1435 362 RABANI
1478 302 1696 358 MAURI
1735 294 2051 356 ARCHIEP.
2095 295 2404 352 MOGUNT.
2444 298 2725 356 OPERU-M
2768 300 2944 355 PARS
2984 301 3023 354 l.

3571 306 3661 360 996

445 434 560 488 aias
590 441 850 500 tanquam
879 443 1112 498 sponsus
1144 427 1424 496 speciosus
1451 423 1626 476 forma
1647 435 1758 491 pra:
1781 417 1907 472 filiis
1935 417 2030 470 ho-
2057 414 2109 474 Α
2133 417 2397 470 veraciter
2423 417 2770 487 adimpletum
2796 460 2811 482 ,
2865 426 2924 472 ut
2971 420 3040 472 ab
3083 418 3334 472 omnibus
3382 431 3667 489 agnoscatur

446 523 651 578 miuum
673 536 773 592 per
785 517 1223 590 praedicationem
1246 513 1362 581 ejus
1385 514 1497 569 suis
1518 511 1748 582 iungens
1770 508 2032 578 amplexi-
2131 509 2260 577 quia
2289 508 2378 562 hic
2415 517 2500 563 est
2538 523 2662 563 vere
2702 508 2950 566 Salvator
2976 508 3178 563 mundi.
3215 527 3233 558 (
3267 508 3346 562 De
3372 509 3536 578 pomis
3563 501 3664 567 creti

447 612 568 666 bus.
602 612 678 665 De
715 610 909 679 quibus
936 607 1221 662 Psalmista
1261 604 1445 658 canit:
1477 622 1496 652 ‹
1534 603 1882 656 Adducentur
1918 599 2028 669 regi

445 704 682 774 virgines
724 709 846 770 post
896 715 1050 763 eam,
1118 697 1363 766 proxime
1412 695 1528 764 ejus
1583 692 1877 748 afferentur
1931 691 2028 745 tibi

446 791 619 854 (Psal.
660 789 826 859 κων).
884 809 901 840 i
958 789 1023 842 Et
1067 802 1298 856 quarum
1343 785 1434 839 uni
1493 785 1607 851 ipse
1659 782 2022 850 loquebatur:

449 900 466 931 ι
509 877 775 948 Despondi
807 877 949 932 enim
985 892 1080 930 vos
1108 875 1199 930 uni
1230 874 1375 937 viro',
1403 873 1667 940 virginem
1704 879 1909 925 castam
1935 883 2028 924 ex-

445 975 630 1030 hibere
658 974 873 1028 Christo
903 962 986 1038 (Il
1015 971 1137 1023 Cor.
1180 970 1278 1040 iu).
1317 991 1335 1021 ι
1368 967 1532 1036 Cujus
1554 962 1927 1038 gloriosissimi
1949 963 2026 1014 la-

443 1067 602 1120 bores
628 1065 821 1133 quibus
847 1065 901 1116 in
926 1062 1167 1117 doctrina
1189 1061 1498 1130 evangeliea
1523 1057 1825 1118 desudavit,
1855 1070 2026 1124 quan-

443 1166 557 1210 tum
592 1156 809 1210 Christo
839 1154 1046 1223 accepti
1088 1161 1294 1214 essent,
1324 1151 1506 1206 verbis
1538 1148 1887 1218 sequentibus
1926 1146 2022 1199 de—

440 1248 699 1311 claratur,
743 1247 870 1300 dum
909 1246 974 1300 de
1016 1245 1133 1314 ipso
1171 1245 1347 1297 adhuc
1393 1241 1643 1298 subditur
1675 1258 1688 1292 :
1724 1257 1742 1289 i
1779 1239 1846 1292 Et
1883 1237 2024 1290 inter

440 1339 696 1392 humeros
735 1337 877 1391 illius
915 1337 1234 1404 requiescet.
1290 1353 1308 1386 ι
1355 1333 1462 1387 Per
1498 1333 1754 1386 humeros
1801 1329 2017 1398 quippe,

439 1433 638 1500 quibus
667 1445 834 1485 onera
859 1421 1181 1496 bajulamus,
1214 1425 1594 1479 robustissima
1623 1422 1739 1490 ejus
1760 1422 2020 1490 patientia

441 1523 782 1591 designatur,
812 1534 910 1588 per
939 1532 1099 1586 quam
1129 1523 1276 1570 tanto
1301 1515 1553 1569 libentius
1575 1513 1824 1568 Christus
1854 1513 1906 1565 in
1932 1511 2021 1564 illo

341 1649 346 1652 -
444 1611 730 1680 requievit,
764 1618 965 1678 quanto
1007 1607 1121 1676 ipse
1161 1607 1302 1660 inter
1335 1605 1653 1660 durissimos
1680 1603 1843 1658 etiam
1875 1602 2021 1656 labo-

442 1719 531 1757 res
552 1718 610 1756 se
645 1717 742 1770 pro
770 1699 985 1754 Christo
1021 1699 1129 1767 pati
1159 1697 1339 1752 omnia
1363 1695 1713 1766 gloriabatur.
1753 1694 1926 1748 Tanto
1950 1694 2017 1747 ab

2131 606 2186 652 et
2227 615 2351 653 rore
2393 609 2559 670 atque
2585 601 2780 671 abysso
2821 602 3150 670 subjacente.
3183 622 3200 652 ι
3242 601 3448 655 C(elum
3480 613 3667 671 propter

2129 690 2390 743 unitatem
2420 690 2540 744 fidei
2571 700 2734 760 atque
2759 693 3018 747 doctrina:
3037 732 3054 756 ,
3096 692 3161 747 de
3190 707 3297 760 qua
3326 692 3453 746 dicit
3475 693 3667 762 Aposto-

2128 781 2244 836 lus:
2272 803 2289 832 i
2315 782 2440 837 Sive
2464 785 2607 837 enim
2636 798 2756 853 ego,
2782 785 2895 838 sive
2924 785 3020 848 illi,
3047 786 3151 839 hoc
3175 793 3260 840 est
3280 785 3452 840 sancti
3476 787 3669 855 apostoli

2127 881 2182 928 et
2207 875 2572 944 evangelistae,
2621 876 2700 930 sic
2739 877 3118 944 praidicamns,
3162 885 3216 931 et
3259 878 3342 930 sic
3381 878 3669 934 credidistis.

2126 962 2202 1016 De
2239 959 2433 1030 quibus
2475 963 2603 1016 alibi
2645 964 2930 1032 pluraliter
2961 965 3192 1019 dicitur:
3231 984 3248 1014 ι
3281 966 3415 1020 Caeli
3445 978 3666 1022 enarrant

2125 1050 2349 1119 gloriam
2390 1051 2481 1104 Dei
2509 1092 2522 1112 ,
2571 1060 2627 1104 et
2670 1067 2835 1120 opera
2869 1068 3126 1106 manuum
3153 1052 3270 1120 ejus
3298 1056 3564 1108 annuntiat
3589 1055 3668 1109 ἣτε

2124 1149 2457 1195 momentum
2503 1140 2674 1212 (Prol.
2714 1145 2891 1211 xviii).
2937 1164 2954 1193 ι
3013 1142 3069 1195 ln
3118 1142 3249 1212 ipsis
3293 1143 3437 1196 enim
3481 1145 3665 1199 sublimi

2122 1227 2231 1282 vita
2259 1237 2311 1281 et
2337 1229 2794 1298 contemplatione
2823 1224 3176 1300 fulgentibus,
3203 1240 3456 1300 tanquam
3483 1233 3530 1284 in
3553 1234 3667 1287 coelo

2122 1333 2219 1372 suo
2252 1317 2498 1372 habitans
2526 1316 2687 1381 Deus,
2723 1329 2874 1374 tonat
2903 1329 3160 1384 terrores,
3203 1321 3339 1391 pluit
3376 1323 3666 1376 consolatio-

2121 1425 2240 1473 nes,
2269 1419 2518 1464 coruscat
2551 1411 2844 1466 miraculis.
2904 1413 2972 1466 Et
3015 1414 3080 1466 de
3126 1414 3228 1467 hoc
3265 1413 3401 1466 caelo
3436 1414 3664 1482 scriptum

2120 1507 2237 1552 est:
2275 1517 2292 1548 ‹
2325 1497 2532 1553 leuni
2564 1501 2687 1554 εαξιί
2715 1502 2942 1556 Domino
2973 1500 3147 1573 (Psal.
3175 1502 3360 1572 exui);
3391 1522 3408 1554 ι
3435 1503 3548 1570 quia
3577 1518 3662 1556 non

2119 1593 2357 1647 humano
2387 1594 2730 1662 magisterio,
2774 1595 2868 1648 sed
2899 1594 3015 1649 solo
3048 1595 3142 1648 Dei
3172 1595 3365 1663 spiritu
3389 1634 3403 1658 ,
3448 1595 3664 1649 claritate

2120 1699 2366 1752 superum
2390 1686 2669 1754 sapientia:
2697 1685 3013 1741 illustratur.
3051 1685 3220 1754 Cujus
3245 1701 3399 1756 poma
3421 1695 3537 1740 sunt
3556 1684 3665 1740 odo-

439 1794 529 1849 illo
574 1791 778 1847 arctius
819 1789 1103 1858 complecti
1153 1788 1370 1856 meruit,
1424 1794 1626 1856 quanto
1663 1802 1693 1840 a
1735 1784 2016 1852 complexu
2046 1758 2094 1816 B
2125 1771 2272 1828 riferi
2301 1788 2363 1827 ac
2388 1774 2697 1829 suavissimi
2725 1775 2984 1829 virtutum
3013 1776 3246 1841 fruetus,
3287 1777 3472 1845 quibus
3506 1777 3664 1844 εορίοι

439 1882 556 1950 ejus
589 1881 769 1935 nullus
801 1880 944 1934 hunc
980 1879 1132 1933 labor
1155 1919 1169 1942 ,
1212 1877 1357 1931 nulla
1389 1876 1667 1934 tribulatio
1711 1874 2016 1944 separabat.

439 1974 540 2040 Qui
569 1985 893 2026 enumerans
919 1969 1130 2022 diversa
1153 1966 1390 2037 pericula
1419 1966 1597 2020 aiebat
1627 1983 1640 2018 :
1681 1983 1699 2015 ι
1725 1963 1832 2018 Sed
1861 1963 1913 2017 in
1937 1963 2022 2017 his

434 2065 688 2119 omnibus
734 2076 1058 2132 superamus
1106 2067 1327 2130 propter
1367 2073 1489 2112 eum
1542 2057 1635 2128 qui
1680 2056 1868 2110 dilexit
1922 2071 2021 2109 nos

435 2155 613 2228 (Rom.
638 2155 800 2225 viii);
840 2174 856 2204 ι
894 2167 960 2206 ac
999 2152 1043 2206 si
1070 2151 1276 2206 diceret
1320 2166 1332 2202 :
1377 2148 1580 2202 Idcirco
1609 2156 1802 2203 cuncta
1833 2147 2021 2201 adver-

436 2246 610 2300 santia
643 2259 743 2314 pro
771 2243 990 2298 Christo
1015 2242 1301 2305 vincimus,
1331 2240 1460 2309 quia
1488 2255 1640 2293 mens
1667 2247 1848 2293 nostra
1881 2254 1911 2291 a
1941 2238 2022 2291 di-

434 2335 682 2390 lectionis
707 2333 823 2402 ejus
849 2332 1072 2387 brachio
1108 2347 1214 2385 non
1243 2329 1466 2385 recedit.

513 2446 532 2478 ι
578 2425 776 2494 Joseph
802 2441 1014 2494 quoque
1033 2424 1109 2478 ait
1129 2443 1140 2476 :
1162 2424 1237 2478 De
1252 2422 1627 2477 benedictione
1639 2419 1855 2474 Domini
1873 2428 2021 2475 terra

443 2538 462 2569 ι
507 2516 645 2585 ejus,
691 2516 756 2569 de
797 2516 976 2585 pomis
1009 2514 1153 2576 cceli,
1195 2523 1250 2568 et
1279 2527 1401 2567 rore
1431 2520 1590 2581 atque
1617 2511 1814 2582 abysso
1843 2509 2021 2578 subja-

441 2628 458 2658 ι
503 2618 660 2664 cente
709 2605 784 2661 De
805 2605 978 2676 pomis
1001 2603 1274 2657 fructuum
1305 2601 1433 2655 solis
1455 2616 1517 2654 ac
1539 2600 1700 2662 lunae,
1728 2600 1793 2654 de
1818 2599 2021 2653 vertice

441 2721 459 2752 ι
505 2701 851 2770 antiquorum
884 2695 1146 2750 montium
1173 2734 1188 2759 ,
1231 2693 1298 2747 de
1337 2692 1514 2764 pomis
1540 2691 1758 2746 collium
1790 2697 2021 2745 esterno-

439 2813 458 2844 ι
507 2807 649 2855 rum,
683 2799 737 2844 et
761 2790 827 2843 de
856 2787 1100 2859 frugibus
1133 2795 1314 2850 terra},
1341 2792 1397 2842 et
1422 2784 1488 2838 de
1517 2781 1851 2852 plenitudine
1881 2781 2014 2851 ejus.

441 2904 458 2936 ‹
505 2881 818 2937 Benedictio
850 2879 991 2933 illius
1019 2877 1109 2946 qui
1148 2874 1398 2946 apparuit
1434 2874 1488 2928 in
1521 2871 1683 2932 rubo,
1721 2872 1906 2926 veniat
1932 2888 2021 2926 su‘

441 2991 459 3024 α
505 2988 601 3044 per
629 2978 788 3040 caput
819 2967 1038 3038 Ioseph,
1076 2975 1129 3020 et
1159 2981 1322 3036 super
1351 2964 1612 3018 verticem
1645 2961 1906 3028 Nazaraii,
1939 2962 2021 3015 in-

440 3083 458 3114 ‹
499 3072 582 3117 ter
621 3061 818 3115 fratres
846 3074 991 3114 suos.
1034 3055 1199 3123 Quasi
1230 3054 1573 3126 primogeniti
1610 3053 1751 3107 tauri
1784 3051 2018 3122 pulchri-

441 3173 459 3204 ε
503 3155 630 3207 tudo
667 3151 784 3222 ejus
820 3165 833 3202 :
867 3164 1068 3203 cornua
1112 3145 1489 3206 rhinocerotis,
1525 3157 1731 3197 cornua
1766 3141 1927 3195 illius.
1957 3140 2018 3195 lu

438 3263 458 3294 ι
504 3243 635 3310 ipsis
664 3239 948 3293 ventilabit
975 3243 1161 3304 gentes
1189 3249 1361 3301 usque
1387 3233 1455 3286 ad
1484 3232 1743 3286 terminos
1772 3239 1950 3293 terrae,
1994 3249 2013 3282 ι

431 3309 537 3390 etc.
581 3331 888 3388 Secundum
921 3327 1221 3390 historiam,
1255 3326 1307 3380 in
1338 3324 1714 3379 benedictione
1751 3331 1911 3377 terrae
1933 3309 2021 3377 Je-

433 3425 564 3495 seph
610 3419 876 3491 significat
915 3415 1249 3471 fertilitatem
1290 3423 1469 3478 terrae,
1510 3429 1672 3482 quam
1704 3412 1823 3466 dum
1849 3411 2020 3466 tribus

432 3531 501 3571 ex
530 3512 731 3582 Joseph
759 3508 990 3581 genitas,
1034 3509 1140 3562 hoc
1185 3515 1287 3569 est,
1328 3505 1585 3574 Ephraim
1622 3511 1677 3585 et
1723 3503 2016 3567 Manasses,

433 3607 669 3661 habuere
697 3621 712 3657 :
746 3602 858 3657 sive
897 3600 950 3654 in
980 3600 1229 3654 ubertate
1259 3597 1473 3668 frugum
1516 3607 1678 3665 atque
1711 3610 2017 3665 pomorum,

434 3697 547 3753 sive
589 3696 640 3749 in
671 3702 827 3763 pastu
857 3705 1135 3761 pecorum.
1169 3689 1324 3756 Quod
1363 3697 1542 3742 autem
1573 3696 1854 3756 comparat
1894 3703 2017 3742 cor-

432 3803 539 3841 nua
559 3783 758 3852 Joseph
786 3779 1040 3836 cornibus
1071 3778 1452 3842 rhinocerotis,
1485 3776 1756 3847 significat
1779 3775 2017 3830 futurum

350 3897 355 3906 ·
436 3878 578 3948 quod
611 3875 786 3928 tribus
811 3857 1068 3940 Ephraini
1099 3868 1460 3938 principatum
1497 3867 1746 3920 habitura
1775 3867 1846 3919 sit
1879 3854 2021 3919 inter

434 3971 620 4023 decem
651 3965 822 4018 tribus
843 3977 962 4032 qua:
989 3968 1251 4029 separata:
1277 3967 1402 4012 sunt
1431 3973 1460 4011 a
1486 3959 1645 4011 domo
1676 3957 1849 4011 David
1879 3964 2017 4010 tein-

434 4062 656 4134 poribus
683 4059 922 4114 Roboam
955 4051 1049 4108 filii
1093 4052 1396 4107 Salomonis
1417 4092 1430 4116 ,
1461 4060 1516 4105 et
1563 4058 1922 4121 regnaverunt
1966 4051 2021 4104 in

437 4152 704 4209 Samaria.
735 4146 1063 4218 Spiritaliter
1087 4154 1288 4207 autem,
1320 4151 1463 4196 terra
1491 4138 1711 4208 Joscph,
1741 4140 1832 4210 qui
1862 4141 2020 4194 inter-

435 4253 680 4317 pretatur
716 4248 930 4302 auctus,
978 4234 1221 4290 Ecclesia
1265 4240 1349 4286 est
1383 4231 1595 4285 Domini
1636 4229 1762 4284 Jesu
1795 4230 2017 4293 Christi,

436 4341 502 4394 de
549 4352 655 4408 qua
701 4331 992 4388 Psalmista
1043 4326 1190 4382 canit
1229 4344 1240 4378 :
1278 4344 1296 4376 ι
1347 4321 1712 4388 Benedixisti,
1759 4323 2018 4388 Domine,

439 4438 639 4482 terram
689 4435 834 4478 tuam
885 4417 1059 4492 (Psal.
1103 4415 1344 4504 Lsxxw).
1383 4436 1400 4466 ι
1460 4415 1589 4482 Qua:
1636 4417 1686 4470 in
1748 4415 1852 4470 fide
1902 4414 2096 4515 ejusD

437 4516 614 4573 stabili
665 4512 920 4567 firmitate
966 4498 1210 4570 fundata,
1261 4522 1366 4561 non
1397 4507 1615 4575 propria
1648 4506 1870 4570 virtute,
1924 4507 2018 4560 sed

438 4602 812 4659 benedictione
861 4597 1071 4651 Domini
1109 4596 1370 4648 virtutum
1406 4590 1608 4650 divitiis
1657 4596 2014 4664 adimpletur,

440 4677 650 4749 dicente
681 4689 845 4744 Paulo
888 4706 901 4741 :
948 4707 965 4736 ι
998 4686 1320 4741 Benedictus
1364 4685 1506 4740 Deus
1534 4695 1588 4740 et
1615 4685 1777 4740 Pater
1804 4686 2016 4740 Domini

443 4786 612 4840 nostri
675 4782 802 4838 Jesu
857 4777 1057 4835 Christi
1117 4779 1208 4848 qui
1269 4778 1545 4833 benedixit
1603 4794 1702 4832 nos
1763 4777 1817 4832 in
1871 4778 2019 4832 omni

444 4875 814 4932 benedictione
859 4869 1088 4939 spiritali
1137 4869 1189 4936 in
1236 4868 1546 4923 coelestibus
1593 4868 1646 4922 in
1693 4866 1928 4922 Christo.
1994 4886 2012 4919 i

444 4970 570 5024 llaic
622 4967 674 5019 in
721 4961 1009 5032 Evangelio
1033 4970 1254 5030 accepta
1294 4972 1534 5016 semente
1571 4959 1716 5015 verbi
1749 4959 1864 5024 Dei,
1895 4976 2021 5014 cen-

445 5061 697 5116 tesimum
728 5057 780 5110 in
833 5054 1154 5123 virginibus,
1203 5053 1596 5123 sexagesimum
1631 5051 1684 5104 in
1737 5050 2022 5105 continen-

446 5154 608 5216 tibus,
663 5147 996 5218 trigesimum
1056 5145 1108 5198 in
1171 5144 1421 5198 castitate
1487 5140 1721 5210 conjugii
1790 5141 2023 5196 fructum

444 5243 639 5298 offerre
677 5243 1026 5293 monstratur.
1067 5232 1268 5302 Josepli
1317 5233 1459 5286 enim
1502 5230 1774 5286 Christum
1821 5232 2026 5300 signifi-

445 5344 565 5394 cat.
611 5333 700 5403 qui
754 5347 783 5384 a
821 5327 1022 5382 Iudaeis
1076 5325 1230 5395 quasi
1283 5324 1541 5378 fratribus
1591 5324 1704 5378 suis
1756 5323 2018 5392 abjectus,

445 5427 498 5482 in
528 5435 639 5478 tota
669 5423 903 5494 Egypto
933 5418 1092 5487 hujus
1122 5416 1302 5471 saeculi
1331 5415 1585 5484 princeps
1616 5412 1790 5470 factus
1815 5424 1931 5479 est,
1967 5424 2024 5471 et

444 5518 755 5572 universum
778 5527 948 5583 genus
965 5511 1258 5564 humanum
1282 5505 1351 5559 ab
1370 5515 1572 5560 aeterna
1591 5503 1754 5569 famis
1773 5505 2020 5576 penuria,

445 5605 735 5674 evangelici
763 5600 1014 5656 frumenti
1056 5596 1366 5667 crogatione
1403 5595 1669 5652 liberavit.
1712 5594 2024 5664 Nomenque

448 5695 575 5750 illud
597 5735 609 5751 .
639 5694 778 5761 quod
807 5691 1002 5760 .loscph
1031 5690 1208 5746 fuerat
1237 5689 1576 5742 immutatum
1610 5687 1661 5740 in
1690 5702 1746 5741 se
1776 5685 2023 5756 probavit

2121 1864 2336 1919 sissiine
2367 1872 2510 1919 terra
2540 1874 2741 1920 sancta:
2769 1865 3045 1932 Ecclesize,
3075 1868 3200 1920 dum
3239 1882 3420 1921 eorum
3451 1874 3662 1921 contem-

2119 1955 2358 2025 platione
2389 1955 2636 2024 proficit,
2669 1955 3044 2026 locupletatur.
3097 1951 3173 2010 De
3211 1956 3406 2025 quibus
3431 1955 3589 2023 pomis
3620 1961 3664 2006 et

2120 2046 2408 2111 fructibus,
2441 2048 2520 2101 eis
2562 2063 2592 2100 a
2634 2048 2864 2102 Domino
2892 2048 3094 2102 dictum
3135 2056 3217 2102 est
3249 2066 3261 2101 :
3295 2065 3312 2099 ι
3343 2046 3454 2101 Non
3485 2060 3568 2099 vos
3593 2056 3667 2098 me

2120 2136 2382 2206 elegistis,
2422 2136 2516 2192 sed
2545 2152 2643 2206 ego
2681 2137 2816 2208 elegi
2862 2153 2981 2201 vos,
3020 2147 3075 2192 et
3110 2139 3268 2208 posui
3313 2152 3425 2197 vos,
3463 2143 3517 2188 ut
3549 2134 3662 2186 eatis

2118 2235 2173 2282 et
2200 2226 2434 2287 fractum
2462 2226 2720 2293 afferatis,
2751 2237 2806 2281 et
2835 2226 3042 2282 fructus
3068 2236 3252 2282 vester
3280 2234 3488 2281 maneat
3506 2224 3658 2294 (Joaii.

2119 2315 2233 2386 xv).
2267 2337 2283 2368 ι
2326 2317 2436 2370 Bos
2461 2332 2591 2370 vero
2637 2331 2705 2370 ex
2751 2317 2855 2370 hoc
2900 2316 3038 2370 cmlo
3076 2317 3430 2380 descendens,
3458 2311 3663 2368 ccclestis

2120 2415 2204 2460 est
2229 2407 2546 2475 praedicatio
2577 2407 2728 2460 mira
2760 2406 3078 2462 subtilitatis
3105 2415 3160 2460 et
3188 2406 3404 2476 gratiae,
3442 2419 3536 2474 qua
3563 2418 3662 2459 cie-

2119 2494 2358 2550 dentium
2385 2496 2568 2559 corda,
2600 2511 2667 2548 ne
2705 2495 3066 2548 tentationum
3097 2503 3234 2549 testu
3267 2503 3546 2556 arescant,
3585 2493 3660 2548 sed

2120 2588 2560 2643 iminarcescibili
2588 2588 2852 2642 virtutum
2879 2588 3157 2642 viriditate
3184 2588 3451 2656 polleant,
3489 2587 3662 2642 medela

2119 2678 2248 2734 litus
2273 2678 2596 2732 irrorantur.
2623 2677 2698 2731 De
2723 2679 2825 2732 hoc
2851 2693 2974 2732 rore
2998 2679 3226 2748 mystice
3255 2679 3307 2732 in
3331 2679 3663 2734 benedictione

2118 2767 2285 2822 Jacob
2315 2767 2510 2822 dicitur
2537 2785 2550 2820 :
2584 2786 2602 2817 ‹
2635 2767 2736 2821 Det
2774 2767 2869 2822 tibi
2911 2767 3052 2822 Deus
3082 2767 3147 2821 de
3178 2783 3308 2823 rore
3336 2768 3450 2823 cadi
3470 2808 3484 2832 ,
3524 2778 3573 2824 et
3608 2769 3660 2822 de

2119 2858 2443 2928 pinguedine
2468 2866 2626 2912 terra:
2654 2857 3043 2912 abundantiam
3070 2857 3355 2922 frumenti,
3380 2859 3479 2914 vini
3507 2869 3556 2914 et
3575 2859 3659 2913 olei

2120 2950 2273 3024 (Gen.
2301 2950 2494 3022 xxvii).
2532 2970 2550 3001 ι
2605 2950 2711 3005 Sed
2743 2957 2885 3004 terra
2912 2948 3109 3020 Ioseph
3140 2953 3317 3006 nostri
3353 2952 3400 3006 in
3430 2952 3658 3020 pinguiori

2121 3044 2399 3100 fertilitate
2425 3044 2609 3114 viget,
2663 3057 2785 3097 cum
2833 3043 3059 3097 interna:
3085 3043 3280 3112 gratia:
3328 3044 3476 3098 nobis
3517 3043 3658 3106 datae,

2120 3137 2275 3208 quasi
2297 3135 2362 3191 de
2381 3137 2578 3206 abysso
2602 3132 2933 3202 subjacente,
2959 3135 3246 3188 humorem
3276 3135 3475 3188 vitalem
3502 3133 3659 3193 trahit,

2119 3236 2174 3284 et
2200 3227 2348 3283 fonte
2373 3227 2500 3280 vitae
2537 3226 2660 3280 inde
2701 3224 3060 3289 ascendente,
3104 3226 3250 3281 sicut
3292 3225 3552 3296 paradisus
3577 3225 3661 3278 Do-

2119 3316 2250 3372 mini
2279 3315 2554 3385 irrigatur,
2579 3314 2791 3369 dicente
2814 3313 3129 3384 Scriptura:
3162 3335 3179 3366 i
3215 3316 3359 3370 Fons
3381 3314 3661 3371 ascendebat

2119 3423 2150 3460 e
2179 3416 2325 3462 terra
2359 3405 2592 3475 irrigans
2628 3405 2940 3459 universam
2982 3405 3329 3474 superficiem
3364 3416 3508 3461 terra:
3530 3402 3657 3473 (Ceu.

2120 3497 2204 3567 ii).
2243 3517 2260 3549 ι
2301 3497 2379 3551 De
2403 3497 2507 3551 hac
2529 3496 2724 3567 abysso
2749 3509 2912 3565 super
2935 3495 3215 3552 Salvatore
3246 3499 3300 3551 in
3327 3493 3660 3552 Ecclesiastico

2119 3590 2351 3644 dicitur:
2385 3607 2402 3639 ι
2433 3588 2475 3642 Α
2507 3589 2644 3642 mari
2691 3588 2838 3642 enim
2886 3587 3183 3642 abundavit
3233 3604 3422 3644 sensus
3447 3588 3579 3657 ejus,
3615 3592 3658 3638 et

2120 3681 2388 3750 cogitatus
2438 3680 2584 3734 illius
2632 3680 2698 3734 de
2745 3681 2942 3749 abysso
2990 3693 3184 3747 magna
3240 3679 3408 3750 (Eccl.
3453 3675 3601 3742 xxiv).
3639 3693 3653 3724 ι

2119 3772 2344 3827 Frustra
2371 3773 2517 3828 enim
2547 3771 2843 3841 quemlibet
2867 3772 3108 3826 exterius
3144 3786 3331 3826 sermo
3357 3769 3574 3825 doctoris
3597 3766 3658 3820 ir-

2120 3873 2300 3925 rorat,
2339 3864 2445 3918 nisi
2485 3864 2714 3917 interius
2741 3863 2884 3918 adsit
2911 3862 3143 3931 irrigans
3174 3863 3354 3930 gratia
3383 3856 3656 3915 conditoris.

2123 3955 2275 4012 Unde
2302 3957 2479 4010 adhuc
2506 3955 2755 4010 subditur
2781 3973 2793 4008 :
2825 3973 2844 4004 ε
2876 3954 2951 4009 De
2977 3954 3154 4022 pomis
3180 3952 3450 4009 fructuum
3477 3949 3590 4005 solis
3609 3961 3656 4000 ac

2120 4046 2277 4101 lunze.
2310 4066 2329 4098 ι
2372 4045 2461 4100 Sol
2492 4046 2690 4100 etenim
2721 4045 2945 4114 justitite
2980 4043 3244 4098 Dominus
3275 4043 3426 4100 Jesus
3452 4041 3658 4096 Christus

2119 4144 2231 4199 est,
2262 4136 2355 4204 qui
2386 4137 2441 4189 in
2465 4135 2755 4205 Evangelia
2781 4135 2846 4189 de
2873 4135 3053 4203 seipso
3074 4135 3188 4187 ait:
3221 4153 3242 4184 ι
3280 4133 3424 4187 Tunc.
3442 4129 3558 4200 justi
3581 4125 3660 4181 ful-

2122 4229 2321 4298 gebunt
2343 4227 2483 4282 sicut
2509 4227 2587 4281 sol
2614 4227 2668 4280 in
2695 4239 2860 4296 regno
2883 4224 3063 4281 Patris
3087 4240 3279 4280 eorum
3315 4224 3496 4296 (Marc.
3516 4217 3615 4284 xu).
3640 4236 3654 4266 ι

2123 4317 2274 4384 Quod
2296 4329 2571 4385 exponens
2593 4314 2846 4379 Joannes,
2877 4314 2987 4367 ait:
3017 4332 3035 4362 ι
3065 4311 3283 4368 Scimus
3306 4311 3540 4382 quoniam
3559 4318 3657 4359 cum

2124 4407 2469 4478 apparuerit,
2518 4405 2726 4461 similes
2770 4405 2821 4460 ei
2867 4404 3092 4467 erimus,
3121 4405 3376 4472 quoniam
3403 4399 3660 4455 videbims

2122 4516 2244 4555 eum
2269 4540 2284 4564 ,
2335 4499 2493 4554 sicuti
2544 4505 2628 4553 est
2669 4495 2721 4566 (Ι
2755 4495 2918 4552 Joan.
2949 4497 3056 4566 iii).
3090 4515 3109 4547 δ
3167 4495 3339 4562 Hujus
3379 4494 3526 4564 igitur
3555 4487 3661 4542 solis

2122 4591 2332 4646 fructus
2385 4590 2523 4646 dona
2555 4597 2681 4644 sunt
2713 4588 3073 4657 spiritualium
3104 4588 3516 4647 charismatum,
3552 4593 3660 4661 qups

2122 4695 2449 4736 enumerans
2469 4677 2758 4748 Apostolus
2785 4677 2900 4730 ait:
2935 4695 2953 4727 ‹
2983 4675 3216 4730 Fructus
3242 4684 3416 4730 autem
3441 4669 3656 4742 Spiritus.

2122 4773 2359 4827 Charitas
2378 4781 2481 4832 est,
2505 4771 2776 4840 gaudium,
2799 4785 2925 4839 pax,
2947 4769 3350 4840 longanimitas,
3377 4761 3656 4832 benignitas.

2120 4864 2364 4924 bonitas,
2415 4861 2805 4923 mansuetudo,
2851 4859 3364 4924 fides,.modestia,
3407 4847 3659 4924 patientia,

2122 4956 2349 5010 castitas
2375 4952 2518 5024 (Gal.
2545 4952 2624 5023 v).
2662 4951 2951 5006 Fructibus
2978 4959 3159 5004 autem
3189 4949 3318 5003 solis
3346 4945 3426 5001 sui
3454 4943 3562 4995 luna
3587 4935 3662 4988 de-

2123 5047 2383 5108 claratur,
2434 5059 2556 5098 cum
2601 5058 2698 5112 per
2725 5041 3284 5097 subministrationem
3314 5035 3534 5106 Spiritus
3557 5025 3662 5081 .lrsu

2124 5136 2356 5198 Christi,
2398 5143 2584 5187 sancta
2617 5131 2856 5187 Ecclesia
2897 5131 3162 5186 donorum
3195 5124 3536 5200 spiritualium
3563 5117 3664 5170 dole

2126 5227 2348 5280 (litatur.
2384 5222 2536 5277 Unde
2561 5223 2637 5276 ait
2661 5221 2988 5292 Apostolus:
3024 5239 3040 5270 i
3077 5219 3374 5286 Unicuique
3399 5223 3562 5268 autem
3588 5217 3664 5289 n0-

2124 5327 2296 5373 strum
2324 5315 2450 5369 data
2485 5324 2569 5370 est
2597 5315 2771 5384 gratia
2801 5313 3096 5367 secundum
3129 5321 3436 5364 mensuram
3460 5294 3664 5355 donatio'

2125 5409 2210 5462 nis
2233 5406 2435 5461 Christi
2457 5405 2672 5475 (Eplies.
2704 5403 2803 5473 iv),
2826 5422 2845 5456 i
2884 5403 2936 5457 id
2962 5410 3068 5464 est,
3097 5401 3171 5454 ita
3197 5407 3320 5454 sunt
3346 5397 3537 5463 fructus
3559 5384 3664 5442 solis

2126 5515 2189 5553 ac
2235 5499 2410 5552 lunie:
2466 5495 2610 5550 illius
2657 5494 2858 5557 dando,
2891 5493 3053 5562 hujus
3091 5488 3416 5560 accipiendo.
3471 5481 3664 5543 Semper

2126 5603 2257 5659 ergo
2287 5587 2411 5640 luna
2445 5584 2611 5640 solem
2642 5599 2796 5638 suum
2831 5583 2990 5653 plena
3018 5581 3301 5636 devotione
3331 5569 3663 5659 respiciaizue

2130 5683 2174 5736 si
2194 5653 2271 5735 ab
2303 5679 2390 5734 illo
2423 5691 2517 5748 per
2547 5676 2853 5746 superbiam
2893 5683 3188 5728 avertatur.
3233 5669 3344 5738 ejus
3387 5661 3536 5719 radiis
3564 5653 3660 5709 illu-
