3964 6192
332 311 441 369 997

1006 332 1009 335 -
1071 377 1075 382 ,
1114 299 1529 361 ENARRATIO
1567 298 1794 359 sum-3n
1832 298 2453 361 osureaouomtm.
2495 336 2563 346 -.
2600 304 2728 363 LIB.
2771 302 2856 363 tv.

3497 318 3602 374 998

334 426 506 482 strari
541 438 647 477 non
687 427 979 476 mereatur.
1024 416 1101 472 De
1129 417 1233 472 hac
1257 416 1383 471 luna
1412 417 1466 470 in
1493 414 1718 471 Cantico
1748 414 1923 469 canti-
1953 421 2003 480 Α
2029 431 2122 472 rus
2153 415 2383 471 Samson
2430 432 2514 471 ex:
2546 429 2711 473 utero
2734 421 3013 490 genitricis
3044 420 3375 497 .Nazaratus,
3426 429 3481 485 id
3525 415 3609 488 es"

335 531 527 572 eorum
557 512 756 569 dicitur
781 529 793 564 :
818 529 836 562 ι
858 509 988 576 Qua:
1009 517 1095 564 est
1120 510 1247 573 ista,
1274 523 1395 578 qua:
1421 507 1767 578 progreditur
1790 507 1930 561 sicut

334 622 535 661 aurora
562 587 916 671 consurgens,
940 598 1167 670 pulchra
1192 607 1253 653 ut
1276 599 1423 662 luna,
1444 606 1551 652 etc.
1571 596 1749 668 (Cant.
1772 596 1872 668 γι).
1903 617 1924 651 ι

341 715 361 747 ι
400 696 478 750 De
512 693 712 748 vertice
740 691 1002 745 montium
1033 688 1411 757 antiquorum,
1451 687 1517 742 de
1553 686 1728 757 pomis
1763 690 1933 740 aster;

338 799 535 840 norum
565 782 804 838 collium.
838 800 856 831 ι
899 779 1129 843 Montes,
1166 779 1373 847 antiqui
1404 785 1531 832 sunt
1565 777 1927 846 patriarchae;

339 882 467 931 sunt
497 880 552 926 et
583 871 861 940 propheta:
887 868 996 921 vita
1027 866 1178 931 celsi,
1209 874 1265 922 et
1292 867 1360 920 ad
1389 866 1803 935 contemplanda
1834 865 1927 918 Dei

337 961 596 1034 mysteria
646 958 951 1014 sublimiter
993 957 1181 1012 erecti.
1242 953 1417 1010 Colles
1463 955 1692 1021 aeterni,
1746 954 1928 1009 czeteri

329 1054 464 1124 justi
484 1053 700 1108 Veteris
715 1046 1073 1111 Tes't'amenti,
1092 1058 1349 1118 tanquam
1374 1047 1450 1117 pii
1474 1054 1531 1101 et
1555 1046 1786 1103 humiles
1808 1034 1924 1112 ﬁlii,

335 1145 392 1199 in
425 1159 616 1199 eorum
647 1140 784 1205 ﬁde,
832 1140 1093 1195 immobili
1126 1139 1381 1193 ﬁrmitate
1429 1138 1658 1192 fundati.
1719 1138 1794 1192 De
1838 1137 1926 1191 his

335 1236 615 1291 montibus
636 1242 691 1288 et
712 1234 939 1289 collibus
963 1233 1134 1289 Isaias
1157 1232 1531 1289 excellentiam
1560 1232 1772 1287 Domini
1799 1247 1930 1287 con-

336 1326 636 1397 tcmplatus
661 1326 775 1380 ait:
813 1343 830 1374 ι
863 1325 985 1378 Erit
1013 1325 1067 1378 in
1100 1324 1410 1378 novissimis
1441 1323 1631 1378 diebus
1655 1336 1930 1394 praepara-

333 1425 427 1471 tus
457 1432 616 1471 mons
642 1417 833 1471 domus
865 1415 1078 1470 Domini
1114 1414 1167 1468 in
1193 1415 1398 1469 vertice
1424 1415 1707 1480 montium,
1740 1424 1795 1469 et
1819 1415 1929 1469 cle-

333 1507 559 1562 vabitur
590 1523 753 1576 super
779 1505 944 1560 colles
971 1504 1106 1576 (lsa.
1132 1503 1215 1576 ιι).
1249 1524 1267 1556 ι
1313 1504 1551 1571 Quorum
1578 1505 1756 1574 pomis
1784 1513 1926 1558 terra
1992 1508 1997 1513 ’

335 1595 541 1669 Ioseph
589 1596 946 1661 benedicitur,
997 1611 1120 1650 cum
1166 1595 1410 1651 Ecclesia
1440 1594 1644 1650 Christi
1680 1581 1927 1650 doctrina

332 1690 655 1762 prophetiae,
680 1698 734 1743 et
757 1687 1007 1757 exemplo
1030 1686 1245 1741 virtutis
1272 1702 1458 1741 eorum
1490 1686 1544 1741 in
1575 1685 1678 1740 ﬁde
1700 1685 1921 1751 Christi,

2030 509 2141 564 Deo
2196 519 2575 575 consecratus,
2625 511 2775 565 velut
2820 523 3025 583 septem
3074 517 3290 575 intactis
3341 522 3605 588 crinibus,

2028 600 2258 672 insignis
2290 598 2526 671 effulget.
2580 602 2733 670 Quod
2773 613 2954 661 autem
3000 606 3306 666 benedictio
3335 613 3480 670 illius
3508 617 3603 686 qui

2029 708 2293 761 apparens
2321 690 2373 746 in
2401 694 2556 756 rubo,
2589 690 2754 765 Moysi
2782 696 2859 749 ait
2885 711 2899 749 :
2936 714 2953 746 ι
2985 696 3099 767 Ego
3125 716 3244 754 sum
3271 703 3412 759 Deus
3436 706 3612 760 Abra-

2029 781 2177 846 ham,
2206 792 2261 836 et
2290 782 2434 837 Deus
2457 782 2648 848 Iacob,
2678 795 2732 839 et
2767 785 2911 841 Deus
2939 787 3089 842 Isaac
3118 789 3315 858 (Exod.
3346 794 3452 859 ιιι),
3488 814 3506 847 ι
3556 798 3611 850 in

2029 882 2189 940 caput
2211 871 2411 943 Ioseph
2434 885 2660 928 ventura
2687 877 2997 945 pnedicitur
3016 879 3145 935 illud
3166 882 3410 950 profecto
3431 897 3613 940 osten-

2029 965 2294 1037 dit,llquod
2319 967 2609 1035 promissio
2630 968 2727 1022 Dei
2749 970 2817 1023 ad
2838 971 3057 1039 eosdem
3082 974 3422 1042 patriarchas
3447 976 3610 1043 facta,

2030 1057 2084 1110 in
2121 1054 2338 1112 Christo
2383 1066 2526 1115 esset
2570 1058 2834 1128 explenda
2863 1079 2885 1113 :.
2912 1062 3161 1117 videlicet
3204 1071 3265 1121 ut
3308 1066 3362 1120 in
3403 1069 3612 1123 semine

2030 1145 2270 1215 ipsorum
2310 1146 2796 1213 demonstraretur,
2836 1150 2889 1204 id
2908 1159 3023 1213 .est,
3056 1162 3116 1206 ut
3148 1155 3200 1207 in
3233 1170 3297 1209 eo
3328 1156 3616 1214 benedice-

2027 1245 2219 1290 rentur
2245 1251 2435 1292 omnes
2463 1247 2653 1308 gentes
2685 1249 2845 1295 terra:
2871 1242 2936 1295 de
2963 1241 3116 1310 cujus
3148 1243 3326 1299 futura
3356 1249 3609 1315 passione

2029 1334 2084 1381 et
2115 1342 2242 1383 mox
2277 1336 2538 1399 sequente
2569 1330 2981 1385 resurrectionis
3009 1331 3201 1402 gloria,
3233 1334 3569 1389 subinfertur
3596 1351 3610 1389 :

2035 1436 2054 1470 ι
2089 1418 2254 1486 Quasi
2292 1420 2652 1490 primogenita
2696 1422 2834 1476 tauri
2874 1422 3224 1493 pulchritudo
3259 1426 3396 1493 ejus.
3430 1447 3448 1479 ι
3497 1427 3615 1497 [pse

2028 1517 2113 1564 est
2150 1510 2291 1564 enim
2334 1520 2524 1566 taurus
2551 1520 2606 1565 et
2634 1514 2832 1567 vitulus
2860 1515 3137 1584 saginatus
3167 1532 3326 1586 quem
3348 1518 3506 1575 velut
3540 1536 3606 1574 ex

2026 1599 2216 1657 electis
2234 1599 2408 1654 bobus
2430 1601 2859 1670 patriarcharum
2884 1604 3051 1672 stirpe
3075 1606 3367 1659 secundum
3393 1622 3614 1663 carnem

2026 1691 2367 1760 progenitum
2396 1732 2411 1756 ,
2466 1691 2576 1746 ﬁlio
2627 1693 2912 1761 puenitenti
2958 1704 3113 1763 pater
3155 1694 3615 1753 clementissimus

335 1780 662 1851 promptiori
706 1779 908 1849 pietate
952 1775 1261 1832 fructiﬁcat.
1325 1777 1391 1830 Et
1440 1777 1756 1832 intuendum
1799 1778 1924 1846 quia
1954 1773 2001 1832 B
2030 1781 2348 1835 immolavit.
2404 1780 2510 1836 Sed
2550 1782 2637 1836 die
2680 1783 2840 1837 tertia
2892 1800 2923 1837 a
2971 1785 3201 1839 mortuis
3232 1788 3603 1849 resuscitatus,

334 1882 501 1941 supra
530 1871 582 1924 in
610 1869 791 1940 pomis
817 1877 871 1924 et
900 1868 1024 1923 rore
1052 1868 1175 1923 caeli
1207 1868 1455 1922 doctrina
1481 1868 1813 1938 evangelica,
1838 1868 1926 1923 hic

333 1962 392 2016 in
415 1962 618 2016 virtute
642 1960 987 2029 antiquorum
1013 1959 1298 2023 montium,
1322 1967 1376 2012 et
1400 1958 1577 2027 pomis
1601 1967 1927 2037 teternorum

337 2052 586 2117 collium,
614 2051 861 2106 doctrina
893 2049 1081 2120 legalis
1108 2057 1164 2104 et
1190 2048 1474 2119 prophetia
1507 2049 1840 2116 designatur,
1872 2056 1927 2103 et

339 2143 591 2214 utrisque
620 2150 763 2197 terra
790 2140 988 2209 Ioseph
1018 2138 1394 2209 locupletatur,
1448 2138 1574 2208 quia
1614 2144 1800 2191 sancta
1834 2137 1929 2191 Ec-

335 2234 506 2290 clesia
556 2234 839 2303 utriusque
870 2219 1202 2286 Testamenti
1252 2229 1465 2300 paginis
1516 2229 1826 2294 instruitur,
1872 2236 1927 2283 et

336 2340 605 2381 novorum
639 2333 694 2378 et
726 2331 972 2377 veterum
1014 2331 1229 2391 patrum
1260 2320 1584 2384 virtutibus,
1627 2319 1694 2373 ad
1724 2330 1931 2375 sancta

338 2415 775 2473 conversationis
793 2414 968 2469 studia
993 2412 1335 2468 informatur.
1364 2411 1515 2466 Unde
1532 2412 1706 2467 eidem
1729 2427 1928 2482 sponso

338 2510 398 2564 in
425 2507 654 2563 Cantico
672 2506 1004 2562 canticorum
1034 2503 1235 2559 dicitur
1261 2521 1273 2557 :
1307 2521 1326 2550 σ
1358 2501 1549 2558 Omnia
1579 2518 1759 2571 poma,
1792 2503 1927 2557 dile-

338 2607 429 2655 cte
456 2597 565 2663 mi,
600 2612 738 2652 nova
770 2603 825 2651 et
851 2604 1038 2653 vetera
1069 2594 1280 2649 servavi
1308 2594 1402 2648 tibi
1431 2591 1609 2664 (Cant.
1638 2594 1756 2659 vn).
1790 2614 1808 2646 ι
1862 2594 1929 2648 Et

335 2689 459 2759 ipse
490 2685 907 2755 quvangclio:
953 2702 973 2735 ι
1012 2682 1204 2740 Omnis
1231 2684 1406 2737 scriba
1437 2682 1632 2737 doctus
1666 2683 1721 2735 in
1759 2695 1928 2752 regno

336 2780 605 2835 caelorum
624 2818 640 2842 ,
670 2776 864 2831 similis
893 2784 979 2830 est
1006 2773 1212 2829 homini
1243 2771 1647 2843 patrifamilias,
1678 2773 1768 2841 qui
1798 2788 1926 2842 pro-

338 2869 448 2924 fert
477 2867 546 2923 de
578 2867 834 2921 thesauro
864 2881 964 2920 suo
998 2879 1135 2918 nova
1174 2871 1229 2916 et
1266 2871 1446 2916 vetera
1476 2860 1692 2932 (Matth.
1723 2859 1863 2932 xm).
1900 2881 1920 2913 ι

338 2958 536 3013 Merito
582 2958 768 3027 itaque
816 2954 1096 3010 Manichtci
1131 2962 1188 3008 et
1215 2952 1427 3018 Iudaei,
1483 2953 1611 3006 dum
1654 2951 1730 3005 illi
1772 2961 1928 3006 vetus

337 3049 647 3121 recipiunt,
681 3049 770 3104 isti
802 3056 954 3101 vetus
982 3062 1087 3100 non
1117 3045 1388 3114 recipiunt
1415 3050 1830 3108 testamentum,
1872 3042 1924 3096 in

2031 1869 2308 1940 discipulis
2337 1873 2450 1927 suis
2479 1873 2746 1943 gloriosus
2792 1874 3080 1944 apparuit;
3131 1876 3197 1931 de
3241 1892 3347 1947 quo
3375 1876 3612 1935 Ioannes

2032 1963 2084 2016 in
2108 1961 2428 2033 Apocalypsi
2460 1964 2734 2033 loquitur:
2771 1983 2790 2015 ι
2821 1965 3219 2033 Primogcnitus
3250 1976 3611 2035 mortuorum,

2029 2064 2084 2112 et
2110 2058 2364 2126 princeps
2388 2072 2573 2126 regum
2598 2067 2760 2112 teme
2782 2058 2964 2129 (Apoc.
2988 2059 3049 2129 1).
3077 2080 3095 2112 ι
3129 2060 3195 2114 Et
3223 2060 3417 2115 Paulus
3438 2062 3567 2116 dicit
3593 2079 3611 2116 :

2035 2165 2055 2198 ι
2080 2147 2233 2202 Nunc
2261 2157 2440 2203 autem
2468 2147 2719 2203 Christus
2748 2151 3047 2204 resurrexit
3076 2167 3105 2204 a
3137 2153 3386 2218 mortuis,
3416 2152 3607 2222 primi-

2030 2238 2116 2292 tiae
2167 2238 2550 2292 dormientium
2603 2237 2652 2309 (Ι
2705 2235 2824 2291 Cor.
2856 2239 3033 2310 xvttt).
3071 2259 3089 2292 ι
3144 2238 3430 2294 Przemissa
3479 2257 3611 2297 vero

2029 2328 2446 2384 resurrectionis
2470 2327 2668 2398 gloria,
2702 2326 2985 2382 confestim
3014 2328 3080 2383 de
3109 2329 3308 2383 virtute
3338 2331 3611 2398 passionis

2027 2417 2306 2488 adjungit:
2342 2436 2359 2469 ι
2391 2416 2604 2472 Cornua
2637 2418 3000 2474 rhinocerotis
3025 2433 3229 2474 cornua
3261 2419 3423 2473 illius.
3466 2418 3604 2474 Cru-

2027 2508 2104 2563 cis
2133 2508 2330 2581 quippe
2359 2524 2560 2563 cornua
2598 2509 2975 2579 signiﬁcantur
3000 2527 3015 2571 :
3063 2510 3129 2564 de
3175 2510 3370 2577 quibus
3405 2516 3459 2563 et
3498 2507 3607 2563 Ha-

2028 2598 2198 2653 bacuc
2225 2599 2356 2652 dicit
2383 2616 2396 2651 :
2431 2618 2449 2648 σ
2482 2597 2697 2654 Cornua
2732 2599 2786 2653 in
2817 2599 3068 2653 manibus
3094 2596 3242 2666 ejus;
3277 2598 3345 2653 ibi
3375 2600 3607 2654 a‘tscon-

2027 2688 2137 2743 dita
2166 2698 2251 2742 est
2279 2686 2537 2743 fortitudo
2561 2689 2679 2758 ejus
2702 2689 2928 2759 (ﬂabac.
2955 2688 3061 2761 111).
3087 2708 3105 2739 ι
3149 2688 3301 2756 Quod
3327 2701 3610 2758 exponens

2026 2776 2313 2846 Apostolus
2352 2778 2469 2831 ait:
2513 2796 2531 2827 ι
2574 2776 2632 2831 Si
2674 2778 2817 2831 enim
2858 2777 3277 2848 cognovissent,
3330 2792 3606 2847 nunquam

2028 2866 2313 2920 Dominum
2341 2867 2525 2937 gloria:
2546 2866 2950 2921 cruciﬁxissent
2970 2867 3020 2938 (I
3042 2866 3166 2920 Cor.
3192 2866 3318 2937 11).»
3352 2867 3612 2934 Quamvis

2025 2970 2160 3027 ergo
2203 2971 2300 3025 per
2345 2955 2716 3010 inﬁrmitatem
2758 2956 2958 3020 carnis,
2990 2956 3137 3011 velut
3169 2957 3332 3019 aries,
3369 2956 3605 3011 illuden-

2028 3044 2164 3099 tium
2199 3045 2369 3114 spinis
2394 3061 2459 3099 ac
2486 3045 2729 3100 sentibus
2757 3055 3071 3110 coronatus,
3105 3047 3192 3101 bis
3216 3048 3472 3102 cornibus
3500 3049 3611 3102 hte-

336 3149 490 3196 terra
512 3141 616 3196 hac
640 3137 1044 3210 opulentissima
1073 3136 1443 3192 hmreditatem
1469 3133 1715 3203 accipere
1737 3132 1929 3203 nequi-
1954 3150 1999 3213 ρ
2031 3136 2195 3200 serit,
2236 3136 2407 3205 ipsius
2443 3144 2624 3191 tamen
2653 3135 2922 3205 passionis
2951 3136 3358 3206 incomparabili
3389 3136 3611 3193 fortitu-

337 3241 564 3296 verunt;
605 3231 673 3285 de
701 3230 856 3300 cujus
884 3228 1158 3299 opulentia
1188 3227 1366 3282 adhuc
1394 3225 1677 3280 subditur:
1714 3243 1733 3274 ς
1764 3223 1834 3278 Ει
1863 3225 1929 3278 de

284 3337 289 3341 ‘
339 3325 588 3396 frugibus
637 3332 795 3378 term
842 3330 899 3377 et
928 3322 992 3377 de
1019 3318 1352 3391 plenitudine
1394 3318 1532 3388 ejus.
1571 3336 1589 3368 ι
1624 3317 1683 3371 In
1732 3316 1929 3386 quibus

340 3414 521 3471 verbis
556 3413 690 3468 satis
723 3411 1052 3476 ostenditur,
1096 3408 1241 3479 quod
1284 3408 1399 3462 haec
1430 3414 1606 3469 terra,
1652 3406 1738 3460 cui
1776 3413 1926 3475 tanta

345 3520 527 3559 rerum
576 3503 729 3571 copia
779 3488 1135 3571 promittitur,
1187 3494 1296 3550 non
1346 3495 1398 3548 in
1448 3493 1536 3547 illa
1567 3492 1929 3563 possessionis

341 3605 513 3659 sorte,
563 3609 722 3663 quant
775 3592 829 3645 in
874 3601 1021 3645 terra
1049 3588 1308 3644 Chanaan
1340 3585 1436 3640 ﬁlii
1461 3585 1660 3657 Ioseph
1696 3598 1925 3653 accepe-

308 3701 316 3705 ·
342 3693 495 3749 runt,
530 3684 822 3738 carnaliter
847 3681 1096 3753 cogitari,
1127 3680 1220 3735 sed
1250 3679 1305 3733 in
1329 3678 1584 3733 universo
1610 3674 1741 3729 orbe
1769 3672 1928 3743 spiri-

343 3774 530 3831 taliter
560 3771 784 3844 intelligi
810 3772 1021 3828 debeat.
1054 3754 1305 3824 Profecto
1332 3782 1464 3837 ergo
1494 3766 1607 3835 ipsa
1631 3772 1715 3818 est
1736 3763 1926 3818 Eccle-

344 3867 427 3921 sia
458 3865 692 3930 Christi,
735 3864 790 3919 in
831 3873 945 3920 toto
980 3862 1182 3918 mundo
1211 3858 1494 3929 multiplici
1520 3857 1744 3929 justitiae
1773 3855 1928 3927 fruge

345 3956 619 4019 fecunda,
667 3964 723 4009 et
768 3953 1131 4025 spiritualium
1175 3951 1564 4007 charismatum
1601 3948 1851 4020 largitate
1896 3962 1928 4001 a

350 4041 549 4113 ioseph
578 4038 675 4098 suo
705 4042 926 4112 repleta,
962 4042 1054 4114 qui
1097 4041 1152 4095 in
1190 4039 1481 4112 Evangelio
1519 4038 1738 4111 legitur,
1767 4055 1785 4087 ι
1816 4035 1929 4105 ple-

347 4152 454 4190 nus
480 4135 668 4209 gratim
698 4143 752 4189 et
779 4135 1059 4190 veritatis:
1095 4141 1152 4188 et
1179 4134 1245 4189 de
1276 4134 1429 4204 cujus
1461 4131 1794 4205 plenitudine
1830 4144 1929 4186 nos

348 4236 543 4279 omnes
588 4210 894 4292 accepimus
941 4221 1123 4294 (Joan.
1162 4222 1225 4295 1).
1258 4242 1276 4274 ι
1340 4220 1495 4281 Unde
1541 4228 1597 4275 et
1642 4222 1925 4289 sequitur:

356 4335 376 4368 σ
408 4318 720 4372 Benedictio
748 4317 912 4382 illius,
945 4316 1036 4386 qui
1068 4314 1319 4386 apparuit
1355 4314 1410 4369 in
1447 4314 1604 4378 rubo,
1632 4311 1815 4366 veniat
1840 4327 1930 4365 su-

346 4425 453 4481 per
494 4410 757 4465 vcrticem
804 4409 1047 4463 Nazarzei
1096 4408 1236 4462 inter
1275 4405 1471 4461 fratres
1508 4420 1655 4477 suos.
1690 4424 1708 4457 ι
1764 4403 1930 4458 Totus

2028 3223 2153 3280 dine
2181 3226 2460 3280 unicornis
2488 3226 2717 3289 exstitit,
2745 3225 2921 3279 victor
2947 3225 3155 3281 scilicet
3184 3229 3396 3293 mortis,
3427 3237 3483 3282 et
3512 3243 3610 3298 per

2026 3329 2259 3375 mortem
2289 3320 2576 3375 destruens
2609 3335 2765 3383 eum,
2816 3320 2906 3390 qui
2940 3319 3176 3375 habebat
3214 3322 3404 3376 mortis
3435 3321 3609 3391 impe-

2028 3413 2190 3466 rium.
2224 3410 2378 3466 Unde
2405 3418 2459 3465 ct
2486 3407 2684 3465 Paulus
2710 3410 2877 3465 dicit:
2912 3428 2929 3459 ι
2964 3410 3031 3465 Ει
3058 3411 3198 3480 quod
3231 3410 3501 3465 inﬁrmum
3531 3418 3613 3466 est

2026 3501 2156 3565 Dei,
2200 3499 2392 3555 fortius
2422 3510 2505 3555 est
2530 3501 2837 3556 hominibus
2864 3500 2915 3571 (1
2943 3499 3065 3555 Cor.
3097 3503 3158 3571 1).
3195 3522 3212 3553 1
3266 3502 3332 3555 Et
3371 3503 3564 3556 iterum
3593 3519 3607 3556 ι

2034 3608 2053 3640 ι
2084 3586 2277 3643 Delens
2303 3589 2447 3659 quod
2479 3590 2764 3643 adversam
2802 3605 2901 3642 nos
2925 3597 3043 3642 erat
3070 3589 3490 3659 chirographum
3517 3591 3615 3643 de-

2026 3680 2183 3743 creti,
2217 3678 2358 3751 quod
2385 3687 2505 3734 erat
2528 3679 2861 3734 contrarium
2888 3678 3075 3742 nobis;
3114 3688 3168 3733 et
3199 3679 3371 3747 ipsum
3401 3679 3523 3732 tulit
3548 3681 3613 3734 de

2027 3769 2225 3833 medio,
2256 3766 2476 3839 alligens
2517 3767 2646 3823 illud
2686 3767 2868 3832 cruci,
2915 3766 3152 3837 spolians
3181 3752 3516 3837 principatus
3559 3776 3613 3821 et

2025 3868 2348 3933 potestates,
2391 3859 2629 3914 traduxit
2658 3857 2869 3931 palam,
2915 3857 3259 3928 triumphans
3300 3870 3393 3912 eos
3437 3856 3488 3909 in
3529 3870 3614 3909 se-

2027 3951 2256 4019 metipso
2285 3947 2420 4022 (Col.
2446 3947 2532 4021 ιι).
2586 3945 2843 4016 Sequitur
2879 3962 3009 4017 ergo
3056 3946 3232 4001 adhuc
3258 3947 3323 4000 de
3349 3944 3610 3999 victorio-

2029 4043 2256 4099 sissima:
2292 4041 2470 4097 crucis
2497 4039 2772 4095 cornibus.
2824 4039 2881 4093 In
2920 4038 3049 4110 ipsis
3082 4038 3366 4093 ventilabit
3401 4044 3608 4106 gentes,

2029 4149 2202 4202 usque
2241 4133 2308 4186 ad
2349 4131 2612 4185 terminos
2640 4138 2818 4184 terra).
2871 4127 3005 4183 Nam
3043 4140 3140 4197 per
3171 4127 3641 4198 przedicationem'

2031 4220 2231 4285 crucis,
2255 4218 2567 4272 universum
2597 4215 2801 4278 orbem,
2831 4223 2885 4268 et
2908 4230 3096 4269 omnes
3120 4211 3301 4267 mundi
3331 4210 3612 4275 terminos,

2032 4313 2155 4368 ﬁdei
2188 4329 2298 4368 sua:
2327 4310 2557 4381 subjecit
2583 4310 2796 4365 occulto
2820 4308 3046 4378 judicio,
3087 4306 3402 4360 discernens
3433 4302 3615 4374 paleas

2032 4420 2063 4458 a
2089 4403 2377 4465 frumento,
2422 4399 2726 4455 incredulos
2750 4415 2781 4452 a
2805 4396 3167 4462 credentibus,
3193 4397 3317 4451 dum
3340 4395 3615 4464 passionis

349 4501 500 4557 enim
529 4498 760 4570 Ioseph,
802 4500 908 4555 hoc
935 4508 1019 4554 est
1043 4506 1202 4569 caput
1233 4504 1286 4552 et
1313 4511 1510 4565 corpus
1540 4494 1676 4562 ejus,
1713 4493 1932 4547 benedi-
1955 4502 2010 4561 D
2033 4490 2150 4560 ejus
2185 4490 2533 4561 praeconium,
2563 4488 2682 4543 aliis
2713 4487 3008 4550 damnatio,
3054 4486 3176 4540 aliis
3221 4485 3368 4540 salus
3412 4492 3495 4538 est
3534 4483 3615 4538 di-

350 4592 536 4649 ctione
567 4591 803 4661 repletus
836 4599 941 4663 est.
995 4588 1146 4644 Unde
1192 4588 1268 4642 ait
1302 4584 1629 4656 Apostolus:
1664 4603 1682 4634 ι
1713 4583 1813 4651 Qui
1850 4591 1932 4638 est

351 4690 519 4754 caput
539 4681 781 4751 corporis
804 4677 1214 4751 Ecclesi:e(Col.
1243 4678 1316 4747 1);
1345 4697 1362 4727 I
1398 4685 1453 4730 et
1481 4675 1675 4729 iterum
1700 4692 1712 4727 :
1740 4692 1757 4723 ι
1783 4671 1933 4726 Multi

352 4772 513 4829 enim
531 4787 696 4827 unum
727 4787 923 4842 corpus
948 4784 1136 4826 sumus
1163 4769 1216 4822 in
1243 4766 1458 4822 Christo
1483 4784 1496 4820 :
1530 4763 1723 4836 singuli
1751 4770 1933 4817 autem

351 4866 493 4921 alter
521 4863 745 4918 alterius
776 4863 1019 4916 membra
1044 4858 1218 4931 (Rom.
1247 4856 1368 4927 xu).
1400 4876 1417 4906 ι
1482 4853 1589 4909 Sed
1634 4854 1799 4907 totius
1842 4852 1938 4905 be-

356 4952 682 5008 nedictionis
723 4933 1001 5020 plenitudo
1033 4948 1290 5003 tribuitur
1321 4944 1483 5016 capiti
1523 4952 1584 4998 ut
1620 4943 1687 4997 ab
1725 4943 1841 5012 ipso
1880 4940 1935 5022 in

356 5053 532 5099 totum
558 5059 756 5114 corpus
782 5051 836 5096 et
864 5042 921 5097 in
953 5042 1190 5095 membra
1221 5037 1428 5108 singula
1453 5035 1607 5104 juxta
1630 5047 1938 5088 mensuram

359 5133 668 5190 donationis
701 5132 821 5203 ejus
862 5132 1181 5187 descendat:
1229 5129 1381 5184 Unde
1414 5128 1515 5183 sub
1554 5127 1731 5196 specie
1760 5124 1941 5180 Aaron

361 5224 694 5291 sacerdotis,
739 5225 805 5279 de
843 5224 960 5294 ipso
992 5222 1043 5276 in
1074 5220 1288 5275 Psalmo
1318 5218 1569 5273 canitur:
1603 5236 1621 5267 ι
1654 5216 1808 5271 Sicut
1837 5232 1939 5269 uu-

361 5318 621 5391 gueutum
671 5314 723 5367 in
768 5315 963 5385 capite,
994 5311 1151 5381 quod
1182 5308 1462 5363 descendit
1502 5307 1557 5360 in
1594 5321 1744 5360 oram
1776 5304 1941 5359 vesti-

363 5406 534 5461 menti
558 5407 697 5476 ejus,
720 5417 825 5460 etc.
851 5403 1020 5476 (f’sul.
1046 5401 1273 5477 cxxxtt).
1325 5422 1342 5452 ι
1379 5399 1480 5468 Qui
1512 5394 1946 5467 incomparalxilis

362 5500 553 5572 gratiae
582 5500 935 5571 praerogativa
959 5497 1167 5552 cunctis
1188 5495 1465 5560 fratribus,
1495 5493 1547 5547 id
1568 5501 1651 5548 est
1678 5490 1941 5556 ﬁdelibus,

363 5590 779 5660 supereminens
806 5587 1134 5661 septifortnis
1163 5586 1400 5658 Spiritus
1428 5583 1601 5649 gratia
1620 5623 1633 5648 ,
1667 5580 1820 5652 quasi
1850 5594 1939 5633 ve-

2034 4595 2192 4641 cente
2235 4582 2537 4654 Apostolo:
2575 4599 2593 4631 ι
2628 4578 2831 4635 Christi
2877 4578 3053 4634 bonus
3100 4577 3235 4632 odor
3280 4590 3466 4631 sumus
3510 4574 3611 4630 Do-

2034 4678 2215 4742 mino;
2250 4683 2304 4730 et
2330 4674 2384 4729 iu
2409 4673 2494 4728 his
2515 4672 2605 4743 qui
2631 4672 2765 4726 salvi
2791 4669 2941 4731 ﬁunt,
2965 4678 3021 4723 et
3044 4668 3096 4722 in
3119 4667 3204 4722 his
3229 4666 3319 4737 qui
3346 4674 3572 4736 pereunt
3598 4684 3613 4721 :

2037 4768 2159 4823 aliis
2200 4765 2416 4836 quidem
2459 4765 2593 4818 odor
2629 4761 2781 4824 vitae,
2826 4760 2878 4813 in
2911 4759 3114 4821 vitam;
3169 4754 3289 4810 aliis
3318 4770 3447 4809 vero
3480 4752 3617 4809 odor

2037 4862 2250 4924 mortis,
2283 4861 2336 4913 in
2362 4865 2591 4913 mortem
2622 4851 2707 4928 (ΙΙ
2734 4851 2857 4907 Cor.
2888 4852 2971 4925 ιι).
3006 4869 3025 4902 ι
3065 4849 3133 4904 Et
3161 4848 3355 4903 iterum
3383 4864 3395 4901 :
3435 4866 3453 4899 ι
3483 4848 3615 4902 Vero

2046 4956 2174 5011 bum
2202 4953 2346 5008 enim
2380 4948 2576 5012 crucis,
2619 4944 2967 5017 pereuntibus
2994 4940 3208 5012 quidem
3236 4939 3462 4995 stultitia
3488 4945 3570 4993 est
3596 4955 3610 4990 :

2045 5044 2131 5099 his
2158 5051 2363 5107 autem,
2392 5040 2483 5110 qui
2513 5037 2812 5097 salvantur,
2839 5034 2892 5086 id
2918 5041 2993 5086 est
3020 5031 3166 5085 nobis
3196 5030 3368 5084 virtus
3401 5026 3612 5082 Domini

2046 5145 2129 5193 est
2159 5134 2208 5206 (Ι
2236 5132 2360 5187 Cor.
2391 5131 2452 5200 1).
2489 5151 2507 5181 1
2561 5127 2628 5183 Et
2668 5126 2793 5180 alibi
2819 5143 2830 5177 :
2866 5116 2894 5175 ι’
2918 5122 3027 5177 Nos
3055 5130 3232 5175 autem
3263 5119 3611 5206 prtediCamuS

2046 5204 2317 5281 Christum
2358 5217 2671 5275 cruciﬁxum
2699 5256 2712 5277 ,
2761 5214 2959 5270 Iudaeis
3003 5212 3216 5282 quidem
3266 5204 3607 5263 scandalum.

2046 5316 2296 5388 gentibus
2320 5304 2510 5365 autem
2549 5309 2853 5365 stultitiam.
2904 5305 3037 5374 Ipsis
3075 5309 3251 5357 autem
3281 5294 3484 5349 vocatis
3517 5292 3605 5388 .111:

2051 5378 2182 5461 dacis
2214 5412 2377 5473 atque
2403 5400 2639 5463 Gt‘mcis,
2679 5397 2955 5453 Christum
2989 5393 3079 5448 Dei
3135 5389 3386 5441 virtutem
3439 5398 3484 5435 et
3520 5378 3614 5431 Dei

2051 5496 2369 5565 sapientium
2397 5491 2443 5553 (1
2453 5488 2581 5546 bid.)
