3978 6182
443 298 547 354 999

437 442 1656 482 Μ

1088 288 1130 343 Β
1191 286 1445 343 RABAM
1484 287 1701 343 MAURI
1739 284 2056 342 ARCIHEP.
2100 279 2405 338 MOGUNT.
2446 276 2729 335 OPERUM
2765 275 2945 331 PARS
2982 276 3024 330 Ι.

3530 277 3661 333 1000

1672 433 3666 467 W

1017 504 1598 751 3331':
1675 508 2412 688 nonam
2489 572 3105 684 unum

1147 811 1443 870 ABBATIS
1479 807 1866 866 FULDENSIS
1904 807 1993 881 ET
2030 802 2411 861 MOGUNTINI
2447 804 2977 887 ARCHIEPISCOPI‘

744 910 939 1120 ἸΝ
1033 989 1642 1115 LIBRUM
1735 980 2222 1109 JOSUE
2322 980 2751 1104 LIBRI
2847 979 3301 1110 TRES.

1842 1190 2075 1298 (ANNO
2117 1214 2286 1295 sat.)

1084 1365 1246 1430 (Apud
1272 1364 1505 1425 Martem,
1533 1361 1694 1426 Ampi.
1732 1360 1956 1419 ϐοηθοίη
1980 1366 2097 1408 tom.
2127 1357 2206 1421 lx,
2227 1372 2339 1422 pag.
2363 1359 2455 1409 668
2477 1372 2539 1409 ex
2565 1373 2654 1407 ms.
2681 1360 3041 1410 Cisterciensid

1421 1589 2133 1662 OBSERVATIO
2210 1590 2667 1666 PBJBVIA.

1824 1745 2294 1760 Ψ

492 1831 553 1886 in
595 1832 791 1893 librum
818 1830 956 1903 WJesu
978 1828 1147 1903 _l‘lave
1187 1828 1794 1903 scripsisse_Rabanum
1812 1901 1821 1903 Α
1840 1830 2004 1903 libros
2032 1833 2079 1892 Λ
2108 1830 2289 1903 thario
2316 1828 2663 1903 imperatori,
2695 1836 2755 1903 ut
2783 1829 2871 1903 hic
2900 1828 3198 1903 unperator
3223 1837 3461 1903 testatur
3490 1831 3543 1886 in
3573 1833 3678 1903 epi-

424 1912 679 1971 quatuor,
716 1903 793 1956 ait
817 1900 1079 1971 Rudolfus
1115 1894 1414 1970 presbyter,
1454 1900 1570 1968 ejus
1597 1894 1914 1971 discipidus,
1947 1901 2001 1954 in

424 1969 594 2041 ipsius
638 1972 843 2025 Rabani
883 1969 1043 2041 Vita,
1095 1969 1217 2041 cap.
1256 1972 1514 2041 9.77_Duos
1545 1969 2003 2041 tantumgTrithe-

423 2038 600 2105 mius,
641 2042 851 2095 Rabani
883 2038 1122 2107 eiusdem
1156 2039 1289 2094 Vita:
1323 2039 1459 2093 libro
1490 2056 1551 2094 Ill
1571 2079 1586 2104 ,
1616 2055 1737 2110 cap.
1765 2039 1819 2093 5.
1839 2108 1850 2110 _
1872 2041 2007 2094 Tres

426 2112 591 2165 habet
614 2120 858 2167 vetustus
889 2126 951 2165 ac
981 2112 1135 2164 bonae
1162 2118 1303 2164 nota:
1331 2110 1499 2165 codex
1528 2108 1733 2175 uoster,
1775 2108 2003 2164 solidum

421 2195 557 2250 opus
585 2180 911 2250 complexus.
968 2179 1076 2250 Hos
1124 2189 1307 2235 autem
1357 2178 1522 2250 libros
1551 2179 1872 2250 conscripsit
1901 2179 2006 2231 Ra-

422 2248 615 2314 banus,
645 2248 818 2304 adhuc
845 2251 1011 2305 abbas
1033 2248 1342 2313 Fuldensis,
1368 2251 1433 2303 ad
1461 2249 1817 2311 Fridericum,
1844 2264 2005 2317 quem

422 2320 732 2389 episcopum
753 2320 921 2374 fuisse
936 2318 1573 2389 Trajectensemjnempe
1594 2318 2002 2389 Ultrajectinum

423 2391 564 2460 apud
591 2388 863 2460 Frisoncs)
897 2397 1129 2460 testatur
1159 2390 1299 2460 idem
1330 2388 1681 2460 Rabanusrin
1695 2388 1999 2460 *prael'atio-

422 2454 582 2511 nibus
609 2460 677 2512 ad
706 2454 872 2513 libros
900 2454 1147 2512 Judicum
1176 2468 1231 2513 et
1258 2458 1419 2512 Ruth.
1454 2457 1672 2511 Interim
1694 2454 2005 2512 Fridericus

420 2527 705 2595 episcopus
737 2543 834 2597 pro
860 2527 1063 2582 Christi
1095 2528 1197 2582 tide
1224 2529 1546 2597 martyrium
1576 2526 1770 2591 subiit,
1802 2527 2005 2597 relatus

461 2596 763 2651 ostmodum
795 2598 851 2651 in
881 2607 1190 2651 sanctorum
1221 2596 1487 2651 canonem
1521 2598 1589 2650 ad
1624 2598 1764 2651 diem
1801 2596 2005 2651 mensis

493 2665 546 2719 lii
578 2665 661 2721 18.
717 2666 887 2721 Porro
914 2666 1132 2737 eosdem
1177 2666 1353 2737 libros
1380 2666 1601 2737 suosiin
1617 2664 1835 2737 _Josue,
1884 2674 2008 2737 post

423 2735 632 2806 aliquot
658 2750 832 2791 annos
862 2751 892 2790 a
920 2736 1066 2791 cmde
1095 2735 1358 2791 Friderici
1393 2735 1588 2791 obtulit
1617 2734 2007 2791 Rabanus'Lo-

2108 1899 2245 1955 stola
2278 1900 2345 1953 ad
2374 1898 2680 1963 Rabanum,
2708 1899 2871 1968 hujus
2903 1898 3238 1967 Expositioni
3267 1899 3319 1953 in
3350 1898 3678 1957 Ezechielétn

2108 1968 2379 2037 adjuncta.
2406 1969 2549 2040 Inter
2563 1968 2968 2040 alia‘przeclara,
2991 1980 3114 2037 qua:
3130 1968 3361 2040 plurima
3392 1970 3520 2040 huic
3539 1972 3676 2040 operi

2108 2040 2386 2106 inspersit,
2427 2039 2623 2102 disces,
2670 2037 2857 2101 lector,
2901 2038 3382 2095 commorationem
3408 2038 3527 2106 eius
3555 2037 3679 2094 non-

2108 2106 2314 2163 nullam
2349 2110 2402 2163 in
2424 2106 2659 2163 Orientis
2684 2108 2948 2176 partibus,
2971 2106 3127 2174 cujus
3151 2122 3249 2163 nec
3274 2106 3559 2173 Rudolfus,
3587 2127 3679 2164 nec

2110 2178 2443 2234 Trithcmius
2467 2179 2781 2232 meminere.
2836 2176 2926 2231 Sic
2955 2177 3098 2230 enim
3126 2178 3291 2232 habet
3317 2178 3370 2231 in
3404 2178 3494 2232 illa
3527 2181 3679 2232 verba

2109 2249 2304 2332 capitis
2327 2262 2406 2312 XI,
2421 2262 2581 2329 versu
2602 2249 2668 2332 :
2693 2264 2713 2329 ς
2738 2245 2909 2332 Usque
2930 2246 2997 2328 ad
3020 2246 3269 2332 Sidone!!!
3285 2262 3554 2332 magnam.
3575 2249 3675 2332 ligo

2107 2317 2324 2387 quidem
2359 2333 2482 2372 eum
2517 2319 2571 2371 in
2611 2317 2745 2371 locis
2788 2317 3003 2372 Sidonis
3047 2317 3334 2387 aliquoties
3378 2319 3678 2372 demoratus

2108 2384 2255 2446 sim.
2300 2387 2857 2458 nunquamcomperi
2897 2387 3031 2441 duas
3066 2384 3187 2442 esse
3226 2384 3490 2458 Sidonas,
3530 2403 3679 2441 unam

2108 2472 2391 2527 magnam,
2431 2455 2491 2512 et
2533 2456 2693 2511 aliam
2732 2472 2953 2527 parvam
2972 2465 3282 2527 ,Aquantum
3312 2455 3375 2508 ad
3410 2465 3675 2510 terrenum

2181 2524 2346 2582 riiuet
2372 2526 2569 2581 locum.
2599 2547 2618 2579 ι
2657 2524 2834 2595 Αιὶῃιθ
2856 2526 2971 2580 ιιωο
2991 2524 3198 2579 Rabani
3219 2527 3583 2595 peregrinatio
3604 2538 3680 2578 re-

2128 2595 2332 2650 erenda
2353 2597 2566 2652 videtur
2586 2597 2640 2650 in
2662 2596 2929 2665 iuveniles
2953 2595 3070 2663 eius
3093 2610 3284 2659 annos,
3310 2610 3432 2648 cum
3465 2596 3680 2665 necdum

2109 2675 2257 2737 esset
2274 2665 2460 2737 Fuldae
2480 2664 2756 2737 magister,
2780 2665 3011 2737 fortasse
3030 2680 3132 2720 nec
3154 2666 3478 2737 monachus,
3499 2664 3681 2719 nedum

2111 2736 2281 2794 abbas
2316 2733 2599 2796 Fuldensis
2629 2744 2723 2790 aut
2758 2736 3195 2805 archiepiscOpus
3223 2733 3583 2804 Moguntinus.

1405 2980 1569 3060 ΕΡῙ
1586 2982 1915 3060 STOLA
1985 2980 2290 3061 DEDIC
2302 2981 2702 3060 ΑΤΟΒΙΑ.

1234 3126 1334 3187 ΔΙ)
1368 3129 1851 3187 FRlDURlCHUM
1890 3130 2284 3188 EPISCOPUM
2322 3129 2880 3189 TBAJECTENSEM.

1824 3264 2288 3281 ψ

496 3353 724 3411 Domino
750 3350 1069 3406 beatissimo
1098 3360 1346 3418 veraeque
1375 3344 1658 3401 cbarita'tis
1684 3344 1859 3409 oﬂicio
1886 3344 2005 3414 plu-
2030 3354 2078 3413 Β
2106 3358 2436 3405 memoratus
2482 3359 2689 3421 martyr
2734 3366 2832 3422 per
2877 3323 3135 3407 famuium
3183 3369 3339 3410 suum
3395 3358 3681 3430 dignanter

423 3447 624 3502 rimum
652 3440 996 3505 venerando,
1044 3439 1366 3495 Friduricbo
1411 3439 1700 3509 episcopo,
1748 3436 2005 3493 Rabanus

424 3536 724 3593 vilissimus
751 3545 1030 3587 servorum
1059 3529 1153 3584 Dei
1177 3527 1409 3584 famulus
1435 3528 1489 3582 in
1509 3527 1727 3584 Christo
1752 3527 2002 3584 salutem.

495 3622 743 3680 Studium
779 3630 927 3676 tuum
971 3634 1035 3675 ac
1074 3618 1406 3689 diligentiam
1450 3619 1503 3673 in
1547 3628 1825 3675 sacrarum
1854 3617 2003 3673 Scri-

421 3727 703 3790 pturarum
730 3714 1112 3777 meditatione,
1154 3710 1339 3780 plures
1365 3710 1455 3780 qui
1483 3710 1826 3767 sanctitatem
1857 3720 2003 3774 tuam

424 3819 722 3875 noverunt,
760 3808 1015 3872 laudant,
1052 3813 1109 3861 et
1146 3806 1360 3867 merito,
1400 3805 1526 3874 quia
1558 3804 1804 3858 assiduus
1844 3819 1904 3858 es
1950 3803 2004 3856 in

423 3904 659 3960 lectione
687 3910 742 3956 et
772 3899 1029 3969 frequens
1057 3898 1112 3952 in
1140 3896 1384 3952 doctrina
1402 3936 1417 3961 ,
1447 3902 1606 3967 prout
1633 3894 1774 3949 ratio
1799 3894 2008 3949 ordinis

424 3995 503 4050 tui
533 3991 802 4064 postulat;
840 4003 1004 4059 quem
1033 3988 1207 4043 lucem
1235 3987 1423 4041 mundi
1451 4000 1575 4041 cum
1603 3984 1862 4056 apostolis
1887 3984 2007 4041 Sal-

423 4098 583 4145 vator
624 4090 904 4153 nuncupat
928 4123 955 4155 ,_
995 4097 1061 4141 ac
1090 4081 1158 4136 de
1185 4096 1315 4135 vero
1347 4078 1549 4136 lumine
1576 4078 2010 4151 illustratam_lu-

390 4158 400 4164 ’
424 4194 644 4235 cernam
667 4190 831 4245 super
853 4171 1238 4231 candelabrum
1252 4171 1465 4240 posuit,
1482 4177 1542 4225 ut
1560 4170 1742 4226 luceas
1760 4170 2011 4231 omnibus

356 4255 363 4262 ’
427 4271 519 4341 qui
550 4271 604 4324 in
635 4269 797 4323 domo
837 4264 936 4319 Dei
970 4271 1115 4318 sunt.
1167 4261 1325 4318 Unde
1350 4260 1565 4330 plurimi
1596 4260 1823 4315 fratrum
1849 4276 2011 4315 vene-

2112 3439 2376 3510 impendit
2393 3439 2535 3511 quod
2557 3442 2625 3497 ab
2647 3441 2739 3496 illo
2760 3444 3040 3513 qumrebas
3067 3442 3336 3501 solatium.
3367 3446 3545 3505 Porro
3568 3453 3681 3521 quia

2112 3528 2358 3587 lectionis
2385 3529 2580 3586 divinae
2607 3546 2637 3585 a
2669 3532 2824 3587 nobis
2860 3534 3040 3603 petisti
3070 3534 3340 3601 solamen,
3390 3540 3682 3596 direximus

2112 3620 2210 3675 tibi
2239 3619 2480 3675 codicem
2499 3662 2514 3686 ,
2554 3636 2716 3691 quem
2744 3637 2810 3677 ex
2847 3632 3159 3679 sanctorum
3189 3625 3410 3682 Patrum
3442 3631 3605 3687 dictis
3633 3632 3680 3685 in

2112 3710 2392 3766 historiam
2419 3708 2546 3766 Jesu
2580 3711 2722 3767 Nave
2758 3728 2919 3768 sensu
2949 3714 3233 3787 allegorica
3261 3720 3499 3789 prolatis
3525 3723 3676 3777 colle.

2112 3815 2315 3870 geram.
2347 3799 2404 3854 ln
2434 3815 2541 3871 quo
2569 3816 2752 3871 opere,
2787 3802 2840 3858 in
2870 3804 3156 3874 aliquantis
3185 3806 3339 3874 locis,
3372 3823 3478 3879 pro
3504 3814 3673 3884 parvi-

2113 3897 2224 3944 tate
2254 3906 2445 3946 sensus
2470 3892 2674 3957 nostri,
2725 3888 2812 3948 ubi
2849 3908 3070 3950 necesse
3107 3894 3240 3963 fuit,
3282 3898 3465 3954 divina
3498 3917 3683 3958 conce-

2113 3979 2275 4035 dente
2304 3981 2498 4052 gratia,
2529 3982 2709 4052 aliqua
2742 3984 3110 4053 inserueram;
3154 3997 3346 4057 petens
3373 4000 3433 4053 ut
3462 3990 3679 4049 fratrum

2114 4071 2207 4142 qni
2242 4080 2416 4126 tecum
2448 4082 2574 4127 sunt
2616 4068 2938 4129 utilitatibus
2984 4074 3135 4132 illum
3179 4082 3587 4147 accommodes,
3627 4094 3682 4136 ut

2114 4162 2327 4217 discant
2354 4179 2421 4218 ex
2450 4173 2576 4236 typo
2602 4164 2729 4224 Jesu
2760 4166 3026 4235 historici,
3053 4173 3368 4242 mysterium
3398 4178 3515 4230 veri
3543 4173 3678 4238 Jesn.

2116 4254 2326 4309 Domini
2356 4256 2605 4313 videlicet
2634 4256 2969 4326 Salvatoris',
3019 4263 3111 4333 qui
3157 4266 3417 4336 sanguine
3459 4282 3561 4321 suo
3592 4282 3681 4320 nos

428 4359 695 4413 rationem
725 4365 872 4411 tuam
902 4353 1115 4416 colunt,
1160 4359 1324 4420 atque
1349 4348 1574 4406 colendo
1602 4348 1828 4421 diligunt
1856 4367 1868 4402 :
1913 4366 2013 4405 no-
2038 4341 2083 4402 C
2104 4344 2373 4409 Iredemit.
2410 4361 2475 4401 ac
2503 4347 2569 4402 de
2594 4346 2910 4404 inﬁrmitate
2935 4367 3041 4421 qua
3068 4354 3306 4422 peccatis
3338 4356 3543 4410 nostris
3573 4355 3677 4410 exi-

427 4450 619 4520 bisque
672 4449 798 4504 inde
842 4445 1000 4500 valde
1047 4443 1297 4498 amabilis
1345 4456 1406 4497 es
1453 4443 1596 4511 quod
1644 4456 1751 4495 non
1800 4449 2009 4495 tantum

429 4549 761 4611 praesentes,
810 4539 905 4594 sed
953 4537 1119 4591 etiam
1169 4532 1422 4588 absentes
1468 4531 1707 4587 fraterno
1751 4546 2013 4603 provocas

428 4645 636 4696 amore,
667 4644 732 4685 ac
761 4626 961 4684 salubri
990 4625 1187 4679 incitas
1212 4623 1613 4689 exhortatione,
1652 4630 1715 4676 ut
1749 4621 1882 4692 legis
1916 4621 2011 4676 Dei

436 4733 722 4776 commune
750 4728 926 4773 tecum
956 4728 1308 4769 exerceamus
1336 4712 1626 4783 negotium.
1674 4709 1783 4768 Nec
1820 4713 2011 4767 absur-

430 4809 565 4863 dum
590 4816 673 4861 est
703 4807 845 4877 quod
874 4806 1010 4861 facis
1028 4846 1042 4870 ,
1094 4803 1221 4858 licet
1264 4819 1363 4858 nos
1393 4803 1460 4857 ad
1506 4803 1610 4858 hoc
1637 4802 1872 4859 oﬂicium
1905 4804 2011 4859 im-

434 4911 597 4968 pares
628 4904 790 4965 atque
821 4895 1026 4966 indigni
1065 4895 1263 4958 simus,
1314 4908 1436 4948 cum
1486 4894 1560 4948 ibi
1607 4895 1805 4964 quaeris
1849 4909 2016 4950 sacrae

434 4988 574 5060 legis
623 4984 1091 5041 confirmationem
1122 5024 1136 5049 ,
1197 4984 1340 5039 unde
1390 4983 1644 5053 accepisti
1693 4981 2015 5040 Christiana:

437 5075 718 5149 religionis
747 5075 1048 5129 exordium.
1102 5071 1490 5128 Sanctissimus
1527 5087 1656 5142 ergo
1695 5073 1919 5127 antistes
1959 5081 2015 5128 et

436 5166 787 5222 beatissimus
813 5161 1013 5218 Christi
1058 5170 1264 5233 martyr
1288 5161 1593 5215 Bonifacius
1630 5168 1845 5231 gentem
1878 5161 2013 5217 Fre-

437 5273 630 5315 sonum
655 5297 671 5322 ,
719 5256 807 5312 cui
837 5264 928 5310 tua
956 5255 1173 5311 dilectio
1200 5260 1397 5322 praeest
1420 5291 1435 5317 ,
1485 5268 1591 5306 non
1626 5251 1800 5306 solum
1828 5254 2015 5320 verbo,

440 5348 535 5403 sed
561 5347 725 5402 etiam
755 5344 1035 5415 sanguinis
1085 5342 1164 5395 sui
1212 5340 1472 5397 effusione
1510 5340 1578 5395 ad
1626 5339 1786 5395 fidem
1815 5341 2014 5398 Christi

441 5436 729 5490 convertit.
779 5433 934 5491 Unde
965 5430 1362 5491 rationabiliter
1388 5429 1505 5499 agis
1533 5431 1678 5500 quod
1706 5431 1775 5485 ab
1800 5430 1890 5487 ίιιο
1918 5432 2017 5487 mi-

442 5527 652 5581 nisterii
682 5528 760 5581 tui
789 5524 1146 5596 patrocinium
1173 5521 1372 5591 quieris
1409 5538 1440 5577 a
1479 5537 1585 5592 quo
1615 5524 1818 5581 ordinis
1848 5527 1923 5581 tui
1953 5542 2017 5581 ac

444 5616 589 5668 sedis
636 5616 865 5684 primam
914 5612 1170 5681 accepisti
1220 5610 1569 5666 iunctionem.
1633 5614 1755 5667 Ideo
1801 5631 2018 5685 quoque

2113 4436 2360 4505 gentibus
2407 4440 2803 4507 gravabamur,
2852 4440 3099 4499 salvavit.
3158 4440 3300 4497 Ante
3347 4460 3524 4501 annos
3562 4461 3681 4516 ergo

2113 4528 2343 4598 aliquot,
2376 4536 2666 4585 tractatum
2696 4531 2749 4585 in
2780 4530 3074 4604 Evangelia
3100 4531 3334 4590 Matthxi
3352 4576 3368 4599 ,
3406 4551 3571 4606 quem
3601 4552 3681 4590 ro-

2112 4631 2274 4689 gante
2311 4621 2467 4691 bona:
2506 4622 2780 4677 memoriae
2811 4620 3078 4677 Haistull‘o
3114 4624 3527 4696 archiepiscOpo
3564 4639 3681 4679 con-

2113 4708 2377 4775 feceram,
2424 4711 2518 4765 tibi
2559 4714 2624 4766 ad
2662 4712 3064 4767 rescribendum
3105 4715 3531 4769 accommodavi.
3582 4712 3677 4769 Sed

2113 4801 2242 4872 quia
2285 4802 2433 4857 illum
2463 4804 2693 4859 necdum
2724 4805 2968 4875 recipere
2996 4806 3182 4874 potui,
3233 4805 3679 4861 remunerationis

2112 4891 2231 4947 vice
2253 4907 2493 4962 praesens
2515 4908 2649 4962 opus
2673 4893 2968 4958 transmisi,
2992 4901 3054 4947 ut
3083 4894 3272 4949 saltem
3301 4896 3403 4950 hoc
3430 4893 3680 4949 beneﬂcio

2114 4982 2459 5047 admonitus,
2512 4982 2754 5037 remittas
2800 4982 2957 5037 fenus
2998 4984 3141 5052 quod
3187 4996 3497 5053 acceperas.
3552 4984 3681 5053 Lege

2112 5068 2399 5143 diligenter
2417 5069 2600 5124 Jesum
2622 5069 2787 5136 Nave,
2809 5072 2898 5140 qui
2921 5087 3027 5125 non
3050 5073 3221 5126 solum
3246 5074 3477 5134 nomine,
3501 5086 3679 5126 verum

2114 5162 2276 5214 etiam
2325 5160 2493 5229 gestis
2539 5157 2729 5237 Iesum,
2759 5159 3033 5216 Christum
3086 5162 3261 5232 typice
3308 5160 3678 5233 praeﬁguravit.

2117 5249 2356 5304 Transiit
2380 5248 2693 5315 Iordanem,
2716 5249 2955 5304 hostium
2982 5264 3147 5321 regna
3179 5252 3477 5317 subvertit,
3509 5250 3681 5306 divisit

2118 5349 2315 5395 terram
2347 5341 2536 5395 victori
2575 5345 2791 5412 populo,
2838 5349 2895 5395 et
2934 5355 3033 5410 per
3059 5342 3297 5412 singulas
3324 5344 3508 5407 urbes,
3533 5342 3679 5396 vicu-

2117 5431 2216 5497 los,
2246 5442 2458 5487 montes
2481 5441 2644 5501 atque
2667 5432 2924 5500 confinia,
2956 5433 3209 5507 Ecclesiae
3234 5433 3579 5503 ctelestisque
3603 5429 3682 5484 Je-

2118 5526 2352 5580 rusalem
2378 5526 2641 5595 spiritalia
2663 5541 2824 5597 regna
2851 5527 3155 5596 descripsit.
3192 5526 3391 5596 Sicque
3412 5521 3682 5596 cognoscis

2120 5616 2289 5684 ipsius
2317 5615 2440 5670 libri
2478 5623 2683 5668 textum
2714 5615 3036 5685 evangelicm
3076 5615 3295 5669 lectioni
3334 5613 3679 5673 concordare,
