3964 6192
306 317 445 375 IOGI

1195 326 1549 387 COMMENT.
1584 333 1648 388 IN
1686 335 1947 392 LIBRUM
1984 336 2219 394 JOSUE.
2254 366 2325 379 —
2362 336 2489 392 LIB.
2525 336 2567 392 I.

3421 342 3558 396 {*302

298 446 425 523 (ιιιεε
458 431 668 486 Domini
699 432 997 493 Salvatoris
1027 439 1263 495 ostendit
1302 442 1592 498 adventum
1621 485 1635 509 ,
1682 446 1879 515 pr:cdi-
1909 454 1956 511 Α
1985 448 2188 502 sanctis
2212 447 2715 504 conversationibus
2753 458 2807 503 et
2845 446 3152 518 pietatibus,
3180 463 3558 523 exspectantes

297 522 607 588 cationem,
636 525 975 592 passionem.
1010 528 1340 600 triumphum
1369 542 1532 602 atque
1558 536 1842 592 victoriam
1867 578 1882 603 ,

297 627 411 681 qua
441 621 672 668 mortem
698 615 984 682 vincendo,
1009 617 1333 688 caelestium,
1358 626 1696 681 terrestrium
1724 636 1886 697 atque

296 703 642 760 infernarum
664 708 954 777 acquisivit
976 710 1079 766 sibi
1100 713 1555 772 dominationem:
1578 719 1669 788 qui
1696 733 1888 775 ascen-

300 794 440 850 dens
487 795 543 849 in
593 796 789 852 malum
817 839 832 863 ,
890 800 1190 871 sedensque
1239 804 1307 859 ad
1352 805 1630 863 dexteram
1682 809 1882 874 Patris,

292 883 465 952 judex
504 891 597 940 est
622 894 883 943 venturus
919 888 1165 945 vivorum
1206 902 1371 962 atque
1411 906 1783 964 mortuorum,
1832 910 1887 955 et

300 979 600 1033 secundum
637 980 788 1036 Judze
837 984 1066 1052 apostoli
1111 988 1510 1045 attestationem
1556 1005 1664 1046 non
1709 992 1884 1047 solum

299 1070 581 1140 homines,
633 1084 729 1130 sed
775 1083 831 1131 et
874 1077 1096 1147 angelos
1133 1077 1473 1148 iudicaturus
1515 1091 1637 1149 est;
1691 1085 1782 1153 qui
1829 1085 1883 1139 in

299 1162 540 1232 Epistula
574 1181 671 1219 sua
706 1167 781 1221 ita
809 1168 1059 1238 scripsit,
1090 1171 1278 1228 dicens
1304 1190 1317 1226 :
1353 1192 1372 1224 ι
1404 1173 1761 1231 Commonere
1790 1193 1884 1232 au-

298 1257 411 1305 tem
442 1268 539 1307 vos
562 1254 706 1319 volo,
735 1256 970 1313 scientes
1000 1260 1168 1314 semel
1198 1263 1380 1317 omnia
1400 1303 1414 1327 ,
1445 1265 1701 1333 quoniam
1726 1266 1885 1322 Jesus

297 1343 559 1411 pupulum
588 1345 654 1400 de
686 1354 829 1402 terra
859 1347 1078 1421 Egypti
1116 1352 1355 1419 salvans,
1391 1357 1630 1411 secundo
1663 1373 1756 1413 eos
1791 1360 1884 1428 qui

298 1445 410 1487 non
438 1434 784 1491 crediderunt
812 1440 1077 1509 perdidit;
1114 1442 1334 1512 angelos
1361 1458 1490 1500 vero
1517 1447 1608 1514 qui
1638 1461 1743 1501 non
1770 1462 1883 1502 ser-

299 1533 567 1578 vaverunt
589 1541 744 1581 suum
770 1529 1156 1599 principatum,
1180 1533 1274 1587 sed
1302 1534 1704 1605 dereliquerunt
1727 1553 1881 1593 suum

298 1611 655 1679 domicilium,
694 1616 745 1670 in
774 1616 1039 1685 judicium
1068 1621 1176 1676 diei
1203 1624 1384 1692 magni
1407 1625 1640 1681 vinculis
1664 1629 1884 1684 aeternis

299 1704 405 1759 sub
447 1706 677 1778 caligine
720 1712 1021 1766 reservavit
1063 1711 1215 1785 (Iud.
1260 1714 1336 1787 5).
1374 1736 1392 1768 ι
1453 1716 1530 1771 Ι)ε
1575 1716 1730 1786 cujus
1775 1719 1880 1774 dici

1988 545 2041 591 et
2074 545 2425 607 properantes
2457 536 2511 592 in
2544 538 2831 592 adventum
2870 539 2976 593 diei
3015 540 3248 608 Domini,
3274 559 3371 613 per
3393 560 3558 615 quem

1987 627 2111 681 cali
2147 627 2400 681 ardentes
2437 625 2735 691 solventur,
2776 634 2832 681 et
2875 625 3140 683 elementa
3181 630 3320 700 ignis
3363 635 3559 689 ardore

1988 716 2296 773 tabescenti
2332 715 2509 773 Novos
2555 732 2685 771 vero
2725 716 2896 772 caelos
2919 758 2934 782 ,
2981 726 3037 773 et
3078 733 3271 773 novam
3315 728 3512 777 terram
3535 764 3554 790 ,

1985 815 2039 863 et
2077 808 2341 878 promissa
2387 808 2554 878 ipsius
2596 817 2991 878 exspectamus,
3032 808 3088 864 in
3125 811 3320 879 quibus
3349 810 3560 881 justitia

1986 900 2212 955 habitat.
2259 900 2486 971 Propter
2525 901 2691 971 quod,
2732 903 3060 968 charissimi,
3100 904 3217 960 bzee
3241 917 3561 975 exspectan-

1986 999 2087 1058 tes,
2128 993 2357 1064 satagitc
2399 994 2729 1050 immaculati
2768 1004 2824 1051 et
2865 997 3103 1051 inviolati
3140 998 3190 1052 ei
3231 998 3460 1053 inveniri
3504 998 3561 1053 in

1983 1096 2136 1152 pace,
2160 1091 2216 1138 et
2241 1084 2453 1139 Domini
2475 1085 2649 1140 nostri
2689 1086 3154 1157 longanimitatem
3190 1089 3421 1144 salutem
3470 1106 3558 1145 ar-

1983 1166 2258 1226 bitremini
2279 1171 2366 1244 (II
2398 1173 2538 1228 Petr.
2569 1191 2654 1240 ιιι,
2681 1175 2758 1244 8).
2790 1195 2809 1228 ι
2856 1175 3025 1246 Hujus
3046 1193 3175 1249 ergo
3201 1180 3558 1235 sacratissimi

1982 1262 2246 1317 adventus
2283 1263 2449 1330 diem,
2498 1274 2685 1321 sancte
2723 1266 2906 1332 Pater,
2950 1276 3076 1322 ante
3116 1269 3302 1324 oculos
3343 1285 3562 1341 semper

1982 1352 2141 1417 habe,
2185 1359 2414 1423 tuosque
2454 1353 2636 1409 laetum
2675 1356 2728 1410 in
2767 1372 3054 1413 occursum
3097 1361 3319 1429 superni
3355 1359 3561 1418 Judicis

1982 1456 2227 1511 pnepara
2267 1457 2388 1497 cum
2430 1443 2766 1515 lampadibus
2804 1445 3068 1502 bonorum
3110 1464 3332 1518 operum
3376 1451 3563 1507 lucen-

1983 1532 2165 1597 tibus,
2214 1543 2480 1603 quatenus
2515 1537 2633 1607 ejus
2676 1539 2906 1608 gratiam
2949 1540 3226 1596 inveniens
3250 1582 3265 1605 ,
3313 1557 3434 1597 cum
3475 1544 3562 1601 his

1982 1624 2073 1692 qui
2111 1639 2142 1677 a
2182 1625 2390 1681 dextris
2427 1627 2544 1697 ejus
2586 1629 2807 1684 stabunt
2845 1631 3037 1685 audire
3070 1633 3370 1688 merearis:
3406 1651 3425 1685 ι
3460 1632 3560 1690 Ve-

1982 1720 2125 1786 nite,
2169 1722 2438 1777 benedicti
2484 1723 2659 1780 Patris
2699 1727 2836 1791 mei,
2862 1727 3128 1797 percipite
3162 1743 3388 1798 regnum
3418 1730 3562 1798 quod

299 1795 626 1887 certitudine
667 1798 872 1869 primus
909 1802 1275 1870 apostolorum
1317 1804 1510 1860 Petrus
1549 1821 1649 1862 nos
1689 1807 1743 1861 in
1786 1822 1881 1861 sua
1916 1801 1958 1859 Β
1987 1810 2140 1866 vobis
2182 1819 2431 1881 paratum
2473 1822 2557 1868 est
2599 1814 2666 1869 ab
2707 1814 2919 1885 origine
2960 1795 3143 1870 mundi
3186 1795 3403 1887 (Matth.
3431 1795 3556 1883 lxxv,

298 1885 542 1954 Epistula
588 1888 842 1954 instruit,
891 1891 1114 1946 dicens:
1161 1911 1178 1942 ι
1227 1893 1404 1948 Unum
1447 1910 1577 1949 vero
1621 1896 1725 1950 hoc
1773 1912 1878 1950 non

298 1973 467 2028 lateat
506 1991 620 2040 vos,
663 1977 990 2045 charissimi,
1033 1981 1160 2050 quia
1196 1998 1336 2038 unus
1376 1983 1490 2039 dies
1530 1984 1672 2054 apud
1711 1985 1877 2040 Deum

298 2063 441 2118 sicut
486 2066 634 2120 mille
680 2068 804 2121 anni
831 2109 846 2133 ,
898 2079 953 2123 et
999 2071 1145 2126 mille
1190 2074 1317 2127 anni
1367 2074 1509 2128 sicut
1556 2075 1670 2131 dies
1718 2092 1875 2133 unus.

298 2155 416 2211 Non
460 2160 643 2215 tardat
684 2162 943 2221 Dominus
981 2167 1283 2237 promissis,
1331 2169 1426 2225 sed
1462 2170 1732 2239 patienter
1771 2172 1884 2242 agit

297 2257 524 2318 propter
558 2266 674 2317 vos,
715 2254 902 2310 nolens
942 2256 1177 2327 aliquem
1219 2259 1419 2329 perire,
1457 2259 1552 2315 sed
1589 2276 1777 2317 omnes
1813 2261 1881 2316 ad

295 2340 674 2408 paenitentiam
714 2346 935 2400 reverti.
979 2347 1246 2403 Adveniet
1289 2357 1470 2404 autem
1507 2350 1626 2405 dies
1669 2350 1880 2405 Domini

295 2437 357 2483 ut
401 2428 505 2495 fur,
550 2430 604 2485 in
644 2448 752 2502 quo
791 2435 917 2490 coeli
958 2451 1153 2508 magno
1198 2438 1401 2507 impetu
1441 2440 1726 2507 transient,
1773 2442 1881 2496 ele—

296 2529 479 2574 menta
507 2537 636 2577 vero
677 2524 859 2581 calore
904 2526 1204 2583 solventur.
1249 2527 1384 2584 Cum
1422 2529 1537 2585 haec
1575 2530 1737 2599 igitur
1763 2532 1877 2587 dis-

295 2609 556 2668 solvenda
605 2615 714 2670 sint
761 2617 941 2672 omnia
968 2658 983 2684 ,
1035 2619 1224 2689 quales
1261 2630 1476 2692 oportet
1518 2637 1613 2677 vos
1655 2638 1778 2678 esse
1824 2624 1877 2676 in

1985 1902 2110 1974 54);
2139 1923 2158 1955 ι
2204 1904 2347 1973 quod
2381 1920 2480 1959 nos
2511 1905 2835 1975 promissum
2871 1906 3050 1961 lzetum
3088 1908 3297 1973 audire,
3334 1909 3560 1963 donum-

1985 2010 2090 2064 que
2127 1993 2254 2048 illud
2289 1995 2449 2049 simul
2491 1997 2771 2066 percipere
2813 1998 2927 2066 ipse
2964 1999 3224 2053 concedat
3257 2000 3347 2069 qui
3392 2014 3490 2054 nos
3528 2015 3560 2053 a

1983 2090 2252 2152 potestate
2299 2086 2644 2140 tenebrarum
2689 2100 2883 2141 eruere
2929 2097 2985 2141 et
3030 2087 3084 2141 in
3130 2103 3356 2158 regnum
3400 2104 3558 2143 suum

1982 2189 2279 2230 convocare
2337 2175 2586 2246 dignatus
2643 2186 2729 2231 est
2780 2174 2941 2232 Jesus
2997 2177 3244 2232 Christus
3304 2178 3561 2233 Dominus

1983 2273 2187 2320 noster.
2258 2265 2399 2320 Bene
2444 2266 2625 2321 valere
2674 2276 2729 2321 te
2774 2267 3022 2336 cupimus
3047 2307 3063 2331 ,
3125 2274 3310 2322 sancte
3358 2267 3556 2332 Pater,

1984 2355 2263 2424 nostrique
2316 2370 2609 2410 memorem
2676 2356 2729 2410 in
2796 2356 2969 2412 sacris
3024 2356 3358 2413 orationibus
3416 2356 3556 2413 ﬁeri.

1983 2446 2248 2502 Divinitas
2293 2447 2503 2501 Domini
2548 2448 2720 2503 nostri
2773 2446 2899 2503 Jesu
2956 2448 3156 2504 Christi
3201 2448 3368 2503 vitam
3410 2456 3559 2504 tuam

1985 2554 2270 2599 conservet
2312 2544 2366 2598 in
2406 2559 2598 2599 aevum.

1728 2821 2130 2885 INCIPIUNT

835 2960 2520 3141 COMMENTARwJESU
2602 2967 3025 3085 NAVE.

1539 3183 1842 3262 LIBER
1915 3182 2332 3262 PRIMUS.
2502 3172 2505 3173 ί

1731 3313 2132 3329 _—_

824 3353 1051 3411 CAPUT
1084 3353 1373 3410 PRIMUM.

308 3453 502 3510 Sermo
531 3442 746 3504 Domini
796 3447 864 3501 ad
893 3446 1061 3503 Josue
1094 3448 1159 3502 de
1189 3447 1413 3502 ducatus
1446 3447 1531 3502 sui
1566 3446 1883 3502 ministerio.

386 3544 541 3615 (Car.
569 3542 635 3614 l.)
674 3559 693 3594 ι
723 3539 789 3596 Ει
819 3540 1019 3597 iactum
1047 3549 1133 3597 est
1151 3549 1275 3611 post
1299 3549 1531 3598 mortem
1557 3540 1723 3612 Moysi
1748 3544 1891 3598 servi

314 3658 335 3691 ι
379 3635 617 3702 Domini,
653 3647 715 3691 ut
746 3634 1061 3705 loqueretur
1110 3632 1374 3689 Dominus
1421 3633 1489 3689 ad
1522 3632 1688 3689 Josue
1718 3632 1888 3688 lilium

315 3751 335 3783 ι
378 3730 524 3797 Non,
550 3728 859 3783 ministrum
892 3724 1086 3797 Moysi,
1115 3737 1172 3781 et
1196 3726 1421 3789 diceret,
1460 3743 1480 3776 ι
1516 3735 1622 3780 etc.
1661 3722 1889 3779 Donavit

314 3823 462 3877 Deus
486 3834 683 3875 nomen
705 3819 850 3886 quod
876 3826 963 3873 est
985 3831 1151 3886 super
1175 3826 1338 3872 omne
1361 3829 1559 3871 nomen
1581 3815 1812 3871 Domino
1835 3823 1889 3871 et

313 3914 588 3970 Salvatori
611 3919 798 3967 nostro
810 3909 937 3966 Jesu
949 3908 1190 3966 Christo.
1212 3908 1306 3964 Est
1324 3915 1505 3962 autem
1529 3922 1726 3963 nomen
1744 3907 1889 3978 quod

310 4016 402 4063 εει
427 4018 591 4073 super
615 4017 778 4059 omne
804 4015 1026 4075 nomen,
1050 3999 1237 4056 .lesus.
1270 3997 1334 4052 Et
1355 3998 1484 4069 quia
1510 4007 1596 4055 est
1620 3998 1764 4053 istud
1794 4014 1892 4053 no-

312 4111 439 4152 men
464 4110 629 4165 super
651 4108 814 4150 omne
842 4107 1041 4149 nomen
1067 4091 1250 4156 .lesus,
1278 4090 1484 4145 idcirco
1522 4108 1544 4142 ι
1583 4090 1638 4145 in
1666 4091 1890 4147 nomine

312 4185 447 4244 Jesu
477 4200 638 4243 omne
661 4200 802 4256 genu
829 4182 1085 4251 ﬂectitur,
1109 4184 1438 4250 ctelestium,
1463 4186 1805 4241 terrestrium
1836 4192 1890 4240 ct

314 4278 651 4334 infernarum
711 4275 988 4349 (Phil.n).
1026 4293 1045 4327 ι
1106 4277 1176 4332 Et
1228 4276 1355 4348 quia
1411 4278 1629 4335 esthoc
1687 4292 1882 4334 nomen

307 4369 479 4424 super
505 4368 667 4409 omne
691 4369 911 4418 nomen,
939 4354 1143 4409 idcirco
1169 4354 1222 4408 in
1251 4356 1435 4410 multis
1455 4355 1896 4426 generationibus

1910 3361 1953 3417 c
1986 3355 2426 3425 cognominatur.
2456 3354 2668 3422 «Venit,
2697 3356 2893 3426 inquit,
2922 3357 3167 3423 Amalec,
3196 3368 3254 3412 et
3283 3371 3565 3426 expugna-

1996 3446 2084 3500 bat
2119 3445 2282 3502 Israel
2311 3448 2365 3501 in
2398 3444 2690 3516 Raphidim
2726 3465 2741 3503 :
2783 3457 2838 3503 et
2869 3447 3007 3503 dixit
3034 3448 3246 3520 Moyses
3285 3450 3353 3505 ad
3377 3451 3567 3506 Jesum

1996 3534 2210 3609 (Exod.
2243 3550 2355 3589 xvn
2379 3536 2422 3605 ).
2458 3555 2476 3588 ι
2514 3535 2639 3592 Ηωε
2669 3548 2754 3592 est
2786 3539 2957 3608 prima
2996 3538 3290 3607 appellatio
3328 3540 3570 3594 nominis

1994 3626 2144 3683 .lesu.
2185 3645 2204 3680 ι
2234 3626 2402 3696 Elige,
2424 3625 2623 3696 inquit,
2650 3627 2744 3683 tibi
2772 3629 2918 3684 viros
2949 3637 3199 3700 potentes
3221 3645 3288 3683 ex
3312 3630 3569 3684 omnibus

1996 3719 2126 3776 liliis
2154 3722 2342 3788 Israel,
2395 3729 2451 3777 et
2477 3722 2773 3794 egredere,
2832 3732 2886 3777 et
2919 3720 3150 3793 conﬂige
3181 3733 3309 3775 cum
3347 3719 3569 3774 Amalec

1995 3815 2237 3867 crastino
2292 3812 2478 3883 (Ibid.
2539 3831 2589 3869 υ.
2641 3816 2735 3885 9).
2769 3834 2788 3866 ι
2858 3813 3069 3884 Moyses
3107 3812 3404 3870 conﬁtetur
3457 3825 3567 3865 non

1998 3920 2159 3975 posse
2187 3920 2248 3962 se
2272 3908 2574 3963 exercitqu
2607 3907 2829 3970 ducere.
2858 3907 3153 3963 conﬁtetur
3184 3920 3247 3962 se
3270 3919 3377 3962 non
3408 3920 3571 3975 posse

2000 3999 2270 4067 obtinere,
2307 4002 2559 4072 quamvis
2587 4017 2710 4058 eum
2743 4002 2811 4058 de
2841 4013 2984 4057 terra
3019 4000 3241 4074 )Egypti
3281 3999 3569 4062 eduxerit;

1994 4104 2050 4147 et
2077 4093 2223 4158 ideo,
2255 4094 2450 4165 inquit,
2482 4095 2926 4161 vocavitJesum,
2958 4102 3012 4151 et
3047 4094 3209 4161 dixit,
3245 4113 3264 4146 ι
3288 4094 3438 4164 Elige
3472 4092 3570 4146 tibi

1995 4183 2142 4239 viros
2171 4183 2362 4250 fortes,
2390 4187 2589 4256 inquit,
2623 4199 2677 4241 et
2711 4188 2988 4257 egredere.
3024 4205 3043 4237 ι
3114 4185 3277 4240 Vides
3313 4185 3401 4239 cui
3455 4195 3574 4235 ces-

1989 4277 2125 4332 serit
2159 4276 2357 4332 bellum
2391 4293 2551 4347 agere
2587 4280 2848 4333 adversus
2869 4277 3106 4334 Amalec.
3143 4277 3197 4331 In
3235 4276 3335 4330 hoc
3394 4274 3571 4344 primo

1997 4371 2193 4411 nomen
2245 4357 2504 4411 discimus
2544 4354 2708 4419 Iesu,
2783 4356 2874 4409 ubi
2920 4369 3043 4409 eum
3088 4357 3335 4411 videmus
3382 4358 3574 4412 ducem

308 4462 342 4501 a
374 4446 524 4501 nullo
558 4446 993 4516 cognominatum
1022 4453 1126 4500 est.
1166 4444 1398 4516 Scripsit
1439 4446 1652 4517 Moyses
1695 4446 1891 4500 librum
1918 4432 1971 4491 Ῑ)
1995 4446 2286 4501 exercitus.
2332 4444 2448 4500 Non
2494 4446 2580 4499 cui
2611 4444 2820 4514 Moyses
2858 4443 3153 4514 iujunxerit
3191 4446 3573 4516 principatum,

308 4536 563 4603 Genesis,
593 4537 646 4591 in
679 4551 787 4606 quo
818 4536 1047 4608 legimus
1067 4536 1341 4597 Abraham
1377 4544 1434 4590 et
1471 4551 1564 4591 eos
1604 4524 1696 4606 qui
1730 4550 1797 4590 ex
1828 4550 1893 4590 eo

310 4628 560 4700 generati
600 4635 745 4693 sunt,
777 4628 830 4681 in
857 4626 1054 4697 quibus
1087 4635 1217 4683 sunt
1248 4627 1338 4681 isti
1367 4626 1769 4697 quamplurimi,
1800 4626 1893 4681 sed

311 4718 497 4773 nullus
525 4732 593 4772 ex
626 4718 757 4788 ipsis
783 4716 941 4773 Iesus
981 4718 1182 4773 meruit
1221 4718 1506 4773 nominari.
1550 4716 1736 4787 Neque
1764 4719 1896 4774 Abel

313 4812 497 4867 dictus
548 4818 633 4867 est
681 4811 860 4877 Iesus,
912 4825 1088 4880 neque
1145 4808 1234 4865 ille
1282 4810 1373 4879 qui
1430 4809 1595 4879 εωρὶι
1644 4809 1898 4862 invocare

314 4917 516 4958 nomen
540 4901 752 4958 Domini
782 4901 899 4968 Dei,
946 4917 1123 4971 neque
1170 4900 1258 4956 ille
1304 4901 1396 4970 qui
1442 4901 1646 4970 placuit
1690 4899 1799 4954 Deo
1843 4907 1898 4953 et

315 4991 617 5049 translatus
647 5002 752 5060 est,
780 4992 931 5062 cujus
956 5010 1191 5063 unquam
1224 5010 1331 5049 non
1360 5003 1447 5049 est
1476 4995 1689 5047 inventa
1721 5006 1895 5046 mors:

316 5097 498 5152 neque
560 5083 652 5139 ille
705 5084 798 5153 qui
857 5084 910 5137 in
966 5084 1317 5154 generatione
1371 5099 1468 5139 sua
1524 5082 1670 5138 solus
1718 5080 1899 5150 justus

318 5171 572 5226 iuventus
606 5180 691 5226 est
729 5172 873 5242 apud
897 5171 1066 5226 Deum
1090 5169 1221 5225 Noe.
1255 5170 1363 5226 Sed
1401 5184 1501 5225 nec
1543 5171 1657 5239 ipse
1682 5170 1899 5241 quidem

317 5262 415 5332 qui
461 5264 906 5331 repromissioues
944 5274 1227 5332 acceperat
1268 5262 1575 5318 testamenti
1603 5262 1897 5327 Abraham,

320 5365 424 5407 nec
452 5351 540 5407 ille
566 5353 660 5422 qui
689 5353 755 5408 de
786 5367 851 5407 eo
878 5362 1035 5409 natus
1063 5361 1145 5408 est
1168 5354 1351 5418 lsaac;
1385 5352 1483 5408 sed
1513 5367 1614 5408 nec
1644 5352 1900 5422 supplan-

322 5449 472 5499 tator
507 5438 708 5509 Jacob,
749 5459 853 5499 nec
890 5444 1175 5513 quisquam
1218 5460 1286 5500 ex
1328 5443 1454 5498 ﬁliis
1497 5442 1633 5513 ejus.
1694 5443 1902 5514 Moysrs

322 5531 501 5589 ﬁdelis
536 5544 655 5589 erat
687 5536 742 5589 in
780 5537 928 5591 omni
969 5537 1128 5593 domo
1171 5553 1292 5602 sua,
1316 5538 1552 5597 necdum
1591 5545 1773 5592 tamen
1812 5553 1903 5591 vo-

324 5632 483 5681 catus
510 5624 687 5682 Iesus.
731 5625 837 5680 Sed
862 5623 1046 5681 Jesum
1082 5642 1278 5682 nomen
1325 5627 1560 5698 primum
1599 5627 1813 5681 invenio
1852 5628 1903 5680 in

329 5716 547 5782 Exodo;
583 5725 639 5770 ct
663 5714 786 5769 volo
813 5715 1008 5770 intueri
1036 5715 1253 5785 quando
1287 5718 1520 5786 primum
1555 5732 1749 5772 nomen
1777 5716 1902 5772 J:-su

731 5809 999 5869 Puncta
1046 5808 1260 5868 CVIII.

1998 4535 2092 4589 sed
2117 4534 2203 4589 cui
2230 4534 2555 4589 successerit
2580 4534 2634 4588 in
2658 4534 2971 4603 primatum.
3018 4534 3134 4590 Non
3161 4544 3339 4605 potest
3363 4535 3575 4606 Moyses

1998 4626 2198 4696 eligere
2222 4624 2366 4679 viros
2393 4632 2658 4693 potentes.
2712 4641 2730 4675 ι
2770 4623 2871 4686 Τιι,
2912 4623 3107 4692 inquit,
3138 4624 3276 4696 elige
3303 4625 3400 4679 tibi
3428 4624 3577 4681 viros

1999 4725 2248 4789 potentes
2294 4730 2361 4770 ex
2397 4714 2647 4770 omnibus
2686 4715 2812 4770 liliis
2856 4713 3043 4770 Israel.
3091 4735 3111 4767 ι
3174 4715 3274 4771 Ηίε
3307 4730 3436 4787 ergo
3482 4716 3575 4772 ubi

1998 4810 2231 4877 primum
2259 4805 2411 4862 disco
2453 4820 2649 4861 nomen
2673 4805 2822 4872 Iesu,
2854 4805 2927 4860 ibi
2962 4806 3221 4862 continuo
3256 4808 3424 4862 etiam
3462 4824 3575 4880 my.

2000 4897 2154 4953 sterii
2198 4897 2354 4953 video
2407 4904 2807 4952 sacramentum
2843 4898 3032 4954 :dueit
3082 4899 3225 4955 enim
3274 4903 3573 4957 exercitum

1999 4986 2175 5041 Jesus.
2213 5005 2231 5037 ι
2262 4986 2331 5041 Ει
2357 4986 2560 5041 factum
2584 4997 2668 5042 est
2697 5003 2821 5043 cum
2843 4989 3124 5044 extolleret
3146 4990 3357 5062 Moyses
3386 5007 3577 5047 manus

2003 5091 2128 5130 suas
2149 5115 2163 5139 ,
2219 5076 2582 5131 invalescebat
2622 5076 2819 5143 Israel;
2888 5095 3011 5134 cum
3077 5089 3256 5136 autem
3320 5080 3574 5147 dciiccret

2004 5182 2195 5222 manus
2254 5182 2400 5233 suas,
2452 5168 2820 5226 invalescebat
2845 5169 3064 5227 Amalec
3107 5171 3272 5244 (Ibid.
3299 5195 3349 5234 v.
3394 5170 3507 5239 ιι).
3550 5189 3568 5220 ι

2006 5256 2156 5312 Tunc
2192 5272 2321 5328 ergo
2361 5257 2642 5314 invalescit
2682 5258 2840 5316 Jesus
2890 5261 3085 5332 magis,
3125 5269 3181 5317 et
3218 5269 3346 5314 tunc
3385 5257 3577 5321 vincit,

2004 5350 2217 5418 quando
2244 5348 2453 5420 Moyses
2489 5352 2651 5421 erigit
2677 5368 2873 5409 manus
2900 5368 3046 5407 suas.
3082 5353 3262 5406 Victus
3287 5359 3371 5403 est
3394 5356 3576 5403 autem

2005 5440 2231 5510 populus
2261 5440 2347 5495 ille
2376 5440 2445 5495 ab
2473 5440 2713 5506 Amalec,
2743 5442 2960 5511 quando
2988 5455 3094 5495 non
3123 5436 3362 5507 erigebat
3387 5450 3583 5489 manus

2007 5548 2134 5587 suas
2166 5531 2394 5603 Moyses,
2425 5532 2522 5588 sed
2559 5540 2718 5587 erant
2750 5532 3001 5587 demissa
3035 5529 3309 5583 deorsum.
3342 5525 3421 5580 [lli
3457 5535 3583 5581 sunt

2007 5624 2150 5678 enim
2180 5623 2376 5693 quibus
2417 5622 2646 5677 dicitur:
2680 5640 2697 5672 ι
2735 5621 2793 5676 Si
2828 5618 3123 5675 crederetis
3163 5615 3351 5687 Moysi,
3391 5616 3582 5672 crede-

2013 5717 2141 5772 retis
2189 5716 2374 5784 utique
2419 5724 2471 5769 et
2510 5715 2661 5779 mihi,
2720 5723 2774 5767 ct
2808 5726 2934 5769 ecce
2978 5725 3065 5764 me
3108 5709 3273 5764 vultis
3312 5709 3581 5775 occidere,

3111 5801 3187 5860 32
