3978 6182
374 334 525 423 10,03

988 331 1054 385 Β.
1094 329 1347 385 RABANI
1388 324 1605 386 MAURI
1643 326 1958 383 ARClllEP.
2002 323 2307 382 MOGUNT.
2352 318 2634 377 OPERUM
2669 317 2848 375 PARS
2884 317 2923 371 l.

3502 315 3643 373 ωολ-

387 449 478 520 qui
537 447 710 516 legem
751 433 872 497 non
932 441 1112 497 facitis
1146 441 1328 512 (Ioan.
1355 440 1429 512 v).
1466 459 1484 493 ι
1556 438 1655 493 llic
1692 445 1777 493 est
1814 436 1970 491 Iesus
1999 440 2044 500 Α
2075 435 2189 499 Dei,
2227 432 2476 488 defuncta
2513 428 2658 484 enim
2686 436 2770 520 est
2788 428 2901 520 lex,
2928 424 3197 520 etlegalia
3225 432 3496 520 praecepta
3534 441 3655 497 jam

388 538 475 595 cui
502 551 601 607 per
622 534 844 607 Moysen
874 532 1075 588 dicitur
1101 549 1113 587 τ
1148 548 1167 581 ι
1194 530 1522 600 Pmphetam
1555 529 1710 584 vobis
1741 527 1968 582 suscita-

388 629 468 685 hit
504 626 762 683 Dominus
798 626 943 681 Deus
993 628 1213 678 vester:
1243 629 1499 692 tanquam
1530 635 1635 686 me,
1673 620 1848 689 ipsum
1875 634 1970 672 aus

386 718 569 773 dictis.
613 715 801 773 Omnis
841 714 1019 768 anima
1064 727 1184 783 qua:
1218 726 1327 767 non
1375 710 1609 766 audierit
1653 708 1970 779 prophetam

394 805 568 869 illum,
592 802 1044 858 exterminabitur
1068 801 1138 855 de
1162 799 1341 871 plebe,
1379 819 1397 852 ι
1436 807 1546 856 etc.
1572 799 1754 871 (Deut.
1786 799 1968 871 xvm.)

396 898 650 950 4Etecce
670 908 757 949 me
785 892 949 948 vultis
972 892 1246 957 occidere,
1266 891 1359 961 qui
1386 891 1560 962 legem
1595 904 1705 946 non
1730 890 1964 945 facitis.»

392 990 454 1043 ln
495 990 598 1042 isto
622 986 743 1042 loco
772 986 1008 1041 demissa
1041 994 1127 1039 est
1156 983 1264 1049 lex,
1314 982 1565 1039 demissa:
1606 992 1737 1037 sunt
1775 997 1972 1037 manus

395 1072 586 1143 Moysi,
624 1070 847 1125 invaluit
883 1069 1237 1124 incredulitas
1259 1067 1592 1133 Iudaeorum,
1623 1068 1791 1122 vincit
1816 1069 1973 1122 Ama-

395 1165 499 1227 lec,
548 1164 652 1217 hoc
694 1170 781 1217 est
823 1160 1091 1225 diabolus,
1139 1160 1229 1229 qui
1280 1160 1410 1213 vicit
1463 1158 1698 1223 Iudreos,
1755 1158 1973 1227 quando

393 1255 670 1309 Christum
720 1250 1145 1315 crucifixerunt,
1196 1258 1251 1304 et
1293 1263 1400 1302 non
1452 1247 1802 1303 crediderunt
1848 1262 1972 1302 cum

395 1344 548 1414 signa
588 1342 864 1405 viderunt,
905 1340 1030 1409 quia
1071 1339 1274 1394 dictum
1314 1345 1431 1393 erat
1474 1340 1541 1393 de
1584 1337 1689 1391 illis
1737 1336 1792 1390 in
1833 1336 1971 1407 lege:

396 1454 419 1486 4
467 1433 730 1488 Videbitis
764 1432 935 1487 vitam
975 1438 1211 1486 vestram
1261 1428 1583 1498 pendentem
1627 1428 1682 1481 in
1718 1427 1885 1497 ligno,
1920 1433 1977 1481 et

390 1540 502 1581 non
533 1523 767 1579 credetis
798 1520 854 1576 bi
910 1521 1087 1593 (Deut.
1134 1520 1350 1591 xxvut).
1395 1539 1413 1572 ι
1458 1518 1716 1575 Cessante
1740 1532 1976 1589 namque

396 1615 539 1686 apud
585 1614 704 1668 illos
741 1613 859 1685 lege
896 1619 952 1693 et
986 1612 1240 1683 operibus
1290 1610 1459 1682 legis,
1508 1610 1600 1680 qui
1647 1610 1773 1664 dum
1822 1624 1977 1665 suam

390 1711 662 1783 justitiam
702 1714 952 1779 quazrunt
996 1716 1251 1773 statuere,
1292 1704 1516 1776 justitia:
1555 1704 1649 1759 Dei
1700 1718 1807 1758 non
1849 1710 1978 1759 sunt

2068 532 2301 582 cessant.
2334 520 2390 577 Si
2438 535 2569 591 ergo
2614 518 2926 575 consideres
2970 515 3270 572 Jerusalem
3308 517 3654 585 subversam,

2067 616 2236 671 altare
2285 612 2651 675 destructum,
2701 623 2969 678 nusquam
3021 607 3325 672 sacriﬁcia,
3384 622 3656 679 nusquam

2068 722 2169 762 nec
2195 704 2405 760 hostias
2428 717 2529 757 nec
2554 701 2835 763 libamina,
2866 714 3133 769 nusquam
3165 699 3499 766 sacerdotes,
3528 713 3661 754 nus-

2067 815 2231 869 quam
2284 797 2586 868 pontifices,
2638 808 2905 864 nusquam
2961 794 3267 848 ministeria
3312 792 3657 847 chitarum:

2079 901 2203 942 cum
2249 887 2366 941 haec
2405 884 2585 941 omnia
2627 881 2778 937 vides
2814 896 3054 947 cessare,
3081 882 3251 937 dicito
3281 882 3407 952 quia
3435 882 3666 954 Moyses

2070 979 2307 1035 famulus
2330 978 2423 1033 Dei
2460 976 2748 1033 defunctus
2784 983 2885 1031 est.
2921 973 2980 1030 Si
3011 975 3217 1030 videris
3257 975 3531 1029 neminem
3575 983 3669 1028 tcr

2071 1071 2126 1125 in
2155 1084 2299 1124 anno
2343 1069 2525 1124 venire
2554 1068 2623 1121 ad
2652 1073 3001 1135 conspectum
3044 1066 3282 1132 Domini,
3322 1082 3423 1122 nec
3458 1066 3670 1120 offerre

2071 1173 2295 1214 munera
2352 1158 2405 1213 in
2462 1156 2684 1227 templo,
2728 1171 2831 1211 nec
2874 1155 3124 1227 jugulare
3173 1156 3399 1221 hostias,
3452 1157 3669 1226 pascha

2072 1264 2174 1306 nec
2201 1264 2386 1320 azyma
2415 1250 2597 1313 edere,
2628 1262 2728 1303 nec
2765 1247 2963 1302 offerre
3002 1248 3294 1317 primitias,
3326 1263 3426 1303 nec
3452 1249 3672 1317 primo-

2074 1343 2254 1413 genita
2296 1356 2623 1396 conservare
2652 1357 2664 1392 :
2699 1354 2819 1394 cum
2846 1340 2961 1395 hzec
2990 1341 3173 1395 omnia
3205 1354 3311 1394 non
3340 1341 3489 1395 vides
3517 1341 3677 1394 cele-

2074 1436 2242 1501 brari,
2272 1434 2440 1489 dicito
2464 1434 2589 1503 quia
2632 1432 2841 1503 Moyses
2868 1431 3101 1486 famulus
3129 1431 3343 1486 Domini
3374 1430 3677 1486 defunctus

2075 1535 2177 1583 est.
2232 1525 2368 1583 Cum
2412 1540 2543 1581 vero
2586 1526 2786 1603 videris
2847 1524 3075 1578 introire
3121 1533 3311 1594 gentes
3362 1524 3429 1578 ad
3472 1523 3672 1587 fidem,

2076 1620 2338 1676 ecclesias
2378 1618 2598 1683 instrui,
2643 1616 2835 1671 altaria
2885 1632 2995 1671 non
3023 1630 3220 1671 cruore
3260 1614 3527 1686 pecudum
3583 1632 3678 1670 rc-

2079 1711 2286 1784 spergi,
2326 1712 2423 1767 sed
2458 1710 2698 1783 pretioso
2754 1709 3015 1779 sanguine
3059 1707 3263 1763 Christi
3313 1708 3679 1769 conservari;

394 1802 660 1873 subjecti;
703 1800 951 1855 demisse:
993 1806 1120 1853 sunt
1165 1813 1358 1852 manus
1386 1796 1577 1867 Moysi,
1621 1794 1849 1850 invaluit
1894 1794 1971 1849 in—
1997 1792 2046 1853 B
2075 1820 2199 1861 cum
2233 1803 2433 1859 videris
2475 1801 2785 1858 sacerdotes
2844 1809 2901 1855 et
2953 1798 3149 1854 levitas
3187 1813 3292 1853 non
3341 1797 3675 1869 sanguinem

382 1892 708 1955 credulitas,
735 1890 972 1944 vincitur
990 1887 1238 1960 populus.
1266 1887 1372 1943 Sed
1392 1896 1447 1942 et
1467 1887 1670 1952 Nadab,
1701 1894 1755 1941 et
1772 1886 1971 1951 Abiud,

380 1992 449 2038 -ct
478 1983 705 2038 Eleazar
755 1990 809 2036 et
849 1978 1092 2034 Ithamar
1126 1977 1506 2048 relinquuntur
1555 1976 1610 2030 in
1641 1976 1866 2039 castris,
1918 1983 1978 2030 ut

391 2075 642 2144 judicent
665 2072 940 2144 populum.
983 2070 1386 2140 Derelinquitur
1414 2069 1576 2125 etiam
1602 2076 1656 2123 et
1680 2068 1888 2134 Iethro,
1919 2077 1979 2125 ut

387 2166 596 2238 judicet
643 2173 699 2220 et
738 2164 854 2234 ipse
882 2161 1134 2233 populum
1173 2177 1295 2217 cum
1346 2161 1447 2217 eis.
1511 2159 1669 2215 Iesus
1698 2174 1828 2214 vero
1869 2174 1975 2214 non

395 2257 808 2328 derelinquitur,
854 2256 950 2311 sed
973 2256 1219 2325 sequitur
1241 2254 1460 2324 Moysen
1485 2254 1536 2307 in
1570 2260 1827 2307 montem.
1873 2250 1975 2306 Ubi

393 2349 626 2418 adjectio
664 2355 748 2403 est
771 2347 922 2402 verbi
950 2345 1250 2401 mirabilis:
1282 2363 1300 2396 ι
1336 2343 1452 2399 Non
1483 2344 1605 2398 veni
1651 2343 1821 2414 legem
1873 2341 1979 2397 sol-

392 2454 557 2504 vere,
608 2439 703 2494 sed
752 2436 1051 2507 adimplere
1089 2435 1306 2508 (Matth.
1340 2435 1415 2507 v).
1453 2455 1471 2488 ι
1555 2433 1716 2490 Iesus
1761 2442 1978 2489 secutus

395 2530 634 2601 Moysen,
675 2545 798 2584 cum
840 2530 1015 2600 legem
1058 2528 1373 2598 adimplevit
1409 2529 1463 2582 in
1500 2544 1564 2583 eo
1591 2528 1733 2598 quod
1779 2528 1979 2582 dicitur

393 2619 521 2689 quia
551 2618 839 2673 assistebat
866 2617 1053 2687 Moysi.
1088 2617 1369 2685 Quomodo
1410 2618 1735 2673 assistebat?
1776 2617 1892 2672 Non
1920 2625 1980 2671 ut

391 2709 693 2774 secundus,
722 2723 829 2764 non
858 2716 919 2762 ut
947 2707 1190 2774 inferior,
1230 2708 1324 2764 sed
1354 2716 1415 2762 ut
1442 2706 1659 2777 adjutor
1696 2716 1752 2763 et
1793 2715 1978 2778 prote-

394 2817 547 2873 gens.
594 2800 701 2856 Sed
726 2810 783 2856 et
811 2800 940 2856 illud
975 2800 1134 2870 quale
1162 2808 1266 2864 est,
1295 2800 1437 2870 quod
1463 2816 1585 2856 cum
1614 2800 1853 2870 primum
1882 2815 1980 2855 no-

396 2894 630 2948 minatus
659 2901 743 2947 est
767 2891 945 2956 Iesus,
985 2908 1091 2947 non
1123 2900 1206 2947 est
1248 2892 1543 2960 indicatum
1588 2906 1779 2947 nomen
1810 2894 1980 2964 patris

392 2984 530 3054 ejus,
572 2998 747 3053 neque
784 2982 838 3037 in
879 2983 1139 3049 secundo,
1169 2996 1343 3053 neque
1377 2984 1433 3038 in
1471 2983 1666 3048 tertio;
1698 2999 1820 3039 cum
1851 2999 1981 3040 vero

395 3085 552 3143 pater
575 3072 694 3142 ejus
720 3073 1029 3127 nominatur
1054 3072 1219 3139 Nave,
1250 3080 1379 3128 tunc
1408 3073 1522 3143 ipse
1551 3087 1657 3127 non
1677 3071 1855 3138 Iesus,
1883 3072 1977 3127 sed

394 3135 569 3220 Auses
605 3135 787 3220 dictus
835 3164 956 3219 est?
983 3161 1171 3234 (Num.
1206 3135 1518 3234 xm.)ln-ter
1564 3177 1658 3217 eos
1701 3135 1850 3216 enim
1885 3162 1977 3231 qui
2004 3135 2049 3199 C

395 3254 769 3323 exploratores
790 3251 939 3306 missi
966 3259 1111 3315 sunt,
1139 3265 1336 3304 nomen
1365 3248 1481 3319 ejus
1502 3249 1676 3304 Auses
1701 3250 1977 3304 scribitur.

398 3346 506 3400 Sed
542 3343 791 3398 fortassis
831 3341 965 3395 mihi
1005 3340 1218 3395 videtur
1253 3355 1353 3410 pro
1399 3339 1763 3409 exploratoris
1805 3337 1981 3395 cilicio

388 3451 503 3492 non
526 3433 701 3498 Iesus,
732 3433 826 3488 sed
852 3431 1025 3487 Auses
1053 3432 1230 3487 dictus
1249 3439 1354 3499 est,
1385 3440 1442 3487 et
1465 3430 1612 3487 Nave
1642 3430 1783 3486 filius
1808 3430 1975 3485 nomi-

388 3534 581 3581 natur.
624 3523 762 3579 Cum
793 3536 921 3577 vero
949 3522 1091 3577 redit
1124 3536 1288 3593 Opere
1324 3521 1559 3593 expleto,
1593 3530 1649 3578 et
1674 3521 1981 3593 perterritis

380 3616 679 3680 omnibus,
720 3613 868 3669 solus
918 3612 1164 3668 sublevat
1212 3613 1394 3684 lapsos
1441 3614 1982 3685 desperationemque

378 3707 577 3779 :populi
610 3707 758 3762 solus
794 3705 975 3777 erigit,
1010 3712 1136 3761 tunc
1183 3720 1214 3760 a
1240 3705 1424 3777 Moyse
1450 3705 1610 3761 Iesus
1645 3706 1977 3772 nominatur,

394 3813 500 3853 nec
559 3795 706 3851 Nave
764 3794 907 3850 illius
965 3795 1185 3861 dicitur,
1226 3797 1322 3851 sed
1382 3795 1472 3851 ille
1532 3796 1603 3851 ad
1640 3810 1801 3865 quem
1850 3795 1981 3852 dicit

397 3887 639 3958 Moyses:
660 3904 679 3937 ι
718 3886 869 3943 Educ
895 3886 1195 3943 exercitum
1222 3895 1277 3942 et
1299 3885 1525 3958 conﬂige
1552 3902 1675 3942 cum
1699 3886 1939 3943 Amalec.
1955 3905 1973 3939 ι

372 3976 529 4033 .lllud
554 3976 698 4030 enim
725 3975 962 4040 intuens,
985 3976 1413 4046 magnitudinem
1436 3976 1555 4047 ejus
1578 3977 1975 4045 pervideamus.

396 4064 1302 4136 Quodcumadtranstlgurationem
1354 4065 1538 4122 vultus
1584 4065 1754 4137 Moysi
1802 4069 1980 4123 omnis

398 4159 632 4212 ﬁliorum
655 4156 820 4212 Israel
842 4157 1126 4212 hebetaret
1150 4166 1422 4228 aspectus,
1451 4172 1552 4213 nec
1579 4157 1774 4228 aliquis
1798 4169 1980 4230 posset

394 4250 595 4306 intueri
634 4248 829 4306 faciem
858 4247 1037 4304 vultus
1063 4246 1202 4317 ejus,
1230 4247 1390 4304 Iesus
1428 4240 1537 4305 non
1572 4249 1748 4307 solum
1780 4251 1975 4308 faciem

393 4350 707 4406 contuetur,
736 4354 929 4395 verum
976 4339 1143 4396 etiam
1172 4340 1226 4395 in
1256 4339 1609 4398 interioribus
1639 4343 1974 4399 tabernaculi

397 4433 778 4503 mysteriorum
813 4431 1068 4487 conscius
1102 4439 1436 4502 perseverat.
1488 4431 1607 4500 Quo
1649 4434 1814 4506 igitur
1842 4444 1974 4491 nutu

394 4524 510 4578 haec
550 4532 745 4578 cuncta
793 4523 1167 4594 perspiciunt?
1203 4523 1406 4594 Nempe
1431 4539 1497 4580 eo
1535 4526 1679 4596 quod
1724 4527 1862 4582 liber
1886 4528 1975 4583 hic

393 4628 504 4667 non
534 4620 644 4667 tam
680 4621 832 4684 gesta
877 4612 973 4667 filii
1001 4612 1150 4668 Nave
1184 4613 1388 4670 indicet
1415 4630 1574 4685 quam
1605 4617 1817 4672 Domini
1844 4616 1973 4671 Iesu

394 4704 551 4758 nobis
576 4715 918 4759 sacramenta
946 4706 1221 4776 depingat.
1251 4706 1370 4777 Ipse
1395 4709 1539 4764 enim
1569 4710 1661 4779 qui
1685 4718 1808 4780 post
1836 4726 1974 4764 mor-

397 4802 503 4846 tem
548 4792 747 4865 Moysis
780 4796 1018 4866 suscepit
1060 4797 1368 4866 imperium,
1401 4798 1517 4868 ipse
1550 4806 1636 4854 est
1678 4800 1770 4870 qui
1813 4800 1973 4855 ducet

376 4883 693 4939 exercitum
737 4894 791 4940 et
827 4885 1079 4958 conﬂiget
1130 4889 1393 4946 adversus
1436 4891 1675 4945 Amalec.
1732 4891 1800 4946 Et
1828 4894 1970 4962 quod

392 4974 468 5029 ibi
499 4975 922 5031 adumbrabatur
951 4978 1002 5032 in
1035 4987 1217 5035 monte
1246 4982 1497 5037 manibus
1519 4981 1779 5047 extensis,
1809 4983 1977 5054 alligit

390 5064 543 5120 cruci
573 5080 703 5131 sum,
741 5067 1081 5138 triumphans
1105 5072 1448 5142 principatus
1492 5083 1549 5128 et
1586 5082 1883 5143 potestates
1921 5076 1973 5129 in

392 5158 703 5226 semetipso.
735 5157 1036 5216 Defunctus
1057 5170 1144 5216 est
1166 5162 1396 5234 Moyses,
1428 5166 1662 5219 cessavit
1689 5166 1832 5221 enim
1864 5167 1973 5233 lex,

389 5249 645 5317 quoniam
714 5269 734 5302 ι
790 5251 873 5307 lex
926 5261 982 5309 et
1031 5256 1308 5324 propheta:
1376 5273 1549 5327 usque
1602 5258 1669 5313 ad
1715 5256 1976 5315 Joannem

390 5338 615 5409 (Matth.
650 5357 738 5408 XI,
772 5342 891 5414 l3).
941 5364 961 5396 ι
1009 5342 1099 5399 Vis
1131 5354 1312 5401 autem
1347 5348 1414 5403 de
1461 5347 1760 5420 Scriptnris
1788 5351 1973 5422 profe-

394 5444 510 5482 ram
555 5431 877 5488 documenta
912 5433 1055 5502 quod
1096 5434 1181 5487 lex
1214 5434 1425 5507 Moyses
1457 5438 1797 5507 appellatur?
1834 5438 1972 5496 Audi

390 5518 520 5589 quid
558 5520 692 5577 dicit
740 5524 796 5578 in
833 5523 1162 5592 Evangelio:
1195 5542 1214 5575 ‹
1247 5525 1457 5581 Habent
1505 5527 1720 5600 Moysen
1764 5538 1817 5585 et
1853 5543 1975 5599 pro-

392 5610 584 5676 phetas
609 5653 622 5677 ,
672 5615 896 5669 audiant
934 5614 1053 5670 illos
1088 5616 1240 5688 (Luc.
1271 5619 1402 5691 xw).
1446 5639 1464 5673 ι
1543 5620 1759 5693 Moysen
1788 5624 1973 5692 utique

394 5699 568 5767 ἐυερηι
595 5704 899 5759 nominans.
928 5705 1224 5763 Defunctus
1246 5719 1327 5765 est
1349 5726 1481 5781 ergo
1506 5710 1714 5782 Moyses
1740 5712 1972 5767 famulus

2003 4482 2052 4540 D

2077 1903 2356 1950 taurorum
2401 1901 2456 1947 et
2497 1888 2798 1955 hircorum,
2837 1889 2931 1944 sed
2961 1887 3186 1942 verbum
3211 1886 3301 1942 Dei
3347 1902 3447 1958 per
3482 1899 3684 1943 sancti

2078 1987 2318 2058 Spiritus
2344 1985 2574 2057 gratiam
2620 1983 3017 2046 ministrantes,
3051 1989 3180 2035 tunc
3208 1981 3374 2036 dicito
3418 1981 3553 2051 quia
3583 1980 3687 2036 Ie-

2078 2093 2171 2133 sus
2212 2083 2336 2147 post
2372 2076 2591 2146 Moysen
2635 2073 2872 2141 suscepit
2902 2079 2956 2126 ct
2986 2071 3221 2126 obtinuit
3257 2072 3681 2141 principatum:

2078 2168 2172 2222 sed
2204 2182 2309 2222 non
2337 2166 2427 2221 ille
2456 2163 2614 2220 Iesus
2639 2164 2784 2218 filius
2814 2162 2979 2225 Nave,
3008 2160 3164 2216 Iesus
3188 2160 3356 2215 Filius
3380 2161 3494 2216 Dei.
3528 2160 3684 2215 Cum

2076 2259 2278 2313 videris
2296 2257 2423 2327 quia
2444 2256 2646 2327 pascha
2660 2263 2914 2309 nostrum
2936 2252 3247 2313 immolatus
3287 2260 3373 2306 est
3391 2250 3687 2318 Christus,

2079 2355 2134 2402 et
2171 2360 2359 2418 azyma
2391 2346 2602 2400 edimus
2633 2344 2964 2400 sinceritatis
2992 2349 3046 2397 et
3068 2342 3346 2407 veritatis;
3377 2358 3493 2397 cum
3518 2343 3691 2398 vide-

2081 2438 2157 2493 ris
2185 2437 2398 2492 fructus
2433 2435 2659 2504 iustitia:
2705 2444 2865 2491 terra:
2909 2435 3064 2490 bona:
3092 2435 3145 2488 in
3194 2433 3433 2489 Ecclesia
3456 2434 3692 2506 trigesi-

2080 2543 2220 2594 mos,
2240 2528 2624 2598 sexagesimos,
2652 2534 2708 2582 et
2726 2526 3072 2591 centesimos,
3093 2525 3269 2594 justas
3295 2524 3583 2595 conjuges,
3604 2526 3690 2580 vi-

2080 2621 2237 2687 duas,
2264 2620 2503 2692 virgines
2525 2628 2581 2673 et
2603 2627 2902 2690 martyres;
2936 2632 3059 2673 cum
3083 2617 3285 2672 videris
3312 2616 3688 2686 multiplicari

2081 2726 2265 2768 semen
2295 2710 2458 2766 Israel
2487 2711 2541 2765 in
2579 2711 2667 2764 his
2704 2709 2797 2779 qui
2823 2724 2931 2763 non
2971 2708 3024 2762 in
3073 2707 3448 2777 sanguinibus,
3487 2721 3690 2776 neque

2080 2818 2147 2857 cx
2177 2801 2454 2857 voluntate
2479 2800 2606 2867 viri,
2638 2814 2814 2870 neque
2840 2814 2908 2853 ex
2933 2799 3213 2852 voluntate
3246 2799 3445 2861 carnis,
3474 2798 3580 2852 sed
3610 2814 3689 2853 ex

2084 2895 2194 2950 Deo
2225 2895 2336 2949 nati
2366 2903 2527 2961 sunt;
2564 2901 2618 2948 et
2645 2908 2767 2947 cum
2792 2893 2999 2947 videris
3030 2891 3171 2945 filios
3190 2890 3285 2945 Dei
3314 2891 3406 2961 qui
3433 2890 3687 2960 dispersi

2082 2993 2261 3051 erant,
2292 2984 2610 3056 congregari
2648 2984 2705 3039 in
2736 2999 2902 3039 unum
2932 2999 3055 3038 cum
3094 2997 3192 3038 sua
3231 2982 3534 3046 voluntate,
3580 2984 3692 3036 ba-

2082 3075 2277 3146 ptizari
2304 3075 2561 3145 populum
2586 3073 2704 3142 Dei,
2729 3089 2835 3129 non
2862 3082 3031 3128 otmm
3059 3081 3334 3144 gerentem
3376 3087 3405 3124 a
3433 3086 3694 3128 conver—

2084 3168 2293 3224 satione
2336 3167 2631 3232 eommuni,
2684 3166 2780 3222 sed
2827 3166 2998 3221 otium
3045 3175 3325 3236 gerentem
3369 3164 3437 3220 ab
3471 3179 3695 3235 opera-

2083 3261 2231 3317 tione
2276 3260 2486 3332 peccati
2515 3278 2527 3313 :
2554 3275 2678 3315 cum
2725 3260 2843 3314 haec
2892 3259 3073 3313 omnia
3116 3258 3289 3323 vides,
3336 3258 3501 3314 dicito
3541 3261 3688 3330 quia

2082 3357 2294 3424 Moyses
2330 3350 2566 3408 famulus
2599 3351 2695 3406 Dei
2730 3350 3017 3407 defunctus
3061 3357 3166 3415 est,
3221 3358 3279 3404 et
3309 3347 3464 3404 Iesus
3495 3349 3691 3407 Filius

2082 3441 2179 3496 Dei
2215 3441 2426 3497 obtinet
2454 3439 2838 3510 principatum.
2878 3437 2985 3495 Sed
3013 3439 3295 3494 videamus
3326 3439 3451 3508 quid
3474 3438 3691 3495 Domi-

2082 3544 2185 3585 nus
2211 3529 2409 3585 dixerit
2436 3530 2506 3584 ad
2530 3527 2745 3584 Iesum:
2778 3546 2797 3580 ι
2829 3527 3042 3599 Moyses
3085 3541 3278 3581 servus
3322 3540 3473 3581 meus
3532 3544 3693 3584 mor-

2087 3638 2106 3672 ι
2143 3628 2267 3675 tuus
2299 3627 2401 3676 est.
2436 3618 2630 3690 Surge,
2680 3628 2737 3674 et
2774 3618 2943 3673 transi
2972 3612 3276 3672 Iordanem
3306 3616 3489 3683 istum,
3526 3626 3593 3673 tu
3624 3628 3692 3675 et

2088 3727 2107 3761 ι
2144 3710 2321 3765 omnis
2345 3710 2574 3781 populus
2612 3718 2787 3766 tecum
2813 3749 2828 3775 ,
2870 3709 2925 3763 in
2971 3716 3173 3763 terram
3209 3722 3370 3777 quam
3398 3722 3500 3779 ego
3530 3709 3690 3766 dabo

2089 3824 2108 3858 ε
2144 3805 2270 3859 ﬁliis
2298 3804 2483 3859 lsrael.
2513 3804 2740 3860 Omnem
2772 3803 2947 3858 locum
2980 3816 3141 3872 quem
3169 3799 3466 3857 calcaverit
3503 3804 3691 3858 vesti-

2087 3911 2106 3945 ι
2144 3895 2290 3965 gium
2327 3893 2480 3964 pedis
2528 3894 2736 3960 vestri,
2778 3893 2932 3948 vobis
2979 3892 3221 3958 tradam,
3270 3892 3412 3947 sicut
3454 3890 3688 3947 locutus

2087 4002 2106 4036 ι
2146 4000 2265 4040 sum
2293 3983 2484 4056 Moysi,
2529 3999 2561 4038 a
2589 3984 2805 4039 deserto
2838 3992 2895 4038 et
2923 3982 3128 4037 Libano
3155 3997 3329 4052 usque
3357 3981 3426 4037 ad
3464 3980 3684 4039 limum

2087 4094 2106 4127 ι
2140 4089 2396 4144 magnum
2424 4074 2777 4144 Euphratem.
2808 4093 2828 4127 ι
2862 4073 3118 4143 Requiris
3140 4071 3372 4127 fortasse
3396 4074 3688 4141 quomodo

2082 4168 2330 4222 minister
2359 4167 2526 4238 Moysi
2574 4166 2739 4221 fuerit
2782 4166 2947 4221 etiam
2977 4165 3239 4220 Dominus
3290 4173 3476 4220 noster
3506 4164 3687 4220 Iesus

2080 4257 2329 4314 Christus
2355 4258 2525 4335 ilius
2550 4258 2666 4314 Dei.
2717 4258 2854 4325 Quia
2892 4273 3016 4313 cum
3045 4258 3282 4312 venisset
3339 4275 3360 4308 ς
3390 4257 3685 4326 plenitudo

2081 4358 2404 4420 temporum,
2477 4348 2626 4404 misit
2665 4348 2807 4404 Deus
2845 4348 3040 4402 Filium
3090 4363 3280 4414 suum,
3339 4348 3544 4402 factum
3604 4364 3680 4403 ex

2082 4441 2328 4506 nmliere,
2387 4440 2587 4495 factum
2615 4442 2717 4496 sub
2745 4441 2862 4510 lege
2890 4438 3032 4511 (Gal.
3059 4440 3156 4510 tv).
3188 4461 3206 4492 ι
3272 4439 3377 4495 Per
3396 4441 3499 4496 hoc
3523 4441 3683 4509 quod

2080 4532 2257 4587 factus
2285 4540 2368 4587 est
2397 4534 2497 4588 sub
2527 4533 2666 4604 lege,
2699 4534 2950 4589 minister
2980 4533 3151 4605 Moysi
3181 4532 3354 4588 factus
3381 4543 3482 4588 est.
3520 4533 3681 4589 Dixit

2079 4635 2260 4682 autem
2285 4626 2429 4683 Deus
2459 4634 2518 4681 ut
2543 4633 2821 4681 transeant
2850 4626 2904 4681 in
2930 4635 3152 4692 terram,
3191 4643 3299 4682 non
3330 4641 3492 4697 quam
3519 4626 3681 4681 dedit

2080 4716 2312 4788 Moyses,
2345 4718 2438 4773 sed
2468 4732 2651 4787 quam,
2686 4718 2882 4787 inquit,
2910 4732 3012 4786 ego
3038 4718 3107 4773 do
3132 4719 3305 4772 vobis.
3340 4716 3503 4771 Vides
3535 4731 3678 4787 ergo

2077 4810 2224 4878 quia,
2248 4811 2429 4882 Moyse
2454 4818 2688 4876 mortuo,
2713 4811 2855 4865 Deus
2885 4810 2975 4864 dat
3002 4817 3205 4864 terram
3231 4808 3677 4879 repromissionis

2076 4902 2273 4972 populo
2310 4902 2478 4957 Israel
2517 4918 2614 4971 per
2639 4901 2849 4960 Iesum.
2884 4902 3057 4969 Quam
3099 4903 3333 4957 terram?
3367 4900 3519 4955 Illam
3552 4902 3677 4955 sine

2079 4992 2244 5048 dubio
2269 4993 2335 5047 de
2359 5008 2468 5062 qua
2495 4993 2626 5048 dicit
2652 4994 2943 5049 Dominus:
2980 5013 2999 5045 ι
3029 4993 3180 5049 Beati
3217 4993 3505 5056 mansueti,
3537 4993 3673 5063 quia

2078 5082 2177 5151 ipsi
2237 5081 2552 5137 haereditate
2606 5083 2957 5153 possidebunt
3021 5091 3225 5137 terram
3276 5081 3490 5154 (Matth.
3525 5083 3604 5151 v).
3645 5101 3669 5134 ι

2077 5171 2329 5237 Omnem,
2352 5171 2546 5241 inquit,
2572 5172 2750 5237 locum
2776 5187 3154 5243 quemcunque
3180 5170 3540 5226 ascenderitis
3570 5184 3672 5224 ve-

2079 5262 2257 5332 stigiis
2284 5262 2481 5332 pedum
2518 5272 2844 5328 vestrorum,
2869 5261 3025 5318 vobis
3054 5263 3195 5318 dabo
3208 5276 3354 5317 eum.
3378 5260 3511 5329 Quae
3539 5271 3677 5316 sunt

2064 5353 2196 5408 ioca
2219 5368 2340 5423 quae
2365 5354 2707 5409 ascendimus
2728 5354 2968 5425 vestigiis
2986 5354 3183 5424 pedum
3204 5360 3535 5417 nostrorum,
3560 5353 3672 5407 nisi

2080 5445 2214 5515 legis
2254 5445 2488 5499 litteram
2517 5445 2665 5500 humi
2690 5447 2923 5515 positam
2974 5456 3031 5501 et
3073 5446 3324 5502 deorsum
3347 5444 3672 5513 jacentem?

2080 5534 2354 5605 Nusquam
2385 5551 2514 5608 ergo
2542 5535 2787 5592 ascendit
2814 5537 2906 5606 qui
2948 5536 3083 5607 legis
3122 5536 3359 5591 litteram
3390 5536 3664 5606 sequitur.

2079 5624 2136 5679 Si
2179 5641 2211 5678 a
2240 5626 2419 5681 littera
2461 5642 2591 5681 vero
2618 5628 2819 5696 poteris
2858 5628 3150 5683 ascendere
3194 5626 3262 5679 ad
3293 5625 3575 5696 spiritum,
3608 5633 3671 5678 et

2077 5714 2146 5769 ab
2177 5715 2401 5770 historia
2442 5717 2508 5771 ad
2559 5716 2891 5772 intellectum
2935 5717 3301 5773 conscendere
3344 5715 3665 5779 celsiomn.
