3964 6192
355 352 497 413 1005

1289 350 1639 410 COMMENT.
1682 348 1749 405 IN
1787 348 2047 406 LIBRUM
2086 347 2321 406 IOSUE.
2362 378 2430 389 -——
2468 349 2594 404 LIB.
2635 349 2677 403 ι.

3467 355 3488 408 l
3500 352 3603 408 0οεῖ

352 480 482 525 tunc
535 482 661 523 vere
705 466 996 523 ascendisti
1042 468 1218 524 locum
1268 467 1471 523 editum
1533 474 1587 520 et
1633 463 1928 526 excelsum,
1960 466 2003 524 Α
2034 468 2362 530 praepararet
2399 461 2630 514 transire
2660 460 2968 527 Iordanem,
3005 478 3129 519 arca
3154 463 3366 521 Domi..i
3404 483 3602 538 [meoe—

350 576 515 632 quem
552 575 581 613 a
613 559 723 614 Deo
752 559 807 613 in
837 559 1148 614 haereditate
1173 559 1455 631 percipies.
1508 557 1567 612 Si
1597 572 1725 626 ergo
1760 555 1814 609 in
1839 555 1925 609 his

352 667 474 724 qua:
504 651 557 705 in
589 649 886 720 Seripturis
915 651 1106 721 typicis
1132 651 1265 721 legis
1289 649 1556 720 intelligas
1582 649 1782 704 formas
1807 661 1927 703 esse

354 744 676 807 caelestium,
729 749 785 797 et
839 750 1018 797 mente
1062 757 1125 798 ac
1171 757 1330 797 sensu
1378 757 1498 812 qua:
1539 755 1753 796 sursum
1801 746 1927 793 sunt

353 849 585 904 quaeras,
632 832 722 887 ubi
768 831 1017 888 Christus
1056 840 1140 888 est
1188 833 1244 888 in
1289 832 1510 887 dextera
1557 829 1650 884 Dei
1699 827 1921 892 sedens;

355 935 481 980 tunc
509 932 565 978 et
592 922 739 977 illum
769 923 945 978 locum
975 922 1029 977 in
1060 923 1371 978 haereditate
1400 921 1688 992 percipies,
1714 920 1927 975 dicente

352 1016 581 1072 Domino
621 1012 922 1079 Salvatore,
959 1013 1085 1085 quia
1135 1031 1154 1065 ‹
1189 1012 1277 1068 ubi
1317 1027 1417 1084 ego
1455 1027 1594 1076 sum,
1626 1010 1701 1065 ibi
1730 1009 1833 1064 erit
1871 1016 1926 1063 et

352 1110 602 1165 minister
649 1122 799 1163 meus
863 1103 1051 1179 (Joan.
1089 1104 1207 1175 xu).
1250 1123 1268 1156 ι
1352 1104 1410 1159 Si
1461 1118 1590 1174 ergo
1642 1115 1809 1171 usque
1856 1101 1924 1155 ad

349 1201 628 1256 Christum
665 1200 941 1254 sedentem
982 1198 1035 1253 in
1061 1198 1282 1253 dextera
1309 1195 1402 1251 Dei
1431 1195 1763 1266 perveneris,
1797 1194 1921 1257 fide,

347 1292 613 1361 puritate,
639 1290 773 1354 vita,
803 1289 1021 1353 virtute,
1054 1298 1109 1343 et
1149 1289 1254 1343 illis
1289 1288 1527 1358 vestigiis
1567 1287 1759 1356 pedum
1808 1293 1925 1340 tuo-

347 1398 469 1436 rum
498 1396 617 1451 qua:
656 1380 786 1435 lavit
809 1379 967 1436 Iesus
1010 1380 1156 1435 illum
1196 1378 1372 1435 locum
1420 1379 1736 1444 incesseris,
1775 1377 1923 1432 dabit

346 1488 473 1527 eum
517 1472 614 1527 tibi
646 1471 785 1527 Deus
818 1488 831 1525 :
859 1479 915 1525 tu
965 1486 1070 1525 non
1111 1470 1285 1525 solum
1323 1468 1548 1525 efficeris
1586 1469 1760 1524 haeres
1805 1467 1917 1531 Dei,

346 1565 444 1619 sed
481 1572 536 1619 et
564 1565 805 1619 colueres
829 1562 1051 1618 Christi.
1093 1583 1111 1614 ε
1146 1561 1300 1616 Sicut
1341 1561 1413 1615 fui
1450 1576 1575 1615 cum
1602 1560 1801 1631 Moyse,
1828 1574 1924 1613 ero

352 1674 370 1704 ι
419 1662 598 1708 tecum
625 1671 638 1707 :
673 1670 779 1709 non
810 1653 1109 1718 dimittam,
1138 1668 1239 1708 nec
1267 1651 1635 1722 derelinquam
1673 1659 1726 1705 te
1758 1670 1770 1704 :
1802 1666 1907 1705 con

352 1761 373 1793 ι
415 1742 618 1798 fortare
659 1750 714 1798 et
752 1751 870 1797 esto
900 1743 1154 1797 robustus
1190 1758 1204 1795 :
1244 1749 1300 1795 ιιι
1344 1741 1486 1795 enim
1531 1748 1677 1795 sorte
1717 1740 1922 1794 divides

2028 551 2206 606 dente.
2238 550 2376 605 llinc
2405 566 2534 621 ergo
2561 550 2873 622 intelligitur
2900 553 3186 609 humanam
3219 556 3385 612 fuisse
3410 559 3592 630 dispo-

2028 641 2306 705 sitionem,
2352 657 2512 711 quam
2564 643 2691 698 fecit
2736 644 2933 715 populo
2980 649 3239 716 nuntiari,
3277 660 3338 706 ut
3388 654 3593 709 cibaria

2026 740 2423 799 prtepararent,
2470 741 2722 802 tanquam
2771 743 2891 805 post
2938 742 3051 791 tres
3089 737 3203 793 dies
3240 751 3593 801 memoratum

2026 818 2247 874 fluvium
2306 821 2604 876 transituri.
2672 823 2849 878 Potuit
2908 825 3052 879 enim
3099 826 3202 881 hoc
3251 828 3392 883 sicut
3438 831 3599 888 homo

2028 925 2248 980 sperare
2287 911 2401 966 ﬁeri
2439 928 2617 983 posse,
2651 914 2697 968 si
2726 915 3097 985 exploratores
3128 918 3379 975 celeriter
3416 938 3599 977 rever-

2029 1002 2219 1056 tissent
2261 1020 2273 1055 :
2325 1005 2519 1073 quibus
2575 1007 2913 1063 tardantibus
2963 1009 3281 1081 intelligitur
3334 1011 3601 1084 (quamvis

2029 1095 2309 1168 Scriptura
2363 1100 2612 1170 tacuerit)
2664 1117 2730 1155 ex
2776 1101 2951 1156 divina
3006 1103 3356 1175 dispositione
3405 1116 3601 1164 caetera

2029 1191 2266 1261 impleta,
2298 1201 2359 1247 ut
2384 1193 2496 1264 jam
2534 1194 2796 1264 inciperet
2834 1196 2975 1265 apud
3016 1197 3269 1267 populum
3310 1198 3600 1270 glorificari

2026 1280 2208 1349 Iesus,
2230 1291 2284 1337 et
2311 1285 2520 1339 ostendi
2552 1286 2691 1355 quod
2720 1301 2843 1341 cum
2887 1287 2977 1341 illo
3004 1287 3264 1344 Dominus
3286 1300 3429 1347 esset
3458 1293 3600 1347 sicut

2028 1371 2202 1427 fuerat
2230 1388 2353 1428 eum
2384 1374 2583 1445 Moyse.
2618 1374 2752 1429 Nam
2798 1385 2853 1430 et
2886 1377 2988 1432 hoc
3028 1378 3103 1431 illi
3144 1380 3343 1437 dicitur
3375 1380 3595 1437 fluvium

2029 1463 2342 1525 transiture,
2393 1465 2535 1519 sicut
2576 1466 2836 1536 scriptum
2879 1475 2990 1521 est:
3017 1484 3035 1516 ι
3064 1465 3279 1524 Et-dixit
3328 1470 3588 1529 Dominus

2026 1555 2093 1609 ad
2116 1553 2298 1610 Iesum
2325 1573 2338 1608 :
2430 1555 2485 1609 In
2515 1556 2601 1610 die
2630 1557 2734 1612 isto
2763 1558 3013 1627 incipiam
3046 1560 3286 1615 exaltare
3325 1569 3376 1617 te
3414 1578 3595 1618 coram

2032 1667 2051 1700 ι
2095 1648 2344 1703 omnibus
2399 1647 2523 1704 filiis
2576 1648 2760 1715 Israel,
2813 1650 3100 1705 ut'sciant
3148 1653 3401 1720 quoniam
3458 1653 3600 1709 sicut

2032 1756 2051 1787 ι
2094 1752 2240 1791 eram
2271 1753 2393 1793 cum
2421 1737 2619 1808 Moyse,
2643 1753 2739 1793 cro
2764 1745 2819 1793 et
2846 1746 3044 1792 tecum.
3082 1759 3101 1790 ι
3143 1739 3251 1794 Nec
3282 1740 3597 1797 incredibile

355 1851 376 1885 ι
415 1832 610 1903 populo
635 1832 762 1887 huic
795 1839 1015 1896 terram,
1045 1846 1145 1900 pro
1175 1846 1280 1899 qua
1302 1829 1479 1901 juravi
1516 1830 1760 1900 patribus
1792 1829 1915 1895 tuis,
1949 1807 1997 1866 Β
2023 1830 2184 1883 debet
2206 1829 2401 1890 videri,
2441 1807 2603 1884 etiam
2635 1829 2755 1885 illos
2786 1844 2909 1884 cum
2938 1830 3131 1900 quibus
3162 1831 3302 1887 Deus
3337 1831 3591 1902 loqueba-

355 1944 373 1977 ι
418 1934 481 1979 ut
519 1924 787 1978 traderem
826 1938 945 1978 eam
987 1922 1112 1977 illis.
1154 1920 1473 1977 Confortare
1508 1921 1671 1993 igitur
1708 1930 1763 1976 et
1801 1930 1918 1977 esto

349 2034 370 2066 ‹
418 2014 670 2069 robustus
699 2010 874 2078 valde,
902 2021 962 2067 ut
987 2011 1259 2067 custodias
1287 2020 1342 2066 et
1378 2009 1543 2067 facias
1582 2026 1797 2068 omnem
1837 2011 1916 2067 le-

348 2123 368 2154 ι
416 2117 561 2174 gem,
591 2116 751 2172 quam
777 2101 1029 2172 praecepit
1057 2100 1151 2154 tibi
1183 2100 1393 2171 Moyses
1418 2115 1607 2155 servus
1632 2115 1801 2156 meus.
1840 2099 1919 2155 Ne

348 2213 367 2245 ι
414 2192 654 2249 declines
687 2193 755 2247 ab
785 2205 852 2245 ea
892 2190 958 2245 ad
999 2192 1277 2246 dexteram
1307 2190 1389 2244 vel
1426 2189 1493 2245 ad
1528 2191 1824 2256 sinistram,
1858 2200 1920 2245 ut

348 2301 368 2333 ι
417 2281 685 2352 intelligas
720 2290 912 2337 cuncta
943 2297 1062 2351 quae
1093 2282 1226 2352 agis,
1259 2300 1277 2332 ι
1314 2291 1419 2336 etc.
1450 2279 1557 2354 (Ex
1580 2280 1916 2352 Augustino.)

340 2371 608 2429 Dominus
637 2373 769 2429 dicit
799 2373 867 2428 ad
898 2372 1081 2430 Iesum
1119 2372 1263 2429 Nave
1294 2391 1306 2425 :
1346 2373 1412 2427 Et
1442 2373 1583 2428 sicut
1613 2387 1761 2427 eram
1793 2388 1916 2427 cum

341 2467 544 2536 Moyse,
575 2465 649 2518 ita
672 2460 766 2520 ero
787 2472 842 2520 et
869 2472 1066 2521 tecum.
1092 2463 1207 2520 Non
1241 2465 1410 2520 solum
1434 2473 1612 2520 autem
1639 2464 1741 2520 hoc
1770 2465 1919 2520 testi-

342 2553 558 2620 monio,
609 2555 703 2610 sed
753 2556 916 2610 etiam
965 2556 1019 2611 in
1066 2554 1484 2611 Deuteronomio
1533 2554 1685 2626 (Cap.
1728 2554 1915 2629 xxxxv)

340 2644 528 2698 multis
568 2644 906 2700 documentis
940 2647 1202 2716 probatur
1236 2646 1447 2716 Moyses
1495 2646 1567 2700 ita
1609 2645 1915 2712 defunctus,

338 2744 403 2788 ut
424 2733 518 2788 Dei
558 2734 791 2791 famulus
829 2743 884 2790 et
908 2736 1020 2791 Deo
1070 2736 1305 2806 placens.
1348 2736 1605 2803 Quamvis
1652 2736 1707 2790 in
1736 2751 1801 2792 eo
1828 2736 1918 2791 illa

342 2823 583 2879 vindicta
614 2826 879 2896 completa
918 2828 1006 2891 sit,
1040 2843 1108 2882 ne
1136 2835 1340 2883 terram
1370 2827 1807 2898 repromissionis
1838 2828 1919 2882 in-

345 2921 537 2969 traret.
568 2914 646 2968 Ex
673 2930 779 2985 qua
808 2915 968 2972 datur
1001 2916 1224 2988 intelligi
1256 2917 1540 2973 Dominum
1570 2917 1736 2972 etiam
1762 2918 1920 2973 bonis

344 3005 519 3058 servis
549 3004 662 3060 suis
697 3005 749 3060 in
782 3005 962 3077 aliquo
999 3015 1428 3075 suecensentem,
1460 3016 1515 3062 et
1551 3010 1920 3079 temporaliter

344 3093 643 3157 vindicare,
684 3104 739 3150 et
774 3102 950 3150 tamen
991 3096 1044 3150 in
1081 3110 1266 3151 eorum
1308 3097 1508 3152 habere
1546 3113 1770 3154 numero
1798 3113 1918 3170 quae

2027 1927 2132 1985 tur,
2163 1919 2362 1989 aliquid
2391 1935 2458 1974 ex
2488 1920 2724 1974 humana
2762 1920 3113 1990 dispositione
3149 1937 3309 1993 agere
3341 1924 3595 1989 voluisse,

2027 2009 2079 2063 in
2108 2025 2211 2079 qua
2263 2009 2366 2063 sibi
2396 2008 2564 2063 Deum
2617 2018 2797 2063 tamen
2847 2010 3091 2065 viderent
3140 2027 3260 2066 esse
3311 2022 3595 2078 rectorem,

2027 2113 2321 2169 eorumque
2366 2115 2433 2154 ex
2483 2098 2625 2154 illius
2671 2117 2701 2154 a
2743 2115 2852 2170 quo
2888 2102 3216 2168 regebantur
3261 2106 3595 2173 providentia

2027 2189 2248 2244 consilia
2292 2187 2458 2245 fuisse
2495 2197 2716 2244 mutata.
2750 2189 2883 2244 Nam
2912 2197 2966 2245 et
2993 2190 3201 2262 Moyses
3248 2193 3378 2262 ipse,
3411 2194 3599 2265 utique

2028 2287 2283 2348 tanquam
2326 2280 2507 2344 homo,
2550 2288 2834 2351 pulaverat
2862 2294 2985 2335 esse
3026 2279 3351 2348 faciendum,
3383 2292 3444 2337 ut
3471 2298 3601 2339 cau-

2033 2385 2121 2426 sas
2149 2370 2328 2440 populi
2364 2370 2444 2425 sic
2482 2369 2693 2425 audiret
2718 2369 3169 2439 quemadmodum
3198 2380 3253 2426 et
3287 2371 3389 2427 sibi
3413 2380 3467 2427 et
3494 2373 3601 2429 illis

2026 2474 2166 2516 onus
2211 2460 2546 2515 intolerabile
2594 2461 2871 2517 subeundo
2926 2463 3184 2532 prodesse
3240 2478 3349 2519 non
3396 2474 3597 2535 posset,

2026 2550 2248 2622 ejusque
2294 2551 2572 2622 dispositio
2618 2552 2876 2608 divinitus
2924 2561 2980 2607 et
3032 2553 3135 2609 hoc
3184 2554 3359 2624 ipsum
3412 2570 3601 2611 socero

2027 2642 2143 2713 ejus
2170 2650 2488 2713 suggerente
2524 2649 2580 2696 et
2607 2650 2876 2708 monente,
2916 2652 3080 2714 atque
3106 2643 3246 2700 hanc
3277 2644 3601 2704 admonitio-

2026 2748 2149 2787 nem
2175 2732 2291 2786 Deo
2316 2733 2645 2802 approbante
2672 2741 2874 2788 mutata
2899 2741 3000 2789 est.
3055 2722 3231 2806 (Imm)
3267 2752 3285 2785 ι
3321 2734 3601 2791 llubenitis

2033 2842 2051 2873 ‹
2097 2837 2311 2892 quoque
2340 2831 2393 2876 et
2419 2821 2647 2888 Gaditis,
2679 2832 2733 2878 et
2765 2823 3000 2878 dimidia:
3032 2824 3193 2878 tribui
3221 2823 3465 2881 Manasse
3494 2826 3598 2881 ait:

2033 2930 2051 2961 ‹
2100 2910 2424 2967 Mementote
2450 2912 2712 2966 sermonis
2737 2927 2896 2981 quem
2926 2914 3183 2984 pmcepit
3210 2914 3364 2969 vobis
3391 2915 3602 2986 Moyses

2022 3024 2050 3057 ι
2097 3005 2326 3061 famulus
2360 3005 2593 3071 Domini,
2638 3004 2825 3060 dicens
2869 3023 2881 3057 :
2930 3005 3190 3059 Dominus
3236 3005 3601 3085 Deuswestcr

2032 3117 2050 3149 ‹
2096 3097 2241 3153 dedit
2301 3096 2454 3151 vobis
2498 3095 2738 3166 requiem
2780 3103 2833 3150 et
2875 3111 3087 3150 omnem
3118 3106 3337 3150 terram.
3395 3096 3604 3152 Uxores

343 3193 474 3240 sunt
504 3184 557 3239 in
587 3185 745 3240 domo
774 3185 888 3256 ejus
922 3201 1049 3241 vasa
1086 3186 1140 3241 in
1176 3187 1455 3250 honorem,
1487 3188 1636 3242 utilia
1669 3187 1914 3254 Domino,
1943 3156 1991 3220 ί)
2029 3207 2046 3238 ε
2095 3197 2288 3243 vestra:
2334 3203 2397 3242 ac
2448 3186 2539 3240 filii
2592 3196 2647 3242 et
2689 3186 2936 3256 iumenta
2998 3187 3293 3242 manebunt
3346 3188 3401 3241 in
3457 3196 3601 3243 terra

345 3272 546 3344 quibus
574 3274 797 3328 daturus
829 3282 911 3330 est
937 3276 1204 3345 promissa
1232 3289 1561 3333 sanctorum.

970 3386 1196 3445 CAPUT
1233 3388 1293 3443 ll.

348 3473 678 3553 Prwceptunt
703 3476 880 3553 dasne
940 3477 1008 3531 ad
1054 3477 1194 3546 ﬁlios
1230 3477 1400 3553 Israel
1458 3481 1922 3553 depra'parandis

458 3545 667 3601 cibariis
696 3548 751 3601 in
781 3547 983 3612 itinere,
1012 3545 1060 3602 et
1087 3550 1349 3618 responsio
1367 3550 1547 3621 populi
1560 3545 1637 3605 'ad
1657 3545 1793 3607 eum.

424 3636 599 3708 (Imm)
633 3656 651 3688 ι
680 3637 1046 3709 Praecepitque
1073 3637 1232 3695 Iosue
1255 3640 1589 3710 principibus
1612 3642 1814 3712 populi,
1845 3643 1925 3696 di-

357 3743 376 3775 ι
424 3739 591 3780 cens:
620 3724 869 3781 Trausite
909 3742 1007 3796 per
1034 3727 1273 3781 medium
1313 3735 1639 3789 castrorum,
1678 3736 1733 3781 et
1760 3728 1922 3798 impe-

356 3833 374 3865 ι
425 3822 539 3868 rate
574 3814 789 3885 populo,
829 3831 892 3871 ac
923 3815 1128 3872 dicite:
1157 3816 1465 3886 Prmparate
1507 3817 1659 3872 vobis
1697 3817 1921 3883 cibaria,

357 3925 377 3956 ‹
423 3905 678 3975 quoniam
712 3915 834 3976 post
864 3907 1002 3962 diem
1032 3907 1248 3962 tertium
1281 3907 1578 3963 transibitis
1603 3907 1920 3974 Iordanem,

357 4015 375 4047 ι
423 4004 479 4049 et
515 3995 787 4052 intrabitis
810 3998 878 4053 ad
901 3998 1279 4068 possidendam
1323 4006 1526 4053 terram
1551 4013 1710 4067 quam
1737 3997 1923 4053 Domi-

358 4104 378 4137 ι
427 4102 528 4141 nus
554 4086 696 4142 Deus
732 4097 915 4144 vester
939 4089 1161 4144 daturus
1207 4098 1291 4144 est
1338 4089 1507 4145 vobis.
1546 4109 1564 4142 ι
1613 4090 1720 4162 (Ea:
1748 4091 1926 4162 Angu-

350 4172 538 4245 slino.)
574 4176 810 4242 Quaestio
833 4187 916 4231 est
937 4177 1205 4247 quomodo
1228 4187 1576 4248 posteaquam
1606 4180 1817 4236 locutus
1844 4190 1928 4235 est

353 4261 616 4318 Dominus
645 4265 711 4318 ad
746 4264 928 4320 Iesum
956 4266 1133 4333 Nave,
1174 4268 1467 4323 exhortans
1512 4277 1566 4323 et
1601 4270 1927 4324 confirmans

353 4368 501 4418 cum,
532 4369 694 4423 seque
719 4356 1039 4424 promittens
1067 4373 1188 4412 cum
1232 4357 1321 4412 illo
1351 4357 1609 4423 futurum,
1639 4360 1927 4414 mandave-

355 4443 430 4496 rit
467 4443 609 4498 idem
641 4443 797 4500 Iesus
834 4446 1030 4515 populo
1075 4462 1173 4516 per
1218 4447 1425 4502 scribas
1463 4457 1523 4501 ut
1563 4456 1927 4516 prmpararent

356 4533 583 4598 cibaria,
606 4535 748 4604 quod
777 4507 1032 4605 post-tres
1060 4507 1175 4592 dies
1197 4535 1485 4591 Iordanem
1513 4507 1724 4592 fuerant
1752 4549 1925 4592 trans—
1957 4507 2004 4565 υ

355 4621 508 4688 ituri,
536 4639 658 4677 cum
694 4625 1033 4680 inveniantur
1058 4634 1180 4696 post
1210 4625 1376 4680 multo
1401 4626 1583 4697 plures
1613 4627 1728 4682 dies
1755 4637 1928 4685 trans-

358 4714 467 4768 isse
519 4713 830 4772 Iordanem.
872 4716 1004 4771 Cum
1042 4718 1186 4773 enim
1226 4718 1339 4773 haec
1374 4717 1570 4788 populo
1598 4721 1926 4785 mandasset,

359 4807 510 4862 misit
556 4808 927 4878 exploratores
979 4810 1033 4864 in
1084 4807 1301 4864 Iericho
1329 4850 1344 4874 ,
1395 4809 1648 4880 quoniam
1697 4809 1930 4866 Iordane

361 4898 607 4967 trajecto,
639 4900 751 4970 ipsa
778 4902 1023 4970 proxima
1052 4901 1241 4956 civitas
1270 4903 1609 4958 occurrebat.
1641 4903 1720 4958 llli
1750 4913 1929 4959 autem

358 4987 695 5043 divertebant
726 4990 792 5044 ad
819 4989 970 5044 Raab
1017 4991 1295 5045 mulierem
1345 4991 1723 5059 fornicariam,
1761 5002 1814 5048 et
1861 4994 1930 5047 ab

361 5075 451 5131 illa
489 5079 762 5145 occultati,
805 5090 964 5150 atque
1007 5098 1036 5135 a
1075 5096 1202 5152 rege
1236 5083 1446 5153 qumsiti
1491 5094 1545 5138 et
1582 5087 1802 5141 minime
1846 5089 1929 5141 in-

362 5169 532 5233 venti,
563 5171 751 5225 eadem
782 5173 1085 5229 dimittente
1124 5174 1243 5229 illos
1279 5191 1377 5245 per
1416 5175 1708 5232 fenestram
1739 5187 1792 5233 et
1821 5195 1934 5233 mo-

364 5270 528 5314 nente
568 5270 628 5314 ut
662 5263 841 5319 triduo
880 5264 1109 5319 laterent
1140 5265 1193 5319 in
1227 5266 1517 5331 montanis,
1555 5277 1784 5337 quatuor
1821 5269 1936 5324 dics

364 5352 615 5408 videntur
651 5369 770 5410 esse
800 5358 1123 5427 consumpti.
1167 5356 1293 5412 Inde
1328 5366 1674 5429 posteaquam
1717 5361 1932 5416 nuntia-

365 5450 562 5495 verunt
587 5458 707 5513 qua:
737 5445 879 5500 circa
911 5445 1028 5501 illos
1053 5456 1201 5518 gesta
1231 5445 1456 5511 fuerint,
1486 5449 1754 5517 promovit
1781 5448 1936 5505 Iesus

364 5544 491 5585 cum
549 5534 804 5590 universo
850 5536 1046 5605 populo
1092 5537 1158 5592 de
1193 5536 1310 5592 loco
1372 5538 1463 5592 ubi
1520 5546 1637 5592 erat
1679 5531 1933 5595 diluculo.

366 5621 618 5687 Quicum
655 5626 893 5681 venisset
934 5628 1001 5682 ad
1029 5625 1339 5694 Iordanem,
1381 5628 1601 5682 divertit
1637 5637 1690 5683 et
1719 5633 1932 5686 mansit.

366 5711 519 5768 Tunc
559 5732 746 5772 rursus
771 5718 997 5788 populus
1035 5720 1352 5775 admonetur
1388 5731 1445 5775 ut
1479 5736 1576 5790 per
1617 5723 1848 5779 triduum
1880 5741 1938 5781 se

2030 3297 2048 3330 ‹
2092 3295 2254 3349 quam
2288 3279 2509 3334 tradidit
2543 3279 2694 3333 vobis
2724 3278 2936 3350 Moyses
2968 3285 3119 3333 trans
3143 3275 3455 3333 Iordanem.
3493 3278 3602 3335 Vos
3685 3297 3688 3300 ’

2031 3389 2048 3422 ι
2095 3376 2275 3425 autem
2304 3361 2533 3424 transite
2558 3369 2752 3423 armati
2783 3378 2908 3423 ante
2936 3367 3133 3423 fratres
3157 3376 3386 3433 vestros,
3414 3383 3605 3424 oumcs

2031 3482 2048 3512 ‹
2092 3459 2260 3516 fortes
2306 3476 2491 3526 manu,
2534 3468 2589 3514 et
2627 3469 2860 3531 pugnate
2898 3476 2996 3530 pro
3036 3461 3137 3525 eis,
3179 3460 3353 3515 donec
3392 3460 3482 3515 det
3518 3475 3606 3516 re-

2031 3570 2049 3602 ‹
2096 3552 2276 3620 quiem
2314 3550 2575 3604 Dominus
2612 3548 2873 3605 fratribus
2910 3550 3136 3615 vestris,
3180 3550 3325 3604 sicut
3359 3557 3416 3604 et
3452 3551 3604 3605 vobis

2032 3660 2048 3691 ι
2093 3640 2241 3695 dedit
2276 3649 2372 3694 :et
2421 3640 2731 3709 possideant
2778 3639 2878 3710 ip.i
2926 3654 3139 3708 quoque
3194 3649 3391 3694 terram
3439 3656 3602 3711 quam

2020 3722 2048 3781 ’ί
2094 3726 2356 3784 Dominus
2394 3728 2533 3784 Deus
2559 3736 2741 3785 vester
2766 3729 2993 3782 daturus
3023 3737 3105 3783 est
3142 3730 3223 3783 eis
3255 3748 3267 3782 :
3306 3741 3360 3783 et
3398 3731 3478 3785 sic
3512 3746 3600 3784 re-

2033 3839 2051 3871 ι
2097 3820 2369 3874 vertimini
2412 3820 2465 3874 in
2506 3827 2701 3873 terram
2734 3819 3093 3889 possessionis
3124 3827 3335 3885 vestrae,
3369 3828 3421 3873 ct
3452 3819 3604 3874 habi-

2032 3928 2050 3960 ι
2098 3907 2284 3963 tabitis
2319 3907 2372 3961 in
2399 3923 2459 3962 ea
2510 3922 2674 3977 quam
2720 3907 2868 3963 dedit
2904 3907 3056 3963 vobis
3109 3907 3318 3979 Moyses
3370 3908 3602 3965 famulus

2034 4019 2052 4049 ι
2099 3999 2310 4053 Domini
2352 4007 2502 4055 trans
2528 3999 2842 4065 Iordanem,
2876 4009 3064 4055 contra
3097 4000 3225 4056 solis
3254 4009 3458 4067 ortum,
3491 4021 3508 4053 ι
3548 4012 3603 4057 ct

2030 4091 2255 4161 reliqua.
2295 4088 2402 4163 (Ea:
2435 4090 2797 4165 Adamantio.)
2828 4090 3244 4148 Consideremus
3282 4109 3409 4165 ergo
3439 4110 3598 4163 quam

2030 4182 2257 4237 formam
2312 4191 2529 4238 teneant
2580 4184 2696 4239 ista:
2742 4184 2858 4239 duae
2908 4186 3071 4239 semis
3122 4185 3293 4239 tribus
3341 4201 3460 4255 qua:
3508 4203 3604 4256 per

2031 4272 2248 4343 Moysen
2282 4284 2481 4328 terram
2513 4274 2841 4329 hmreditatis
2883 4274 3186 4343 accipiunt;
3215 4282 3272 4329 et
3302 4291 3463 4344 quam
3493 4277 3601 4331 for-

2030 4378 2172 4414 mam
2215 4370 2433 4417 teueant
2466 4364 2685 4431 reliqua:
2717 4377 2908 4417 novem
2948 4363 3113 4418 semis
3146 4364 3318 4419 tribus
3355 4381 3475 4435 qum
3507 4384 3602 4438 per

2029 4452 2211 4507 .lesum
2283 4454 2753 4523 rcpromissionem
2815 4464 2973 4511 teme
3027 4466 3227 4511 sanctae
3281 4458 3593 4529 suscipiunt.

2033 4544 2097 4598 Et
2122 4545 2298 4614 primo
2334 4545 2574 4599 omnium
2606 4554 2734 4615 puto
2764 4547 2904 4616 quod
2935 4547 3273 4618 impossibile
3304 4549 3467 4604 fuerit
3503 4551 3594 4607 for-

2034 4638 2170 4691 tuitu
2209 4637 2467 4692 accidisse
2506 4646 2566 4693 ut
2597 4639 2651 4693 hi
2680 4640 2769 4710 qui
2807 4656 2904 4710 per
2929 4640 3145 4712 Moysen
3185 4644 3455 4713 accipiunt
3480 4661 3593 4716 por-

2031 4730 2252 4792 tionem,
2296 4729 2639 4798 primogeniti
2687 4742 2888 4787 essent.
2918 4733 3103 4788 Ruben
3144 4750 3377 4805 namque
3403 4739 3604 4807 primo-

2032 4819 2244 4888 genitus
2283 4828 2367 4875 est
2402 4836 2466 4874 ex
2499 4820 2615 4885 Lia,
2640 4820 2755 4877 Gad
2796 4823 3183 4895 primogenitus
3223 4833 3306 4882 est
3338 4843 3404 4882 ex
3432 4829 3600 4894 Zelfa,

2033 4917 2085 4961 et
2112 4908 2387 4964 Manasses
2413 4911 2799 4982 primogenitus
2828 4920 2911 4967 est
2935 4928 3001 4968 ex
3027 4913 3265 4971 Ascenez
3311 4916 3417 4973 filia
3441 4918 3606 4991 Λεων-

2037 5000 2147 5069 ptia
2185 5000 2411 5077 Petefrte
2450 5003 2744 5057 sacerdotis
2790 5003 3144 5075 lleliopoleos,
3191 5024 3353 5078 quam
3399 5010 3604 5078 accepit

2036 5088 2253 5158 Ioseph.
2300 5090 2584 5161 Nunquam
2621 5107 2750 5163 ergo
2791 5093 2918 5147 mihi
2958 5099 3254 5164 persuadeo
3292 5108 3350 5152 ut
3384 5097 3605 5152 fortuitu

2040 5180 2300 5234 acciderit
2344 5180 2732 5251 primogenin
2760 5197 2879 5236 esse
2907 5198 3096 5241 omnes
3122 5188 3315 5257 quibus
3341 5201 3441 5256 per
3465 5185 3606 5256 Moy-

2040 5284 2132 5323 sen
2162 5267 2572 5325 discernebatur
2616 5272 2934 5339 haereditas;
2969 5276 3060 5329 sed
3101 5276 3269 5343 magis
3306 5276 3419 5327 lnec
3464 5276 3604 5328 arbi-

2043 5370 2157 5415 tror
2182 5362 2324 5429 quod
2348 5359 2460 5429 jam
2503 5364 2555 5416 in
2585 5363 2671 5417 his
2699 5372 2826 5418 tunc
2854 5365 3271 5419 adumbrabatnr
3305 5362 3475 5418 forma
3512 5380 3607 5434 po-

2041 5450 2284 5519 pulorum
2327 5469 2337 5503 :
2380 5452 2537 5507 unius
2563 5453 2798 5521 quidem,
2838 5455 2929 5522 qui
2965 5452 3349 5522 primogenitus
3380 5467 3479 5523 per
3514 5471 3605 5509 na-

2045 5548 2175 5594 turaa
2208 5541 2451 5594 ordinem
2491 5541 2796 5607 videretur;
2830 5541 3069 5604 alterius,
3099 5541 3190 5610 qui
3218 5555 3314 5611 per
3339 5542 3459 5598 fidei
3490 5558 3605 5615 gra—

2046 5633 2173 5687 tiam
2202 5632 2629 5688 benedictionem
2649 5633 2979 5689 hmreditalis
3004 5633 3288 5700 acciperet.
3316 5632 3428 5690 Nec
3452 5636 3604 5705 prius

2049 5723 2151 5778 illis
2184 5723 2273 5793 qui
2303 5737 2398 5791 per
2424 5723 2639 5791 Moysen
2682 5722 2946 5791 accipiunt
2984 5723 3381 5794 hzerclitatem,
3420 5727 3470 5781 id
3500 5737 3600 5788 est.
