3978 6182
332 329 362 380 d
378 326 479 380 007

981 326 1037 378 B.
1077 324 1332 380 RABANI
1377 326 1592 382 MAl'Rl
1630 321 1947 378 A‘RCHHCP.
1995 321 2300 380 MOGUNT.
2341 324 2626 386 OPERUM
2661 325 2839 381 PARS
2888 324 2926 378 1.

3448 321 3581 378 1008

335 437 424 504 qui
463 449 560 502 per
593 433 763 502 legem
803 433 1119 502 placuerunt
1159 435 1294 500 Deo,
1342 435 1554 503 requies
1583 449 1686 486 non
1723 432 1901 493 datur,
1934 431 1979 488 A
2012 439 2124 488 tum
2179 435 2484 500 crederent,
2523 437 2616 490 sed
2643 437 2805 491 etiam
2838 435 3218 505 praedicarent,
3265 447 3370 486 non
3405 439 3587 488 tamen

335 524 438 580 niSI
478 524 732 588 adiuvent
772 524 824 577 in
854 523 1054 593 prmliis
1093 527 1288 579 tratres
1327 540 1471 579 suos.
1507 523 1755 578 Mulietcs
1789 533 1904 575 tan-

336 621 446 665 tum
475 619 532 666 et
567 609 800 666 infantes
835 611 1106 682 accipiunt
1131 614 1364 681 quietem
1408 627 1503 680 per
1537 611 1773 680 Moysen,
1804 625 1906 663 cae-

334 702 434 756 teri
461 709 638 756 autem
675 717 782 756 non
811 702 1177 770 requiescunt,
1205 703 1297 756 sed
1325 711 1521 755 exeunt
1551 701 1616 754 ad
1647 701 1907 754 auxilium

331 790 562 847 fratrum
590 807 830 848 suorum.
856 791 988 846 Vide
1012 792 1277 847 laboranti
1308 794 1439 847 mihi
1467 793 1628 848 hodie
1658 793 1712 846 in
1738 807 1908 863 agone

331 885 458 940 vita:
487 883 665 954 hujus,
698 893 751 939 et
779 885 1000 939 habenti
1029 893 1304 940 certamen
1343 885 1602 940 adversus
1637 887 1905 951 inimicos,

323 978 516 1044 idest,
545 978 846 1033 contrarias
887 986 1198 1048 potestates,
1239 979 1511 1048 quomodo
1551 979 1606 1031 in
1647 979 1906 1033 auxilium

331 1071 553 1126 veniunt
593 1069 668 1124 illi
698 1070 789 1141 qui
822 1078 945 1124 ante
985 1069 1276 1123 adventum
1303 1068 1431 1124 Jesu
1461 1069 1660 1124 Christi
1692 1069 1905 1123 Domini

330 1163 436 1218 mei
489 1162 541 1216 in
584 1161 700 1233 lcgc
741 1160 1021 1230 justificati
1074 1169 1216 1216 sunt.
1266 1160 1400 1214 Vide
1434 1160 1702 1228 quomodo
1745 1159 1908 1213 Isaias

328 1264 548 1324 prrcstct
587 1253 868 1318 auxilium,
915 1267 978 1306 ac
1017 1267 1102 1306 me
1133 1251 1472 1306 sermonibus
1518 1266 1628 1304 suae
1662 1251 1908 1305 lectionis

330 1346 611 1400 illuminet.
639 1344 771 1398 Vide
792 1343 1093 1398 accinctum
1114 1350 1166 1396 et
1191 1341 1496 1411 expeditum
1516 1340 1793 1410 juvantem
1819 1340 1907 1396 Je-

331 1438 553 1491 remiam
571 1437 645 1491 ad
666 1436 926 1491 auxilium
949 1444 1214 1500 nostrum,
1235 1443 1290 1488 et
1310 1435 1594 1490 voluminis
1613 1435 1693 1489 sui
1710 1433 1908 1503 jaculis

330 1529 514 1582 hostes
539 1527 865 1588 acerrimos,
895 1525 1083 1590 idest,
1116 1526 1363 1580 tenebras
1392 1525 1570 1579 cordis
1595 1525 1734 1589 mei,
1771 1525 1905 1578 effu-

328 1627 565 1688 gantem.
581 1619 898 1688 Accingitur
923 1628 977 1674 et
1001 1619 1186 1674 Daniel
1210 1621 1276 1674 ad
1302 1619 1560 1674 auxilium
1582 1634 1704 1674 cum
1722 1635 1820 1674 nos
1842 1618 1907 1673 de

327 1709 528 1764 Christi
575 1709 859 1780 prtesentia
908 1719 964 1764 et
1006 1725 1206 1781 regno,
1251 1717 1305 1764 et
1355 1709 1676 1764 Antichristi
1729 1709 1908 1762 futura

2006 523 2168 577 etiam
2205 526 2387 580 videre
2418 535 2473 579 et
2495 527 2722 596 adipisci
2751 542 2812 580 ea
2841 540 2961 596 qua:
3011 522 3358 579 crediderant
3397 531 3602 592 potue-

2009 621 2154 677 runt,
2185 614 2325 668 sicut
2351 624 2404 669 et
2428 615 2691 670 Dominus
2714 615 2992 686 discipulis
3021 615 3134 668 suis
3178 613 3315 667 dixit
3340 614 3405 668 de
3453 615 3545 668 his
3575 629 3594 668 :

2013 721 2030 752 ‹
2061 701 2197 768 Quia
2226 703 2381 758 multi
2399 703 2534 772 justi
2579 713 2634 760 et
2656 707 2934 776 prophetae
2957 705 3243 774 cupierunt
3267 704 3444 758 videre
3469 720 3602 775 qua

2005 808 2102 847 vos
2126 793 2338 859 videtis,
2370 804 2427 849 et
2455 811 2562 850 non
2589 797 2871 862 viderunt;
2909 804 2965 851 et
3005 795 3192 849 audire
3218 810 3338 864 qua:
3363 811 3458 850 vos
3490 812 3604 848 au-

2007 882 2152 949 ditis,
2181 892 2369 937 etnon
2397 886 2685 940 audierunt
2712 885 2866 958 (Luc.
2922 887 2999 958 x).
3052 909 3070 940 ι
3114 888 3232 943 Non
3284 890 3426 944 enim
3473 899 3605 945 erat

2008 972 2143 1028 ﬁdes
2171 989 2355 1028 eorum
2380 976 2611 1046 integra,
2635 991 2734 1045 pro
2764 993 2828 1031 eo
2850 978 2997 1047 quod
3025 979 3262 1032 nondum
3290 979 3342 1032 in
3368 979 3604 1034 Christo

2008 1063 2182 1118 fuerat
2213 1065 2544 1134 dispensatio
2573 1067 2756 1123 carnis
2779 1068 3020 1138 impleta.
3051 1070 3119 1124 Et
3149 1069 3292 1138 quod
3321 1087 3462 1126 nunc
3490 1088 3604 1126 nos

2003 1153 2115 1221 jam
2143 1155 2342 1210 factum
2369 1158 2640 1212 credimus
2668 1167 2723 1213 et
2768 1158 3068 1229 impletum,
3102 1161 3175 1214 illi
3215 1163 3604 1216 tantummodo

2009 1246 2251 1301 futurum
2279 1249 2591 1304 credebant.
2619 1249 2913 1319 Propterea
2933 1267 3061 1322 ergo
3085 1253 3256 1306 tribus
3285 1253 3387 1306 illae
3416 1270 3607 1322 neque

2011 1337 2127 1390 dure
2152 1345 2294 1403 sunt,
2320 1353 2494 1408 neque
2521 1347 2676 1393 extra
2713 1340 2872 1394 fidem
2900 1350 3024 1396 sunt
3068 1342 3379 1409 Trinitatis;
3417 1360 3610 1412 neque

2009 1436 2121 1483 tres
2153 1430 2373 1498 integra:
2401 1438 2457 1484 et
2478 1431 2752 1499 perfectae,
2785 1447 2855 1485 ne
2876 1433 3049 1487 beata:
3080 1433 3364 1488 Trinitatis
3404 1435 3456 1489 in
3489 1435 3610 1490 illis

2008 1518 2118 1587 jam
2152 1528 2552 1574 sacramentum
2596 1519 2874 1574 videretur
2922 1521 3219 1591 impletum,
3251 1524 3345 1578 sed
3374 1525 3609 1579 contin-

2010 1617 2196 1678 gerent
2222 1608 2436 1678 quidem
2468 1609 2688 1664 tertium
2716 1625 3020 1664 numerum.
3047 1611 3117 1664 Et
3149 1613 3290 1667 sicut
3316 1613 3450 1666 dixit
3486 1616 3609 1669 Do-

2011 1701 2210 1764 minus,
2240 1702 2522 1771 cupierant
2543 1701 2726 1756 videre
2755 1717 2876 1770 quae
2903 1703 3160 1769 vidimus,
3191 1713 3246 1759 et
3271 1705 3453 1760 audire
3470 1722 3614 1775 quae

327 1799 518 1854 fraude
549 1800 770 1855 instruit
796 1810 847 1854 et
878 1801 1151 1855 admonet.
1177 1799 1345 1854 Adest
1370 1809 1423 1854 et
1447 1798 1692 1853 Ezechiel
1725 1813 1909 1852 sacra-
1940 1786 1987 1848 Β
2014 1792 2345 1859 audivimus;
2397 1793 2489 1847 sed
2538 1792 2762 1847 minime
2801 1801 3132 1862 potuerunt,
3181 1795 3306 1864 quia
3353 1797 3612 1850 nondum

327 1899 509 1944 menta
557 1889 712 1945 nobis
759 1890 1002 1945 coelestia
1059 1891 1113 1944 in
1164 1888 1624 1960 quadriformibus
1668 1897 1907 1942 rotarum

327 1980 544 2036 circulis
571 1981 816 2051 signans,
841 1989 895 2035 et
926 1989 1100 2034 rotam
1133 1981 1187 2034 in
1223 1989 1340 2035 rota
1371 1979 1716 2033 concludens.
1752 1978 1912 2032 Ducit

327 2078 388 2124 et
415 2068 552 2125 Osee
597 2070 682 2124 bis
729 2084 887 2124 senas
917 2069 1217 2138 prophetici
1277 2068 1508 2144 agminis
1556 2075 1806 2122 turmas:
1857 2077 1910 2121 et

329 2160 626 2228 procedqu
655 2173 846 2214 omnes
877 2159 1135 2214 succincti
1183 2158 1392 2213 lumbos
1422 2157 1476 2212 in
1500 2158 1726 2212 veritate
1747 2173 1908 2228 quam

328 2248 627 2318 praedicant
657 2247 710 2302 in
747 2247 1007 2302 auxilium
1047 2247 1276 2301 fratrum
1323 2262 1564 2312 suorum,
1615 2255 1674 2300 ut
1721 2261 1909 2301 eorum

327 2338 691 2393 voluminibus
737 2337 1026 2404 instructi,
1093 2337 1385 2392 diabolicas
1441 2353 1546 2392 non
1601 2339 1910 2408 ignoremus

331 2428 695 2482 astutias..lsti
724 2442 854 2496 ergo
881 2429 973 2498 qui
999 2429 1104 2482 viri
1126 2427 1295 2484 fortes
1320 2437 1462 2494 sunt,
1480 2429 1672 2482 armati
1699 2436 1753 2483 et
1774 2444 1909 2498 pra:-

330 2516 493 2570 cincti
544 2515 758 2570 lumbos
807 2517 862 2570 in
918 2517 1169 2582 veritate,
1203 2527 1404 2572 exeunt
1441 2517 1496 2572 in
1527 2517 1784 2571 auxilium
1815 2533 1910 2573 no-

326 2613 499 2657 strum
530 2622 543 2656 :
574 2619 831 2658 numerus
855 2605 1201 2673 adimpletur,
1235 2613 1290 2659 et
1317 2614 1560 2676 pugnant
1595 2606 1898 2662 nobiscum.

326 2691 562 2747 Infantes
591 2699 774 2747 autem
800 2700 855 2746 et
886 2692 1142 2748 mulieres
1178 2709 1286 2748 non
1312 2703 1510 2749 exeunt
1549 2695 1615 2750 ad
1668 2695 1907 2765 praelium

325 2791 593 2838 nostrum.
621 2781 732 2836 Nec
751 2783 972 2848 mirum,
997 2798 1106 2838 non
1141 2783 1286 2837 cnim
1335 2783 1530 2838 dicitur
1570 2784 1654 2838 vir
1676 2799 1792 2839 esse
1815 2784 1906 2854 qui

327 2891 435 2929 non
466 2875 722 2944 loquitur.
755 2873 894 2941 Quid
934 2889 1020 2928 me
1049 2889 1178 2945 ergo
1199 2875 1390 2946 juvare
1413 2876 1588 2946 potuit
1637 2877 1729 2946 qui
1776 2877 1909 2931 nihil

331 2965 543 3019 locutus
571 2972 686 3030 est;
721 2964 880 3034 cujus
903 2963 1036 3018 nihil
1078 2964 1295 3019 invenio
1345 2965 1488 3034 quod
1531 2964 1729 3036 legam,
1757 2967 1910 3036 cujus

333 3071 419 3109 me
448 3069 767 3123 responsum
809 3070 916 3109 non
959 3054 1219 3109 instruit?
1265 3053 1543 3110 Mulierem
1596 3071 1726 3110 vero
1775 3037 1908 3112 dixit

2017 1881 2184 1934 Filius
2205 1881 2440 1936 hominis
2468 1880 2645 1936 fuerat
2666 1880 2956 1946 exaltatus,
2986 1897 3087 1936 nec
3138 1890 3438 1952 temporum
3469 1881 3610 1951 jam

2014 1981 2238 2026 venerat
2268 1973 2562 2042 plenitudo.
2615 1973 2713 2026 Hic
2758 1988 2844 2027 me
2898 1973 3062 2026 etiam
3101 1973 3303 2043 aliquid
3358 1975 3616 2045 amplius

2012 2071 2309 2130 permovet.
2365 2060 2476 2128 Ego
2525 2071 2654 2130 puto
2704 2063 2847 2132 quod
2890 2061 3120 2117 fortasse
3145 2079 3242 2118 nec
3271 2063 3324 2117 in
3359 2065 3616 2118 adventu

2011 2152 2136 2208 Jesu
2168 2164 2221 2208 et
2246 2153 2619 2207 incarnatione
2663 2152 2777 2222 ejus
2813 2154 2866 2207 il
2916 2154 3060 2222 quod
3099 2154 3399 2224 perfectum
3430 2163 3516 2208 est
3552 2165 3616 2209 ct

2013 2245 2282 2316 integrum
2321 2245 2594 2300 diximus:
2626 2246 2719 2300 sed
2757 2245 2941 2318 necgsi
2972 2246 3040 2300 ad
3075 2262 3295 2300 crucem
3347 2247 3610 2311 ducatur,

2012 2344 2067 2391 et
2095 2343 2502 2390 consummetur
2523 2335 2578 2390 in
2605 2335 2878 2402 omnibus,
2900 2352 3000 2391 nec
3029 2337 3075 2391 si
3106 2352 3135 2390 a
3167 2339 3396 2393 mortuis
3417 2354 3615 2393 resur-

2013 2428 2238 2493 rexerit,
2268 2435 2463 2482 cuncta
2487 2428 2645 2484 nobis
2664 2444 2762 2499 per
2789 2430 3142 2499 semetipsum
3188 2447 3309 2500 quze
3350 2431 3612 2502 perfecta

2013 2527 2140 2574 sunt
2166 2518 2369 2590 pandit.
2395 2517 2555 2573 Aliud
2579 2519 2754 2575 adhuc
2794 2535 2930 2590 opus
2957 2521 3239 2586 habemus,
3271 2524 3412 2593 quod
3435 2526 3615 2580 nobis

2013 2611 2220 2682 aperiat
2241 2619 2296 2666 et
2326 2610 2528 2666 revelet
2557 2612 2830 2667 universa.
2876 2613 3016 2668 Audi
3081 2615 3255 2683 ipsum
3307 2614 3614 2672 Dominum

2013 2701 2278 2756 dicentem
2310 2719 2321 2754 :
2360 2719 2378 2751 σ
2411 2700 2570 2755 Multa
2606 2701 2780 2757 adhuc
2808 2702 2980 2757 habeo
3021 2719 3143 2773 qna:
3192 2705 3345 2760 vobis
3383 2706 3614 2778 loquar,

2013 2792 2179 2857 dixit,
2209 2792 2304 2847 sed
2341 2807 2446 2846 non
2473 2791 2701 2860 potestis
2734 2792 2823 2846 illa
2852 2793 3012 2847 modo
3045 2793 3251 2848 audire.
3281 2795 3471 2849 Veniet
3505 2814 3617 2852 an-

2015 2892 2122 2938 tem
2185 2882 2420 2953 Spiritus
2469 2882 2715 2937 veritatis
2768 2884 2856 2952 qui
2923 2899 2953 2937 a
3014 2883 3176 2939 Patre
3233 2886 3497 2955 procedit,
3553 2898 3616 2942 et

2014 2971 2080 3026 de
2144 2985 2264 3026 meo
2312 2971 2576 3040 accipiet,
2617 2980 2672 3026 et
2727 2971 2815 3026 ille
2881 2973 3034 3028 vobis
3097 2973 3356 3029 indicabit
3410 2978 3611 3031 omnia
3665 3032 3674 3041 ,

2017 3059 2200 3132 (Ιοαη.
2231 3060 2364 3135 xvr).
2403 3081 2421 3114 ι
2454 3061 2618 3116 Vides
2640 3062 2768 3132 quia
2819 3079 2926 3116 non
2961 3063 3136 3118 solum
3184 3063 3324 3134 apud
3373 3065 3610 3136 Moysen

328 3145 603 3215 apostolus
654 3145 932 3198 infirmum
969 3159 1063 3199 vas
1097 3160 1216 3199 esse
1255 3143 1306 3217 (I
1357 3141 1502 3199 Petr.
1555 3148 1657 3216 tu).
1706 3146 1830 3199 Inde
1859 3154 1911 3199 et
1935 3128 1984 3194 C
2019 3128 2118 3205 iste
2145 3128 2339 3206 tertius
2362 3168 2619 3207 numerus
2645 3128 2749 3207 non
2781 3153 3184 3209 demonstratur
3210 3128 3480 3224 impletus,
3502 3159 3613 3212 sed

332 3244 729 3304 consequenter
762 3236 1034 3289 infirmum
1083 3249 1179 3290 vas
1227 3235 1295 3290 ad
1343 3233 1650 3290 conflictum
1691 3250 1796 3288 non
1820 3251 1910 3290 ve-

329 3329 473 3393 niat,
505 3343 573 3381 ne
599 3325 970 3394 confringatur
998 3335 1052 3379 et
1083 3334 1286 3395 pereat.
1341 3322 1429 3380 Sic
1475 3342 1708 3395 namque
1747 3334 1799 3380 et
1845 3327 1910 3381 de

326 3417 460 3472 Jesu
493 3415 720 3470 Domino
753 3414 805 3467 in
839 3413 1142 3484 Evangeliis
1173 3414 1406 3467 dicitur:
1439 3433 1457 3465 ι
1480 3413 1616 3480 Quia
1644 3413 1909 3468 calamum

334 3512 650 3577 quassatum
677 3518 779 3557 non
809 3502 1112 3573 confringet
1142 3501 1356 3573 (Matth.
1388 3503 1508 3574 χιι).
1546 3523 1563 3556 ι
1619 3503 1752 3569 Quia
1784 3519 1910 3573 ergo

330 3596 584 3650 mulieres
606 3611 635 3648 a
665 3594 794 3648 viris
817 3594 929 3648 suis
954 3593 1097 3648 domi
1135 3592 1318 3649 doceri
1340 3593 1621 3664 iubentur,
1649 3603 1702 3648 et
1733 3595 1906 3662 magis

335 3687 391 3740 in
418 3684 804 3754 discipulorum
834 3699 994 3753 quam
1026 3684 1080 3737 in
1113 3684 1420 3739 docentium
1444 3701 1674 3754 persona
1704 3701 1912 3755 ponun-

334 3787 442 3843 tur,
463 3777 517 3831 in
543 3776 801 3830 auxilium
829 3792 1006 3831 meum
1039 3793 1144 3832 non
1179 3779 1463 3832 conveniat
1490 3778 1580 3846 qui
1611 3794 1694 3832 me
1716 3779 1911 3833 docere

334 3884 442 3922 non
474 3875 668 3936 potest.
699 3867 841 3937 Ergo
866 3868 994 3937 quid
1025 3868 1209 3922 dicunt
1243 3868 1308 3921 ad
1341 3867 1523 3922 Jesum
1568 3869 1656 3924 isti
1692 3871 1782 3939 qui
1818 3885 1910 3924 ve-

331 3962 493 4015 niunt
519 3976 584 4014 ex
621 3961 725 4014 ista
756 3971 897 4015 terra
921 3977 1082 4030 quam
1108 3963 1382 4017 distribuit
1424 3961 1668 4034 Moyses?
1704 3984 1721 4015 ‹
1759 3963 1912 4020 Sicut

338 4049 665 4112 audivimus,
714 4068 730 4100 ›
763 4049 934 4113 aiunt,
970 4068 987 4099 ι
1027 4048 1266 4118 Moysen,
1294 4048 1367 4102 ita
1391 4050 1670 4105 audiemus
1697 4059 1752 4105 et
1777 4059 1847 4106 te.
1887 4070 1905 4102 ι

334 4141 481 4195 Nihil
504 4149 611 4195 tam
633 4154 817 4194 verum
841 4154 1004 4208 quam
1021 4140 1164 4209 quod
1185 4141 1363 4194 omnis
1387 4140 1480 4209 qui
1500 4142 1648 4195 audit
1667 4141 1908 4212 Moysen,

331 4231 516 4284 audiat
534 4238 589 4283 et
611 4227 794 4284 Jesum
815 4229 1097 4283 Dominum
1121 4237 1361 4283 nostrum
1384 4246 1398 4296 ;
1428 4230 1494 4284 de
1519 4227 1645 4284 Jesu
1659 4230 1802 4284 enim
1826 4230 1912 4284 ille

333 4323 572 4392 scripsit.
609 4321 762 4377 Unde
792 4330 848 4376 et
869 4321 1128 4376 Dominus
1160 4321 1212 4376 in
1244 4322 1533 4392 Evangelio
1559 4337 1792 4392 arguens
1819 4336 1912 4376 eos

331 4414 423 4484 qui
453 4429 517 4468 ex
544 4429 609 4468 eo
640 4413 784 4483 quod
813 4414 914 4468 sibi
944 4429 1050 4468 non
1077 4415 1322 4480 credunt,
1349 4430 1448 4470 nec
1471 4415 1640 4487 Moysi
1668 4417 1908 4482 credant,

327 4509 462 4562 dicit
498 4527 508 4561 :
551 4525 568 4558 ‹
603 4507 659 4562 Si
707 4507 878 4578 Moysi
929 4507 1244 4570 crederetis,
1300 4507 1593 4564 crederetis
1631 4509 1815 4577 utique
1859 4518 1910 4562 et

317 4597 468 4650 :tnihi
509 4615 521 4649 :
569 4597 636 4651 de
676 4611 762 4651 me
813 4597 958 4651 enim
1007 4596 1094 4650 ille
1146 4597 1361 4666 scripsit
1404 4595 1586 4668 (Joan.
1619 4597 1692 4669 v).
1730 4617 1747 4648 ι
1784 4596 1910 4650 Mihi

331 4697 512 4739 tamen
538 4702 639 4742 nec
676 4687 777 4742 hoc
803 4687 1036 4741 otiosum
1069 4687 1279 4741 videtur
1329 4687 1474 4758 quod
1503 4703 1608 4741 non
1647 4697 1757 4742 tres
1783 4687 1914 4740 inte-

331 4789 443 4845 grae
481 4775 652 4830 tribus
692 4776 800 4830 sint
840 4775 955 4830 ista:
983 4791 1100 4844 quae
1128 4791 1227 4844 per
1255 4775 1470 4846 Moysen
1507 4778 1906 4845 dispensantur,

335 4881 452 4918 nec.
475 4864 578 4918 ill-.e
603 4866 828 4936 integra:
858 4881 1054 4920 novem
1077 4882 1194 4935 qua:
1212 4883 1310 4936 per
1330 4865 1514 4922 Jesum
1544 4866 1910 4920 hzereditatem

324 4954 654 5025 potiuntur;
687 4957 782 5010 sed
811 4957 928 5009 dua:
967 4965 1023 5010 et
1074 4957 1236 5012 semis
1267 4958 1376 5024 hic,
1417 4966 1471 5011 et
1517 4958 1590 5012 ibi
1642 4972 1830 5011 novem
1859 4965 1915 5011 et

331 5045 501 5102 semis
535 5061 547 5097 :
576 5053 630 5098 et
653 5045 726 5097 ita
757 5061 860 5098 una
885 5045 1142 5100 dividitur
1167 5047 1337 5102 tribus
1366 5048 1419 5101 in
1444 5047 1577 5101 duas
1599 5055 1802 5116 partes,
1817 5061 1914 5116 per

325 5151 492 5207 quam
522 5151 696 5205 neque
724 5136 813 5189 hic
855 5138 1050 5192 tertius
1074 5153 1330 5192 numerus
1361 5137 1702 5207 adimpletur,
1738 5151 1912 5207 neque

329 5228 408 5284 ibi
438 5229 622 5284 decem
653 5227 906 5299 perfectae
951 5238 1006 5282 et
1053 5229 1274 5300 integrat
1329 5238 1797 5284 consummantur.
1853 5228 1910 5282 lu

329 5334 438 5389 quo
464 5321 701 5376 arbitror
726 5321 854 5375 illud
883 5321 1130 5385 indicari,
1158 5321 1283 5390 quia
1307 5319 1410 5374 illis
1431 5320 1702 5389 prioribus
1721 5321 1810 5390 qui
1834 5320 1909 5377 le-

329 5426 454 5484 gem
483 5414 712 5480 agebant
738 5413 1022 5484 contigerit
1063 5413 1278 5480 quidem
1325 5411 1549 5465 scientia
1595 5411 1905 5479 Trinitatis,

330 5519 435 5562 nec
473 5515 650 5559 tamen
683 5505 887 5576 integre
912 5513 964 5559 et
993 5503 1249 5572 perfecte,
1280 5503 1372 5557 sed
1402 5517 1468 5557 ex
1503 5512 1676 5572 parte.
1714 5505 1910 5559 Deerat

333 5597 480 5650 enim
509 5595 613 5650 illis
636 5596 690 5650 in
719 5595 1004 5660 Trinitate,
1037 5594 1198 5648 etiam
1247 5594 1313 5648 de
1346 5591 1616 5662 Unigeniti
1657 5594 1906 5648 incarna-

325 5689 480 5740 .lionc
503 5703 840 5755 cognoscere.
861 5688 988 5742 Nam
1018 5689 1141 5744 licet
1170 5689 1233 5744 de
1257 5688 1488 5743 adventu
1515 5687 1630 5758 ejus
1655 5703 1761 5742 non
1785 5697 1904 5742 tan-

1938 4475 1990 4534 D

2016 3243 2191 3299 adhuc
2215 3254 2270 3299 et
2287 3244 2444 3300 Jesus
2469 3246 2599 3300 dicit
2651 3247 2925 3316 discipulis
2954 3249 3102 3302 suis:
3143 3266 3161 3298 ι
3214 3246 3460 3324 Nondum
3500 3265 3614 3318 po-

2017 3335 2172 3388 testis
2200 3335 2409 3401 audire,
2436 3336 2535 3390 nisi
2566 3336 2654 3390 ille
2677 3336 2990 3391 Paracletus
3013 3338 3216 3401 veniat,
3243 3337 3480 3406 Spiritus
3504 3355 3611 3392 ve-

2017 3426 2226 3490 ritatis;
2267 3445 2284 3478 ι
2316 3426 2441 3496 quia
2461 3441 2560 3496 per
2585 3428 2758 3497 ipsum
2789 3438 2841 3482 et
2872 3428 2924 3481 in
2949 3427 3064 3497 ipso
3111 3429 3433 3498 adimpletur
3465 3444 3608 3498 per-

2014 3514 2177 3572 fectio
2202 3515 2502 3571 Trinitatis.
2535 3517 2668 3571 Nam
2693 3519 2834 3588 quod
2878 3535 3071 3573 novem
3123 3528 3177 3574 et
3228 3521 3390 3574 semis
3420 3520 3610 3578 tribus

2015 3615 2141 3662 sunt
2168 3623 2291 3678 quae
2318 3609 2416 3663 sub
2443 3607 2571 3663 Jesu
2601 3610 2737 3664 duce
2759 3619 3009 3680 aguntur,
3036 3621 3090 3664 et
3121 3627 3226 3665 non
3253 3611 3475 3680 integrae
3502 3612 3606 3665 de-

2013 3715 2152 3765 cem,
2185 3699 2276 3768 qui
2307 3714 2566 3753 numerus
2597 3699 2649 3752 in
2673 3701 2919 3753 onmibus
2948 3708 3351 3754 consummatus
3395 3699 3611 3754 dicitur

2013 3798 2069 3844 et
2116 3788 2421 3860 perfectus;
2451 3789 2636 3843 eadem
2682 3789 2799 3844 sine
2828 3789 2989 3843 dubio
3019 3789 3159 3842 ratio
3211 3788 3507 3853 invenitur,
3541 3799 3610 3844 ut

2013 3882 2116 3936 hoc
2140 3880 2282 3950 quod
2324 3896 2354 3933 a
2407 3878 2632 3933 Domino
2683 3887 2868 3933 nostro
2911 3877 3036 3932 Jesu
3070 3878 3337 3932 reservari
3370 3877 3605 3945 dicitur,

2016 3970 2241 4041 Spiritui
2297 3977 2482 4024 sancto
2523 3967 2878 4038 semiplenum
2933 3969 3181 4023 videatur
3231 3983 3295 4022 ac
3331 3967 3604 4025 medium.

2014 4061 2271 4127 Quamvis
2319 4059 2462 4114 enim
2507 4073 2605 4129 per
2648 4057 2932 4112 Dominum
2958 4067 3015 4111 et
3062 4057 3393 4112 Salvatorem
3420 4058 3609 4126 pani-

2017 4151 2185 4206 tentia
2209 4150 2550 4219 pradicetur,
2578 4155 2634 4202 et
2653 4147 2938 4202 conversio
2980 4163 3010 4200 a
3042 4147 3200 4201 malis
3255 4147 3324 4201 ad
3351 4147 3518 4210 bona,
3543 4156 3605 4202 et

2015 4239 2173 4294 detur
2205 4237 2454 4292 omnibus
2476 4237 2820 4292 credentibus
2858 4237 3105 4291 remissio
3135 4243 3503 4306 peccatorum,
3541 4247 3603 4290 et

2016 4329 2195 4383 omnia
2221 4343 2340 4398 qua:
2365 4326 2432 4380 ad
2454 4326 2844 4396 perfectionem
2873 4327 2937 4381 de
2979 4327 3167 4381 eodem
3193 4327 3446 4381 videntur
3475 4335 3604 4380 ten-

2015 4419 2142 4472 dere
2169 4417 2542 4488 compleantur
2581 4437 2593 4471 :
2622 4426 2797 4472 tamen
2830 4415 3090 4486 perfectio
3119 4425 3175 4471 et
3219 4432 3427 4472 summa
3457 4432 3606 4470 cun-

2020 4520 2228 4566 ctorum
2253 4508 2516 4562 bonorum
2542 4508 2594 4562 in
2622 4508 2721 4562 hoc
2747 4507 3014 4571 consistit,
3047 4507 3092 4561 si
3123 4514 3242 4576 post
3273 4506 3386 4559 lucc
3408 4506 3602 4559 omnia

2019 4600 2190 4654 sancti
2247 4599 2484 4668 Spiritus
2539 4599 2658 4667 quis
2699 4597 2934 4667 gratiam
2993 4605 3267 4650 mereatur
3320 4595 3603 4664 accipere.

2020 4691 2269 4760 Alioquin
2302 4691 2436 4745 nihil
2479 4691 2533 4744 in
2570 4703 2633 4744 eo
2661 4688 2958 4758 perfectum
2984 4689 3282 4758 putabitur,
3308 4687 3392 4741 cui
3420 4687 3605 4755 Spiri-

2021 4793 2106 4836 tus
2125 4789 2343 4836 sanctus
2365 4781 2532 4844 deest,
2555 4795 2650 4849 per
2676 4794 2836 4849 quem
2867 4779 3184 4848 mysterium
3206 4778 3376 4831 beata:
3401 4773 3598 4829 Trini-

2020 4874 2147 4928 tatis
2178 4873 2446 4942 impletur.
2488 4873 2583 4928 Vis
2609 4881 2668 4926 ut
2695 4872 2868 4926 adhuc
2893 4870 2990 4924 tibi
3019 4869 3322 4925 evidentius
3343 4867 3600 4937 probem,

2020 4963 2159 5034 apud
2182 4964 2418 5033 priorem
2440 4962 2718 5032 populum,
2762 4961 2908 5016 illum
2935 4975 3097 5030 quem
3139 4958 3348 5028 Moyses
3376 4957 3429 5010 in
3463 4957 3603 5010 dua-

2017 5055 2118 5108 bus
2139 5063 2194 5108 et
2223 5054 2386 5108 semis
2415 5052 2661 5109 tribubus
2683 5051 3059 5115 adumbrabat,
3088 5065 3192 5105 non
3219 5047 3384 5101 fuisse
3410 5046 3602 5099 omnia

2016 5145 2223 5215 integra
2255 5153 2309 5197 et
2333 5142 2611 5214 perfecta?
2636 5142 2885 5196 Declarat
2914 5142 3077 5194 etiam
3101 5139 3188 5193 illa
3219 5137 3445 5192 historia
3472 5151 3603 5203 qua:

2017 5234 2070 5289 in
2124 5235 2226 5289 hoc
2269 5233 2407 5287 libro
2431 5232 2558 5288 Jesu
2605 5232 2751 5286 Nave
2791 5233 2994 5302 scripta
3057 5239 3140 5285 est
3182 5249 3194 5283 :
3253 5229 3377 5296 quia
3421 5225 3603 5279 altare

2018 5325 2232 5395 quidem
2262 5338 2448 5378 verum
2470 5333 2587 5378 erat
2621 5324 2672 5377 in
2703 5323 2790 5376 illa
2822 5331 2966 5376 terra
2995 5337 3158 5392 quam
3199 5319 3356 5374 Jcsus
3376 5316 3605 5386 dispen-

2017 5415 2202 5479 sabat;
2232 5414 2318 5468 isti
2355 5422 2530 5467 tamen
2558 5412 2649 5482 qui
2675 5423 2834 5466 erant
2877 5419 3025 5465 trans
3052 5409 3365 5469 Jordanem,
3402 5405 3455 5459 id
3485 5413 3599 5466 est,

2016 5503 2203 5558 Ruben
2234 5511 2289 5558 et
2321 5501 2458 5566 Gad,
2486 5511 2541 5556 et
2570 5503 2788 5556 dimidia
2837 5502 3009 5555 tribus
3039 5500 3307 5561 Manasse,
3342 5496 3602 5549 fecerunt

2015 5594 2113 5649 sibi
2141 5593 2329 5657 altare,
2357 5592 2452 5647 sed
2480 5607 2583 5646 non
2609 5606 2796 5645 verum
2831 5590 3023 5653 altare,
3073 5589 3167 5643 sed
3216 5585 3359 5656 quod
3408 5593 3602 5653 typum

2014 5686 2234 5740 haberet
2255 5691 2308 5739 et
2328 5682 2557 5738 formam
2593 5681 2702 5736 veri
2732 5680 2938 5745 altaris,
2985 5679 3124 5748 quod
3167 5687 3280 5731 erat
3324 5673 3468 5743 apud
3494 5669 3598 5727 Je-
