3964 6192
352 403 378 461 ἰ
387 405 492 463 θίὶθ

1279 401 1631 459 ΕΟΜΜΕΝΤ.
1676 402 1739 457 ΙΝ
1781 402 2042 459 LIBRUM
2079 400 2311 459 IOSUE.
2352 433 2423 444 —
2458 403 2589 458 LIB.
2633 402 2672 457 [ζ

3465 391 3604 451 NH)

347 532 492 573 sinu.
525 512 668 569 Nihil
715 528 845 583 ergo
892 513 1105 567 mireris
1126 513 1170 567 si
1203 529 1310 568 non
1349 514 1614 585 integram
1640 515 1921 571 scientiam
1951 517 1997 576 Α
2029 522 2239 570 ratores
2263 515 2416 580 duos,
2442 514 2641 585 Legem
2670 512 3090 583 etEvangelium
3118 509 3423 566 destinavit.
3452 507 3609 561 Raab

347 605 634 661 Trinitatis
676 612 1000 672 acceperant
1042 602 1117 656 illi
1170 603 1264 673 qui
1313 619 1415 659 nec
1442 620 1631 659 verum
1666 621 1763 660 nec
1790 606 1928 659 inte-

349 710 508 767 grum
535 694 707 748 altare
727 701 1162 748 construxerant.
1208 691 1334 748 Ideo
1372 693 1604 762 denique
1652 710 1750 749 nec
1779 693 1931 749 multi

353 786 556 849 hostes,
604 797 780 852 neque
826 781 1010 852 plures
1064 797 1221 852 reges
1245 784 1640 838 contrariarum
1672 784 1931 838 virtutum

350 874 548 929 abillis
572 873 830 927 dicuntur
857 884 978 925 esse
1003 868 1217 939 dejecti.
1256 891 1275 922 ι
1298 871 1463 937 Seon,
1484 873 1674 942 inquit,
1700 880 1934 926 tantum~

352 964 512 1019 modo
534 977 716 1033 regem
738 960 1204 1026 Amorrhzeorum,
1252 968 1307 1015 et
1343 959 1425 1031 Og
1451 977 1630 1032 regem
1660 961 1858 1027 Busan,
1879 969 1936 1018 et

350 1055 677 1112 Amalecitas
722 1055 1018 1109 devicerint
1057 1062 1205 1108 trans
1236 1052 1543 1109 Iordanem.
1572 1075 1593 1115 ,ι
1615 1052 1772 1109 Iesus
1806 1070 1934 1109 vero

352 1149 442 1203 ubi
468 1148 621 1202 ducit
633 1139 926 1202 exercitum
936 1185 950 1210 ,
967 1153 1093 1199 tunc
1107 1145 1343 1214 quinque
1370 1161 1523 1216 reges
1536 1146 1737 1199 cadunt
1751 1145 1930 1209 simul,

353 1241 442 1310 qui
471 1238 833 1309 confugerunt
859 1237 915 1290 in
941 1236 1228 1305 speluncas
1258 1255 1273 1289 ς
1300 1244 1356 1291 et
1387 1251 1490 1290 non
1518 1236 1689 1291 solum
1712 1237 1931 1301 cadunt,

351 1331 447 1385 scd
470 1338 526 1383 et
557 1326 957 1397 suspenduntur
980 1326 1032 1379 in
1061 1325 1226 1394 ligno.
1258 1324 1410 1380 Nunc
1444 1325 1631 1396 viginti
1657 1335 1712 1380 et
1741 1341 1934 1380 novem

351 1424 560 1493 pariter
582 1420 913 1491 iugulantur,
943 1425 997 1473 et
1020 1418 1298 1472 immensae
1326 1415 1695 1472 multitudines
1721 1417 1935 1471 adversi

351 1512 627 1567 exercitus
650 1516 1088 1580 prosternuntur,
1107 1516 1163 1561 et
1184 1507 1620 1562 exterminantur
1638 1520 1828 1562 omnes
1842 1507 1933 1576 qui

352 1610 599 1657 sanctam
631 1608 831 1653 terram
865 1598 918 1651 in
951 1596 1307 1651 immunditiis
1354 1596 1661 1666 possident,
1698 1596 1788 1665 qui
1827 1604 1936 1650 ter-

355 1708 471 1746 ram
508 1690 761 1745 liuentem
791 1688 876 1743 lac
903 1696 958 1741 et
979 1686 1084 1741 mel
1128 1687 1183 1741 in
1213 1686 1573 1741 amaritudine
1598 1686 1818 1740 malitiae
1844 1685 1935 1740 de-

354 1782 549 1836 tinent.
584 1799 603 1831 ι
638 1779 792 1834 Sicut
817 1777 1155 1833 obedivimus
1183 1774 1237 1831 in
1257 1776 1467 1832 cunctis
1488 1774 1677 1847 Moysi,
1709 1775 1783 1829 ita
1802 1774 1934 1830 obe-

2030 619 2160 658 vero
2191 613 2372 675 typum
2408 612 2554 659 tenet
2579 603 2857 667 Ecclesiae,
2904 616 3026 671 qute
3046 602 3112 656 de
3142 596 3417 655 extraneis
3442 607 3605 668 atque

2030 696 2221 752 alienis
2246 697 2495 767 gentibus
2523 700 2850 765 congregata
2876 700 2991 757 est;
3017 706 3137 760 qu:e
3159 698 3318 745 antea
3342 691 3529 743 vivens
3551 689 3605 742 in

2031 786 2314 841 desideriis
2340 786 2540 850 carnis,
2568 782 2939 839 foruicabatur
2985 782 3039 835 in
3083 780 3259 835 idolis.
3306 779 3381 835 De
3410 780 3606 836 talibus

2031 878 2107 930 ait
2134 875 2413 941 Dominus,
2437 872 2597 947 quod
2613 892 2632 926 ι
2664 874 2970 945 praeeedent
2997 887 3094 927 vos
3144 872 3196 926 in
3244 885 3412 941 regno
3437 871 3607 927 coelo-

2032 980 2151 1020 rum
2176 963 2393 1036 (Matth.
2420 964 2559 1034 xxx).
2594 985 2614 1016 ι
2641 963 2771 1018 Ηωο
2815 963 2978 1034 igitur
3029 968 3352 1017 testamenta
3397 960 3609 1016 Domini

2033 1054 2145 1110 sola
2168 1054 2411 1124 suscipit,
2435 1063 2491 1110 et
2516 1069 2582 1110 ea
2610 1053 2839 1109 ﬁdeliter
2887 1062 3193 1109 conservat.
3224 1051 3465 1107 Inimicis
3489 1067 3608 1107 om-

2032 1145 2162 1200 nino
2183 1159 2291 1200 non
2315 1144 2481 1200 tradit
2509 1145 2623 1214 ipsa
2652 1162 2665 1199 :
2698 1145 2881 1215 potius
2904 1144 3197 1215 periclitari
3219 1152 3433 1214 optans,
3457 1143 3613 1200 dum-

2033 1238 2194 1292 modo
2216 1235 2379 1291 illaasa
2410 1251 2474 1291 ac
2501 1235 2650 1291 salva
2672 1243 2871 1293 servet.
2893 1251 2955 1293 ea
3028 1234 3153 1291 Haec
3175 1250 3428 1291 casurum
3457 1251 3615 1291 mun-

2035 1330 2162 1384 dum
2192 1328 2332 1383 sicut
2362 1327 2452 1382 illa
2478 1328 2752 1383 civitatem
2780 1327 3011 1383 ﬁrmiter
3056 1328 3285 1383 credidit
3315 1345 3330 1390 ;
3362 1329 3477 1384 haec
3515 1342 3612 1398 pro
3688 1332 3691 1335 λ

2035 1436 2093 1475 se
2114 1435 2178 1476 ac
2203 1435 2426 1475 suorum
2451 1419 2693 1474 omnium
2728 1420 2901 1475 salute
3006 1428 3223 1491 paetum
3267 1435 3390 1475 cum
3453 1428 3615 1474 testa-

2036 1511 2235 1566 mentis
2264 1510 2477 1565 Domini
2509 1509 2657 1576 fecit,
2694 1511 2811 1565 haec
2862 1511 2916 1565 in
2963 1511 3123 1565 domo
3157 1525 3253 1566 sua
3282 1525 3531 1574 coccum,
3559 1509 3613 1563 id

2034 1612 2137 1667 est,
2170 1603 2381 1673 signum
2435 1600 2711 1674 sanguinis
2754 1602 2976 1672 posuit:
3009 1608 3162 1656 extra
3208 1602 3348 1656 hanc
3398 1601 3444 1655 si
3495 1601 3617 1669 quis

2037 1692 2198 1747 fuerit
2219 1692 2489 1756 inventus,
2517 1691 2729 1746 ruinam
2747 1690 2927 1746 saeculi
2953 1698 3116 1760 atque
3138 1689 3443 1744 incendium
3467 1704 3618 1743 mun-

2038 1782 2089 1835 di
2118 1781 2261 1837 nulla
2292 1783 2502 1837 ratione
2527 1781 2739 1836 vitabit.
2770 1780 2879 1851 (Ea:
2924 1780 3291 1851 Adamantio.)
3335 1780 3619 1835 Mittuntur

360 1893 381 1926 ι
420 1873 633 1928 diemus
661 1879 716 1926 et
742 1871 874 1935 tibi;
903 1877 1114 1924 tantum
1162 1868 1232 1922 sit
1276 1866 1533 1922 Dominus
1567 1867 1709 1920 Deus
1737 1875 1935 1930 tecum,
1968 1856 2014 1914 B
2041 1873 2410 1943 exploratores
2434 1874 2503 1928 ab
2525 1870 2654 1928 Jesu
2704 1873 2758 1927 ίη
2800 1869 3039 1937 ιετίριιο,
3080 1881 3139 1927 ει
3192 1872 3556 1943 suscipiuntur
3584 1886 3619 1926 ε

358 1981 378 2013 ι
417 1961 558 2015 sicut
581 1960 679 2013 fuit
704 1973 826 2013 cum
851 1957 1053 2029 Moyse.
1082 1955 1185 2023 Qui
1213 1953 1604 2010 contradixerit
1629 1952 1710 2011 ori
1750 1960 1862 2016 tuo,
1885 1960 1941 2006 et

359 2071 379 2104 ι
421 2067 528 2106 non
562 2048 824 2105 obedierit
850 2046 1059 2103 cunctis
1084 2045 1426 2101 sermonibus
1449 2057 1586 2113 quos
1621 2041 1940 2113 praeceperit

357 2160 376 2191 ι
415 2142 490 2207 ei,
542 2139 826 2204 moriatur,
857 2157 877 2190 ι
910 2146 1015 2192 etc.
1058 2135 1432 2191 Condemnant
1479 2148 1609 2203 ergo
1657 2132 1941 2187 Rubenitze

353 2241 521 2300 atque
542 2231 808 2294 Gadditm,
838 2244 938 2283 nec
959 2243 1068 2283 non
1118 2236 1174 2282 et
1198 2226 1419 2282 dimidia
1465 2226 1639 2280 tritus
1669 2224 1936 2288 Manasse,

351 2322 609 2393 populum
631 2319 934 2375 Iudaeorum
961 2335 1060 2389 pro
1085 2316 1471 2381 inobedientia,
1502 2317 1743 2373 dicentes
1770 2334 1782 2369 :
1806 2333 1824 2365 ι
1848 2316 1937 2369 Si-

354 2422 448 2469 cut
483 2412 817 2467 obedivimus
858 2412 914 2465 in
963 2409 1174 2465 cunctis
1226 2408 1417 2479 Moysi,
1446 2409 1519 2463 ita
1550 2407 1866 2462 obediemus
1886 2415 1940 2460 et

362 2500 485 2564 tibi,
519 2519 538 2551 ι
570 2514 692 2553 cum
726 2498 922 2553 similia
963 2496 1285 2568 legislatoris
1330 2503 1598 2566 pnecepto
1650 2493 1940 2563 sponsione

358 2604 457 2644 sua
479 2588 752 2660 proferunt
775 2588 1101 2645 testimonia.
1118 2586 1206 2640 Ait
1227 2587 1369 2640 enim
1388 2585 1631 2656 Moyses:
1665 2603 1683 2633 ‹
1703 2583 1940 2653 Prophe-

367 2688 477 2732 tam
521 2679 672 2733 vobis
699 2676 984 2733 suscitabit
1031 2675 1291 2730 Dominus
1321 2674 1387 2729 de
1434 2672 1696 2728 fratribus
1722 2673 1935 2728 vestris.

364 2767 647 2837 Tanquam
682 2768 948 2838 meipsnm
989 2766 1250 2831 audietis;
1300 2765 1605 2835 quicunque
1635 2771 1940 2819 autemnon

364 2860 598 2914 audierit
618 2861 932 2929 prophetam
960 2858 1131 2923 illum,
1153 2846 1607 2912 exterminabitur
1625 2856 1804 2911 anima
1826 2855 1942 2924 ejus

364 2950 432 3004 de
456 2949 667 3020 p0pulis
688 2950 802 3004 suis
822 2948 1001 3021 (Deut.
1033 2948 1210 3020 xvm).
1242 2967 1260 3000 ι
1292 2947 1397 3002 Sed
1426 2947 1674 3002 veniente
1714 2946 1953 3002 Domino

367 3040 671 3107 Salvatore,
694 3049 857 3110 atque
880 3040 1225 3112 Evangelium
1241 3039 1591 3110 praedicante,
1622 3054 1729 3093 non
1758 3039 1938 3095 devoti

365 3140 528 3201 atque
548 3132 880 3198 obedientes,
903 3132 998 3188 sed
1024 3132 1222 3203 ingrati
1249 3140 1413 3200 atque
1440 3132 1702 3186 contrarii
1723 3147 1938 3201 semper

2044 1966 2328 2020 meretrice
2351 1964 2523 2019 Raab.
2543 1963 2921 2033 Exploratores
2950 1964 3035 2018 isti
3061 1963 3152 2033 qui
3176 1963 3465 2018 mittuntur
3488 1971 3617 2017 ante

2043 2053 2236 2109 faciem
2264 2053 2389 2109 Iesu
2411 2062 2636 2124 possunt
2655 2062 2709 2108 et
2734 2054 2907 2124 angeli
2959 2053 3056 2109 Dei
3086 2053 3288 2123 puta-ri,
3317 2054 3463 2109 sicut
3478 2053 3614 2108 seris

2042 2155 2193 2216 ptum
2216 2154 2337 2200 est:
2374 2163 2392 2195 ‹
2425 2145 2565 2200 Ecce
2592 2144 2748 2200 mitto
2778 2144 3026 2214 angelum
3062 2159 3239 2199 meum
3267 2152 3395 2199 ante
3424 2142 3619 2199 faciem

2043 2245 2213 2302 tuam,
2240 2236 2332 2306 qui
2358 2243 2628 2306 praeparat
2654 2235 2769 2289 vias
2794 2242 2911 2289 tuas
2940 2242 3069 2288 ante
3098 2243 3152 2289 te
3201 2232 3413 2304 (llauh.
3435 2232 3514 2302 xi)
3542 2249 3558 2286 :
3594 2252 3612 2282 ι

2044 2328 2186 2397 quod
2207 2342 2308 2397 per
2331 2326 2468 2382 alios
2487 2325 2706 2396 quidem
2734 2321 3103 2389 invisibiliter,
3149 2325 3202 2379 in
3253 2324 3460 2379 Joanne
3488 2338 3619 2378 vero

2043 2418 2326 2473 visibiliter
2344 2415 2751 2485 comprobatur,
2779 2414 2844 2469 de
2870 2429 2976 2484 quo
2995 2422 3051 2468 et
3091 2414 3193 2469 hoc
3220 2414 3483 2484 scriptum
3512 2421 3617 2467 est.

2045 2508 2284 2578 Denique
2306 2507 2373 2562 de.
2391 2505 2616 2561 Joannis
2644 2504 2912 2575 baptismo
2933 2503 3131 2560 dicitur
3155 2518 3187 2558 a
3214 2502 3464 2565 Domino,
3494 2503 3620 2571 quia

2049 2619 2066 2649 σ
2096 2608 2151 2652 et
2170 2597 2377 2653 Scribae
2401 2604 2458 2651 et
2481 2595 2740 2651 Pharismi
2768 2610 2872 2650 non
2901 2594 3249 2649 crediderunt
3267 2594 3341 2657 ei,
3364 2593 3615 2648 meretri¢

2043 2704 2134 2744 ees
2192 2698 2373 2742 autem
2419 2695 2476 2742 et
2538 2685 2809 2756 publicani
2860 2685 3142 2739 credentes
3191 2683 3451 2752 baptizati
3496 2690 3623 2736 sunt

2045 2777 2270 2850 (Matth.
2298 2777 2432 2848 ιιι).
2461 2796 2479 2829 ι
2501 2775 2593 2831 Sic
2610 2790 2740 2845 ergo
2761 2775 2928 2830 etiam
2956 2774 3010 2828 in
3033 2774 3135 2829 hoc
3158 2773 3457 2842 completur
3476 2772 3619 2842 quod

2043 2868 2301 2924 meretrix
2331 2865 2458 2922 Iesu
2503 2865 2872 2937 exploratores
2910 2862 3230 2932 susceperit,
3274 2877 3372 2931 per
3395 2875 3532 2929 quos
3552 2859 3619 2914 do

2042 2955 2263 3010 interitu
2286 2955 2451 3011 totius
2478 2954 2709 3009 inimica:
2728 2954 2903 3024 gentis
2920 2950 3148 3005 refertur
3174 2960 3377 3019 erepta.
3410 2948 3515 3003 Sed
3543 2950 3621 3000 vi.-

2043 3046 2265 3101 deamus
2288 3044 2507 3099 tandem
2535 3057 2654 3112 qua:
2675 3043 2749 3097 sit
2778 3041 2883 3096 ista
2910 3041 3189 3095 meretrix.
3230 3039 3380 3092 Raab
3401 3036 3617 3095 dicitur.

2046 3137 2198 3193 Raab
2224 3151 2355 3192 vero
2384 3136 2771 3205 interpretatur
2795 3132 3038 3187 latitudo.
3062 3131 3193 3199 Quae
3218 3140 3303 3186 cst
3347 3146 3476 3201 ergo
3500 3130 3619 3184 lati-.-

366 3220 445 3275 illi
493 3222 827 3289 existebant,
871 3221 1253 3277 maledicentes
1301 3235 1448 3277 cteco
1490 3229 1618 3276 nato
1672 3237 1769 3292 per
1818 3236 1943 3278 eum
1971 3214 2015 3276 C
2048 3230 2174 3284 tudo
2195 3229 2330 3293 hare,
2354 3227 2459 3283 nisi
2481 3225 2721 3281 Ecclesia
2745 3224 2966 3288 Christi,
2997 3238 3118 3293 quae
3143 3237 3208 3276 ex
3245 3221 3621 3291 peccatoribus

366 3313 691 3380 illuminato,
714 3322 877 3384 atque
904 3313 1144 3369 dicentes
1168 3331 1181 3366 :
1212 3333 1231 3365 ‹
1268 3312 1349 3368 Tu
1379 3313 1673 3383 discipulus
1693 3313 1811 3384 ejus
1830 3313 1938 3378 sis;

366 3420 469 3461 nos
496 3413 678 3461 autem
729 3406 978 3476 discipuli
1029 3406 1198 3477 Moysi
1238 3421 1427 3461 sumus
1469 3404 1650 3478 (Joan.
1688 3407 1787 3479 rx).
1828 3426 1847 3459 ι
1875 3406 1944 3460 Et

365 3497 542 3554 Pilato
598 3498 855 3554 dicente:
901 3516 931 3549 ‹
979 3496 1180 3568 Regem
1240 3504 1477 3552 vestrum
1525 3497 1882 3568 crucifigam?
1916 3516 1936 3550 ι

371 3587 802 3656 responderunt:
836 3604 855 3635 ι
895 3584 1011 3641 Νοιι
1037 3587 1301 3641 habemus
1326 3599 1508 3656 regem
1538 3585 1642 3639 nisi
1670 3584 1941 3639 Caesarem

367 3678 551 3750 (Joan.
588 3677 725 3750 xix).
766 3698 785 3730 ι
819 3678 887 3732 Et
940 3677 1062 3733 ideo
1114 3678 1194 3732 eis
1245 3684 1511 3731 venerunt
1540 3690 1661 3744 quae
1689 3683 1943 3744 parentes

367 3769 453 3823 sui
479 3769 559 3823 eis
584 3768 1040 3839 imprecabantur,
1065 3775 1125 3822 ut
1178 3775 1352 3821 morte
1404 3772 1788 3820 morerentur:
1818 3779 1941 3820 eum

369 3875 477 3914 non
532 3860 704 3915 solum
756 3861 810 3915 in
861 3859 1042 3915 anima
1092 3866 1351 3915 aeternam
1397 3858 1821 3924 damnationem,
1849 3858 1944 3913 sed

367 3952 533 4007 etiam
583 3952 828 4022 corporis
873 3952 959 4007 sui
1014 3951 1339 4008 detrimenta
1381 3948 1715 4013 sentiebant,
1739 3964 1939 4018 usque-

369 4057 603 4112 quaque,
661 4041 804 4097 fame
852 4042 1051 4108 necati,
1102 4041 1412 4112 pestilentia
1457 4040 1724 4110 percussi,
1768 4039 1945 4111 gladio

365 4133 556 4198 occisi,
582 4148 645 4188 ac
679 4134 990 4204 captivitate
1035 4132 1419 4191 crudelissima.
1436 4148 1535 4202 per
1558 4140 1726 4187 totum
1752 4133 1943 4187 orbem

367 4220 618 4292 dispersi.
1730 4214 1737 4221 ’

985 4330 1210 4387 CAPUT
1249 4331 1331 4385 ιιι.

368 4463 448 4523 De
475 4465 890 4537 exploratoribus
930 4465 1100 4519 missis
1138 4482 1200 4518 ea;
1239 4463 1439 4537 Setltim
1481 4465 1547 4517 ad
1588 4467 1763 4537 urbem
1799 4463 1941 4517 Jeri-

534 4534 653 4603 eho,
683 4546 729 4589 et
763 4552 855 4605 per
878 4536 1145 4589 mulierem
1184 4534 1502 4588 meretricem
1536 4534 1769 4588 salvatis.

446 4705 465 4739 ι
491 4686 636 4741 Misit
660 4702 790 4757 ergo
818 4685 981 4740 Iosue
1007 4684 1149 4739 filius
1177 4685 1294 4739 Nun
1320 4685 1387 4739 de
1405 4680 1612 4738 Setbim
1640 4685 1774 4739 duos
1798 4684 1945 4738 viros

371 4797 392 4831 ι
424 4779 795 4852 exploratores
823 4776 1153 4837 abscondite,
1185 4783 1240 4829 et
1265 4774 1400 4830 dixit
1433 4774 1512 4828 eis
1541 4791 1553 4826 :
1584 4773 1658 4828 Ite
1679 4782 1733 4827 et
1759 4775 1942 4828 consi-

373 4889 392 4923 ι
428 4870 616 4924 derate
638 4880 839 4924 terram
882 4870 1179 4936 urbemque
1205 4865 1449 4930 Iericho;
1475 4874 1529 4919 et
1556 4874 1836 4934 pergentes
1866 4866 1946 4918 in-

372 4978 393 5012 ι
431 4961 602 5029 gressi
664 4966 791 5014 sunt
834 4959 1052 5012 domum
1098 4956 1341 5011 mulieris
1386 4955 1689 5010 meretricis
1728 4956 1945 5010 nomine

372 5065 393 5100 ι
432 5048 602 5113 Raab,
639 5057 692 5102 et
714 5049 1038 5118 quieverunt
1062 5047 1201 5115 apud
1248 5047 1412 5111 illam,
1444 5066 1462 5099 ι
1498 5054 1553 5100 et
1582 5046 1809 5115 reliqua.
1840 5046 1944 5101 lste

364 5135 526 5194 Iesus
557 5139 721 5192 mittit
743 5139 876 5193 duos
896 5136 1269 5206 exploratores
1295 5136 1361 5189 ad
1382 5134 1598 5190 Iericho
1618 5135 1827 5199 urbem,
1853 5135 1944 5204 qui

366 5228 739 5298 suscipiuntur
772 5244 801 5282 a
822 5226 1107 5282 meretrice
1133 5224 1301 5278 Raab.
1332 5222 1490 5279 Iesus
1520 5223 1610 5278 ille
1636 5224 1743 5278 (lux
1763 5223 1944 5293 populi

371 5333 404 5373 a
428 5319 719 5388 semetipso
742 5318 1026 5372 Dominum
1053 5314 1327 5370 Christum
1352 5322 1409 5368 et
1432 5312 1695 5367 vocabulo
1713 5312 1949 5367 ostendit

369 5416 427 5466 et
452 5408 615 5464 facto.
646 5407 865 5462 Iericho
891 5415 1068 5462 autent
1095 5405 1288 5460 civitas
1314 5401 1547 5458 mundus
1567 5410 1669 5465 est,
1699 5402 1765 5456 ad
1781 5417 1940 5471 quem

370 5498 631 5557 Dominus
657 5497 813 5553 Iesus
836 5497 1088 5553 Christus
1113 5496 1179 5550 ad
1194 5492 1613 5565 perscrutandos
1639 5508 1817 5548 mores
1848 5494 1944 5549 ho-

371 5591 578 5645 minum
608 5590 716 5644 duo
743 5588 1090 5644 Testamenta
1120 5585 1336 5641 direxit.
1367 5582 1501 5638 Nam
1530 5583 1587 5637 in
1640 5597 1706 5639 eo
1732 5593 1794 5638 ut
1831 5599 1946 5641 cre-

372 5682 611 5735 dentium
658 5679 817 5736 lidem
866 5688 961 5733 aut
1012 5677 1294 5733 rebellium
1336 5675 1695 5747 pervicaciam
1734 5676 1944 5746 plenius

372 5772 771 5840 wtuprobaret,
800 5782 923 5830 ante
946 5774 1231 5829 adventum
1253 5771 1441 5841 judieii
1467 5771 1728 5841 suiquasi
1753 5773 1940 5842 explo-

1969 4552 2021 4612 D

2045 3319 2191 3375 velut
2208 3335 2275 3375 ex
2303 3318 2591 3374 meretrice
2611 3316 2838 3373 collecta
2865 3324 2964 3370 est.
2999 3315 3067 3369 Et
3090 3313 3229 3369 dicit.
3253 3331 3265 3366 :
3294 3332 3325 3364 «ε
3349 3311 3620 3382 Augustus

2043 3411 2175 3466 mihi
2198 3418 2287 3466 est
2315 3410 2486 3476 locus,
2516 3407 2599 3465 fac
2628 3409 2760 3464 mihi
2794 3407 3080 3463 locum-ubi
3110 3405 3366 3461 habitem.
3398 3404 3506 3460 llos
3525 3420 3621 3460 an:

2045 3512 2153 3556 tem
2176 3502 2307 3557 mihi
2327 3500 2752 3570 quiscnutrivit?
2790 3519 2808 3551 ι
2837 3498 2971 3571 (lsa.
3012 3496 3184 3568 xux.)
3213 3496 3282 3551 Et
3326 3497 3521 3552 iterum
3550 3495 3625 3549 ad-

2044 3606 2205 3660 quam
2228 3590 2427 3645 dicitur
2456 3609 2469 3643 :
2501 3608 2520 3641 ‹
2559 3590 2735 3645 Dilata
2760 3588 2912 3658 palos
2960 3596 3081 3642 tuos
3105 3594 3159 3641 et
3188 3586 3419 3641 extende
3441 3593 3617 3641 tento,

2046 3683 2124 3736 ria
2155 3689 2245 3736 tua
2281 3680 2416 3752 (Isa.
2442 3679 2571 3751 Liv).
2598 3700 2615 3729 ι
2646 3679 2752 3734 Ista
2784 3693 2913 3749 ergo
2937 3685 3023 3732 est
3046 3676 3272 3732 latitudo
3287 3691 3406 3746 quze
3434 3691 3613 3732 susce-

2044 3775 2119 3844 pit
2148 3772 2514 3843 exploratores
2538 3770 2682 3827 Iesu.
2714 3770 2845 3825 Scio
2866 3783 2953 3823 me
2978 3767 3269 3837 aliquando
3286 3768 3342 3821 in
3385 3766 3618 3835 quadam

2044 3863 2269 3921 ecclesia
2298 3863 2663 3931 disputantem
2684 3859 2751 3915 de
2777 3859 2990 3915 duabus
3013 3857 3390 3914 meretricibus
3414 3857 3483 3912 de
3499 3857 3620 3926 qui.

2043 3954 2145 4009 bus
2173 3952 2432 4023 scriptum
2462 3953 2623 4006 estin
2656 3950 2964 4007 tertiolibro
2993 3949 3201 4021 Regum
3219 3946 3335 4019 (III
3362 3946 3488 4017 Reg.
3509 3946 3617 4017 tu),

2044 4060 2163 4114 qtae
2192 4044 2258 4097 ad
2276 4041 2539 4110 judicium
2565 4048 2825 4097 venerant
2846 4039 3185 4110 Salomonis,
3235 4053 3463 4109 quarum
3507 4052 3618 4091 una

2046 4135 2223 4189 vivum
2268 4133 2499 4189 habebat
2545 4131 2834 4195 infantem,
2874 4130 3192 4186 discussisse
3227 4126 3533 4198 diligentius
3563 4135 3618 4181 et

2048 4226 2245 4280 dixisse
2261 4225 2388 4294 quia
2412 4225 2501 4279 illa
2524 4224 2779 4279 meretrix
2800 4222 2914 4277 haec
2934 4230 3078 4276 esset
3097 4220 3184 4274 cui
3209 4217 3461 4272 Salomon
3484 4216 3617 4285 (nun

2047 4316 2153 4380 ille,
2185 4315 2279 4370 sed
2307 4316 2398 4370 hic
2425 4315 2523 4384 qui
2567 4327 2755 4386 pacem
2794 4310 2943 4365 venit
2974 4309 3157 4366 facere
3210 4320 3403 4363 eorum
3431 4305 3541 4374 qui.
3564 4304 3618 4358 iu

2045 4406 2196 4461 caelis
2223 4413 2370 4469 sunt,
2393 4413 2447 4460 et
2473 4419 2592 4473 qua:
2619 4405 2673 4459 in
2693 4399 3045 4472 terris),reddi
3065 4399 3247 4453 vivum
3265 4396 3429 4467 jussit
3445 4394 3619 4450 infans.

2046 4480 2175 4562 tem,
2209 4497 2296 4551 illa
2324 4512 2454 4551 vero
2483 4495 2588 4549 alia
2621 4508 2741 4564 quae
2763 4502 3031 4549 mortuum
3072 4490 3308 4545 habebat
3336 4485 3615 4551 infantem,

2049 4586 2131 4641 vel
2160 4586 2304 4641 ilius
2335 4594 2479 4641 esset
2525 4582 2723 4655 prioris
2746 4581 2927 4651 populi
2953 4580 3268 4651 Synagogaa,
3314 4574 3400 4632 vel
3427 4590 3617 4631 eorum

2049 4677 2139 4746 qui
2162 4676 2214 4731 in
2241 4676 2487 4731 hreresim
2509 4673 2933 4729 declinaverunt.
2957 4670 3026 4726 Et
3042 4669 3146 4725 alia
3170 4667 3428 4724 meretrix
3452 4682 3616 4738 quam

2048 4769 2186 4825 Osee
2218 4769 2479 4840 propheta
2518 4765 2738 4836 jubetur
2785 4763 3030 4833 accipere
3073 4760 3216 4834 (Ore.
3249 4759 3314 4834 ι),
3353 4760 3408 4815 in
3446 4758 3615 4830 flgitra

2049 4862 2165 4916 sine
2192 4859 2355 4915 dubio
2410 4856 2569 4927 hujus
2606 4871 2725 4927 quae
2751 4870 2819 4911 ex
2867 4854 3119 4927 gentibus
3168 4858 3484 4907 consecrata
3511 4858 3614 4904 est.

2050 4950 2195 5006 Talis
2218 4964 2348 5021 ergo
2369 4957 2426 5004 et
2454 4950 2569 5004 haec
2594 4946 2788 5002 mulier
2816 4945 3075 5002 meretrix
3096 4960 3216 4999 esse
3246 4943 3464 5006 dicitur,
3499 4955 3617 5009 qua:

2047 5042 2417 5114 exploratores
2436 5040 2565 5095 Iesu
2592 5037 2818 5108 suscipit
2848 5052 2875 5092 :.
2891 5037 2987 5093 sed
3007 5037 3124 5093 ιιωο
3147 5044 3426 5105 susceptos
3451 5034 3505 5087 in
3527 5045 3618 5085 su:

2047 5136 2351 5206 perioribus
2370 5133 2617 5198 collocat,
2649 5130 2885 5201 atquein
2908 5130 3080 5185 editis.
3110 5137 3167 5185 et
3215 5125 3445 5183 excelsis
3491 5121 3615 5176 fidei

2049 5227 2331 5283 constituit
2355 5223 2925 5282 saeramenlis..Nemo
2955 5222 3098 5277 enim
3132 5217 3323 5289 quiab
3346 5216 3470 5271 Iesu
3492 5213 3617 5266 mite

2052 5319 2208 5382 titur,
2236 5319 2507 5373 invenitur
2526 5317 2778 5372 deorsum
2813 5323 2868 5370 et
2896 5315 3044 5369 humi
3076 5311 3288 5380 iacens,
3319 5306 3411 5361 sed
3443 5305 3498 5359 in
3526 5319 3612 5358 su-

2051 5409 2355 5479 perioribus
2378 5422 2711 5478 permanens
2727 5413 2784 5460 et
2808 5404 3053 5460 excelsis.
3087 5400 3190 5456 Sed
3227 5398 3328 5452 ista
3360 5395 3619 5450 meretrix

2049 5515 2167 5569 qua:
2187 5514 2282 5553 eos
2304 5497 2546 5567 suscipit,
2567 5511 2635 5550 ex
2657 5494 2939 5550 meretrice
2960 5484 3309 5554 ellieiturjam
3322 5483 3613 5555 propheta;

2050 5589 2180 5644 dicit
2205 5589 2388 5643 enim:
2431 5604 2450 5637 ι
2487 5585 2614 5641 Scio
2637 5584 2780 5655 quod
2809 5582 3064 5637 Dominus
3110 5576 3252 5632 Deus
3299 5583 3481 5631 vester
3507 5583 3617 5629 tra-

2055 5697 2074 5729 ι
2106 5679 2240 5734 didit
2259 5677 2413 5733 vobis
2439 5686 2635 5732 terram
2663 5677 2821 5729 hanc.
2855 5694 2875 5725 ι
2906 5671 3067 5725 Vides
3093 5667 3365 5739 quomodo
3400 5667 3489 5723 illa
3515 5668 3618 5723 ali-

2050 5772 2264 5841 quando
2295 5777 2409 5823 erat
2432 5767 2707 5831 meretrix,
2747 5775 2798 5820 et
2844 5763 3003 5833 impia
3034 5772 3088 5819 et
3129 5760 3441 5831 immunda:
3469 5774 3615 5818 nunc
