3978 6182
357 377 484 435 ιθιι

990 373 1049 427 Β.
1094 372 1341 427 ΒΑΒΑΜ
1383 373 1599 429 MAURI
1639 372 1907 427 ARClllEl

2012 371 2306 429 llOGUNT.
2349 372 2631 432 OPERUM
2672 374 2850 433 PARS
2887 378 2927 434 Ι.

3468 386 3608 441 illi!

355 495 558 566 Spiritu
582 498 771 545 sancto
800 489 1002 559 repleta
1031 499 1144 555 est;
1187 498 1241 545 et
1284 490 1352 544 de
1396 488 1685 558 prseteritis
1710 485 2005 557 quidemA
2032 499 2181 548 vero,
2214 484 2256 539 si
2286 488 2616 556 pertransire
2659 490 2905 555 voluerit,
2955 489 3338 561 submergitur,
3385 511 3483 553 nec
3517 498 3627 556 lict

355 582 660 645 conﬁtetur,
693 580 759 635 de
784 580 1146 650 praesentibus
1196 594 1325 635 vero
1352 580 1543 643 credit,
1645 579 1932 648 prophetat

357 683 534 730 autem
560 681 616 728 et
641 673 969 743 praenuntiat
994 672 1061 727 de
1083 671 1294 726 futuris.
1333 670 1425 726 Sic
1450 686 1580 739 ergo
1612 670 1782 736 Raab,
1812 684 1932 739 quze

357 767 581 822 latitudo
604 766 1007 835 interpretatur,
1039 764 1297 818 dilatatur
1319 774 1374 818 et
1416 763 1651 834 prolicit,
1682 776 1852 831 usque
1875 762 1929 816 iu

357 872 571 912 omnem
600 864 799 911 terram
829 854 937 910 exit
1011 870 1176 910 sonus
1201 853 1338 923 ejus.
1365 852 1538 909 Sedet
1561 851 1755 923 Iaphet
1769 852 1930 907 simili

357 947 519 1002 modo
548 946 789 1001 dilatatio
840 946 1249 1014 interpretatur.
1309 943 1417 998 Sed
1461 944 1743 998 videamus
1798 942 1929 1011 quid

355 1040 463 1110 cgit
491 1055 612 1094 cum
639 1038 1072 1108 exploratoribus
1101 1037 1203 1091 ista
1235 1036 1451 1106 sapiens
1477 1036 1755 1091 meretrix.
1789 1033 1931 1090 Con-

357 1131 536 1184 silium
555 1131 634 1185 eis
661 1129 755 1184 dat
774 1129 1061 1201 mysticum
1082 1137 1137 1183 et
1163 1127 1404 1192 caeleste,
1430 1126 1566 1182 nihil
1594 1128 1801 1183 habens
1824 1136 1932 1182 ter-

357 1235 566 1276 renum.
618 1239 638 1271 ι
694 1219 798 1274 Per
840 1228 1114 1282 montana,
1152 1238 1171 1270 ›
1218 1219 1414 1288 inquit,
1448 1239 1466 1269 ‹
1503 1219 1666 1274 abite.
1706 1237 1723 1268 ι
1757 1216 1931 1272 Nolite

353 1328 451 1381 per
476 1312 641 1368 valles
667 1313 934 1377 incedere,
961 1313 1182 1367 humilia
1208 1321 1262 1367 et
1286 1310 1492 1379 dejecta
1517 1312 1744 1381 refugite
1770 1330 1781 1364 :
1809 1326 1929 1381 qua:

352 1402 563 1457 excelsa
589 1411 713 1457 sunt
740 1410 792 1457 et
812 1403 1060 1457 sublimia
1088 1403 1396 1473 pmdicatc.
1436 1403 1551 1473 Ipsa
1574 1412 1752 1457 autem
1774 1418 1930 1457 acce-

350 1493 431 1563 pit
460 1493 670 1563 signum
697 1494 1035 1558 coccineum,
1062 1496 1205 1564 quod
1257 1496 1538 1567 sanguinis
1578 1495 1807 1550 formam
1837 1510 1929 1565 ge-

352 1581 767 1639 rebat.Sciebat
798 1583 944 1637 enim
973 1584 1097 1653 quia
1117 1585 1171 1638 in
1193 1585 1355 1639 nullis
1384 1593 1529 1639 esset
1550 1584 1715 1650 salus,
1740 1584 1843 1638 nisi
1869 1585 1925 1638 in

350 1672 616 1743 sanguine
642 1671 863 1727 Christi.
892 1674 1061 1727 Datur
1086 1676 1251 1729 etiam
1306 1676 1410 1730 hoc
1455 1674 1767 1729 mandatum
1800 1674 1925 1729 huic

348 1779 468 1833 qum
496 1764 768 1833 quondam
816 1763 992 1819 fuerat
1034 1766 1291 1819 meretrix
1325 1780 1340 1819 :
1385 1765 1607 1830 Omnes,
1652 1766 1919 1836 inquiunt,

1947 1396 1957 1403 φ

2036 575 2084 629 ei
2113 590 2298 631 murus
2319 577 2506 632 dextra
2538 579 2793 650 lievaque.
2820 580 2885 634 Et
2914 596 2980 636 ne
2999 580 3136 638 forte
3157 583 3452 643 oll‘endaris
3474 593 3628 660 quod

2034 666 2151 722 haec
2175 684 2295 738 qua:
2315 670 2367 723 in
2389 671 2662 739 prioribus
2686 681 2836 741 gesta
2865 682 3010 740 sunt,
3042 674 3094 728 in
3125 683 3176 731 te
3200 692 3331 732 vero
3352 681 3444 749 qui
3468 698 3632 738 nunc

2034 759 2250 813 auditor
2303 760 2495 814 horum
2532 775 2611 826 es,
2638 761 2768 815 nihil
2804 762 2910 817 tale
2957 773 3196 833 geratur,
3247 768 3435 822 omnia
3467 785 3634 824 com-

2032 847 2248 918 plentur
2274 848 2328 902 in
2357 858 2409 904 te
2435 850 2729 904 secundum
2756 852 3042 922 mysticam
3077 856 3364 911 rationem.
3393 859 3628 914 Etenim

2034 946 2113 1003 tu,
2145 939 2259 1008 qui,
2290 955 2461 1009 nuper
2494 939 2809 998 idololatria;
2838 944 3073 999 tenebris
3130 944 3425 1011 derelictis,
3453 950 3630 1019 cupis

2031 1031 2099 1085 ad
2129 1031 2454 1086 audientiam
2483 1032 2676 1088 divina;
2723 1034 2857 1104 legis
2883 1038 3164 1104 accedere,
3195 1056 3339 1095 nunc
3370 1043 3626 1112 primum

2033 1120 2327 1193 Egyptum
2353 1121 2696 1191 derelinquis,
2727 1140 2850 1180 cum
2879 1127 3388 1185 catechumenOrum
3412 1149 3627 1205 aggre-

2030 1222 2188 1285 gatus
2214 1228 2275 1268 es
2294 1230 2542 1279 numero,
2567 1222 2623 1270 et
2674 1218 2956 1286 praeceptis
2999 1220 3381 1277 ecclesiasticis
3410 1240 3625 1293 parcre

2030 1306 2260 1375 coepisti.
2310 1305 2463 1361 Unde
2510 1306 2628 1371 tibi,
2657 1308 2952 1362 secundum
2980 1325 3187 1365 morem
3219 1312 3622 1379 lsraelitaruni,

2029 1405 2154 1451 ante
2184 1397 2484 1467 ingressum
2529 1394 2783 1452 Iordanis
2811 1398 2990 1454 triduo
3041 1401 3360 1455 morandum
3402 1412 3512 1468 est,
3559 1414 3625 1458 ut

2028 1489 2205 1543 discas
2222 1494 2422 1543 sancta:
2450 1486 2732 1544 Trinitatis
2775 1489 2960 1554 fidem,
3005 1491 3242 1560 qualiter
3285 1493 3341 1547 in
3384 1497 3623 1550 nomine

2027 1578 2222 1643 Patris,
2251 1587 2307 1633 et
2330 1579 2476 1645 Filii,
2502 1589 2558 1635 et
2586 1579 2819 1650 Spiritus
2844 1582 3016 1636 sancti
3052 1582 3381 1652 baptizatus,
3411 1587 3626 1640 remis-

2027 1670 2233 1725 sionem
2260 1669 2528 1740 percipias
2549 1671 2789 1725 omnium
2816 1678 3162 1740 peccatorum
3194 1692 3206 1726 :
3238 1682 3292 1728 et
3332 1676 3623 1743 quomodo

2028 1758 2123 1813 tibi
2149 1758 2400 1828 deinceps
2429 1758 2716 1814 vivendum
2738 1769 2843 1826 est,
2874 1769 2933 1815 ut
2984 1762 3037 1816 in
3076 1764 3312 1819 novitate
3333 1765 3456 1820 vita:
3482 1781 3591 1821 am

343 1832 437 1922 qui
468 1832 527 1907 in
551 1852 712 1908 domo
748 1862 839 1908 tua
883 1853 1083 1909 fuerint
1124 1855 1347 1919 inventi,
1394 1832 1774 1920 salvabuntur;
1827 1856 1918 1925 qui
1952 1832 1996 1891 Β
2023 1852 2235 1917 bulans,
2259 1853 2498 1908 ctelestis
2526 1854 2676 1923 regni
2706 1854 2968 1909 merearis
2996 1855 3296 1911 introitum.

344 1951 521 1998 autem
550 1944 744 1999 exierit
765 1944 831 1999 de
855 1943 1015 1999 domo
1044 1953 1157 2011 tua,
1205 1944 1454 2013 impunes
1505 1960 1693 2000 sumus
1721 1960 1821 2000 nos
1850 1946 1919 2000 ab

2094 1941 2270 2016 (istm)
2300 1962 2318 1993 ι
2347 1942 2551 2010 Quibus
2578 1942 2807 1998 evolutis
2835 1945 3165 2000 transierunt
3199 1961 3474 2017 praccones
3500 1964 3621 2018 per

345 2032 443 2086 hoc
461 2032 771 2101 juramento
798 2042 910 2088 tuo.
945 2032 1003 2087 Si
1035 2034 1156 2103 quis
1183 2049 1313 2105 ergo
1352 2036 1546 2089 salvari
1581 2036 1713 2101 vult,
1739 2037 1920 2091 veniat
2024 2052 2043 2087 ι
2074 2035 2308 2090 medium
2335 2044 2659 2102 castrorum,
2682 2045 2739 2091 et
2757 2036 2992 2093 clamare
3015 2045 3299 2107 cmperunt
3327 2058 3341 2092 :
3366 2039 3616 2106 Quando

342 2122 396 2175 in
435 2122 578 2177 hanc
595 2121 815 2177 domum
842 2121 1021 2191 hujus,
1050 2139 1169 2193 quae
1195 2125 1465 2194 quondam
1490 2124 1750 2181 meretrix
1793 2126 1914 2181 fuit.

2022 2144 2041 2175 ι
2076 2124 2319 2179 videritis
2345 2141 2526 2181 arcam
2556 2125 2776 2183 foederis
2800 2127 3011 2183 Domini
3038 2128 3133 2183 Dei
3159 2130 3349 2194 vestri,
3402 2139 3457 2184 et
3509 2146 3617 2185 sa-

343 2211 516 2266 Etiam
544 2212 589 2267 si
619 2213 686 2268 de
716 2212 807 2268 illo
835 2214 1031 2283 populo
1059 2214 1173 2269 vult
1205 2215 1401 2284 aliquis
1429 2216 1645 2281 salvari,
1682 2216 1748 2270 ad
1776 2216 1917 2270 hanc
2021 2234 2039 2267 ι
2077 2216 2325 2270 cerdotes
2344 2216 2530 2286 stirpis
2557 2216 2808 2271 Levitica:
2849 2225 3127 2286 portantes
3164 2233 3310 2283 eam,
3336 2234 3434 2274 vos
3456 2235 3615 2289 quo-

341 2304 522 2358 veuiat
544 2304 788 2369 domum,
813 2306 866 2359 in
914 2321 1019 2375 qua
1048 2305 1248 2361 Christi
1288 2306 1507 2377 sanguis
1537 2307 1590 2361 in
1631 2306 1785 2376 signo
1831 2321 1916 2361 re—
2020 2325 2039 2356 c
2072 2321 2178 2376 que
2228 2309 2559 2378 consurgite,
2593 2316 2648 2365 et
2685 2310 2971 2379 sequimini
3022 2310 3410 2380 pmcedentes.
3440 2329 3459 2361 ο
3492 2310 3611 2365 Di-

338 2394 664 2463 demptionis
713 2405 815 2451 est.
866 2396 1001 2451 Nam
1057 2413 1220 2467 super
1283 2398 1400 2454 illos
1460 2399 1550 2468 qui
1604 2400 1909 2455 dixerunt:

343 2504 362 2535 ε
415 2484 646 2555 Sanguis
695 2486 812 2555 ejus
864 2505 1027 2559 super
1082 2507 1181 2547 nos
1225 2501 1279 2547 et
1308 2508 1471 2561 super
1518 2493 1655 2548 filios
1700 2502 1914 2549 nostros

339 2575 555 2645 (Matth.
584 2578 778 2650 xxvu),
819 2600 836 2630 ι
873 2579 1076 2636 Christi
1107 2584 1327 2654 sanguis
1374 2584 1428 2638 in
1460 2586 1911 2642 condemnatione

335 2676 422 2724 εει
454 2670 702 2739 :positus
728 2672 872 2726 enim
922 2671 1099 2727 fuerat
1145 2673 1302 2729 Iesus
1331 2674 1382 2729 in
1415 2657 1626 2729 ruinam
1657 2685 1715 2735 et
1738 2676 1792 2730 in
1818 2691 1907 2731 re-

338 2760 730 2816 surrectionem
759 2762 1081 2830 multorum;
1134 2772 1189 2819 et
1241 2765 1362 2820 ideo
1412 2765 1909 2822 contradicentibus

336 2850 493 2920 signo
510 2849 624 2919 ejus
647 2851 875 2906 ellicitur
895 2854 1109 2925 sanguis
1130 2853 1251 2924 ejus
1277 2856 1343 2911 ad
1369 2869 1605 2926 poenam,
1634 2858 1906 2913 credenti-

336 2940 435 2994 bus
463 2955 592 2995 vero
636 2942 703 2996 ad
731 2942 976 2998 salutem.
1028 2943 1196 3000 Nemo
1235 2960 1365 3017 ergo
1418 2948 1517 3003 sibi
1555 2950 1901 3018 persuadeat,

334 3045 495 3086 nemo
522 3034 869 3102 semetipsum
899 3036 1151 3107 decipiet.
1184 3038 1353 3093 Extra
1384 3040 1525 3095 hanc
1580 3042 1817 3107 domum,
1849 3042 1904 3097 id

334 3133 419 3179 est
443 3132 597 3178 extra
625 3124 942 3193 Ecclesiam,
972 3144 1131 3183 nemo
1156 3130 1471 3186 salvabitur.
1519 3131 1577 3187 Si
1604 3134 1727 3202 quis
1755 3133 1902 3189 foras

331 3212 551 3278 exierit,
577 3215 768 3269 mortis
795 3231 905 3271 sua:
934 3218 1045 3286 ipse
1072 3234 1196 3275 reus
1222 3221 1309 3284 sit,
1339 3221 1442 3276 hoc
1461 3230 1542 3277 est
1568 3237 1667 3291 per
1686 3224 1903 3295 sangui-

333 3303 418 3356 nis
440 3303 676 3372 signum,
697 3307 824 3374 quia
849 3307 964 3362 haec
990 3317 1072 3363 est
1095 3311 1394 3379 purificatio
1419 3328 1537 3381 qua:
1566 3328 1663 3383 per
1686 3315 1904 3384 sangui-

333 3408 455 3445 i.cm
482 3401 714 3447 constat.
738 3395 891 3461 Quod
914 3406 1094 3452 autem
1139 3399 1194 3453 in
1245 3399 1482 3456 fenestra
1509 3402 1776 3471 dependet
1802 3404 1904 3458 hoc

330 3482 566 3551 signum,
588 3482 823 3539 arbitror
847 3484 978 3540 illud
1003 3486 1225 3542 indicari
1252 3489 1378 3559 quia
1405 3489 1639 3546 fenestra
1675 3501 1762 3547 est
1783 3509 1903 3563 quae

330 3575 597 3629 illuminat
619 3575 836 3631 domum
857 3585 912 3632 et
944 3592 1041 3648 per
1073 3594 1234 3648 quam
1276 3581 1610 3637 illuminatur
1653 3593 1903 3654 aspectus

328 3675 532 3731 noster,
584 3668 677 3722 sed
721 3676 928 3723 tantum
972 3681 1234 3740 quantum
1272 3674 1447 3730 oculis
1483 3683 1539 3731 et
1565 3677 1683 3731 usui
1713 3685 1902 3733 nostro

327 3757 557 3813 suﬂiciat
580 3759 802 3814 luminis
827 3761 1123 3831 capiamus.
1140 3763 1275 3830 Quia
1304 3779 1435 3833 ergo
1460 3766 1762 3822 incarnatio
1784 3769 1902 3823 Sal-

2014 2414 2231 2469 gressus
2254 2415 2406 2455 mare
2437 2400 2701 2466 Rubrum,
2731 2401 2862 2455 etin
2889 2401 3119 2456 desertis
3147 2402 3470 2456 stationibus
3494 2417 3610 2471 po-

2013 2490 2170 2555 situs,
2202 2490 2268 2546 ad
2298 2490 2619 2545 audiendam
2651 2490 2820 2562 legem
2847 2490 2964 2555 Dei,
2994 2500 3047 2545 et
3078 2492 3393 2547 intuendum
3419 2490 3607 2562 Moysi

2011 2581 2214 2645 vultum
2241 2597 2339 2651 per
2361 2582 2587 2653 gloriam
2616 2582 2711 2636 Dei
2768 2583 3082 2647 revelatum,
3133 2584 3376 2654 quotidie
3402 2600 3605 2639 vacas.

2012 2671 2071 2727 Si
2097 2687 2228 2727 vero
2250 2674 2414 2727 etiam
2443 2675 2509 2729 ad
2532 2673 2782 2745 baptismi
2806 2674 3096 2744 mysticum
3119 2675 3332 2729 veneris
3356 2673 3601 2736 fontem,

2007 2770 2062 2818 et
2077 2763 2409 2819 consistente
2428 2765 2748 2820 sacerdotali
2771 2774 2826 2821 et
2843 2764 3084 2819 Levitico
3110 2764 3318 2827 ordine,
3339 2763 3602 2817 initiatus

2007 2854 2175 2910 fueris
2203 2863 2258 2909 et
2281 2855 2605 2912 venerandis
2628 2857 2735 2912 illis
2778 2857 3183 2927 magnificisque
3224 2857 3605 2911 sacramentis

2009 2944 2231 3017 (norunt
2258 2948 2332 3002 illi
2374 2963 2510 3017 quos
2543 2964 2704 3004 nosse
2732 2948 2814 3004 fas
2863 2949 2987 3021 est),
3021 2958 3147 3005 tunc
3174 2965 3299 3004 cum
3329 2951 3603 3006 sacerdo-

2008 3045 2120 3092 tum
2162 3039 2497 3105 ministeriis,
2549 3037 2783 3095 Iordane
2827 3039 3092 3109 digresso,
3145 3046 3343 3093 terram
3398 3053 3602 3107 repro-

2008 3129 2283 3184 missionis
2311 3129 2583 3185 intrabis:
2622 3131 2676 3184 in
2726 3145 2833 3201 qua
2881 3138 2933 3185 te
2981 3139 3105 3201 post
3153 3128 3371 3200 Moysen
3406 3130 3600 3184 susci-

2003 3216 2083 3283 pit
2119 3215 2299 3282 Iesus,
2356 3226 2414 3273 et
2446 3218 2562 3287 ipse
2614 3218 2714 3272 tibi
2773 3215 3005 3273 ellicitur
3036 3217 3161 3272 novi
3195 3216 3409 3272 itineris
3445 3216 3595 3272 dux.

2005 3303 2261 3373 Sequitur
2286 3323 2298 3358 :

2073 3391 2249 3465 (Ιυω.)
2279 3413 2297 3445 ‹
2336 3393 2528 3465 Sitque
2575 3395 2717 3451 inter
2742 3411 2838 3451 vos
2869 3406 2924 3451 et
2952 3412 3135 3452 arcam
3164 3398 3397 3467 spatium
3425 3397 3597 3453 cubi~

2008 3505 2025 3536 ι
2065 3494 2241 3540 torum
2263 3486 2490 3541 duorum
2523 3486 2771 3554 millium,
2801 3495 2862 3541 ut
2903 3488 3093 3559 procul
3122 3487 3308 3544 videre
3334 3489 3592 3559 possitis,

2007 3594 2024 3626 ι
2061 3583 2116 3630 et
2143 3590 2302 3631 nosse
2327 3590 2425 3645 per
2457 3592 2618 3647 quam
2662 3578 2804 3632 viam
2831 3577 3242 3648 ingrediamini;
3272 3582 3397 3648 quia
3426 3579 3595 3648 prius

2007 3685 2025 3716 ι
2059 3680 2165 3720 non
2190 3666 2510 3722 ambulastis
2528 3682 2627 3737 per
2652 3682 2774 3722 eam
2802 3682 2818 3720 :
2856 3676 2913 3722 et
2960 3677 3148 3722 cavete
3178 3684 3247 3724 ne
3279 3683 3593 3739 appmptn-

2007 3775 2025 3806 ι
2057 3756 2236 3825 quctis
2254 3757 2324 3811 ad
2339 3772 2522 3811 arcam
2545 3777 2588 3822 ι,
2604 3764 2661 3812 et
2679 3766 2897 3813 caetera.
2915 3756 3023 3829 (Ea:
3039 3758 3375 3830 Augustino.)
3391 3758 3594 3829 Longe

326 3850 530 3905 vatoris
550 3866 655 3905 non
675 3852 829 3907 nobis
855 3869 1040 3908 verum
1070 3854 1265 3926 ingerit
1307 3866 1362 3911 et
1392 3858 1659 3929 integrum
1684 3861 1901 3917 deitatis

2012 3851 2205 3911 iussum
2248 3857 2334 3905 est
2376 3864 2561 3905 arcam
2608 3851 2940 3920 praecedere,
2992 3861 3053 3906 ut
3095 3860 3279 3920 posset
3305 3866 3335 3905 a
3376 3851 3592 3920 popqu

324 3948 623 4010 aspectum,
650 3942 744 3997 sed
773 3951 1026 4013 tauquam
1054 3960 1151 4015 per
1176 3946 1467 4002 fenestram
1518 3950 1647 4005 fecit
1680 3966 1779 4007 nos
1803 3966 1901 4021 per

325 4033 750 4088 incarnationem
787 4050 939 4090 suam
970 4036 1151 4092 lumen
1173 4039 1391 4095 deitatis
1416 4042 1659 4111 aspicere
1689 4060 1701 4096 :
1732 4043 1896 4098 idcir-

324 4140 390 4179 co
410 4125 541 4180 mihi
571 4126 786 4183 videtur
823 4128 1038 4198 signum
1081 4129 1268 4186 salutis
1319 4147 1417 4201 per
1464 4132 1754 4189 fenestram
1798 4137 1896 4191 da-

324 4226 461 4281 tum,
496 4232 603 4286 quo
636 4218 789 4289 signo
816 4218 1043 4275 salutem
1083 4231 1488 4291 consequantur
1510 4239 1699 4280 omnes
1718 4226 1809 4295 qui
1840 4226 1893 4280 in

323 4307 485 4361 domo
535 4305 672 4376 ejus,
714 4323 837 4379 qua
890 4309 1181 4382 aliquando
1213 4321 1332 4367 erat
1385 4316 1663 4382 meretrix,
1694 4315 1895 4371 fuerint

323 4401 544 4464 inventi,
576 4402 630 4456 in
657 4417 794 4472 aqua
822 4409 877 4458 et
900 4401 1103 4473 Spiritu
1134 4412 1345 4470 sancto,
1403 4406 1456 4461 in
1502 4409 1760 4480 sanguine
1788 4408 1893 4464 Do-

324 4494 455 4548 mini
485 4502 539 4549 et
561 4494 858 4550 Salvatoris
885 4496 1052 4551 nostri
1073 4494 1200 4551 Iesu
1223 4496 1443 4553 Christi.

917 4627 1141 4685 CAPUT
1196 4629 1286 4685 ιν.

326 4733 644 4810 Detraan
687 4736 919 4810 ﬁliorum
962 4738 1133 4810 Israel
1176 4758 1267 4810 per
1292 4741 1548 4798 Iordanis
1576 4744 1800 4809 alveum,
1841 4755 1889 4799 et

520 4806 667 4873 aquis
695 4807 875 4862 divisis
900 4809 968 4862 ad
990 4806 1258 4863 introitum
1289 4828 1427 4866 arca:
1458 4811 1694 4867 Domini.

394 4937 542 5008 (CAP.
577 4939 688 5012 ut.)
716 4958 734 4990 ι
764 4940 931 5010 Igitur
956 4940 1118 4996 Iosue
1159 4943 1226 4997 de
1249 4952 1405 4999 nocte
1420 4957 1749 5013 consurgens
1775 4959 1889 4997 mo-

326 5048 343 5081 l
378 5029 458 5083 vit
478 5037 657 5084 castra
688 5030 1165 5101 :egredientesque
1198 5034 1266 5088 de
1302 5033 1511 5088 Sethim
1536 5042 1801 5087 venerunt
1821 5035 1887 5087 ad

323 5140 343 5171 ι
380 5120 691 5187 Iordanem,
712 5120 830 5190 ipse
854 5130 911 5176 et
932 5137 1122 5179 omnes
1143 5124 1236 5179 lilii
1257 5124 1439 5189 lsrael,
1468 5131 1522 5177 et
1553 5124 1743 5178 morati
1766 5134 1892 5180 sunt

324 5230 342 5261 ι
377 5212 448 5266 ibi
474 5227 572 5282 per
621 5218 733 5267 tres
782 5211 917 5267 dies.
969 5233 989 5266 ι
1043 5212 1234 5269 Omnis
1287 5228 1416 5282 ergo
1459 5213 1608 5267 locus
1665 5213 1890 5283 suscipit

314 5299 544 5369 justum,
575 5311 630 5357 et
653 5303 837 5358 munis
854 5314 1101 5359 creatura
1128 5303 1348 5359 exhibet
1370 5304 1421 5358 ei
1450 5303 1689 5357 debitum
1717 5302 1889 5358 famu-

319 5391 509 5446 latum.
532 5392 917 5449 Peecatoribus
935 5393 1150 5464 quidem
1203 5393 1380 5447 omnis
1423 5401 1668 5447 creatura
1718 5393 1888 5449 hostis

320 5491 406 5540 est
428 5491 608 5540 :terra
631 5499 728 5539 eos
754 5484 1123 5555 impugnabat,
1145 5498 1239 5537 aer
1256 5483 1367 5553 ipse
1390 5484 1756 5553 impugnabat,
1780 5498 1891 5539 cte-

320 5572 433 5627 lum
458 5588 553 5629 eos
575 5574 937 5644 impugnabat.
961 5572 1131 5629 Iustis
1149 5587 1300 5639 vero,
1320 5573 1484 5628 etiam
1511 5588 1632 5642 quae
1651 5574 1891 5630 inacces-

321 5663 501 5720 sibilia
528 5663 795 5729 videntur,
822 5666 981 5735 plana
1001 5664 1306 5722 elliciuntur
1347 5673 1402 5719 et
1427 5663 1707 5735 proclivia.
1739 5663 1888 5720 Mare

321 5750 563 5805 Rubrum
576 5752 753 5819 iustus
768 5764 1017 5824 tanquam
1039 5770 1133 5827 per
1144 5756 1350 5811 aridam
1367 5755 1583 5820 transit,
1602 5753 1889 5825 Egyptius

1923 4541 1971 4601 D

2000 3940 2187 3995 videri.
2212 3941 2346 3996 Tam
2367 3942 2569 4012 grande
2586 3942 2782 4013 quippe
2808 3958 3022 4013 agmen,
3037 3943 3082 3998 si
3103 3952 3227 4014 post
3246 3958 3364 3997 eam
3388 3945 3594 4014 proxi-

2000 4047 2145 4086 mum
2170 4041 2437 4103 pergeret,
2467 4046 2574 4086 non
2599 4048 2722 4087 eam
2749 4033 2958 4088 videret
3001 4034 3216 4103 praeire,
3248 4050 3348 4089 nec
3388 4046 3589 4090 nosset

1998 4137 2102 4191 qua
2130 4132 2463 4193 sequeretur.
2494 4124 2575 4178 Ex
2600 4124 2702 4180 hoc
2722 4123 2867 4181 facto
2889 4125 3293 4196 intelligendum
3321 4136 3406 4180 est
3422 4126 3587 4196 quod

2000 4212 2247 4266 columna
2298 4213 2385 4266 illa
2427 4213 2609 4279 nubis,
2635 4227 2756 4282 qua:
2805 4214 3014 4270 solebat
3067 4215 3346 4269 movendis
3372 4216 3586 4271 castris

1998 4303 2212 4373 signum
2240 4305 2369 4359 dare
2404 4313 2459 4359 et
2483 4305 2587 4359 iter
2610 4306 2914 4371 ostendere,
2953 4305 3069 4374 jam
3118 4313 3440 4369 recesserat,
3470 4323 3583 4361 nec

1997 4395 2288 4464 apparebat
2315 4395 2413 4449 eis.
2464 4395 2597 4450 llinc
2648 4394 2847 4450 factum
2892 4404 2983 4450 cst
3037 4404 3096 4450 ut
3139 4397 3300 4451 etiam
3333 4397 3579 4451 triduum

1999 4487 2125 4541 illud
2159 4500 2227 4540 ex
2269 4488 2503 4542 humana
2554 4487 2904 4557 dispositione
2961 4488 3363 4559 przediceretur.
3416 4487 3580 4544 Nunc

1996 4593 2149 4647 ergo,
2170 4579 2305 4633 duce
2322 4577 2470 4642 Iesu,
2495 4593 2678 4633 arcam
2700 4578 2910 4633 Domini
2935 4588 3255 4648 sequuntur,
3279 4580 3422 4634 nube
3443 4579 3575 4634 sul)-

1996 4679 2186 4735 tracta,
2222 4678 2476 4739 tanquam
2503 4669 2768 4725 velamine
2798 4670 2999 4726 ablato.
3019 4671 3154 4726 Vide
3184 4671 3416 4741 denique
3436 4671 3575 4739 quid

1995 4759 2192 4813 dicitur
2218 4760 2286 4814 de
2314 4760 2430 4815 eis:
2460 4759 2718 4830 Populus,
2766 4760 2960 4830 inquit,
3001 4760 3071 4816 ab
3098 4776 3226 4815 arca
3255 4763 3571 4816 testamenti

1993 4847 2100 4901 duo
2135 4848 2301 4902 millia
2326 4849 2528 4914 cubita,
2560 4850 2870 4905 sacerdotes
2900 4866 3028 4906 vero
3074 4859 3128 4905 et
3158 4850 3337 4904 levita:
3378 4849 3571 4917 proxi-

1994 4938 2090 5004 mi,
2122 4946 2177 4993 et
2202 4940 2337 4994 satis
2358 4940 2620 5009 proximi;
2653 4939 2727 4993 ita
2756 4948 2816 4993 ut
2853 4940 2905 4993 in
2951 4938 3194 4994 humeris
3220 4951 3408 4992 eorum
3436 4950 3573 4990 arca

1994 5029 2206 5084 Domini
2236 5038 2292 5084 et
2321 5029 2588 5099 legislatio
2617 5031 2798 5085 divina
2840 5039 3108 5100 portetur.
3149 5029 3301 5084 Beati
3327 5028 3422 5099 qui
3452 5043 3573 5081 ute-

1994 5128 2181 5174 rentur
2202 5119 2430 5189 proximi
2473 5135 2595 5175 esse
2632 5120 2763 5176 Deo.
2814 5118 2921 5174 Sed
2968 5125 3239 5174 memento
3256 5118 3403 5188 quod
3431 5118 3575 5171 scri-

1991 5218 2142 5279 ptum
2161 5217 2245 5263 est
2272 5227 2284 5262 :
2308 5228 2325 5259 σ
2362 5209 2464 5276 Qui
2483 5209 2977 5279 approximaverint
3007 5208 3159 5268 mihi,
3183 5207 3573 5278 approximaut

1992 5299 2101 5369 igni
2129 5298 2264 5368 (Isa.
2289 5298 2436 5370 va).
2471 5318 2490 5352 ι
2531 5299 2589 5355 Si
2618 5315 2810 5354 aurum
2838 5307 2933 5354 aut
2959 5307 3240 5369 argentum
3290 5297 3482 5361 fueris,
3511 5306 3574 5351 et

1993 5391 2103 5461 igni
2125 5390 2614 5461 approximaveris,
2641 5390 2808 5444 multo
2830 5406 2928 5460 per
2948 5390 3125 5459 ignem
3150 5388 3482 5459 splendidior
3511 5397 3573 5443 et

1994 5480 2298 5534 rutilantior
2344 5479 2592 5551 refulges.
2656 5480 2712 5535 Si
2765 5495 2894 5536 vero
2940 5495 3105 5550 super
3150 5477 3571 5534 fundamentum

1994 5580 2155 5627 tanta:
2175 5572 2295 5627 fidei
2317 5573 2572 5641 positum,
2599 5572 2848 5629 connscius
2872 5571 2971 5627 tibi
3015 5587 3076 5627 es
3103 5569 3570 5641 superaditicasse

1994 5670 2047 5717 te
2076 5661 2237 5731 ligna,
2271 5660 2474 5717 fenum.
2503 5661 2752 5731 stipulam
2782 5659 2834 5733 (ι
2857 5661 2981 5717 Cor.
3016 5659 3130 5731 tu);
3165 5675 3287 5716 cum
3315 5658 3408 5713 tali
3432 5657 3568 5713 :edi-

1994 5751 2243 5807 ticatione
2271 5751 2315 5804 si
2347 5751 2448 5819 igni
2480 5753 2959 5821 approximaveris,
3010 5750 3363 5809 consulueris.
3410 5746 3563 5803 Beati
