3964 6192
305 370 450 429 1013

1225 368 1576 425 COMMENT.
1621 368 1684 422 IN
1722 366 1978 422 LIBRUM
2015 365 2248 421 IOSUE.
2291 395 2360 405 --
2399 365 2526 419 LIB.
2570 367 2608 421 I‘.

3437 367 3575 424 Illi-iv

305 493 475 563 igitur
493 491 586 560 qui
616 486 842 557 proximi
873 495 1020 549 sunt,
1044 494 1100 540 ut
1129 486 1268 557 ignis
1294 502 1389 542 eos
1409 486 1675 540 illumiuet
1701 492 1758 539 et
1778 500 1882 540 non
1913 487 1960 546 A
1989 485 2078 553 qui
2107 483 2410 549 salvantur,
2439 483 2567 552 quia
2599 491 2654 536 et
2677 483 2830 550 panis
2853 502 2859 508 λ
2881 499 3020 538 unus
3075 493 3158 538 est
3201 500 3289 552 qun
3321 485 3386 539 de
3430 486 3576 544 eaalo

304 583 523 636 adurat.
548 577 856 632 Salvabitnr
891 586 1070 630 tamen
1101 585 1156 631 et
1175 577 1360 643 Israel,
1385 577 1479 632 sed
1501 577 1655 646 longe
1677 577 1887 646 positus

301 671 637 734 salvabitur;
663 679 718 722 et
743 668 843 722 iter
866 667 998 738 agit,
1022 682 1129 722 non
1165 683 1263 723 sua
1293 669 1515 735 virtute,
1542 667 1636 724 sed
1666 667 1891 723 admini-

302 763 450 822 culis
481 771 537 817 et
566 759 900 832 providentia
928 759 1289 815 sacerdotum.

382 843 562 923 flata.)
600 871 617 902 ι
657 851 909 918 Dixitque
939 848 1198 904 Dominus
1227 849 1293 903 ad
1319 847 1480 903 Iosue
1512 867 1523 902 :
1557 848 1724 903 Hodie
1755 849 1890 903 inci-

315 968 335 998 c
374 947 518 1017 piam
571 952 623 998 te
653 942 894 998 exaltare
945 955 1130 995 coram
1181 941 1326 994 omni
1381 941 1577 1011 populo
1603 939 1799 1004 Israel;
1833 948 1892 994 ut

317 1059 336 1089 ι
373 1038 548 1092 sciant
589 1034 733 1106 quod
785 1034 925 1088 sicut
975 1031 1053 1086 fui
1096 1047 1218 1087 cum
1271 1032 1468 1103 Moyse,
1522 1033 1595 1087 ita
1626 1042 1679 1088 et
1710 1040 1889 1088 tecum

317 1149 334 1180 ι
373 1129 494 1188 sim,
530 1147 548 1178 ι
585 1135 638 1180 et
667 1125 892 1194 reliqua.
935 1122 1145 1190 Quanta
1193 1132 1319 1179 ante
1360 1133 1509 1195 gesta
1559 1126 1713 1180 sunt!
1747 1125 1892 1180 Mare

313 1219 556 1272 Rubrum
580 1216 864 1271 transitum
889 1225 971 1270 est
996 1216 1238 1285 pedibus,
1286 1231 1482 1272 manna
1507 1217 1572 1272 de
1603 1217 1742 1272 caelo
1769 1219 1890 1273 data

311 1316 416 1372 cst,
449 1308 626 1362 fontes
644 1308 698 1361 in
727 1322 912 1362 eremo
937 1307 1165 1378 disrupti
1213 1315 1356 1374 sunt,
1389 1307 1476 1363 lex
1522 1323 1621 1378 per
1673 1309 1889 1380 Moysen

310 1399 436 1452 data
462 1406 567 1463 est,
598 1397 750 1467 signa
764 1405 818 1452 et
844 1397 1086 1468 prodigia
1119 1398 1283 1452 multa
1300 1400 1352 1452 in
1369 1414 1552 1454 eremo
1579 1408 1728 1471 gesta
1746 1409 1888 1463 sunt,

308 1499 363 1544 et
394 1505 658 1559 nusquam
689 1491 884 1545 dicitur
914 1491 1182 1545 exaltatus
1230 1507 1351 1547 esse
1400 1483 1590 1548 Iesus.’
1617 1493 1716 1548 Ubi
1761 1508 1892 1547 vero

307 1581 562 1636 Iordanis
593 1580 876 1644 transitur,
898 1581 970 1634 ibi
999 1580 1198 1635 dicitur
1226 1582 1294 1636 ad
1322 1579 1504 1637 Iesum
1533 1597 1547 1635 :
1587 1582 1644 1636 In
1676 1583 1776 1638 hac
1806 1584 1892 1636 die

311 1672 512 1741 incipio
532 1679 584 1726 te
605 1671 846 1726 exaltare
882 1671 933 1725 in
979 1679 1270 1741 conspectu
1301 1672 1505 1742 populi.
1542 1672 1726 1743 Neque
1747 1673 1888 1728 enim

311 1771 437 1817 ante
459 1763 772 1833 mysterium
797 1762 1050 1832 baptismi
1076 1763 1346 1818 exaltatur
1365 1763 1543 1830 Iesus,
1573 1765 1666 1819 sed
1685 1764 1890 1819 exalta-

1992 575 2292 640 descendit,
2319 582 2372 629 et
2393 574 2485 630 dat
2510 571 2636 628 huic
2666 573 2866 628 mundo
2888 573 3084 637 vitam;
3109 583 3164 628 et
3189 575 3320 630 ﬁdes
3344 593 3446 631 una
3466 586 3572 644 est,

1993 683 2158 722 unum
2243 667 2608 736 baptismum,
2681 672 2736 718 et
2813 680 2953 719 unus
3004 665 3230 734 spiritus
3285 682 3394 735 quo
3457 683 3574 722 om-

1995 773 2089 813 nes
2136 765 2394 827 potantur
2445 757 2499 810 in
2557 755 2862 827 baptismo,
2915 763 2970 810 ct
3015 769 3153 810 unus
3209 754 3351 812 Deus
3414 756 3576 814 Pater

1991 847 2250 901 omnium.

2065 938 2240 1010 (Imm)
2277 959 2293 989 ι
2329 939 2494 1008 Igitur
2515 952 2766 1005 egressus
2797 947 2879 993 est
2931 937 3160 1007 populus
3202 938 3267 993 de
3322 939 3574 993 taberna-

1999 1049 2016 1080 ε
2051 1029 2187 1084 culis
2223 1029 2354 1094 suis,
2411 1037 2471 1082 ut
2517 1029 2773 1084 transiret
2821 1029 3113 1083 Iordanem
3145 1049 3156 1082 :
3187 1039 3242 1084 et
3263 1031 3575 1085 sacerdotes

2000 1140 2016 1170 ι
2052 1121 2144 1190 qui
2203 1119 2497 1190 portabant
2554 1135 2740 1176 arcam
2809 1120 3031 1175 foederis
3094 1122 3393 1191 pergebant
3451 1131 3578 1176 ante

2000 1233 2016 1262 ε
2053 1227 2200 1272 eum.
2232 1232 2248 1263 ι
2275 1221 2380 1267 etc.
2413 1212 2624 1267 Interea
2649 1213 3001 1269 sacerdotalis
3037 1215 3172 1269 ordo
3199 1222 3252 1269 et
3308 1215 3575 1282 leviticus,

1993 1303 2086 1371 qui
2136 1303 2241 1356 iter
2291 1304 2611 1358 ostendebat
2656 1304 2856 1372 populo
2908 1303 3003 1359 Dei
3057 1306 3148 1374 qui
3177 1306 3304 1360 exiit
3337 1307 3402 1361 de
3431 1316 3577 1362 terra

1995 1392 2233 1462 {Egypth
2255 1394 2353 1463 ipsi
2379 1395 2521 1448 enim
2541 1403 2669 1449 sunt
2693 1395 2785 1464 qui
2816 1395 3008 1450 docent
3051 1396 3304 1465 populum
3336 1397 3486 1451 exire
3513 1397 3579 1452 de

1995 1486 2257 1555 Egypto;
2305 1485 2371 1539 de
2422 1486 2702 1540 erroribus
2736 1485 2941 1540 scilicet
2977 1485 3164 1540 mundi
3217 1487 3448 1542 transire
3482 1498 3569 1556 pet

1995 1589 2237 1628 eremum
2267 1581 2497 1639 vastam,
2523 1574 2576 1628 id
2607 1584 2710 1640 est,
2761 1575 3112 1630 tentationum
3139 1591 3338 1647 genera
3363 1578 3576 1632 diversa

1997 1674 2376 1718 transcurrere
2409 1672 2504 1719 :et
2541 1667 2716 1735 neque
2761 1666 2944 1720 noceri
2993 1682 3023 1720 a
3071 1668 3436 1736 serpentibus,
3485 1670 3580 1738 qui

1995 1765 2119 1810 sunt
2158 1771 2373 1812 morsus
2417 1759 2720 1814 daemonum
2769 1768 2826 1814 et
2865 1759 3128 1816 malarum
3175 1765 3578 1834 suggestionum

312 1853 476 1907 tinnis
503 1852 620 1921 ejus
647 1853 700 1906 in
729 1862 1018 1923 conSpectu
1041 1855 1220 1923 populi
1251 1855 1376 1910 inde
1399 1855 1564 1910 sumit
1585 1856 1887 1910 exordium.

2004 1862 2202 1902 venena
2231 1849 2422 1904 vitare.
2454 1848 2610 1917 Quod
2640 1850 2685 1905 si
2709 1849 2849 1906 forte
2871 1851 3070 1922 aliquis
3095 1868 3386 1923 percussus
3417 1855 3584 1910 fuerit

311 1942 370 1996 Si
405 1943 549 1996 enim
576 1957 766 1998 omnes
793 1942 886 2012 qui
935 1943 1280 2012 baptizantur
1311 1945 1365 1998 in
1409 1944 1629 2000 Christo
1657 1945 1806 2010 Iesu,
1839 1947 1891 2000 in

310 2042 483 2088 morte
508 2034 677 2104 ipsius
701 2033 1073 2103 baptizantur;
1107 2050 1256 2090 mors
1281 2043 1462 2090 autem
1480 2035 1607 2092 Iesu
1632 2037 1686 2091 in
1714 2037 1894 2093 crucis

309 2125 644 2180 exultatione
694 2125 1015 2195 completur,
1075 2127 1272 2182 merito
1317 2129 1609 2199 unicuique
1658 2130 1894 2186 ﬁdelimn

309 2224 440 2270 tunc
482 2216 717 2285 primum
766 2215 924 2271 Iesus
977 2217 1268 2283 exaltatur,
1314 2234 1436 2273 cum
1479 2221 1546 2274 ad
1577 2222 1893 2291 mysterium

307 2304 562 2374 baptismi
589 2305 932 2374 pervenitur,
964 2306 1089 2376 quia
1120 2306 1381 2376 scriptum
1411 2316 1494 2363 est
1523 2328 1541 2359 ι
1579 2310 1723 2378 quod
1747 2311 1895 2364 exal-

311 2393 451 2447 tavit
480 2393 630 2447 illum
662 2393 822 2459 Deus,
854 2403 908 2449 et
933 2395 1152 2451 donavit
1195 2396 1272 2451 illi
1301 2412 1496 2452 nomen
1527 2399 1668 2470 quod
1698 2409 1782 2455 est
1806 2417 1896 2455 su-

308 2498 410 2554 per
457 2497 619 2538 omue
650 2498 869 2548 nomen,
907 2493 966 2539 ut
1016 2486 1069 2540 in
1098 2486 1316 2541 nomine
1367 2485 1495 2543 Iesu
1548 2503 1709 2543 omne
1755 2506 1894 2560 genu

308 2573 589 2640 ﬂectatur,
650 2574 989 2640 caelestium,
1049 2576 1391 2632 terrestrium
1450 2586 1506 2632 et
1561 2578 1892 2633 infernorum

309 2667 482 2741 (Phil.
508 2665 590 2738 ιι).
621 2685 639 2718 ι

383 2757 562 2831 (Imm)
600 2777 618 2809 ι
652 2759 906 2829 Dixitque
933 2758 1095 2816 Iosue
1123 2761 1190 2816 ad
1217 2760 1356 2817 ﬁlios
1380 2761 1546 2817 Israel
1571 2779 1585 2815 :
1609 2762 1748 2818 Ecce
1768 2779 1893 2818 arca

314 2870 333 2902 ι
375 2849 596 2904 foederis
640 2848 855 2904 Domini
911 2852 1089 2906 omnis
1130 2859 1304 2918 terrae,
1349 2853 1631 2908 antecedet
1679 2867 1774 2908 vos
1800 2868 1897 2924 per

315 2961 334 2993 σ
371 2941 658 2996 Iordanem
693 2960 706 2996 :
741 2953 930 3012 parate
988 2944 1272 3000 duodecim
1326 2945 1473 3001 viros
1523 2947 1591 3000 de
1651 2947 1896 3002 tribubus

315 3051 333 3082 ι
374 3030 563 3095 Israel,
594 3031 836 3102 singulos
858 3047 957 3102 per
983 3033 1224 3104 singulas
1249 3035 1450 3102 tribus;
1483 3045 1681 3091 etcum
1705 3052 1896 3106 posue-

315 3140 333 3172 ε
378 3121 488 3176 rint
511 3122 735 3193 vestigia
761 3123 956 3192 pedum
982 3139 1204 3178 suorum
1229 3126 1541 3181 sacerdotes
1563 3127 1654 3196 qui
1680 3135 1896 3196 portant

1999 1938 2053 1991 in
2083 1953 2268 1993 eremo
2295 1954 2324 1993 a
2353 1949 2627 2009 serpente,
2651 1949 2710 1994 ut
2738 1942 2991 1996 ostendat
3031 1942 3080 1997 ei
3130 1957 3329 1998 aereum
3360 1959 3583 2015 serpen-

1996 2036 2104 2082 tem
2132 2028 2185 2082 in
2208 2044 2371 2084 cruce
2391 2044 2737 2098 suspensum,
2761 2047 2921 2101 quem
2970 2034 3066 2102 qui
3117 2033 3332 2099 viderit,
3364 2035 3417 2090 id
3463 2045 3576 2101 est,

1997 2121 2088 2190 qui
2110 2121 2470 2176 credideritin
2495 2138 2618 2178 eum
2643 2124 2796 2194 cujus
2816 2125 3043 2195 ﬁguram
3072 2125 3160 2179 ille
3180 2141 3402 2195 serpens
3422 2143 3581 2183 mon-

1997 2213 2510 2277 strabat,diabolica
2562 2230 2661 2284 per
2704 2215 2807 2269 hoc
2841 2229 3052 2270 venena
3085 2215 3359 2287 diffugiet:
3397 2233 3581 2272 sacer-

1997 2303 2192 2357 dotalis
2239 2302 2562 2358 etleviticus
2585 2305 2719 2359 ordo
2761 2305 2956 2374 estqui
2991 2306 3199 2360 assistit
3237 2321 3378 2362 arcae
3415 2316 3580 2363 testa-

1997 2395 2164 2450 menti
2186 2395 2419 2460 Domini,
2442 2395 2497 2450 in
2521 2411 2628 2464 qua
2655 2397 2740 2451 lex
2764 2397 2977 2453 Domini
3000 2408 3267 2468 porta-tur,
3285 2399 3401 2454 sine
3417 2400 3582 2455 dubio

1998 2494 2056 2538 ut
2083 2486 2183 2554 ipsi
2225 2485 2532 2540 illuminent
2568 2486 2825 2557 populum
2856 2487 2922 2543 de
2966 2489 3237 2544 mandatis
3281 2490 3397 2557 Dei,
3443 2493 3584 2546 sicut

1998 2576 2268 2646 Propheta
2309 2577 2440 2632 dicit
2486 2596 2499 2631 :
2548 2596 2568 2629 ‹
2616 2577 2859 2632 Lucerna
2907 2579 3134 2648 pedibus
3182 2580 3320 2636 meis
3356 2583 3580 2636 verbum

1999 2677 2172 2731 tuum,
2198 2668 2445 2732 Domine,
2464 2675 2519 2721 et
2540 2667 2721 2724 lumen
2747 2669 2957 2724 semitis
2972 2667 3294 2741 meis(Psal.
3311 2672 3531 2745 cxviu);
3559 2692 3577 2722 ι

1998 2761 2102 2815 hoc
2137 2759 2318 2814 lumen
2359 2774 2456 2830 per
2506 2759 2821 2814 sacerdotes
2881 2760 3198 2815 accenditur
3239 2769 3294 2816 et
3344 2761 3580 2817 Levitas.

1996 2850 2151 2918 Quod
2174 2851 2217 2906 si
2242 2849 2382 2904 forte
2402 2850 2600 2918 aliquis
2627 2865 2693 2904 ex
2717 2851 2818 2904 hoc
2853 2850 3044 2906 ordine
3087 2865 3375 2906 accensam
3411 2851 3584 2907 lucer-

1998 2957 2124 2996 nam
2149 2941 2391 3011 posuerit
2413 2942 2513 2995 sub
2538 2941 2737 3004 modio,
2766 2949 2821 2995 et
2844 2956 2952 2996 non
2992 2957 3156 3011 super
3175 2942 3582 3005 candelabrum,

1997 3043 2058 3088 ut
2079 3034 2255 3088 luceat
2278 3033 2530 3088 omnibus
2553 3033 2645 3102 qui
2667 3032 2720 3086 in
2745 3033 2906 3088 domo
2927 3043 3073 3100 sunt,
3109 3035 3290 3090 videat
3315 3035 3442 3104 quid
3477 3035 3581 3089 sibi

2002 3126 2266 3196 agendum
2314 3125 2404 3189 sit,
2439 3140 2561 3180 cum
2606 3125 2864 3182 Dominus
2907 3125 3042 3180 lucis
3083 3127 3314 3196 cmperit
3355 3126 3582 3182 reddere

315 3229 334 3262 ‹
372 3225 556 3266 arcam
587 3211 803 3267 Domini
849 3214 1115 3270 universa:
1145 3223 1303 3271 teme
1333 3218 1386 3270 in
1431 3218 1585 3287 aquis
1621 3216 1895 3284 Iordanis,
1925 3208 1968 3267 C
2005 3219 2268 3274 rationem
2293 3233 2391 3288 pro
2417 3218 2503 3273 his
2531 3217 2622 3288 qui
2648 3218 2781 3272 nihil
2805 3218 3212 3274 iHuminationis
3233 3234 3263 3273 a
3287 3219 3581 3275 sacerdoti-

315 3321 334 3354 ‹
376 3317 530 3370 aqua:
557 3319 678 3373 qua:
724 3304 1008 3362 inferiores
1053 3316 1202 3373 sunt,
1247 3306 1536 3364 decurrent
1581 3319 1740 3380 atque
1765 3311 1898 3367 deﬁ-

317 3411 337 3443 α
375 3393 553 3458 cient;
587 3408 706 3462 qua:
747 3402 927 3450 autem
967 3395 1199 3465 desuper
1225 3398 1467 3462 veniunt,
1519 3399 1571 3453 in
1602 3415 1706 3454 una
1759 3400 1899 3454 mole

317 3501 338 3534 ς
373 3482 688 3538 consistent.
727 3503 746 3535 ι
773 3484 878 3539 Per
909 3487 1219 3541 sacerdotes
1253 3488 1537 3543 deducitur
1563 3491 1808 3561 poriulus,
1840 3501 1896 3546 et

313 3572 426 3626 iter
447 3573 557 3643 agit
580 3573 644 3626 ad
677 3579 877 3627 terram
906 3575 1356 3643 repromissionis.
1387 3577 1695 3648 Magisterio
1719 3594 1900 3633 sacer~

315 3664 506 3719 dotum
540 3673 721 3719 tantus
750 3681 814 3720 ac
840 3667 960 3721 talis
979 3675 1064 3722 est
1084 3668 1330 3737 populus,
1360 3672 1452 3738 qui
1481 3671 1533 3724 in
1585 3670 1675 3724 illo
1706 3673 1895 3728 ordine

315 3763 596 3809 mereatur
641 3757 856 3812 ascribi.
919 3756 976 3812 Si
1039 3759 1184 3812 enim
1247 3759 1320 3813 sit
1372 3760 1567 3829 aliquis
1628 3761 1786 3825 talis,
1840 3773 1900 3818 ut

315 3845 604 3912 quiescant
635 3847 683 3901 ei
709 3847 908 3902 ﬂuenta
935 3847 1207 3914 Iordanis,
1231 3857 1284 3904 et
1325 3850 1440 3919 ipsa
1464 3850 1730 3906 elementa
1747 3867 1900 3908 vere-

317 3934 524 3988 buntur
559 3953 571 3989 :
598 3951 727 4005 pars
754 3952 1019 4006 aquarum
1045 3937 1322 3992 ﬂuminum
1344 3949 1644 3995 retrorsum
1673 3941 1896 4008 resiliet,

317 4033 374 4078 et
402 4033 523 4093 post
548 4031 755 4095 tergum
778 4025 1076 4082 frenabitur
1101 4045 1112 4082 :
1139 4043 1262 4097 pars
1282 4044 1410 4084 vero
1438 4031 1490 4084 in
1518 4046 1666 4087 mare
1695 4033 1898 4087 salsum
1939 4063 1944 4070 -

318 4112 509 4182 rapido
534 4112 685 4182 lapsu
707 4113 940 4169 deﬁciet.
969 4115 1122 4183 Quod
1147 4127 1325 4172 tamen
1356 4134 1457 4175 nec
1491 4120 1666 4191 ipsum
1697 4122 1901 4192 absque

321 4203 567 4273 mysterii
589 4205 800 4260 ratione
823 4207 1059 4262 arbitror
1080 4209 1362 4278 scriptum,
1405 4213 1548 4280 quod
1573 4227 1701 4281 pars
1734 4228 1900 4284 aqua-

319 4309 443 4347 rum
469 4293 722 4350 Iordanis
744 4295 1088 4366 demergatur
1119 4299 1172 4353 in
1210 4316 1382 4366 mare,
1424 4312 1588 4372 atque
1615 4303 1671 4358 in
1701 4305 1902 4359 amari-

320 4386 510 4439 tudine
559 4386 808 4456 proﬂuat,
851 4404 980 4459 pars
1009 4406 1137 4446 vero
1167 4392 1220 4446 in
1257 4393 1537 4448 dulcedine
1567 4405 1896 4464 perseveret.

319 4475 376 4530 Si
405 4491 596 4532 oumes
622 4479 712 4547 qui
737 4480 1083 4550 baptizantur
1127 4491 1404 4552 acceptam
1447 4485 1684 4540 caelestis
1712 4486 1899 4556 gratiae

1999 3308 2101 3362 bus
2133 3309 2438 3378 capientes,
2463 3311 2516 3362 in
2560 3309 2795 3364 tenebris
2833 3309 3110 3364 ambulant
3141 3318 3195 3365 et
3237 3320 3586 3380 peccatorum

1999 3401 2333 3454 obscuritate
2364 3408 2658 3454 caecantur.

2073 3489 2247 3560 (Ιιιιυ.)
2295 3509 2311 3539 ‹
2362 3489 2613 3545 Iordanis
2653 3499 2834 3546 autem
2880 3492 3026 3560 ripas
3060 3492 3196 3546 alvei
3233 3493 3317 3546 sui
3343 3502 3587 3562 tempore

2008 3600 2024 3630 ε
2056 3579 2248 3633 messis
2266 3579 2600 3648 impleverat.
2633 3599 2652 3630 ›
2684 3581 2791 3650 (Ea:
2811 3583 3150 3654 Augustino.)
3197 3582 3453 3640 Iordanis
3485 3599 3586 3638 au-

2004 3677 2109 3722 tem
2132 3667 2322 3738 plenus
2343 3675 2462 3722 erat
2493 3683 2593 3737 per
2618 3677 2784 3723 totam
2810 3670 3140 3738 crepidinem
3164 3685 3340 3735 suam,
3365 3672 3508 3726 sicut
3527 3671 3580 3725 in

2001 3756 2193 3812 diebus
2215 3758 2406 3812 messis
2439 3757 2624 3812 tritici.
2657 3756 2768 3812 Hoc
2811 3757 3128 3812 incredibile
3161 3759 3377 3813 videtur
3411 3761 3588 3830 regio-

2003 3847 2162 3902 nibus
2182 3847 2422 3902 nostris:
2452 3847 2525 3902 ibi
2548 3856 2729 3903 autem
2770 3847 2935 3918 (sicut
2975 3848 3262 3917 perhibent
3302 3849 3400 3918 qui
3423 3864 3588 3906 nove-

2003 3936 2148 4008 runt)
2186 3936 2343 3991 initio
2363 3937 2505 3992 veris
2527 3945 2611 3993 est
2634 3938 2828 3992 messis
2862 3938 3052 3992 tritici.
3094 3939 3246 3994 Tune
3280 3949 3461 3995 autem
3497 3941 3587 3998 ille

2004 4028 2198 4084 ﬂuvius
2221 4029 2458 4099 repletur
2480 4030 2711 4099 amplius
2734 4045 2896 4100 quam
2918 4045 3016 4099 per
3029 4030 3289 4086 hiemem.

2075 4118 2225 4190 (CAP.
2257 4119 2353 4190 tv.)
2397 4137 2414 4169 ‹
2451 4117 2772 4174 Sacerdotes
2809 4128 2990 4174 autem
3031 4121 3122 4190 qui
3153 4122 3440 4191 portabant
3480 4138 3570 4177 ar-

2011 4233 2028 4262 ‹
2075 4227 2218 4276 cam,
2249 4213 2464 4267 stabant
2483 4211 2537 4266 in
2564 4211 2784 4267 Iordani
2814 4213 3014 4277 medio,
3036 4211 3208 4268 donec
3229 4213 3410 4267 omnia
3437 4228 3587 4268 com-

2011 4321 2028 4352 ς
2074 4301 2354 4370 plerentur
2381 4317 2501 4370 quae
2543 4300 2709 4356 Iosue
2745 4310 2805 4355 ut
2849 4302 3164 4371 loqueretur
3207 4304 3275 4358 ad
3323 4304 3581 4373 pepulum

2010 4410 2027 4440 ι
2077 4399 2405 4460 prmceperat
2435 4391 2710 4456 Dominus,
2744 4403 2800 4446 et
2825 4392 3037 4448 dixerat
3061 4393 3111 4448 ei
3143 4392 3373 4464 Moyses.
3412 4394 3588 4450 Festi-

2010 4501 2028 4531 ι
2077 4481 2330 4550 navitque
2360 4482 2586 4552 populus
2623 4493 2678 4537 et
2712 4485 2945 4538 transiit.
2975 4484 3218 4555 Cumque
3263 4487 3584 4543 transissent

314 4567 656 4632 dulcedinem
710 4571 1065 4635 custodirent,
1114 4580 1169 4625 et
1221 4572 1399 4629 nullus
1449 4573 1504 4628 in
1555 4582 1900 4642 peccatorum
1930 4563 1980 4621 D
2014 4592 2032 4623 «
2077 4587 2298 4635 omnes,
2333 4573 2546 4628 transiit
2575 4582 2630 4627 et
2657 4590 2784 4629 arca
2816 4575 3049 4630 Domini.
3089 4575 3413 4634 Sacerdotes
3444 4594 3582 4650 quo-

313 4659 736 4714 amaritudinem
766 4669 1095 4727 verteretur,
1126 4679 1229 4717 non
1255 4663 1440 4734 utique
1468 4672 1612 4719 esset
1637 4665 1900 4734 scriptum

314 4749 445 4818 quia
470 4763 600 4817 pars
639 4747 878 4805 ﬂuminis
906 4751 1032 4806 salsi
1064 4753 1230 4807 maris
1257 4737 1558 4823 gurgitibus
1585 4754 1775 4810 fuisset
1801 4755 1901 4809 im-

314 4853 516 4895 mersa.
549 4841 616 4895 Et
637 4841 760 4897 ideo
787 4842 878 4897 illa
909 4843 1040 4896 mihi
1073 4843 1285 4898 videtur
1313 4845 1365 4898 in
1411 4846 1496 4900 his
1518 4846 1700 4901 verbis
1732 4847 1900 4916 bapti-

316 4942 565 4987 zatorum
618 4933 854 4988 varietas
905 4934 1199 5005 designari,
1247 4950 1406 5004 quam
1453 4936 1554 5005 ipsi
1596 4952 1694 4991 nos
1735 4937 1897 5009 (quod

313 5039 441 5079 cum
477 5026 660 5081 dolore
689 5027 1077 5098 commemoro)
1117 5043 1258 5096 saepe
1300 5027 1579 5083 videamus
1628 5029 1896 5094 accidere,

313 5124 377 5171 ut
421 5115 476 5170 bi
535 5117 625 5186 qui
685 5125 928 5171 sanctum
980 5118 1245 5186 baptisma
1295 5128 1724 5189 consequuntur,
1773 5136 1894 5174 cum

313 5212 523 5282 seipsos
545 5229 737 5268 rursus
758 5214 824 5268 ad
843 5215 1056 5284 negotia
1092 5215 1368 5270 saecularia
1395 5224 1452 5271 et
1469 5217 1755 5272 illecebras
1778 5217 1897 5272 libi-

313 5304 501 5358 dinum
551 5307 790 5372 tradunt,
837 5315 891 5361 et
941 5323 1061 5362 cum
1113 5307 1354 5362 avaritiae
1394 5307 1594 5362 salsum
1644 5308 1895 5376 poculum

313 5397 598 5463 bibunt,in
628 5413 690 5452 ea
720 5413 981 5467 aquarum
1013 5409 1166 5469 parte
1192 5399 1497 5454 formantur
1523 5414 1643 5468 qua:
1672 5401 1724 5453 in
1747 5413 1895 5453 mare

313 5487 553 5558 proﬂuit,
583 5497 748 5558 atque
771 5490 822 5542 in
843 5490 1000 5544 salsis
1043 5489 1296 5545 ﬂuctibus
1327 5491 1566 5560 deperit;
1608 5505 1737 5559 pars
1766 5505 1894 5544 vero

315 5577 406 5630 illa
435 5593 558 5646 quae
608 5593 733 5633 cum
778 5579 1072 5633 stabilitate
1119 5588 1416 5650 permanet,
1455 5589 1512 5632 et
1555 5579 1892 5634 dulcedinem

313 5683 470 5722 suam
494 5678 692 5733 servat,
728 5669 973 5739 designat
996 5685 1088 5725 eos
1117 5672 1208 5739 qui
1251 5679 1531 5740 acceptum
1575 5669 1668 5724 Dei
1697 5685 1895 5724 munus

319 5757 770 5815 indeclinabiliter
800 5769 1000 5816 tenent.
1033 5761 1099 5814 Et
1132 5770 1274 5817 recte
1307 5777 1408 5817 una
1439 5775 1578 5832 pars
1596 5769 1678 5815 est
1704 5776 1890 5817 eorum

2009 4683 2026 4714 ι
2071 4678 2178 4732 que
2202 4662 2498 4732 pergebant
2527 4673 2654 4718 ante
2691 4663 2942 4733 populum
2963 4682 2981 4717 ‹
3013 4664 3122 4736 (Ea:
3156 4665 3522 4740 Adumantr’o.)

2004 4754 2079 4808 De
2128 4754 2213 4807 bis
2259 4752 2475 4822 quidem
2518 4753 2610 4822 qui
2661 4768 2814 4806 mare
2862 4753 3104 4809 Rubrum
3156 4757 3488 4813 transierunt
3533 4771 3588 4814 et

2002 4844 2291 4915 Apostolus
2322 4845 2493 4907 dixit,
2544 4863 2562 4894 σ
2599 4845 2724 4913 quia
2773 4859 2962 4900 omnes
2999 4847 3054 4900 in
3096 4846 3280 4918 Moyse
3321 4848 3580 4918 baptizati

2001 4944 2150 5000 sunt,
2181 4943 2237 4989 et
2285 4934 2340 4988 in
2392 4933 2563 4998 nube,
2607 4943 2658 4989 et
2692 4935 2748 4990 in
2789 4935 2928 4988 mari
2973 4934 3023 5004 (I
3050 4935 3172 4990 Cor.
3199 4936 3276 5007 χ).
3307 4956 3326 4990 ι
3380 4937 3458 4993 De
3499 4938 3583 4992 his

2005 5041 2135 5081 vero
2164 5029 2256 5094 qui
2289 5023 2579 5081 Iordanem
2609 5027 2976 5092 transierunt,
3013 5043 3304 5098 possumus
3333 5029 3498 5084 etiam
3527 5037 3583 5084 et

2006 5133 2105 5172 nos
2150 5116 2314 5171 simili
2342 5115 2502 5172 modo
2537 5117 2890 5187 pronuntiare
2913 5159 2927 5183 ,
2966 5133 3156 5175 omnes
3201 5120 3253 5174 in
3294 5117 3423 5173 Iesu
3452 5119 3581 5186 bap-
3655 5120 3662 5130 '

2005 5207 2155 5260 tizati
2203 5215 2329 5262 sunt
2374 5207 2430 5260 in
2473 5203 2740 5271 Iordane;
2787 5207 2859 5261 ita
2896 5216 2957 5262 ut
2999 5223 3063 5263 ea
3101 5225 3222 5278 qua:
3257 5209 3310 5261 in
3340 5205 3578 5261 Iordane

2001 5308 2152 5369 gesta
2176 5298 2508 5364 referuntur,
2545 5298 2775 5355 fortnam
2810 5308 3030 5355 teneant
3067 5297 3391 5357 sacramenti
3429 5298 3579 5367 quod

2003 5405 2099 5460 per
2145 5391 2474 5461 baptismum
2503 5391 2826 5448 celebratur.
2881 5391 3012 5447 Illud
3048 5407 3175 5446 vero
3215 5389 3359 5457 quod
3407 5389 3582 5460 scrip-

2005 5493 2116 5536 tum
2139 5491 2221 5537 est
2248 5502 2259 5536 :
2298 5501 2315 5532 ‹
2354 5483 2421 5536 Et
2445 5481 2718 5537 festinavit
2746 5483 2996 5552 populus,
3023 5489 3078 5536 et
3105 5479 3356 5535 transivit
3388 5478 3580 5534 Iorda-

2004 5592 2159 5643 nem;
2185 5586 2241 5632 et
2265 5592 2392 5633 arca
2421 5578 2731 5632 testamenti
2773 5577 3006 5640 Domini,
3043 5596 3061 5628 ι
3095 5590 3203 5630 non
3235 5575 3364 5630 mihi
3405 5576 3584 5632 otiose

2003 5669 2243 5723 additum
2276 5668 2484 5723 videtur
2527 5683 2556 5720 a
2586 5666 2786 5736 Spiritu
2815 5675 3002 5720 sancto
3026 5665 3166 5734 quod
3197 5665 3350 5728 dixit,
3399 5685 3417 5717 ι
3451 5666 3583 5736 quia

2003 5760 2275 5814 festinavit
2319 5758 2546 5829 populus
2584 5757 2832 5812 transire.
2869 5777 2886 5809 ι
2926 5755 3080 5813 Unde
3117 5768 3170 5812 et
3211 5771 3309 5827 ego
3344 5758 3582 5814 arbitror
