3964 6192
453 331 591 389 1015

1094 329 1155 383 Β.
1198 328 1449 384 RABANI
1488 331 1706 386 MAURI
1745 330 1996 386 ARCI‘IIE

2107 330 2414 388 uocum.
2452 332 2738 389 OPERUM
2779 333 2952 416 rtus
2975 333 2993 388 ι
3013 332 3045 403 ’,

3571 337 3702 389 ιιηϋ

446 441 574 512 quia
601 440 756 495 nobis
794 455 1007 512 quoque
1037 441 1376 497 venientibus
1409 443 1478 496 ad
1509 442 1832 512 baptismum
1874 442 2019 496 salu-
2049 447 2096 504 Α
2124 444 2314 497 dentes
2339 443 2392 496 in
2413 452 2702 513 conspectu
2736 444 2966 507 Domini,
2995 452 3047 498 ct
3080 460 3292 514 semper
3325 446 3503 500 simus
3534 447 3586 500 in
3611 463 3701 500 vc—

447 539 586 594 tare,
632 537 686 584 et
733 530 1149 598 suscipientibus
1180 539 1518 586 sacramenta
1549 532 1696 585 verbi
1744 531 1862 596 Dei,
1911 547 2016 587 non

443 623 616 674 otiose
645 636 745 675 nec
774 621 1010 690 segniter
1038 638 1124 675 res
1147 622 1381 692 gerenda
1404 630 1504 686 est,
1535 623 1628 676 sed
1656 620 2019 676 festinandum

443 723 528 768 est
571 723 625 768 et
670 716 1066 784 perurgendum
1105 730 1384 783 usquequo
1426 715 1604 768 omnia
1657 723 2015 768 transeamus.

444 804 707 859 Transire
731 805 873 858 enim
897 806 1075 859 omnia
1099 846 1112 870 ,
1142 806 1364 875 implere
1393 814 1474 860 est
1504 805 1683 859 omnia
1717 821 1839 874 quae
1867 821 2018 858 man-

444 898 658 951 dantur.
713 896 1056 951 Festinemus
1095 911 1226 966 ergo
1262 897 1519 960 transire,
1570 898 1671 950 hoc
1713 905 1814 960 est,
1850 897 2018 950 adim-

441 985 590 1054 plere
615 985 849 1053 primum
882 985 1026 1052 quod
1061 986 1321 1052 scriptum
1353 992 1466 1048 est,
1505 1003 1522 1032 ι
1565 984 1716 1037 Beati
1755 998 2017 1052 pauperes

442 1076 631 1144 spiritu
667 1074 881 1141 (Matth.
926 1072 1012 1145 v);
1051 1094 1069 1127 ι
1114 1083 1174 1128 ut
1212 1074 1451 1142 deposita
1493 1075 1638 1127 omni
1683 1073 2012 1143 arrogantia,

441 1175 491 1220 et
525 1166 723 1220 Christi
750 1167 1050 1221 humilitate
1075 1175 1348 1236 suscepta,
1380 1167 1662 1236 pervenire
1690 1165 1758 1219 ad
1781 1165 2012 1235 promis-

440 1273 553 1311 sam
598 1259 985 1314 beatitudinem
1029 1274 1366 1323 mereamur;
1408 1259 1501 1313 sed
1528 1274 1647 1311 cum
1682 1258 1783 1311 hoc
1823 1257 2013 1326 imple-

440 1351 694 1416 verimns,
723 1367 829 1406 non
863 1352 1018 1406 nobis
1045 1352 1296 1406 standum
1331 1359 1435 1414 est,
1470 1365 1642 1418 neque
1668 1349 2010 1413 cessandum,

440 1443 532 1497 sed
598 1443 922 1498 transeunda
970 1451 1095 1497 sunt
1150 1451 1205 1496 et
1252 1451 1446 1496 caetera
1504 1457 1622 1510 qu:e
1678 1448 2010 1509 sequuntur,

441 1541 499 1585 ut
550 1534 853 1588 esuriamus
901 1541 955 1586 et
995 1532 1244 1587 sitiamus
1287 1532 1574 1602 justitiam.
1602 1531 2009 1585 Transeundum

436 1622 591 1675 nobis
628 1631 711 1676 est
740 1630 794 1676 et
818 1623 958 1688 quod
991 1623 1256 1690 sequitur,
1289 1627 1344 1673 ut
1381 1620 1434 1672 in
1471 1619 1572 1674 hoc
1609 1617 1807 1672 mundo
1835 1617 2009 1686 lugea-

435 1727 591 1765 mus:
623 1713 732 1766 cito
769 1713 931 1766 etiam
972 1711 1180 1779 reliqua
1223 1710 1548 1764 transeunda
1590 1718 1735 1773 sunt,
1769 1717 1830 1762 ut
1862 1722 2008 1761 mau-

2122 535 2281 591 ritate
2312 535 2592 590 succincti.
2637 534 2731 590 Vis
2771 536 2936 604 igitur
2974 536 3181 591 discere
3213 552 3332 606 qu;e
3373 552 3480 591 nos
3521 554 3704 606 pugna:

2119 634 2243 692 post
2270 625 2593 694 baptismum
2614 664 2628 688 ,
2665 640 2784 693 quae
2825 624 2961 678 bella
3005 625 3334 693 suscipiant,
3365 626 3482 680 noli
3537 641 3566 678 a
3600 640 3697 690 me,

2120 717 2212 769 sed
2239 716 2306 769 ab
2332 716 2449 786 ipso
2475 731 2664 770 rursus
2691 715 2839 770 disce
2869 713 3144 782 Apostolo.
3183 714 3304 784 Ipse
3330 724 3380 770 te
3408 715 3595 782 docet,
3625 720 3698 775 di-

2119 821 2248 861 cens
2279 823 2290 858 :
2330 824 2348 856 c
2378 805 2493 859 Non
2517 807 2660 860 enim
2683 805 2836 860 nobis
2859 814 2945 859 est
2973 820 3150 874 pugna
3195 807 3462 862 adversus
3491 825 3699 867 carnem

2119 902 2173 948 et
2202 896 2514 965 sanguinem
2540 935 2556 960 ,
2594 896 2688 949 sed
2715 895 2976 949 adversus
3006 895 3277 965 principes
3302 905 3355 950 et
3379 906 3696 968 potestates,

2118 987 2380 1040 adversus
2407 985 2592 1039 mundi
2628 983 2789 1053 hujus
2825 994 3064 1038 rectores
3099 987 3452 1041 tenebrarum
3492 989 3699 1058 harum,

2117 1079 2376 1132 adversus
2427 1077 2686 1145 spiritalia
2735 1076 2988 1145 nequitize
3036 1073 3089 1128 in
3137 1076 3457 1133 cmlestibus
3490 1080 3696 1150 (Ephcs.

2115 1167 2213 1237 v1.)
2247 1187 2266 1218 ι
2309 1167 2518 1220 Forma:
2547 1174 2674 1220 sunt
2712 1173 2770 1220 et
2813 1165 3000 1236 ﬁgura:
3043 1182 3161 1234 qua:
3199 1169 3403 1236 scripta
3453 1181 3595 1223 sunt.
3629 1173 3697 1226 Ita

2114 1258 2258 1312 enim
2286 1258 2415 1311 dicit
2448 1256 2774 1326 Apostolus:
2813 1273 2831 1306 ι
2883 1255 3008 1310 11ch
3045 1256 3190 1310 enim
3222 1259 3408 1311 omnia
3447 1260 3503 1313 in
3538 1261 3695 1330 ﬁgura

2115 1346 2499 1417 contingebant
2529 1346 2635 1400 illis
2661 1361 2674 1398 :
2710 1345 2911 1414 scripta
2940 1354 3065 1399 sunt
3093 1355 3274 1401 autem
3303 1349 3372 1402 ad
3403 1353 3696 1420 correptio-

2114 1453 2236 1492 nem
2268 1447 2541 1502 nostram,
2574 1437 2628 1491 in
2657 1452 2794 1505 quos
2829 1436 2964 1490 ﬁnes
3010 1437 3331 1491 saeculorum
3369 1441 3697 1496 devenerunt

2113 1531 2166 1603 (Ι
2193 1530 2314 1584 Cor.
2348 1530 2426 1601 χ).
2478 1550 2496 1581 ι
2550 1529 2607 1584 Si
2634 1545 2763 1600 ergo
2794 1537 3018 1598 propter
3048 1545 3146 1584 nos
3172 1531 3374 1600 scripta
3403 1541 3554 1597 sunt,
3583 1549 3695 1604 age,

2111 1621 2240 1693 quid
2267 1622 2491 1676 cessas?
2537 1620 2807 1674 Exeamus
2833 1619 2900 1672 ad
2931 1619 3128 1672 bellum
3147 1660 3163 1685 ,
3209 1629 3267 1673 ut
3295 1631 3642 1691 expugnetur
3668 1639 3695 1678 a

2111 1711 2267 1765 nobis
2300 1711 2491 1766 civitas
2518 1711 2692 1781 prima
2723 1710 2884 1778 hujus
2912 1711 3120 1776 mundi,
3148 1719 3204 1766 et
3230 1713 3475 1778 malitize,
3501 1722 3559 1768 et
3579 1731 3699 1784 pec-

434 1812 569 1856 sueti
602 1802 918 1868 eﬁiciamur,
947 1811 1002 1856 et
1026 1811 1079 1855 ut
1111 1799 1318 1870 paciﬁci
1351 1813 1686 1863 maneamus,
1707 1805 1762 1853 et
1785 1813 1882 1867 per
1906 1798 2008 1852 hoc
2039 1791 2084 1849 Β
2112 1802 2218 1855 cati
2264 1803 2493 1870 superba
2521 1802 2718 1856 mtenia
2757 1801 3126 1856 destruantur.
3175 1802 3566 1872 Circumspicis
3594 1805 3696 1860 for-

432 1897 701 1965 possimus
755 1895 845 1949 ﬁlii
893 1895 986 1949 Dei
1034 1909 1174 1949 esse.
1221 1891 1606 1947 Festinandum
1661 1904 1895 1960 quoque,
1949 1898 2008 1942 ut

430 1986 863 2054 persecutionum
892 1985 1102 2055 pondus
1125 1985 1323 2038 virtute
1345 1981 1614 2052 patientiae
1644 1989 2003 2034 transeamus.

429 2074 670 2144 Cumque
716 2075 829 2129 hate
868 2073 1079 2144 singula
1111 2089 1229 2142 quae
1262 2073 1327 2125 ad
1374 2070 1590 2124 virtutis
1621 2068 1846 2138 gloriam
1882 2083 2004 2137 spe-

428 2170 595 2228 ctant,
627 2179 733 2219 non
759 2163 1021 2234 segniter,
1060 2178 1159 2217 nec
1187 2163 1446 2225 remisse,
1473 2159 1566 2215 sed
1594 2175 1716 2213 cum
1744 2158 1889 2212 omni
1919 2159 2002 2212 in-

425 2256 621 2310 stantia
651 2265 702 2311 et
736 2256 1012 2311 celeritate
1048 2255 1440 2324 conquirimus,
1485 2253 1588 2306 hoc
1617 2251 1748 2305 mihi
1793 2249 2006 2304 videtur

423 2362 546 2401 esse
572 2363 694 2402 cum
723 2346 1064 2402 festinatione
1090 2347 1323 2401 transire
1356 2345 1669 2400 Iordanem.
1697 2342 1830 2398 Cum
1875 2355 2004 2398 vero

427 2439 802 2494 transierimus
845 2448 900 2494 et
944 2439 1192 2494 obtinere
1230 2439 1567 2508 potuerimus
1607 2453 1726 2508 qua:
1759 2437 2004 2492 obtinere

425 2528 684 2583 debemus
706 2569 720 2591 ,
755 2544 968 2583 rursum
1004 2529 1161 2583 nobis
1193 2527 1479 2598 diligentia)
1518 2536 1573 2582 et
1617 2526 1841 2581 cautelae
1869 2541 2000 2580 cura

425 2620 696 2684 succedit;
725 2636 792 2674 ne
815 2618 947 2675 forte
980 2620 1333 2690 negligentius
1353 2619 1682 2683 incedentes,
1709 2618 2002 2688 improviso

424 2707 604 2777 aliquo
651 2707 804 2777 lapsu
853 2707 1196 2763 eﬂ‘undantur
1249 2724 1471 2779 gressus
1519 2710 1710 2763 nostri.
1757 2708 1907 2764 Sicut
1947 2717 2000 2765 et

423 2798 689 2867 Propheta
728 2799 862 2853 dicit
893 2817 904 2852 :
943 2817 962 2850 ι
1011 2799 1175 2854 Paulo
1221 2799 1400 2855 minus
1423 2798 1579 2855 eﬂ’usi
1617 2808 1742 2854 sunt
1781 2815 2000 2870 gressus

421 2889 526 2944 mei
557 2887 725 2960 (Psal.
751 2890 940 2962 Lxxn).
974 2911 991 2945 ι

1040 2984 1266 3042 CAPUT
1303 2985 1368 3039 γ.

419 3095 498 3150 De
521 3095 645 3163 ﬁliis
675 3096 852 3151 Ruben
881 3108 926 3151 et
957 3097 1104 3161 Cod,
1142 3107 1189 3151 et
1214 3097 1434 3151 dimidia
1463 3097 1601 3150 tribu
1639 3095 1917 3161 Manasse,
1948 3107 1995 3152 et

2111 1898 2255 1946 tasse
2281 1906 2388 1960 quo
2414 1891 2507 1945 tibi
2534 1891 2730 1945 itinere
2757 1891 3207 1960 progrediendum
3229 1891 3318 1956 sit,
3353 1894 3448 1961 qui
3472 1911 3694 1964 campus

2107 1981 2418 2036 certaminis
2459 1983 2792 2050 expetendus
2825 1984 3047 2051 (novum
3083 1981 3178 2035 tibi
3225 1981 3464 2037 fortasse
3492 1984 3691 2039 videbi-

2112 2083 2218 2139 tur,
2247 2074 2388 2144 quod
2415 2073 2657 2128 dicturus
2683 2088 2824 2135 sum,
2852 2072 2945 2126 sed
2973 2078 3151 2127 tamen
3188 2087 3380 2127 verum
3408 2073 3537 2142 est),
3563 2089 3693 2144 pne-

2118 2175 2202 2219 ter
2233 2166 2573 2235 temetipsum
2623 2172 2678 2218 et
2725 2164 3065 2219 extrinsecus
3109 2164 3394 2233 requiras?
3445 2164 3690 2220 Przelium

2105 2258 2247 2311 intra
2277 2267 2328 2312 te
2361 2265 2473 2322 est;
2501 2258 2644 2327 quod
2673 2265 2924 2326 gesturus
2949 2271 3028 2322 es,
3060 2257 3389 2312 intrinsecus
3411 2266 3518 2312 est.
3559 2257 3686 2312 Mala

2104 2345 2196 2400 illa
2225 2346 2509 2400 aediﬁcatio
2530 2362 2648 2416 quae
2675 2346 2988 2402 subruenda
3017 2355 3122 2412 est,
3155 2347 3327 2402 hostis
3356 2357 3486 2402 tuus
3515 2349 3579 2402 de
3607 2357 3692 2403 tuo

2104 2439 2268 2494 corde
2295 2438 2558 2508 procedit.
2614 2439 2732 2495 Non
2778 2455 2896 2495 mea
2931 2455 3033 2494 vox
3077 2440 3200 2504 ista,
3230 2441 3326 2494 sed
3352 2440 3561 2495 Christi
3594 2449 3687 2495 est.

2102 2529 2422 2584 Audivimus
2450 2530 2625 2599 ipsum
2655 2529 2924 2585 dicentem
2951 2548 2962 2582 :
2998 2548 3016 2580 ι
3046 2530 3122 2584 De
3142 2530 3306 2584 corde
3333 2531 3482 2584 enim
3506 2545 3686 2601 proce-

2103 2619 2239 2675 dunt
2260 2619 2614 2690 cogitationes
2642 2619 2816 2683 malae,
2847 2618 3159 2682 homicidia,
3187 2618 3484 2684 adulteria,
3522 2619 3686 2673 fomi-

2104 2711 2363 2773 cationes,
2399 2709 2556 2772 furta,
2592 2707 2722 2763 falsa
2751 2709 3084 2774 testimonia,
3109 2708 3488 2777 blasphemia,
3521 2709 3688 2762 avari-

2105 2803 2200 2868 tia,
2247 2801 2508 2871 nequitia,
2548 2800 2655 2855 doli
2697 2797 2917 2870 (Matth.
2962 2798 3075 2870 xv).
3119 2819 3136 2850 ι
3186 2797 3350 2852 Vides
3379 2807 3690 2866 quantuset

2101 2895 2276 2967 qualis
2299 2894 2570 2949 exercitus
2597 2892 2832 2946 hostium
2858 2899 3071 2946 tuorum
3102 2889 3390 2943 adversum
3425 2897 3480 2943 te
3509 2889 3576 2944 de
3605 2899 3688 2941 tuo

2099 2988 2263 3044 corde
2289 2985 2565 3058 procedit?
2605 2984 2699 3040 Isti
2730 2983 2886 3037 nobis
2935 2983 3107 3051 prima
3139 2990 3317 3051 strage
3349 2980 3683 3035 confodiendi

2101 3086 2242 3142 sunt,
2294 3078 2384 3132 isti
2429 3076 2601 3145 prima
2635 3075 2752 3130 acie
2796 3071 3174 3142 prosterneudi
3211 3081 3355 3125 sunt.
3405 3070 3608 3124 Horum
3639 3071 3680 3123 si

489 3147 1200 3237 άίιόᾱὲὲίῆῐᾷρὲἀξόιὶῖᾰιιὸὲ
1217 3147 1991 3237 agitata.uastata;
2023 3147 2067 3208 C
2100 3169 2474 3226 subruerimus
2517 3167 2736 3229 minuta,
2783 3165 2925 3236 ipsos
2973 3178 3186 3232 quoque
3237 3162 3302 3215 ad
3363 3160 3686 3215 internecio-

489 3247 568 3290 tos
588 3238 757 3305 posuit
786 3236 949 3291 Iosue
973 3237 1026 3290 in
1050 3236 1305 3307 Calgalis.

490 3345 666 3416 (Ιιςιυ.)
713 3364 729 3394 ‹
764 3345 886 3398 Filii
913 3360 1127 3415 quoque
1175 3346 1363 3400 Ruben
1404 3355 1459 3400 et
1501 3347 1640 3410 Gad,
1679 3355 1734 3401 et
1774 3347 1994 3402 dimidia

423 3457 441 3490 ι
490 3438 662 3492 tribus
696 3437 938 3494 Mauasse
961 3478 975 3502 ,
1007 3439 1200 3492 armati
1229 3438 1606 3508 przecedebant
1633 3439 1771 3493 ﬁlios
1808 3439 1991 3504 Israel,

424 3552 441 3580 ι
487 3531 629 3585 sicut
659 3531 738 3584 eis
773 3538 1102 3599 praeceperat
1133 3529 1364 3600 Moyses.
1413 3530 1480 3584 Et
1509 3531 1863 3599 quadraginta
1892 3546 1991 3600 pu-

421 3641 438 3672 ι
485 3631 770 3691 gnatorum
819 3621 1004 3685 millia,
1054 3637 1152 3691 per
1191 3629 1397 3675 turmas
1434 3628 1490 3675 et
1529 3635 1728 3675 cuneos
1775 3621 1990 3676 incede-

420 3735 438 3764 ι
485 3716 606 3770 bant
641 3730 733 3785 per
759 3714 919 3783 plana
951 3723 1112 3782 atque
1138 3713 1462 3783 campestria
1496 3713 1646 3767 urbis
1677 3711 1916 3767 Iericho.
1968 3733 1985 3764 ι

415 3804 524 3860 Nec
575 3807 852 3860 remissior
911 3805 1066 3860 nobis
1131 3805 1437 3860 sollicitudo
1495 3806 1549 3859 in
1608 3805 1992 3859 conservandis

415 3897 573 3949 debet
612 3911 754 3959 esse,
800 3913 961 3965 quam
1009 3897 1060 3950 in
1109 3897 1493 3966 conquirendis
1535 3896 1843 3950 virtutibus.
1883 3895 1990 3949 Aut

415 4007 518 4046 non
551 3991 666 4044 htec
707 3991 800 4045 tibi
833 3992 1102 4058 designari
1143 3993 1395 4047 videntur
1429 3993 1483 4046 in
1524 4008 1590 4047 eo
1628 4007 1747 4046 cum
1793 3992 1991 4046 dicitur

412 4080 536 4149 quia
561 4080 914 4151 quadraginta
936 4081 1103 4134 millia
1137 4081 1379 4136 virorum
1404 4082 1631 4136 accincti
1664 4088 1719 4135 et
1741 4081 1984 4148 expediti

412 4171 747 4225 transierunt
781 4170 848 4224 ad
882 4184 1116 4240 pugnam
1153 4171 1202 4225 in
1231 4180 1522 4240 conspectu
1553 4170 1764 4224 Domini
1793 4170 1858 4223 ad
1891 4185 1986 4223 ex-

413 4264 752 4335 pugnandam
787 4259 1004 4316 Iericho
1038 4261 1350 4316 civitatem?
1379 4262 1738 4331 Requiramus
1775 4260 1865 4331 qui
1901 4260 1986 4313 isti

410 4362 536 4408 sunt
579 4368 713 4423 quos
754 4352 1033 4422 Scriptura
1065 4352 1195 4406 dicit
1233 4353 1504 4408 accinctos
1559 4352 1634 4406 vel
1682 4352 1984 4422 expeditos.

409 4443 522 4514 Ego
555 4459 623 4497 ex
676 4443 994 4511 memetipso
1033 4457 1358 4511 praesumere
1401 4442 1602 4511 aliquid
1651 4450 1705 4496 et
1743 4455 1982 4511 pronun-

411 4519 546 4587 tiare
568 4548 674 4587 non
697 4533 889 4586 audeo.
922 4531 1161 4602 Apostoli
1189 4533 1358 4602 magis
1387 4533 1584 4588 litteris
1607 4534 1899 4587 doceamur
1930 4531 1980 4584 in

410 4622 628 4678 talibus.
661 4623 762 4689 Qui
794 4630 922 4676 sunt
963 4623 1051 4677 isti
1080 4625 1305 4678 accincti
1341 4623 1507 4678 Paulo
1547 4633 1850 4693 exponente
1877 4622 1985 4675 dis-

409 4728 614 4770 camus.
657 4715 792 4775 Audi
818 4722 932 4791 ipse
957 4713 1085 4782 quid
1115 4713 1248 4767 dicit
1274 4730 1286 4766 :
1320 4733 1338 4764 ‹
1386 4714 1570 4767 Estote
1597 4727 1727 4782 ergo
1757 4712 1981 4765 accincti

410 4811 618 4866 lumbos
657 4823 864 4869 vestros
896 4815 950 4868 in
974 4812 1200 4866 veritate
1239 4808 1454 4879 (Epltcs.
1488 4810 1582 4878 v1).
1623 4827 1638 4858 ι
1676 4805 1836 4860 Vides
1856 4821 1985 4876 ergo

409 4900 536 4970 quia
571 4900 769 4955 Paulus
813 4902 1087 4956 accinctus
1125 4898 1275 4953 novit
1307 4910 1400 4952 cos
1427 4897 1516 4965 qui
1547 4895 1824 4966 prazcincti
1862 4903 1988 4949 sunt

407 4989 621 5061 cingulo
659 4990 920 5044 veritatis.
954 4990 1121 5058 Igitur
1157 4987 1318 5043 etiam
1353 4994 1593 5041 nostrum
1637 4999 1758 5038 esse
1799 4985 1984 5055 cingu-

408 5079 516 5134 lum
551 5080 752 5134 veritas
794 5079 972 5142 debet,
1020 5080 1065 5132 si
1116 5087 1294 5132 tamen
1343 5077 1737 5132 servaverimus
1781 5076 1984 5130 militia:

409 5171 564 5240 hujus
599 5178 656 5226 et
695 5168 894 5239 Cinguli
938 5176 1358 5223 sacramentum.
1408 5166 1464 5220 Si
1493 5166 1638 5220 enim
1665 5165 1868 5221 veritas
1900 5173 1981 5220 est

407 5264 677 5334 cingulum
711 5270 956 5316 nostrum
983 5275 1091 5328 quo
1117 5257 1318 5313 Christi
1367 5255 1555 5310 militia
1599 5255 1884 5326 cingimur,
1933 5257 1976 5311 si

407 5358 619 5425 quando
640 5355 831 5411 falsum
863 5353 1130 5423 loquimur
1154 5359 1207 5406 et
1233 5348 1566 5404 mendacium
1590 5349 1654 5401 de
1682 5362 1776 5401 ore
1797 5357 1980 5402 nostro

406 5448 682 5515 procedit,
731 5445 1084 5516 discingimur
1124 5458 1155 5496 a
1202 5439 1388 5495 militia
1434 5437 1667 5501 Christi,
1708 5445 1762 5491 et
1801 5437 1981 5491 balteo

406 5536 683 5591 charitatis
710 5537 1058 5591 exsolvimur.
1088 5531 1268 5587 Simus
1301 5544 1430 5600 ergo
1459 5528 1514 5582 in
1541 5527 1767 5582 veritate
1793 5526 1979 5591 cincti,

407 5639 476 5678 ne
503 5627 670 5678 simus
701 5628 753 5679 in
784 5627 1017 5681 falsitate
1040 5622 1315 5687 discincti;
1346 5621 1439 5676 sed
1462 5633 1558 5674 nos
1587 5617 1861 5673 imitemur
1889 5633 1982 5686 po-

410 5713 516 5767 tius
542 5717 672 5769 istos
699 5719 1077 5789 quadragesics
1108 5718 1252 5787 mille
1282 5717 1423 5770 vites
1454 5712 1746 5776 accinctos,
1781 5723 1980 5778 pmice-

2013 4492 2065 4551 D

2099 3282 2223 3322 nem
2251 3265 2461 3320 caedere
2488 3263 2814 3334 poterimus;
2852 3261 2924 3314 ita
2962 3268 3024 3313 ut
3052 3273 3157 3312 non
3194 3257 3573 3326 relinquamus
3599 3256 3682 3324 qui

2097 3354 2372 3410 renuntiet
2397 3353 2480 3408 vel
2512 3352 2760 3421 respiret.
2794 3349 2850 3405 Si
2887 3351 3000 3419 jam
3031 3348 3206 3402 nullus
3240 3364 3305 3402 ex
3339 3348 3428 3402 his
3467 3362 3684 3417 prorsus

2097 3447 2152 3500 in
2196 3447 2398 3501 nostris
2444 3443 2865 3514 cogitationibus
2916 3441 3188 3495 redivivus
3231 3441 3517 3510 eruperit,
3564 3448 3682 3494 tunc

2096 3541 2256 3596 nobis
2296 3553 2391 3610 per
2432 3537 2616 3592 Iesum
2647 3536 2864 3590 dabitur
2895 3533 2983 3587 illa
3014 3533 3252 3602 requies,
3297 3540 3357 3585 ut
3389 3532 3675 3600 unusquis-

2095 3647 2200 3704 que
2246 3630 2552 3700 requiescat
2578 3627 2678 3682 sub
2723 3627 2831 3680 vite
2857 3641 2953 3679 sna
2977 3665 2991 3689 ,
3027 3632 3082 3679 et
3110 3625 3210 3678 sub
3253 3623 3356 3678 licu
3397 3639 3527 3687 sua,
3567 3637 3679 3678 cum

2089 3725 2203 3795 jam
2233 3738 2341 3777 non
2370 3722 2440 3776 sit
2472 3719 2561 3788 qui
2592 3723 2869 3772 exterreat
2912 3715 3048 3770 ﬁlios
3082 3713 3267 3768 Israel.
3300 3711 3680 3767 Verumtamen

2098 3823 2380 3869 transeunt
2406 3811 2695 3866 Iordanem
2734 3807 3093 3878 quadraginta
3123 3807 3290 3860 millia
3325 3806 3574 3859 virorum
3598 3818 3679 3857 ar-

2094 3915 2367 3960 matorum
2396 3943 2410 3966 ,
2455 3901 2682 3956 accincti
2713 3901 2765 3952 in
2795 3906 3086 3967 conspectu
3117 3896 3330 3950 Domini
3359 3897 3430 3950 ab
3456 3895 3675 3956 bellum;

2095 4004 2151 4049 et
2199 4004 2327 4048 tunc
2378 3993 2510 4047 dicit
2557 3991 2836 4060 Scriptura
2876 4003 2890 4040 :
2925 4006 2942 4037 ι
2972 3987 3030 4041 lu
3075 3986 3281 4040 dieillo
3319 3983 3676 4056 magniﬁcavit

2099 4106 2117 4138 ‹
2164 4086 2418 4142 Dominus
2436 4085 2599 4139 Iosue
2620 4098 2801 4137 coram
2822 4081 2970 4135 omni
2992 4079 3176 4144 Israel,
3193 4087 3252 4132 ut
3276 4079 3536 4132 timerent
3554 4090 3670 4131 eum

2098 4194 2118 4226 α
2163 4176 2302 4229 sicut
2326 4183 2379 4228 et
2409 4175 2699 4228 timuerant
2734 4171 2950 4241 Moysen
2969 4209 2984 4234 ,
3011 4168 3138 4223 dum
3165 4167 3343 4221 adhuc
3371 4167 3607 4229 viveret,
3651 4181 3668 4214 ι

2091 4275 2147 4321 et
2168 4266 2392 4335 reliqua.
2433 4264 2634 4318 Fuerat
2675 4262 2890 4331 quidem
2922 4261 3025 4314 ista
3089 4257 3346 4312 exaltatio
3381 4256 3496 4310 ﬁlio
3518 4255 3670 4316 Nave,

2092 4366 2151 4411 ut
2200 4357 2308 4410 dux
2345 4354 2527 4423 populi
2579 4353 2723 4407 illius
2771 4350 2914 4420 apud
2960 4363 3055 4403 eos
3090 4362 3229 4417 quos
3277 4345 3502 4417 regebat
3539 4352 3674 4398 esset

2091 4446 2430 4517 magniﬁcus.
2497 4442 2690 4497 Noster
2737 4455 2866 4495 vero
2911 4438 3106 4502 Iesus,
3169 4436 3431 4490 Dominus
3486 4448 3668 4495 meus,

2091 4539 2200 4592 dux
2252 4544 2307 4590 et
2356 4543 2536 4589 rector
2589 4531 2769 4602 populi
2827 4528 3019 4597 hujus.
3075 4525 3348 4597 quomodo
3404 4523 3669 4578 exaltatur

2089 4626 2141 4679 in
2191 4632 2481 4694 conspectu
2522 4622 2699 4678 omnis
2740 4621 2956 4691 generis
3011 4618 3245 4673 ﬁliorum
3285 4615 3452 4670 Israel
3501 4612 3669 4667 ridea-

2088 4731 2210 4770 mus
2241 4733 2253 4768 :
2287 4730 2387 4784 ego
2429 4713 2664 4767 arbitror
2684 4709 2827 4779 quod
2854 4710 2969 4778 ipse
3004 4722 3220 4776 semper
3269 4705 3415 4774 apud
3463 4703 3664 4757 Patrem

2087 4805 2356 4862 exaltatus
2397 4812 2481 4860 est
2528 4812 2583 4859 et
2628 4801 2903 4865 excelsus,
2944 4798 3036 4854 sed
3075 4799 3176 4852 hoc
3218 4812 3355 4865 opus
3389 4803 3474 4850 est
3522 4801 3579 4846 ut
3616 4790 3664 4844 in

2089 4905 2383 4968 conspectu
2403 4904 2589 4950 nostro
2611 4893 2814 4950 exaltct
2840 4893 2987 4948 illum
3012 4891 3154 4945 Deus
3179 4889 3360 4943 Pater.
3393 4886 3666 4942 Exaltatur

2087 4997 2265 5043 autem
2321 4985 2372 5041 in
2411 4993 2701 5055 conspectu
2748 4999 2892 5048 meo,
2931 4997 3056 5037 cum
3106 4980 3237 5034 mihi
3281 4977 3589 5032 sublimitas
3615 4979 3664 5025 et

2087 5079 2346 5133 celsitudo
2380 5075 2679 5132 divinitatis
2702 5072 2819 5142 ejus
2843 5073 3108 5141 aperitur.
3135 5069 3362 5136 Quando
3388 5083 3519 5137 ergo
3542 5063 3662 5119 mihi

2085 5168 2294 5223 excelsa
2322 5165 2438 5234 ejus
2465 5165 2763 5220 divinitatis
2791 5163 3022 5218 revelata
3049 5161 3205 5215 sunt?
3236 5159 3388 5212 Tunc
3427 5156 3662 5228 profecto

2086 5274 2207 5313 cum
2233 5258 2522 5312 Iordanem
2566 5256 2852 5310 transirem
2869 5295 2883 5318 ,
2911 5254 3078 5307 variis
3103 5251 3464 5306 sacramentis
3488 5248 3660 5300 latura

2083 5362 2234 5401 arma
2266 5354 2500 5400 tenerem
2532 5345 2598 5398 ad
2632 5345 2834 5413 praelia.
2869 5362 2886 5393 ι
2925 5343 2992 5396 Et
3037 5343 3361 5400 timuerunt,
3404 5357 3421 5389 ι
3459 5337 3656 5405 inquit,

2088 5458 2104 5488 ι
2141 5437 2323 5492 Iesum
2371 5437 2510 5490 sicut
2561 5437 2850 5489 timuerant
2878 5433 3114 5503 Moysen.
3149 5451 3166 5483 ›
3202 5429 3392 5484 Omnis
3439 5428 3529 5497 qui
3565 5425 3660 5480 sub

2083 5528 2198 5598 lege
2227 5535 2346 5592 est,
2379 5527 2531 5580 timet
2570 5526 2816 5596 Moysen;
2849 5540 2969 5578 cum
3018 5537 3147 5576 vero
3201 5521 3267 5574 ad
3318 5517 3654 5588 Evangelium

2082 5635 2147 5672 ex
2186 5618 2300 5688 lege
2339 5615 2635 5680 transierit,
2665 5624 2869 5669 mutata
2919 5613 3260 5669 observantia
3311 5618 3555 5664 mutatur
3604 5612 3654 5659 et

2085 5709 2283 5773 timor,
2338 5707 2474 5762 sicut
2521 5705 2807 5776 Apostolus
2858 5706 2988 5760 dicit
3031 5723 3043 5758 :
3103 5722 3120 5755 ι
3173 5704 3285 5770 Ego
3341 5711 3516 5756 autem
3563 5709 3652 5766 per
