3964 6192
349 347 484 399 1017

333 650 460 704 ego,
490 636 623 688 vivit
646 652 772 690 vero
809 639 860 692 in
888 655 972 693 me
997 640 1246 698 Christus
1275 645 1418 716 (Gal.
1458 647 1538 719 ιι).
1579 669 1598 700 ι

407 725 585 796 (Isim)
629 745 647 778 ί
696 727 982 784 Duodecim
1009 747 1222 802 quoque
1249 735 1451 804 lapides
1477 778 1491 801 ,
1527 753 1662 806 quos
1691 740 1758 794 de
1793 739 1913 795 Ior-

342 833 361 865 i
404 814 558 869 danis
604 817 756 870 alveo
799 831 1160 888 sumpserant,
1199 825 1380 893 posuit
1413 824 1576 881 Iosue
1623 829 1675 881 in
1719 828 1911 900 Calga-

340 923 358 954 σ
401 904 490 969 lis,
538 924 557 956 ι
601 913 705 959 etc.
745 906 1109 964 Transeuntes
1143 911 1324 980 itaque
1369 912 1462 966 ﬁlii
1512 914 1678 969 Israel
1713 915 1907 971 Iorda-

333 1009 487 1059 nem,
517 995 850 1050 sustulerunt
875 997 942 1051 de
982 1000 1157 1054 medio
1185 1000 1421 1056 fluminis
1454 1003 1736 1059 duodecim
1775 1007 1908 1076 lapi-

328 1087 444 1151 des,
472 1104 609 1157 quos
632 1104 729 1157 pro
762 1090 1068 1145 testimonio
1097 1105 1394 1162 posuerunt
1425 1097 1478 1150 in
1508 1097 1626 1152 loco
1656 1103 1906 1156 secunda:

327 1177 776 1243 circumcisionis,
823 1181 890 1233 ad
939 1180 1349 1249 signiﬁcandum
1387 1188 1541 1242 nobis
1585 1197 1642 1242 ut
1668 1190 1792 1244 dum
1838 1192 1905 1247 de

325 1266 542 1323 lavacro
578 1271 986 1340 consurgimus,
1036 1275 1342 1341 apostolica:
1382 1277 1503 1330 vita‘
1541 1279 1782 1347 exempla
1816 1281 1904 1334 ﬁr-

322 1359 564 1412 missima
582 1359 857 1414 nobiscum
878 1371 1091 1431 gestare
1112 1365 1433 1420 debeamus:
1454 1383 1680 1436 quorum
1693 1386 1905 1440 semper

321 1451 691 1504 testimonium
715 1454 780 1506 ad
805 1453 1137 1508 imitamenta
1163 1455 1426 1510 virtutum
1451 1469 1823 1514 contueamur.

392 1541 570 1612 (Imm)
615 1559 634 1591 ι
671 1541 818 1598 Alios
869 1560 1084 1613 quoque
1129 1547 1413 1602 duodecim
1467 1549 1670 1618 lapides
1723 1553 1902 1622 posuit

321 1647 339 1680 ‹
389 1627 553 1682 Iosue
588 1631 641 1684 in
688 1633 866 1686 medio
904 1632 1155 1690 Iordanis
1183 1637 1354 1702 alveo,
1385 1640 1473 1692 ubi
1511 1649 1775 1696 steterunt
1814 1659 1902 1697 sa-

323 1736 343 1766 ι
390 1720 638 1774 cerdotes
667 1722 757 1789 qui
789 1723 1079 1790 portabant
1108 1740 1290 1780 arcam
1317 1726 1537 1783 foederis
1565 1729 1814 1795 Domini,
1843 1740 1900 1786 et

1267 357 1618 415 COMMENT.
1660 361 1727 416 IN
1768 363 2023 421 LIBRUM
2062 366 2295 425 IOSUE.
2336 401 2404 410 -—
2444 372 2569 428 LIB.
2612 375 2650 430 I.

3451 386 3587 445 IOIB

2013 575 2210 635 posset,
2243 577 2301 622 ut
2342 571 2426 624 bis
2471 573 2783 627 circumcidi
2831 577 3099 631 hominem
3156 580 3296 634 Deus
3345 583 3580 652 jubcret,

2010 660 2250 727 nunquid
2283 669 2463 728 posset
2498 662 2679 717 dicere
2719 665 2838 718 ideo
2883 665 3050 720 fuisse
3095 683 3416 738 praeceptum
3454 677 3579 742 quia

2009 747 2084 800 illi
2115 749 2182 802 ab
2210 749 2476 822 Egyptiis
2513 751 2724 807 fuerant
2750 756 3078 820 circumcisi,
3103 768 3194 812 aut
3218 761 3284 813 ab
3311 763 3580 830 aliquibus

2010 838 2275 894 haereticis
2299 842 2366 894 ab
2403 841 2765 896 lsraclitarum
2801 847 3058 900 societate
3083 851 3409 917 scgregatis?
3448 853 3580 906 Cum

2009 944 2137 983 vero
2165 930 2327 984 etiam
2361 931 2494 985 satis
2533 944 2786 1001 appareat
2830 951 2997 1004 quare
3036 938 3103 989 sit
3135 953 3163 991 a
3210 938 3318 991 Deo
3357 941 3578 1006 dictum,

2009 1019 2208 1073 nullum
2242 1020 2329 1074 hic
2355 1030 2577 1089 possunt
2615 1025 2857 1077 homines
2883 1027 3084 1079 erroris
3113 1028 3194 1080 sui
3220 1031 3578 1096 patrocinium

2009 1110 2261 1176 reperire.
2303 1109 2410 1181 (Ea:
2461 1111 2714 1181 Isidoro.)
2762 1115 3194 1169 Percunetentur
3236 1118 3359 1171 inde
3409 1118 3578 1174 Iudaei

2005 1198 2271 1266 quomodo
2300 1207 2476 1268 potest
2507 1201 2627 1268 quis
2665 1204 2901 1256 secundo
2945 1205 3254 1260 circumcidi
3291 1208 3578 1262 circumci-

2004 1289 2154 1342 sione
2183 1290 2417 1353 carnali;
2453 1291 2616 1344 semel
2657 1293 2799 1346 enim
2848 1295 3201 1350 circumcisus
3226 1339 3239 1361 ,
3295 1299 3433 1350 ultra
3469 1316 3575 1353 non

2005 1377 2164 1430 habet
2193 1377 2332 1445 quod
2379 1381 2612 1433 secundo
2651 1383 2820 1448 possit
2851 1383 3084 1438 auferre.
3115 1387 3154 1438 A
3187 1388 3340 1441 nobis
3367 1397 3568 1452 autem,

2001 1465 2197 1533 quibus
2226 1466 2309 1520 lex
2343 1467 2600 1534 spiritalis
2623 1473 3109 1527 cst.convenientcr
3137 1474 3238 1526 ista
3269 1475 3572 1528 solvuntur.

2002 1555 2240 1609 Dicimus
2287 1556 2429 1609 enim
2480 1557 2948 1613 circumcisionem
3000 1563 3228 1630 primam
3276 1565 3442 1617 fuisse
3477 1579 3575 1632 per

2000 1645 2170 1715 legem
2210 1646 2261 1698 in
2308 1645 2540 1717 Aigypto
2569 1666 2581 1699 :
2625 1649 2717 1701 sed
2746 1651 2791 1702 si
2837 1665 2867 1702 a
2914 1651 3030 1720 lege
3062 1660 3300 1707 transeat
3328 1657 3448 1722 quis
3476 1672 3575 1725 per

2000 1736 2260 1803 baptisma
2290 1735 2538 1790 Iordanis
2581 1737 2646 1789 ad
2677 1738 3044 1810 Evangelium,
3090 1751 3219 1796 tunc
3259 1746 3456 1814 accipit
3486 1763 3575 1801 se-

323 1827 342 1860 c
389 1819 516 1864 sunt
565 1809 638 1864 ibi
685 1825 854 1879 usque
885 1813 938 1866 in
979 1823 1300 1881 praesentem
1343 1815 1503 1869 diem.
1551 1836 1569 1869 ι
1611 1817 1699 1871 Isti
1748 1819 1890 1872 enim
1922 1818 1966 1875 B
1994 1825 2224 1876 cundam
2257 1826 2723 1880 circumcisionem
2767 1829 3060 1897 spiritalem
3090 1848 3186 1900 per
3211 1809 3452 1902 petram,
3481 1839 3571 1906 qui

313 1900 601 1956 duodecim
630 1902 836 1972 lapides
861 1905 952 1974 qui
989 1907 1150 1973 positi
1179 1914 1302 1960 sunt
1341 1907 1392 1959 in
1437 1909 1616 1962 medio
1643 1908 1895 1966 Iordanis

311 1993 471 2046 alveo
506 2033 521 2056 ,
569 1993 816 2046 similiter
865 1995 1172 2063 signiﬁcant
1221 1997 1573 2066 apostolicum
1627 1999 1890 2066 ordinem,

312 2082 454 2136 sicut
477 2090 530 2135 et
559 2081 633 2134 illi
666 2083 757 2150 qui
793 2083 860 2138 de
885 2081 1115 2138 Iordane
1142 2086 1388 2141 translati
1423 2097 1568 2153 sunt,
1602 2097 1657 2144 et
1689 2090 1741 2143 in
1769 2089 1894 2146 Gal-

309 2173 452 2243 galis
477 2175 750 2229 constituti
781 2193 795 2229 :
823 2177 948 2246 quia
969 2193 1189 2233 necesse
1211 2191 1295 2234 est
1319 2190 1379 2234 ut
1398 2182 1642 2251 quisquis
1665 2184 1891 2253 gratiam

311 2262 568 2331 baptismi
613 2265 887 2334 suscipere
937 2267 1360 2334 desideraverit,
1418 2272 1558 2326 hanc
1596 2275 1890 2328 secundum

307 2349 663 2418 apostolicam
693 2353 1035 2408 traditionem
1061 2357 1344 2426 percipiat,
1367 2367 1422 2412 et
1447 2360 1526 2414 sic
1559 2362 1890 2430 exspoliatus

313 2451 552 2496 veterem
579 2444 874 2510 hominem,
904 2462 1149 2517 novoque
1179 2450 1413 2514 indutus,
1453 2467 1552 2521 per
1576 2470 1734 2510 omne
1759 2463 1890 2508 tem-

309 2547 415 2599 pus
442 2533 567 2587 vitae
592 2549 701 2588 suae
732 2534 784 2588 in
809 2536 1004 2589 castris
1033 2537 1285 2593 Ecclesia:
1307 2556 1551 2603 manens,
1583 2545 1888 2611 apostolica:

307 2621 574 2678 doctrina:
603 2640 846 2680 normam
877 2626 979 2680 ﬁde
997 2634 1051 2680 et
1070 2642 1232 2696 opere
1254 2645 1472 2686 servare
1494 2634 1804 2687 contendat.

949 2736 1174 2792 CAPUT
1217 2737 1298 2793 VI.

304 2819 390 2874 De
435 2823 664 2902 secanda
702 2825 1094 2902 circttiitcisioite
1115 2825 1366 2902 filiorum
1402 2828 1592 2893 Israel,
1621 2849 1760 2902 qua?
1790 2833 1886 2902 fuit

383 2893 567 2968 ett/tris
589 2893 826 2968 lapideis
855 2895 994 2968 facta
1023 2897 1076 2948 in
1106 2896 1341 2968 Calgalis
1364 2937 1378 2961 ,
1419 2909 1465 2952 et
1489 2901 1627 2968 quod
1652 2893 1884 2968 fecerunt

389 2962 556 3017 I’Itase
583 2965 847 3038 inquarto
870 2965 1066 3038 decimo
1095 2966 1181 3038 die
1211 2962 1401 3038 mensis
1438 2962 1511 3022 ad
1542 2962 1805 3038 vesperum
1833 2973 1885 3025 in

380 3033 752 3112 campestribus
779 3034 1011 3098 Jericho,
1048 3035 1136 3088 ubi
1177 3037 1506 3112 comederunt
1546 3033 1882 3112 frugibus

378 3112 553 3166 terraz,
587 3103 669 3155 die
699 3102 862 3156 altera
891 3121 1100 3174 azymos
1141 3123 1329 3176 partes,
1364 3110 1489 3178 quia
1521 3102 1776 3177 defecerat
1807 3114 1880 3165 eis

378 3188 428 3223 m
435 3191 463 3224 (l
471 3190 501 3224 η
507 3190 572 3225 ua
581 3211 594 3224 .

377 3263 527 3332 (CAP.
559 3263 633 3334 v.)
671 3282 688 3314 ‹
721 3263 917 3318 Eodem
948 3273 1188 3335 tempore
1214 3267 1289 3321 ait
1309 3269 1566 3324 Dominus
1592 3269 1657 3323 ad
1681 3267 1877 3326 Iosue:

312 3373 330 3404 ι
379 3354 488 3408 Fac
526 3355 620 3408 tibi
663 3355 864 3410 cultros
892 3355 1163 3424 lapideos,
1191 3366 1244 3411 et
1289 3360 1612 3414 circumcide
1648 3363 1882 3417 secundo

310 3466 329 3496 ι
378 3447 517 3501 ﬁlios
550 3446 731 3501 Israel.
768 3447 918 3502 Fccit
940 3451 1084 3519 quod
1119 3449 1358 3518 iusserat
1382 3454 1658 3517 Dominus,
1691 3464 1742 3508 et
1777 3456 1883 3509 cir—

311 3553 330 3585 ι
375 3536 635 3590 cumcidit
670 3537 808 3592 ﬁlios
844 3538 1008 3592 Israel
1055 3540 1108 3593 in
1147 3541 1281 3596 colle
1317 3544 1722 3611 prwputiorum.
1759 3545 1883 3600 Haec

309 3646 328 3678 ι
378 3635 556 3681 autem
603 3644 763 3682 causa
792 3638 875 3683 est
917 3630 1168 3684 secundae
1207 3633 1653 3687 circumcisionis.
1693 3634 1881 3689 Omnis

309 3735 326 3766 ι
375 3717 604 3786 populus
627 3719 717 3787 qui
746 3733 996 3789 egressus
1023 3730 1104 3774 est
1139 3736 1204 3775 ex
1229 3721 1462 3792 Ailgypto
1487 3723 1702 3792 generis
1731 3739 1872 3778 mas-

307 3827 325 3858 ι
375 3808 575 3874 culini,
626 3809 858 3864 universi
907 3811 1194 3866 bellatores
1237 3813 1375 3877 viri,
1415 3813 1621 3867 mortui
1654 3822 1779 3867 sunt
1826 3814 1879 3867 in

309 3917 328 3948 α
374 3897 588 3952 deserto
612 3915 706 3967 per
734 3900 1074 3968 longissimos
1102 3902 1202 3955 viae
1228 3904 1486 3957 circuitus
1513 3944 1526 3966 ,
1559 3905 1651 3973 qui
1687 3919 1880 3958 omnes

309 4008 328 4040 ι
372 3989 679 4043 circumcisi
701 3999 876 4044 erant.
912 3990 1148 4060 Populus
1171 4002 1350 4048 autem
1380 3997 1470 4064 qui
1501 4004 1658 4050 natus
1695 4006 1780 4052 est
1825 3997 1879 4051 in

308 4097 328 4128 ‹
373 4077 594 4132 deserto
635 4093 731 4148 per
759 4081 1114 4150 quadraginta
1144 4099 1314 4138 annos
1349 4086 1560 4140 itineris
1604 4086 1880 4142 latissima:

306 4186 325 4219 ι
373 4167 696 4233 solitudinis,
724 4169 1133 4226 incircumcisus
1158 4172 1276 4238 fuit,
1313 4195 1331 4225 ι
1363 4183 1416 4229 et
1443 4176 1668 4244 reliqua.
1695 4177 1751 4230 In
1779 4179 1881 4231 hoc

297 4270 570 4330 przrcepto
611 4262 872 4331 quieritur
922 4279 1020 4317 cur
1055 4265 1289 4330 dixerit,
1321 4268 1510 4321 iterum
1537 4282 1556 4318 :
1597 4284 1705 4323 non
1735 4271 1877 4323 enim

300 4367 444 4407 unus
491 4349 650 4407 homo
685 4354 768 4408 bis
798 4355 1267 4412 circumcidendus
1299 4370 1446 4424 erat;
1493 4361 1584 4414 sed
1624 4363 1745 4430 quia
1786 4377 1880 4429 po-

231 4499 240 4506 ,
299 4442 460 4512 pulus
489 4458 626 4496 unus
657 4444 708 4496 in
739 4445 1058 4514 quibusdam
1084 4447 1455 4512 circumcisus,
1482 4449 1533 4502 in
1559 4450 1876 4518 quibusdam

300 4549 409 4588 non
454 4533 828 4598 circumcisus,
872 4534 991 4588 ideo
1033 4535 1236 4588 dictum
1285 4543 1387 4597 est,
1428 4536 1640 4600 iterum,
1682 4545 1740 4590 ut
1773 4537 1878 4590 cir-

298 4628 575 4684 cumcisus
602 4627 796 4681 iterum
819 4627 1316 4694 circumcideretur,
1346 4644 1450 4682 non
1480 4627 1639 4683 IlOlllO
1661 4629 1753 4682 sed
1782 4645 1875 4698 po-

299 4721 478 4792 pulus.
511 4719 646 4774 Nam
670 4729 720 4775 et
756 4719 1036 4788 sequentia
1076 4719 1129 4772 id
1159 4719 1323 4773 etiam
1359 4720 1663 4774 ostendunt.
1709 4720 1876 4775 Mani-

301 4813 500 4867 festum
545 4821 629 4866 est
665 4827 793 4882 ergo
839 4828 946 4866 non
989 4825 1179 4866 omnes
1230 4809 1412 4872 fuisse,
1455 4812 1547 4866 sed
1591 4812 1870 4880 quosdam.

301 4903 526 4970 Quidam
565 4903 709 4956 enim
741 4904 804 4957 de
839 4902 1075 4972 .lEgypto
1101 4901 1410 4956 exeuntium
1448 4900 1542 4955 ﬁlii
1577 4902 1628 4955 in
1664 4901 1754 4956 illo
1779 4917 1873 4972 po-

297 4995 427 5064 pqu
459 4994 819 5048 incircumcisi
867 5002 1054 5058 erant,
1100 5009 1236 5063 quos
1274 4995 1451 5064 potuit
1493 4995 1878 5050 circumcidere

296 5083 500 5139 Iesus:
541 5083 752 5139 illorum
797 5083 1004 5138 scilicet
1047 5083 1183 5137 ﬁlios
1223 5083 1312 5152 qui
1361 5092 1658 5153 genuerunt
1701 5084 1754 5138 in
1792 5083 1878 5138 de—

297 5183 468 5238 serto,
506 5183 561 5229 et
596 5183 1035 5243 contempserunt
1058 5189 1152 5228 eos
1176 5174 1586 5238 circumcidere,
1617 5176 1760 5244 quod
1797 5175 1878 5228 in-

296 5269 615 5324 obedientes
655 5276 811 5322 erant
849 5267 950 5337 legi
1000 5265 1117 5318 Dei.
1155 5265 1308 5319 Nulla
1360 5265 1542 5334 itaque
1587 5280 1750 5320 causa
1791 5273 1876 5318 est

297 5377 398 5416 cur
450 5359 504 5414 hi
553 5359 643 5428 qui
683 5366 876 5428 putant
921 5357 1332 5427 rebaptizandos
1386 5370 1480 5408 eos
1529 5354 1620 5423 qui
1672 5354 1870 5408 habent

296 5450 596 5506 Christiani
635 5449 886 5517 baptismi
933 5455 1362 5509 sacramentum,
1412 5445 1516 5499 hoc
1563 5445 1870 5498 testimonio

297 5540 436 5610 legis
471 5539 714 5609 adjuvari
754 5554 812 5593 se
854 5546 1062 5606 putent,
1107 5537 1235 5606 quia
1292 5534 1470 5588 nullus
1520 5535 1602 5589 bis
1645 5551 1870 5589 numero

298 5646 441 5685 unus
473 5629 634 5685 homo
679 5637 762 5682 est
809 5629 1190 5691 circumcisus;
1240 5626 1332 5680 sed
1382 5625 1606 5695 populus
1633 5624 1723 5693 qui
1755 5625 1867 5694 jam

303 5721 479 5777 fuerat
506 5722 558 5776 in
580 5719 900 5791 quibusdam
927 5719 1297 5784 circumcisus,
1323 5717 1377 5772 in
1404 5717 1723 5786 quibusdam
1745 5733 1870 5772 vero

1995 1923 2080 1968 est
2121 1914 2366 1968 Christus
2397 1959 2411 1980 ,
2462 1917 2646 1986 sicque
2695 1918 2786 1971 tali
2825 1920 3234 1977 circumcisione
3287 1937 3569 1993 purgatus,

1995 2015 2143 2061 caret
2187 2006 2409 2077 Egypti
2445 2009 2758 2078 upprobrio,
2795 2010 2847 2063 id
2883 2019 2984 2075 est,
3033 2011 3282 2066 illecebra
3311 2031 3570 2084 corpora-

1993 2098 2120 2152 lium
2151 2099 2421 2152 vitiorum.
2457 2099 2660 2154 Nomen
2700 2108 2881 2154 autem
2910 2101 3013 2156 loci
3045 2102 3288 2171 Galgala,
3316 2108 3458 2174 quod
3489 2107 3569 2160 in-

1992 2200 2320 2261 terpretatur
2364 2193 2619 2248 revelatio
2643 2234 2657 2256 ,
2693 2196 2928 2249 ostendit
2957 2197 3082 2249 dum
3113 2197 3165 2249 in
3193 2198 3454 2266 praeputio
3488 2199 3570 2252 in-

1992 2281 2266 2336 ﬁdelitatis
2299 2281 2654 2337 ambulaverit
2677 2285 2904 2353 quisque
2927 2299 3023 2352 per
3043 2285 3202 2354 hujus
3229 2286 3348 2339 vita:
3377 2287 3565 2340 deser-

1995 2381 2124 2437 tum,
2151 2373 2336 2427 oculos
2361 2375 2406 2427 ei
2451 2388 2569 2428 esse
2609 2383 2854 2427 caecatos.
2886 2376 3174 2429 Videamus
3203 2385 3380 2430 tamen
3414 2377 3572 2444 quale

1990 2464 2059 2517 sit
2094 2465 2194 2517 hoc
2224 2464 2395 2533 ipsum
2425 2465 2564 2531 quod
2596 2465 2743 2526 dicit,
2777 2466 2901 2533 quia
2932 2465 3091 2519 hodie
3115 2467 3339 2520 abstulit
3367 2483 3568 2536 Oppre-

1989 2552 2165 2605 brium
2205 2568 2234 2604 a
2277 2551 2400 2604 ﬁliis
2434 2551 2616 2606 Israel.
2657 2551 2860 2606 Omnes
2907 2555 3154 2608 homines
3177 2595 3192 2620 ,
3229 2557 3440 2610 etiamsi
3474 2571 3572 2626 per

1991 2642 2203 2712 Moysen
2230 2643 2422 2697 eruditi
2461 2643 2588 2707 sint,
2623 2645 2820 2698 habent
2851 2653 3028 2698 tamen
3066 2649 3412 2715 opprobrium
3443 2665 3569 2717 pec-

1987 2743 2252 2786 catorum.
2285 2733 2416 2800 Quis
2441 2735 2544 2789 erit
2571 2736 2763 2790 similis
2792 2738 2954 2790 etiam
2985 2740 3280 2792 secundum
3311 2740 3440 2808 legis
3471 2742 3567 2793 ob-

1988 2824 2317 2877 servantiam
2368 2823 2676 2878 factorum?
2710 2827 2848 2880 Audi
2895 2828 3123 2896 denique
3171 2829 3341 2896 ipsum
3387 2831 3568 2882 dicen-

1991 2923 2093 2968 tem
2129 2932 2140 2966 :
2175 2932 2193 2963 ‹
2223 2913 2533 2969 Secundum
2554 2917 2819 2985 justitiam
2843 2933 2963 2985 quae
2986 2919 3037 2970 in
3071 2918 3184 2986 lege
3211 2927 3314 2982 est,
3344 2933 3565 2972 conver-

1986 3013 2135 3058 satus
2159 3004 2276 3058 sine
2303 3005 2517 3073 querela
2546 3005 2708 3075 (Phil.
2738 3007 2853 3077 m);
2893 3027 2910 3058 ι
2957 3007 3073 3075 ipse
3114 3016 3290 3060 tamen
3326 3024 3562 3077 pronun-

1986 3095 2101 3158 tiat,
2129 3104 2184 3148 et
2209 3094 2376 3148 dicit:
2413 3114 2431 3146 ‹
2466 3095 2688 3149 Fuimus
2722 3097 2868 3149 enim
2893 3105 2947 3148 et
2986 3111 3086 3148 nos
3120 3095 3406 3164 aliquando
3434 3096 3563 3149 insi-

1909 3157 1952 3218 ί)
1985 3184 2211 3254 pientes,
2247 3182 2531 3247 increduli,
2573 3191 2838 3248 errantes,
2867 3193 2922 3236 et
2947 3185 3246 3238 servientes
3277 3184 3559 3237 desideriis

1982 3285 2038 3328 et
2060 3275 2422 3344 voluptatibus
2445 3275 2627 3338 variis,
2659 3275 2712 3327 in
2744 3274 2947 3327 malitia
2988 3283 3043 3328 et
3088 3274 3287 3328 invidia
3321 3283 3564 3343 agentes,

1981 3366 2224 3428 odibiles,
2257 3366 2500 3420 odientes
2528 3365 2756 3419 invicem
2780 3364 3024 3435 (Titan).
3066 3386 3083 3416 ι
3122 3364 3237 3418 Non
3263 3367 3355 3419 tibi
3386 3367 3565 3419 viden-

1984 3463 2070 3508 tur
2101 3457 2215 3508 hzec
2243 3445 2528 3522 opprobria
2563 3470 2682 3508 esse
2736 3454 2988 3524 .Egypti?
3030 3456 3134 3509 Sed
3168 3472 3233 3508 ex
3266 3472 3372 3524 quo
3416 3457 3567 3509 venit

1981 3541 2228 3594 Christus
2249 3580 2263 3602 ,
2300 3550 2354 3594 et
2393 3542 2540 3594 dedit
2571 3544 2724 3594 nobis
2763 3543 3059 3595 secundam
3090 3544 3557 3596 circumcisionem

1980 3647 2077 3699 per
2105 3631 2429 3700 baptismum
2468 3632 2893 3700 regenerationis
2920 3672 2934 3695 ,
2974 3641 3029 3684 et
3065 3633 3315 3700 purgavit
3351 3633 3558 3686 animas

1981 3730 2194 3776 nostras
2218 3763 2232 3787 ,
2262 3721 2545 3790 abjicimus
2593 3727 2705 3780 haec
2734 3723 2914 3775 omnia
2939 3763 2954 3785 ,
2992 3732 3046 3776 et
3088 3738 3185 3791 pro
3216 3724 3298 3777 his
3331 3727 3564 3778 assumi-

1981 3828 2100 3867 mus
2153 3813 2496 3867 conscientia:
2549 3813 2703 3866 honre
2760 3813 3196 3880 astipulationem
3256 3814 3308 3866 in
3371 3815 3560 3866 Deum.

1981 3903 2133 3957 Tunc
2168 3919 2264 3973 per
2293 3904 2581 3957 secundam
2613 3904 3086 3958 circumcisionem
3130 3904 3305 3958 ablata
3334 3920 3363 3958 a
3401 3906 3558 3959 nobis

1981 4005 2107 4049 sunt
2128 3995 2415 4065 opprobria
2451 3994 2691 4064 Egypti,
2719 4004 2771 4049 et
2801 4004 3024 4065 purgata
3058 4005 3184 4049 sunt
3213 3996 3338 4049 vitia
3377 4011 3564 4063 pecca-

1981 4094 2178 4141 torum.
2225 4087 2393 4140 Nemo
2434 4102 2595 4157 ergo,
2632 4087 2675 4140 si
2709 4088 2914 4156 integre
2946 4102 3242 4141 conversus
3269 4095 3380 4149 est,
3415 4087 3459 4139 si
3495 4101 3562 4139 ex

1982 4176 2144 4231 corde
2167 4179 2385 4245 penitus
2416 4176 2641 4230 ﬁdeliter
2665 4175 2918 4230 Iordanis
2940 4177 3138 4232 ﬁueuta
3165 4178 3434 4245 digressus
3459 4186 3560 4241 est,

1980 4268 2023 4319 si
2038 4267 2270 4319 secunda
2289 4281 2385 4334 per
2402 4265 2743 4332 Evangelium
2759 4267 3168 4319 circumcisione
3189 4275 3446 4335 purgatus
3457 4275 3560 4331 est,

1981 4357 2374 4424 praeteritorum
2416 4364 2620 4408 metuat
2664 4356 2953 4423 opprobria
3001 4357 3340 4409 delictorum.
3391 4355 3561 4411 Audis

1981 4445 2106 4513 quia
2139 4445 2297 4496 hodie
2319 4443 2512 4497 abstuli
2549 4460 2579 4496 a
2609 4453 2658 4496 te
2687 4445 3033 4512 opproiwium
3075 4445 3312 4515 .IEgypti.
3356 4446 3466 4499 lloc
3506 4448 3560 4501 in

1986 4534 2288 4605 Evangeliis
2313 4533 2580 4602 signiﬁcat
2613 4534 2893 4597 Dominus,
2916 4551 3038 4588 cum
3069 4535 3200 4588 dicit
3226 4554 3237 4586 :
3271 4555 3288 4582 ε
3316 4535 3559 4590 Remissa

1985 4634 2109 4681 sunt
2155 4625 2250 4678 tibi
2281 4632 2502 4693 peciata
2535 4633 2642 4687 tua,
2667 4624 2761 4678 sed
2783 4622 2894 4692 jam
2929 4624 3033 4677 noli
3058 4639 3302 4693 peccare,
3332 4641 3399 4678 ne
3431 4624 3559 4694 quid

1983 4717 2077 4771 tibi
2121 4717 2360 4770 deterius
2397 4714 2606 4770 accidat
2647 4713 2828 4785 (Joau.
2861 4713 2936 4783 v).
2976 4733 2993 4764 ι
3035 4713 3092 4768 Si
3143 4715 3284 4768 enim
3318 4724 3439 4784 post
3479 4731 3552 4769 re-

1983 4809 2293 4863 missionem
2319 4815 2662 4877 peccatorum
2691 4806 2829 4860 ultra
2860 4822 2964 4860 non
2993 4821 3186 4876 peccas
3205 4845 3221 4870 ,
3249 4821 3377 4861 vere
3415 4806 3561 4860 abla-

1980 4907 2094 4952 tum
2117 4907 2201 4953 est
2218 4913 2248 4952 a
2272 4907 2322 4952 te
2345 4897 2690 4967 opprobrium
2720 4896 2970 4965 IEgypti;
3003 4898 3048 4950 si
3073 4912 3202 4951 vero
3221 4897 3416 4951 iterum
3437 4911 3558 4964 pec-

1983 4989 2191 5044 caveris
2211 5028 2226 5053 ,
2253 4989 2446 5042 iterum
2483 4987 2536 5040 in
2567 4996 2619 5041 te
2647 4994 2825 5039 vetera
2865 4987 3206 5041 revolventur
3237 5005 3248 5038 :
3287 5002 3351 5041 eo
3387 4987 3558 5054 magis

1983 5079 2107 5148 quia
2141 5077 2308 5132 multo
2340 5075 2558 5143 majoris
2584 5075 2830 5130 criminis
2853 5083 2935 5129 est
2968 5076 3164 5130 Filium
3206 5075 3299 5130 Dei
3340 5073 3556 5129 concul-

1977 5184 2120 5230 care,
2147 5177 2203 5221 et
2225 5167 2536 5235 sanguinem
2565 5167 2872 5220 testamenti
2903 5167 3159 5236 polluere,
3189 5181 3350 5234 quam
3385 5164 3554 5230 legem

1979 5257 2146 5328 Moysi
2172 5257 2471 5328 negligere;
2498 5257 2664 5311 multo
2694 5258 2840 5312 enim
2885 5257 3102 5326 majoris
3136 5253 3410 5324 opprobrii
3448 5261 3551 5314 est,

1977 5349 2069 5417 qui
2093 5358 2211 5418 post
2232 5349 2600 5418 Evangelium,
2629 5363 2789 5417 quam
2820 5347 2907 5400 ille
2936 5348 3027 5416 qui
3054 5346 3153 5400 sub
3181 5343 3297 5412 lege
3323 5341 3550 5410 positus,

1977 5437 2291 5503 fornicatur,
2319 5439 2443 5506 quia
2472 5439 2572 5492 iste
2597 5437 2793 5492 tollens
2817 5438 3056 5490 membra
3085 5433 3310 5495 Christi,
3336 5431 3460 5484 facit
3489 5448 3552 5485 ea

1977 5529 2214 5582 membra
2240 5528 2558 5583 meretricis.
2588 5526 2751 5582 Vides
2778 5541 2906 5594 ergo
2927 5539 3085 5592 quam
3110 5522 3357 5590 graviora
3388 5529 3441 5574 et
3463 5536 3554 5576 cu-

1977 5621 2260 5677 mu‘atiora
2293 5621 2344 5674 in
2377 5630 2427 5673 te
2461 5621 2746 5690 opprobria
2772 5659 2786 5682 ,
2823 5618 2867 5672 si
2905 5615 3228 5685 neglexeris.
3271 5613 3551 5668 revolven-

1978 5724 2082 5770 tur.
2113 5713 2348 5784 Denique
2369 5711 2480 5781 jam
2504 5722 2554 5766 te
2583 5727 2739 5765 nemo
2771 5724 2919 5763 reum
2944 5716 3150 5778 arguet,
3181 5708 3272 5763 sed
3287 5706 3549 5780 sacrilego
