3978 6182
391 372 534 433 1019
1033 364 1093 419 Β.
1135 359 1388 418 RABANI
1428 355 1649 414 MAURI
1682 351 2000 410 ARCHIEI’.
2042 347 2350 404 MOGUNT.
2393 342 2680 402 OPERUM
2712 342 2892 398 PARS
2926 342 2967 397 I.
3502 343 3655 397 1010

387 484 623 544 crimine
649 478 990 542 condemnat,
1014 475 1140 544 quia
1169 472 1364 528 dicitur
1389 488 1402 524 :
1437 489 1455 521 ι
1477 469 1560 524 An
1588 466 1811 523 nescitis
1833 461 1957 533 quia
1989 462 2035 521 A
2065 458 2160 523 ris,
2185 463 2276 510 aut
2308 455 2471 511 etiam
2491 453 2539 508 si
2558 452 2679 522 quis
2700 450 2839 505 forte
2864 448 3101 520 attigerit
3119 447 3324 520 aliquid
3348 449 3667 507 liberalium

279 583 292 599 '
391 589 623 646 corpora
654 581 830 626 vestra
864 540 1118 637 templum
1143 565 1241 619 Dei
1263 563 1381 618 est?
1403 563 1447 619 si
1468 563 1589 631 quis
1619 570 1800 616 autem
1834 568 1968 616 tem-

2094 549 2402 612 itterarum,
2452 559 2574 616 qua:
2602 544 2854 614 exiguum
2896 541 2948 595 in
2991 556 3177 596 eremo
3213 540 3416 610 aliquid
3456 541 3671 610 iuvare

2067 657 2168 696 nos
2194 646 2388 708 potest.
2420 637 2476 692 In
2499 650 2682 691 eremo
2702 649 2832 690 vero
2852 632 3038 702 positi,
3062 632 3116 688 id
3147 640 3233 688 est
3258 632 3312 686 in
3334 632 3436 687 hac
3461 633 3515 686 in
3544 647 3664 703 qua

391 665 540 737 plum
566 664 655 718 Dei
682 658 984 737 violaverit,
998 655 1271 726 disperdet
1299 653 1445 708 illum
1460 652 1668 723 DeusU
1683 651 1806 707 Cor.
1823 649 1960 723 m).i

2070 746 2213 787 nunc
2240 744 2426 786 sumus
2451 728 2564 781 vita
2583 767 2597 793 ,
2630 737 2743 782 tum
2784 733 2839 779 et
2869 740 3068 778 manna
3096 723 3391 789 vescimur,
3416 739 3517 794 per
3550 725 3671 781 huc

465 752 640 825 (Ιιιιυ.)
687 769 704 799 ι
744 734 1034 816 Postquam
1066 753 1246 798 autem
1267 758 1460 797 omnes
1484 740 1790 796 circumcisi
1823 749 1965 804 sunt,

400 865 420 898 ι
465 849 785 900 manserunt
806 842 860 894 in
890 840 1078 894 eodem
1107 843 1407 892 castrorum
1438 836 1579 898 loco,
1609 834 1780 888 donec
1811 846 1973 887 sana-

401 954 419 987 t
463 943 668 997 rentur,
702 953 720 983 ι
757 939 812 984 et
841 929 1066 998 reliqua.
1108 926 1223 980 Non
1254 926 1398 980 enim
1436 922 1630 979 sufﬁcit
1665 922 1823 977 nobis
1863 922 1971 976 cir-

394 1024 645 1083 cumcidi,
672 1022 766 1077 sed
789 1028 911 1091 post
936 1017 1401 1074 circumeisionem
1424 1014 1626 1078 sanari,
1659 1014 1712 1068 id
1740 1020 1843 1078 est,
1884 1027 1974 1068 us—

395 1129 607 1186 quequo
627 1112 792 1167 etiam
815 1109 1129 1165 cicatricem
1146 1108 1321 1178 ipsum
1338 1104 1765 1161 circumcisionis
1778 1103 1972 1158 vulnus

393 1204 645 1260 obducat.
679 1200 904 1267 Quando
931 1199 1074 1253 enim
1102 1196 1328 1251 cicatrix
1357 1197 1410 1250 in
1438 1195 1661 1249 vulnere
1683 1193 1973 1248 circumci-

395 1291 857 1350 sionisobducitur
871 1290 894 1342 ?
906 1289 1017 1358 Ego
1038 1287 1275 1341 arbitror
1287 1285 1431 1355 quod
1443 1284 1759 1341 circumcidi
1779 1299 1875 1353 per
1887 1282 1976 1338 Ie-

395 1398 537 1447 sum,
560 1383 661 1436 hoc
680 1388 764 1436 est
784 1379 929 1434 vitiis
942 1392 1149 1442 carere,
1164 1376 1336 1431 malas
1357 1375 1770 1430 consuetudines
1791 1382 1845 1429 et
1857 1388 1977 1443 pes-

396 1474 531 1528 sima
554 1472 798 1527 instituta
833 1470 1123 1539 deponere,
1155 1469 1327 1523 l‘mdos
1351 1476 1406 1521 et
1446 1466 1750 1521 inconditos
1770 1481 1971 1532 mores,

393 1572 449 1618 et
465 1562 726 1633 quidquid
754 1563 821 1615 ab
845 1559 1145 1615 honestatis
1170 1567 1225 1614 et
1244 1558 1463 1629 pietatis
1481 1558 1663 1627 regula
1685 1556 1972 1621 redundat,

395 1652 695 1707 abscidere.
729 1649 834 1704 Sed
858 1664 981 1704 cum
1010 1649 1112 1704 hoc
1137 1648 1189 1702 in
1218 1647 1385 1701 initiis
1411 1646 1657 1709 facimus,
1684 1646 1799 1715 ipsa
1819 1644 1977 1701 novi-

399 1743 523 1796 tatis
543 1740 941 1811 quodammodo
960 1738 1270 1794 difﬁcultate
1290 1738 1731 1808 constringimur,
1747 1744 1802 1791 et
1821 1732 1975 1805 quasi

2071 818 2213 889 quod
2233 817 2428 871 divina:
2450 816 2584 885 legis
2606 812 3053 870 instructionihus
3080 813 3373 867 erudimur.
3400 813 3501 880 Qui
3525 829 3677 869 vero

2073 907 2270 962 meruit
2303 907 2357 961 in
2390 915 2589 961 terram
2638 903 3078 973 repromissionis
3112 903 3341 968 intrare,
3371 904 3425 961 id
3452 913 3557 968 est,
3588 919 3676 960 ea

2073 1014 2192 1068 qua:
2225 1014 2257 1053 a
2305 997 2583 1054 Salvatore
2627 997 2896 1066 promissa
2925 1003 3050 1052 sunt
3076 996 3371 1064 consequi,
3412 995 3505 1051 ille
3532 996 3681 1052 edet

2073 1087 2281 1144 fructus
2307 1088 2374 1143 de
2399 1088 2616 1158 regione
2660 1086 2982 1157 palmarum.
3018 1084 3161 1139 Vere
3200 1085 3433 1140 fructum
3460 1086 3680 1156 palmae

2076 1179 2343 1244 inveniet,
2373 1178 2466 1249 qui
2495 1178 2708 1232 devicto
2740 1177 2896 1230 hoste
2933 1175 3001 1230 ad
3032 1175 3299 1245 promissa
3326 1176 3675 1245 pervenerit.

2076 1271 2293 1326 Certum
2326 1283 2560 1339 namque
2599 1275 2683 1322 est
2727 1267 2873 1337 quod
2927 1273 3347 1335 quantacunque
3399 1266 3486 1320 illa
3536 1276 3685 1322 sunt

2077 1377 2197 1431 quae
2232 1377 2376 1416 nunc
2421 1362 2474 1415 in
2518 1360 2634 1431 lege
2674 1359 2768 1413 Dei
2811 1367 2868 1414 et
2895 1359 3092 1414 divinis
3122 1359 3322 1413 litteris
3361 1358 3684 1429 intelligere

2076 1468 2367 1525 possumus
2403 1460 2497 1507 aut
2541 1452 2774 1517 sentire,
2818 1450 2988 1505 multo
3033 1450 3347 1506 sublimiora
3390 1460 3445 1505 et
3475 1452 3687 1507 excel-

2078 1546 2224 1601 siora
2249 1555 2410 1601 erunt
2434 1546 2521 1600 illa
2548 1561 2669 1615 quae
2697 1553 2947 1599 cessante
2975 1543 3283 1614 aenigmate,
3318 1542 3455 1599 facie
3479 1544 3555 1597 ad
3579 1543 3687 1597 fa-

2080 1638 2216 1694 ciem
2256 1637 2426 1692 sancti
2466 1637 2666 1705 quique
2719 1635 3103 1699 merebuntur;
3154 1635 3280 1703 quia
3319 1650 3436 1703 qua:
3474 1634 3687 1688 oculus

2080 1744 2187 1783 non
2214 1727 2360 1793 uidit,
2390 1743 2481 1780 nec
2506 1726 2652 1779 auris
2677 1724 2896 1788 audivit,
2919 1741 3010 1778 nec
3037 1724 3095 1778 in
3121 1739 3213 1778 cor
3232 1724 3454 1778 hominis
3482 1738 3693 1779 ascen-

397 1847 519 1886 cum
544 1809 728 1888 labore
752 1831 985 1900 qundam
1011 1837 1066 1884 et
1094 1829 1279 1884 dolore
1302 1828 1490 1892 animi,
1513 1836 1723 1882 veteres
1746 1842 1975 1882 consue-
2003 1809 2049 1868 Β
2077 1819 2175 1885 dit,
2218 1820 2334 1874 hate
2372 1825 2499 1873 sum
2524 1832 2642 1887 qua!
2678 1815 2990 1886 pra’parat‘it
3020 1814 3164 1869 Deus
3202 1814 3284 1869 his
3323 1816 3410 1885 qui
3438 1814 3691 1886 diligunt

397 1924 611 1979 tudines
633 1923 925 1992 culpasque
962 1919 1170 1975 novella
1208 1918 1542 1974 institutione
1582 1925 1874 1972 mutamus.
1907 1917 1975 1971 Et

397 2012 539 2078 ideo,
562 2022 620 2068 ut
648 2012 780 2078 dixi,
806 2012 1054 2081 quaedam
1076 2008 1363 2064 difﬁcultas
1383 2018 1465 2063 est
1495 2009 1551 2062 in
1580 2008 1749 2064 initiis
1773 2023 1975 2063 exuere

397 2121 519 2174 quae
557 2112 836 2173 amputare
874 2117 1181 2173 possumus,
1222 2102 1396 2171 prima
1438 2109 1494 2155 et
1531 2100 1767 2156 secunda
1811 2100 1979 2156 susei-
2040 2172 2043 2177 ι

396 2209 545 2265 pere.
590 2193 703 2249 Hoc
725 2208 855 2262 ergo
884 2192 1015 2247 mihi
1040 2192 1251 2246 videtur
1274 2199 1485 2260 tempus
1516 2205 1638 2246 esse
1663 2191 1805 2261 quod
1832 2190 1979 2245 velut

398 2287 454 2339 in
493 2286 679 2340 dolore
723 2283 1156 2339 circumcisionis
1203 2290 1402 2336 nostrae
1446 2282 1678 2337 dicimur
1717 2282 1977 2348 residere,

397 2389 679 2445 usquequo
721 2375 952 2429 obducta
1001 2372 1260 2427 cicatrice
1314 2385 1589 2426 sanemur.
1650 2370 1982 2427 Obducimus

400 2478 579 2522 autem
626 2466 965 2529 cicatricem,
1009 2480 1131 2519 cum
1167 2465 1281 2534 jam
1318 2477 1453 2517 nova
1492 2462 1735 2517 instituta
1782 2462 1984 2532 absque

401 2557 712 2614 dillicnltale
729 2556 1082 2625 complemus,
1103 2556 1225 2610 etin
1246 2569 1401 2608 usum
1416 2552 1572 2608 nobis
1594 2553 1823 2608 vertitur
1841 2554 1985 2623 quod

401 2649 554 2719 prius
582 2648 739 2717 quasi
774 2646 1047 2702 insolitum
1070 2645 1285 2700 diliicile
1306 2645 1609 2701 videbatur.
1631 2644 1840 2699 Ettunc
1861 2659 1986 2699 vere

397 2737 509 2807 jam
541 2737 717 2792 sanati
747 2737 1071 2801 inducimur,
1103 2750 1224 2790 cum
1247 2736 1394 2791 vitiis
1432 2744 1703 2801 carentes,
1730 2735 1987 2790 virtutem

402 2845 543 2886 novo
563 2845 665 2884 usu
688 2829 950 2883 vertimus
974 2827 1028 2880 in
1056 2835 1324 2881 naturam.

475 2920 654 2995 (lam)
701 2940 720 2973 ‹
764 2921 1186 2989 Manseruntque
1216 2918 1310 2973 lilii
1335 2918 1501 2974 Israel
1528 2919 1583 2973 in
1624 2917 1896 2989 Galgalis,
1936 2927 1993 2972 et

409 3035 429 3065 ι
476 3013 721 3069 fecerunt
754 3013 922 3083 phase
956 3020 1145 3080 quarta
1181 3010 1389 3065 decima
1419 3011 1506 3064 die
1530 3009 1733 3065 mensis
1759 3010 1826 3064 ad
1863 3024 1989 3064 ves-

412 3121 431 3153 ι
473 3118 664 3173 perum
690 3103 744 3156 in
771 3102 1164 3171 campestribus
1189 3098 1428 3165 Iericho,
1457 3109 1513 3154 et
1536 3101 1891 3155 comederunt
1921 3099 1987 3153 de

411 3212 430 3245 ι
477 3193 721 3263 frugibus
741 3202 900 3247 terra:
922 3193 1009 3248 die
1033 3192 1229 3255 altero,
1260 3207 1480 3261 azymos
1507 3206 1694 3260 panes,
1716 3199 1771 3245 et
1797 3191 1986 3259 polen-

414 3302 433 3334 σ
480 3291 592 3336 tam
608 3283 846 3352 ejusdem
871 3282 1020 3335 anni.
1036 3281 1347 3350 Defecitque
1366 3296 1560 3334 manna
1584 3288 1868 3349 postquam
1898 3295 1990 3334 co-

417 3392 435 3425 ‹
481 3374 767 3427 mederunt
788 3372 854 3425 de
881 3370 1125 3441 frugibus
1147 3379 1451 3425 terraeznec
1472 3371 1557 3424 usi
1578 3379 1704 3424 sunt
1726 3370 1867 3424 ultra
1898 3369 1990 3425 illo

412 3483 433 3517 ι
478 3466 601 3520 cibo
633 3464 725 3518 filii
763 3463 946 3530 Israel,
979 3464 1071 3519 sed
1107 3462 1459 3519 comederunt
1486 3464 1551 3517 de
1579 3462 1824 3533 frugibus
1856 3477 1992 3532 prae-

413 3576 433 3607 σ
479 3557 649 3612 sentis
670 3556 797 3611 anni
823 3564 979 3611 terrae
1002 3554 1278 3610 Chanaan.
1312 3574 1332 3607 ι
1362 3555 1430 3608 Et
1449 3553 1694 3609 fecerunt
1712 3552 1806 3608 filii
1828 3552 1992 3609 Israel

410 3648 612 3718 pascha
633 3648 839 3703 decima
861 3654 1055 3717 quarta
1079 3646 1167 3701 die
1188 3647 1409 3701 mensis.
1435 3644 1552 3699 Non
1575 3645 1719 3700 enim
1749 3654 1875 3700 ante
1894 3645 1995 3700 cir-

412 3740 801 3796 cumcisionem
828 3754 1021 3795 carnes
1057 3740 1180 3810 agni
1217 3738 1503 3794 comedere
1539 3739 1764 3805 debent,
1801 3739 1855 3794 id
1885 3747 1991 3806 est,

414 3839 703 3899 antequam
748 3837 1034 3891 sanentur;
1083 3829 1179 3883 sed
1234 3836 1584 3898 posteaquam
1625 3830 1798 3884 sanati
1843 3838 1990 3896 sunt,

410 3919 607 3974 dicitur
624 3919 753 3987 quia
780 3917 1024 3973 fecerunt
1050 3919 1249 3988 pascha
1272 3918 1363 3972 filii
1390 3918 1555 3972 Israel
1578 3918 1784 3973 decima
1805 3928 1996 3990 quarta

416 4009 504 4064 die
530 4009 751 4064 mensis.
791 4007 954 4063 Vides
989 4023 1120 4078 ergo
1160 4008 1287 4077 quia
1334 4023 1492 4064 nemo
1521 4009 1830 4064 immundus
1866 4009 1998 4064 facit

414 4101 640 4172 pascha,
679 4115 839 4155 nemo
872 4101 1302 4164 incircumcisus,
1337 4099 1431 4153 sed
1462 4102 1552 4169 qui
1581 4102 1813 4157 mundus
1837 4101 1998 4157 fuerit

412 4199 471 4247 et
490 4191 865 4257 circumcisus,
890 4190 1031 4245 sicut
1053 4189 1344 4260 Apostolus
1365 4189 1750 4259 interpretatur
1772 4191 1991 4247 dicens:

419 4299 441 4332 ι
484 4280 696 4336 Etenim
730 4279 931 4349 pascha
971 4289 1216 4333 nostrum
1258 4277 1566 4333 immolatus
1606 4286 1692 4334 est
1724 4278 1993 4335 Christus.

414 4372 602 4442 Itaque
622 4369 765 4424 diem
791 4368 988 4424 festum
1015 4368 1377 4433 celebremus,
1402 4384 1506 4423 non
1535 4369 1591 4423 in
1622 4368 1888 4427 fermento
1905 4386 1997 4427 ve-

2075 1925 2196 1963 eum
2226 1908 2277 1980 (I
2304 1908 2426 1964 Cor.
2449 1906 2532 1979 ll).
2689 1975 2916 2032 CAPUT
2954 1973 3067 2029 vn.

2082 2057 2179 2113 Ubi
2204 2058 2441 2128 princeps
2476 2057 2735 2110 exercitus
2766 2053 2980 2128 Domini
3020 2054 3267 2128 apparuit
3281 2053 3474 2128 _Josu_e,
3508 2071 3689 2125 quem

2148 2122 2257 2196 ipse
2283 2122 2553 2190 adoravit;
2584 2135 2631 2179 et
2656 2141 2824 2179 sermo
2847 2122 3013 2178 Joaue
3033 2122 3104 2176 ad
3134 2123 3382 2194 populum
3404 2123 3468 2178 de
3494 2122 3685 2194 carpu-

2149 2199 2396 2269 gnatione
2423 2197 2567 2250 urbis
2590 2196 2822 2249 Iericho.

2153 2288 2331 2361 (Imm)
2369 2307 2388 2339 ε
2432 2287 2567 2342 Cum
2595 2295 2777 2340 autem
2798 2291 2944 2340 esset
2971 2282 3134 2339 Iosue
3162 2283 3216 2338 in
3243 2298 3375 2354 agro
3401 2272 3554 2339 urbis
3578 2283 3690 2341 Ie-

2088 2397 2107 2431 ι
2153 2379 2327 2445 richo,
2361 2378 2561 2433 levavit
2586 2377 2792 2442 oculos,
2824 2384 2880 2431 et
2904 2375 3041 2430 vidit
3062 2376 3240 2429 virum
3273 2383 3502 2430 stantem
3531 2392 3691 2433 con-

2091 2489 2109 2522 ι
2154 2479 2235 2525 tra
2263 2485 2341 2537 se,
2371 2478 2426 2525 et
2453 2470 2799 2540 evaginatum
2823 2475 3094 2523 tenentem
3121 2466 3383 2539 gladium,
3409 2470 3695 2537 perrexit-

2091 2580 2110 2613 ι
2156 2576 2261 2630 que
2289 2561 2356 2615 ad
2377 2567 2595 2624 eum,et
2621 2560 2700 2612 ait
2731 2577 2743 2611 :
2773 2557 2967 2613 Noster
2991 2572 3074 2624 es,
3098 2572 3168 2612 an
3195 2557 3644 2612 adversariorum
3665 2561 3695 2613 ?

2093 2670 2112 2703 ι
2159 2651 2260 2718 Qui
2308 2650 2586 2721 respondit
2633 2667 2648 2703 :
2697 2648 3082 2719 Nequaquam;
3127 2649 3221 2703 sed
3270 2664 3386 2704 sum
3417 2650 3697 2721 princeps

2094 2761 2113 2794 ι
2154 2743 2423 2798 exercitus
2462 2740 2714 2805 Domini,
2767 2747 2821 2794 et
2861 2754 3007 2794 nunc
3047 2740 3226 2793 venio.
3263 2738 3467 2794 Cecidit
3510 2738 3697 2795 Iosue

2096 2850 2115 2882 ι
2158 2846 2363 2902 pronus
2400 2831 2453 2884 in
2487 2839 2710 2894 terram,
2745 2839 2801 2885 et
2831 2829 3064 2885 adorans
3094 2830 3169 2883 ait
3199 2848 3212 2885 :
3245 2829 3384 2897 Quid
3411 2831 3697 2888 Dominus

2095 2938 2113 2970 ι
2162 2933 2315 2974 meus
2349 2919 2587 2988 loquitur
2630 2919 2697 2972 ad
2742 2933 2959 2972 servum
3006 2918 3198 2972 suum?
3245 2916 3436 2983 Solve,
3476 2920 3693 2990 inquit,

2096 3029 2115 3063 ι
2161 3012 2587 3067 calceameutum
2620 3018 2768 3064 tuum
2806 3011 2872 3066 de
2908 3009 3137 3079 pedibus
3173 3010 3309 3073 tuis;
3347 3011 3500 3067 locus
3530 3012 3694 3065 enim

2074 3122 2117 3155 ,ι
2164 3104 2217 3158 in
2269 3118 2376 3173 quo
2403 3111 2518 3157 stas
2561 3109 2783 3156 sanctus
2823 3108 2926 3155 est.
2978 3100 3235 3170 Fecitque
3272 3099 3434 3155 Iosue
3473 3110 3532 3153 ut
3577 3103 3692 3156 sibi

2098 3210 2117 3241 ι
2161 3189 2337 3245 fuerat
2367 3191 2710 3261 imperatum.
2750 3208 2769 3241 ι
2811 3190 3130 3259 Respiciens
3155 3188 3325 3244 oculis
3346 3189 3480 3243 vidit
3523 3192 3697 3260 prin-

2093 3283 2268 3352 cipem
2294 3281 2499 3336 militia:
2536 3280 2792 3347 Domini,
2828 3287 3091 3350 tanquam
3114 3279 3205 3349 qui
3231 3280 3385 3349 prius
3419 3296 3529 3334 non
3563 3296 3697 3335 res-

2091 3374 2335 3446 pexerit,
2366 3372 2461 3429 sed
2494 3380 2625 3428 tunc
2646 3387 2772 3427 cum
2800 3372 3101 3442 principem
3132 3370 3338 3426 militiae
3358 3369 3574 3425 Domini
3606 3372 3697 3427 vi-

2094 3482 2255 3522 surus
2282 3474 2443 3522 esset.
2490 3464 2662 3532 Quem
2707 3473 2885 3519 tamen
2918 3461 3076 3518 Iesus
3124 3478 3247 3518 cum
3274 3463 3494 3518 vidisset
3516 3503 3534 3526 ,
3572 3478 3695 3520 non

2094 3573 2219 3613 eum
2241 3557 2388 3612 velut
2416 3571 2759 3611 communem
2784 3556 3057 3610 hominem
3085 3555 3259 3620 vidit,
3295 3555 3388 3609 sed
3416 3554 3698 3612 intellexit

2096 3650 2352 3703 virtutem
2378 3661 2502 3702 esse
2535 3665 2548 3700 :
2581 3647 2821 3702 nondum
2860 3654 3041 3701 tamen
3071 3645 3337 3699 intellexit
3375 3660 3441 3701 ex
3480 3646 3697 3701 divinis

2097 3740 2390 3795 virtutibus
2410 3779 2424 3803 ,
2470 3753 2539 3793 an
2564 3753 2633 3793 ex
2666 3737 2954 3793 contrariis
2981 3751 3086 3790 una
3113 3737 3188 3791 sit
3214 3750 3333 3804 quae
3359 3735 3596 3801 videtur,
3630 3747 3699 3791 et

2098 3831 2223 3887 ideo
2263 3832 2561 3902 interrogat
2596 3840 2651 3885 et
2686 3829 2990 3900 perquirit,
3031 3829 3217 3884 dicens
3250 3843 3266 3881 :
3307 3847 3326 3879 ι
3375 3826 3577 3883 Noster
3604 3844 3693 3892 es,

2100 3943 2167 3981 an
2205 3925 2675 3981 adversariorum?
2707 3944 2726 3977 ι
2775 3925 2845 3978 At
2894 3924 2984 3979 ille
3018 3924 3096 3977 ait
3126 3942 3139 3977 :
3187 3942 3206 3973 ε
3250 3922 3361 3992 Ego
3386 3937 3507 3977 sum
3544 3923 3702 3990 priu-

2098 4034 2227 4088 ceps
2254 4018 2461 4072 militiae
2487 4015 2703 4071 virtutis
2727 4015 2934 4070 Domini
2963 4033 2978 4068 :
3006 4028 3151 4069 nunc
3177 4012 3391 4067 adveni.
3430 4032 3448 4064 ο
3477 4011 3545 4065 Et
3562 4028 3695 4067 cum

2098 4108 2203 4162 hoc
2232 4108 2471 4161 audisset
2497 4104 2685 4177 Iesus_,
2718 4105 2963 4160 adoravit
2985 4115 3040 4159 et
3068 4105 3204 4160 dixit
3233 4123 3246 4158 :
3281 4104 3527 4167 Domine,
3557 4104 3699 4173 quid

2099 4195 2349 4265 praecipis
2378 4209 2536 4249 servo
2566 4194 2690 4248 tun?
2717 4194 2854 4261 Quid
2889 4201 2971 4248 est
2996 4193 3138 4262 quod
3169 4207 3267 4263 per
3299 4192 3405 4246 hoc
3432 4208 3533 4246 nos
3559 4193 3697 4246 edo-

2100 4296 2187 4343 cet
2210 4285 2408 4343 Jesus?
2436 4286 2568 4340 Illud
2596 4293 2679 4342 est
2711 4286 2827 4340 sine
2852 4285 3015 4339 dubio
3036 4285 3180 4353 quod
3208 4283 3337 4338 dicit
3362 4284 3641 4353 apostolus
3672 4303 3689 4336 :

2107 4397 2126 4430 ι
2174 4377 2348 4434 Nolite
2371 4379 2517 4433 omni
2549 4377 2759 4448 spiritui
2788 4375 3010 4431 credere
3032 4416 3046 4439 ,
3080 4376 3177 4431 sed
3203 4376 3431 4445 probate
3465 4376 3696 4444 spiritus

418 4465 543 4528 ιθτίν
574 4478 749 4563 {milia
786 4462 842 4563 ίῐξ
885 4460 1153 4563 ῖεῖτηιθηίο
1175 4460 1406 4563 ’ωθξίιίξξὲ
1429 4469 1483 4563 ξι
1512 4463 1792 4533 nequitiae.
1822 4464 1918 4519 sed
1941 4465 1996 4518 in
2022 4505 2076 4563 Ι)
2103 4474 2147 4528 si
2172 4489 2238 4528 ex
2269 4474 2378 4527 Deo
2397 4473 2505 4527 sint
2526 4470 2575 4543 (I
2599 4470 2760 4524 Joan.
2786 4469 2883 4537 iv).
2917 4489 2936 4521 ι
2957 4467 3220 4539 Cognovit
3247 4482 3379 4538 ergo
3397 4465 3558 4522 Iesus
3583 4483 3715 4523 non.

415 4554 621 4624 azymis
649 4553 975 4608 sinceritatis
1001 4560 1056 4606 et
1078 4552 1320 4607 veritatis
1344 4551 1396 4622 (Ι
1422 4551 1544 4606 Cor.
1565 4553 1640 4625 v).
1682 4574 1700 4605 ι
1735 4554 1839 4608 Sed
1867 4564 1996 4609 tunc

417 4644 635 4713 quidem
663 4644 879 4713 quando
906 4642 1040 4696 exiit
1069 4642 1297 4713 p0pulus
1324 4642 1393 4698 de
1430 4652 1573 4707 terra
1605 4644 1844 4716 lEgypti,
1872 4661 1995 4715 por-

419 4734 555 4787 tavit
595 4749 946 4802 conspersum
977 4753 990 4787 :
1028 4748 1151 4788 eum
1178 4748 1347 4802 panes
1390 4750 1497 4788 non
1534 4735 1831 4799 haberent,
1862 4735 1997 4804 pluit

416 4825 620 4881 eisdem
645 4841 872 4890 manna;
906 4841 1029 4881 cum
1062 4833 1241 4880 autem
1268 4834 1530 4880 venerunt
1551 4826 1617 4879 ad
1641 4835 1844 4881 terram
1871 4844 1997 4882 san-

417 4925 586 4981 etam,
612 4924 667 4969 et
691 4914 900 4970 fructus
927 4924 1188 4984 ceperunt
1214 4915 1505 4985 provincia:
1544 4916 1864 4985 palmarum,
1895 4919 1994 4976 de-

420 5009 549 5064 fecit
574 5009 654 5063 eis
673 5023 891 5074 manna,
920 5018 976 5063 et
1002 5016 1133 5063 tunc
1165 5008 1328 5064 edere
1361 5017 1644 5078 coeperunt
1663 5008 1729 5063 de
1757 5008 2000 5081 frugibus

421 5114 599 5159 terrm.
625 5104 811 5172 Itaque
842 5112 953 5159 tres
976 5116 1158 5173 partes
1182 5105 1422 5159 ciborum
1451 5103 1773 5174 generaliter
1799 5103 2000 5158 descri-

420 5196 641 5250 buntur.
708 5194 885 5251 Unum
938 5211 1044 5266 quo
1094 5195 1366 5250 vescimur
1417 5201 1679 5249 exeuntes
1731 5193 1798 5249 de
1856 5203 2001 5249 terra

422 5286 674 5358 IEgypti,
713 5287 807 5341 sed
843 5288 945 5343 hoc
983 5288 1051 5343 ad
1097 5301 1320 5357 parvum
1359 5295 1569 5354 tempus
1613 5285 1825 5341 suliicit.
1874 5286 2004 5342 Post

424 5378 528 5433 hoc
554 5379 795 5434 succedit
822 5394 1038 5432 manna.
1067 5378 1251 5432 'I‘ertio
1279 5391 1409 5431 vero
1425 5375 1537 5444 jam
1556 5377 1623 5434 de
1647 5386 1789 5433 terra
1817 5386 2004 5433 sancta

423 5473 668 5541 capimus
693 5472 919 5527 fructus.
951 5472 1006 5525 In
1037 5470 1233 5542 quibus
1261 5468 1597 5536 diﬂ'erentiis,
1629 5479 1689 5525 ut
1717 5486 1851 5525 mea:
1874 5485 2005 5540 par-

425 5562 609 5617 vitatis
637 5562 940 5617 intellectus
966 5560 1302 5631 assequitur,
1333 5560 1464 5616 illud
1498 5563 1732 5617 arbitror
1756 5561 2003 5627 indicari,

2103 4568 2276 4622 solum
2304 4567 2427 4636 quia
2451 4580 2517 4619 ex
2545 4564 2654 4618 Deo
2678 4571 2784 4626 est,
2815 4563 2909 4617 sed
2936 4562 3061 4632 quia
3091 4560 3231 4615 Deus
3255 4567 3339 4615 est
3362 4577 3376 4625 ;
3409 4575 3518 4615 non
3545 4561 3695 4615 enim
3742 4560 3748 4565 ’

2102 4659 2401 4722 adorasset,
2455 4657 2559 4710 nisi
2613 4654 2951 4723 cognovisset
3001 4653 3192 4707 Deum.
3236 4652 3368 4718 Quis
3420 4652 3565 4706 alius
3609 4662 3701 4706 est

2101 4749 2354 4817 princeps
2392 4746 2594 4800 militiae
2627 4743 2844 4797 virtutis
2873 4742 3120 4809 Domini,
3166 4743 3270 4798 nisi
3304 4743 3568 4797 Dominus
3594 4757 3699 4797 no-

2105 4848 2218 4893 ster
2259 4837 2414 4893 Iesus
2450 4835 2732 4893 Christus?
2780 4832 2969 4890 Omnis
3014 4847 3251 4902 namque
3301 4831 3424 4887 caeli
3470 4831 3693 4895 militia,

2105 4930 2220 4984 sive
2250 4929 2458 4998 angeli,
2485 4928 2597 4982 sive
2631 4925 2939 4995 archangeli
2967 4965 2981 4990 ,
3013 4925 3128 4979 sive
3160 4925 3391 4979 virtutes
3414 4964 3431 4989 ,
3460 4924 3574 4978 sive
3598 4924 3701 4977 do—

2106 5019 2451 5082 minationes,
2491 5018 2603 5071 sive
2633 5016 2990 5086 principatus,
3019 5015 3135 5069 sive
3163 5022 3482 5085 potestates,
3506 5014 3696 5068 omnia

2107 5111 2226 5165 haec
2275 5123 2395 5178 quae
2438 5123 2538 5178 per
2579 5108 2753 5178 ipsum
2789 5106 2930 5161 facta
2966 5115 3132 5170 sunt,
3174 5106 3274 5161 sub
3301 5104 3417 5173 ipso
3445 5105 3701 5175 principe

2109 5201 2342 5258 militant
2383 5200 2475 5270 qui
2512 5207 2597 5254 est
2647 5199 2948 5269 principum
2990 5197 3275 5267 princeps,
3324 5196 3417 5266 qui
3464 5195 3701 5265 largitur

2107 5294 2443 5366 principibus
2488 5292 2844 5362 principatus.
2893 5289 3011 5360 Ipse
3041 5297 3124 5343 est
3164 5288 3311 5343 enim
3340 5286 3433 5356 qui
3474 5286 3613 5341 dicit
3640 5286 3697 5341 in

2108 5384 2397 5454 Evangelio
2422 5401 2435 5436 :
2470 5401 2488 5433 ι
2521 5383 2651 5439 Esto
2673 5390 2729 5436 tu
2752 5389 3073 5452 potestatem
3099 5380 3302 5435 habens
3324 5394 3488 5448 super
3505 5377 3701 5435 decem

2107 5477 2356 5532 civitates
2386 5473 2538 5547 (Luc.
2570 5473 2707 5544 xxx).
2751 5493 2769 5525 ι
2812 5472 2908 5527 llic
2934 5473 3132 5543 estqui
3155 5480 3379 5541 accepto
3409 5485 3580 5541 regno
3610 5484 3699 5525 re-

2100 5582 2327 5638 gressus
2386 5573 2488 5620 est.
2539 5563 2646 5618 Sed
2699 5564 2913 5617 interim
2960 5561 3241 5617 videamus
3282 5575 3405 5632 qua:
3449 5573 3698 5631 praesens

427 5653 572 5723 quod
614 5654 822 5723 primus
873 5653 1028 5708 cibus
1054 5661 1138 5707 est
1171 5666 1331 5722 quem
1370 5653 1437 5708 de
1479 5653 1710 5725 Egypto
1747 5663 2008 5709 exeuntes
2105 5656 2264 5712 lectio
2293 5655 2509 5726 ingerit.
2536 5654 2595 5708 ln
2624 5652 2841 5709 Iericho
2867 5661 2950 5708 est
2978 5653 3157 5716 Iesus,
3185 5652 3361 5708 adhuc
3381 5654 3571 5708 hostes
3595 5650 3700 5707 ob-

431 5743 710 5799 nobiscum
738 5746 1095 5814 portavimus,
1128 5746 1180 5803 id
1202 5756 1307 5812 cst,
1340 5761 1504 5818 parva
1529 5746 1760 5803 eruditio
1790 5745 2006 5802 sarcula-

2106 5747 2281 5802 tinent
2303 5746 2598 5812 civitatem,
2628 5751 2682 5801 et
2707 5746 2945 5801 nondum
2974 5754 3190 5816 ceperat
3213 5758 3337 5800 eam
3361 5741 3537 5799 Iesus.
3569 5739 3688 5802 Iam
