3964 6192
220 393 354 450 1021

218 520 406 566 tamen
454 506 652 565 dicitur
693 505 760 560 ad
804 503 986 559 Iesum
1031 522 1043 557 :

218 610 379 655 tuum
405 599 474 655 de
507 598 733 670 pedibus
765 598 895 661 tuis,
930 597 1077 651 locus
1103 596 1246 650 enim
1283 595 1337 648 in
1365 609 1473 664 quo
1507 603 1618 648 stas
1650 602 1797 648 terra

216 700 414 747 sancta
441 698 544 745 est.
584 709 604 741 ι
650 688 715 742 Ει
742 686 1009 757 quomodo
1043 684 1261 739 Iericho
1290 691 1434 738 terra
1464 691 1651 737 sancta
1692 688 1796 746 est,

214 798 350 853 quae
400 782 470 836 ab
517 779 763 834 hostibus
815 776 1117 831 retinetur?
1165 773 1271 828 Sed
1303 788 1370 827 ne
1413 773 1557 826 forte
1591 772 1692 825 hoc
1728 770 1800 824 sit

216 872 370 943 quod
409 869 707 933 indicatur,
758 866 884 936 quia
920 879 1241 934 quocunque
1294 861 1505 917 venerit
1552 861 1800 929 princeps

217 964 435 1020 militia:
466 961 684 1016 virtutis
732 958 966 1023 Domini,
1016 958 1143 1012 illuc
1189 958 1340 1011 locus
1387 955 1492 1011 erit
1539 962 1796 1019 sanctus;

219 1070 327 1124 ego
352 1053 514 1107 etiam
546 1048 749 1119 aliquid
786 1047 1016 1117 amplius
1043 1046 1211 1101 audeo
1241 1053 1298 1100 et
1334 1044 1456 1098 dico
1486 1043 1611 1112 quia
1637 1042 1799 1097 etiam

220 1150 283 1196 et
328 1140 539 1209 Moyses
587 1136 686 1199 ubi,
725 1135 937 1198 stabat,
988 1150 1084 1204 per
1133 1133 1480 1203 semetipsum
1531 1146 1639 1185 non
1685 1138 1804 1184 erat

222 1228 381 1282 locus
405 1233 645 1289 sanctus,
681 1224 773 1279 sed
803 1223 929 1293 quia
957 1221 1168 1277 Domini
1197 1236 1318 1275 cum
1353 1220 1534 1289 Moyse
1562 1232 1800 1289 przesen-

225 1319 304 1373 tia
328 1316 767 1372 sanctiﬁeaverat
809 1313 1005 1368 locum.
1060 1312 1123 1366 Et
1151 1312 1271 1365 ideo
1300 1311 1497 1365 dicitur
1537 1309 1603 1363 ad
1631 1324 1754 1364 eum
1784 1326 1797 1362 :

230 1431 249 1461 ε
292 1408 454 1463 Solve
494 1406 784 1475 corrigiam
817 1403 1166 1460 ealceamenti
1223 1402 1333 1467 tui,
1384 1401 1533 1455 locus
1572 1400 1714 1455 enim
1749 1400 1803 1454 in

224 1515 337 1569 quo
367 1506 480 1552 stas
516 1505 661 1550 terra
691 1501 878 1549 sancta
905 1500 1008 1548 est.
1049 1512 1068 1544 ι
1122 1491 1274 1547 Unde
1302 1498 1357 1545 et
1397 1505 1494 1543 nos
1525 1488 1569 1543 si
1607 1490 1717 1542 vita
1751 1498 1805 1541 et

227 1588 445 1642 meritis
473 1585 791 1640 accedamus
817 1582 884 1637 ad
922 1583 1229 1647 Dominum,
1259 1588 1314 1633 et
1338 1580 1483 1650 digni
1510 1577 1806 1633 efficiamur

227 1687 303 1732 ut'
328 1677 544 1731 assistat
574 1675 729 1729 nobis
761 1672 1158 1744 Deus,.dicitur
1186 1671 1348 1724 etiam
1381 1670 1446 1724 ad
1475 1685 1573 1723 nos
1609 1675 1666 1721 ut
1694 1667 1803 1721 sol-

225 1783 423 1821 vamus
457 1782 487 1820 a
517 1765 746 1835 pedibus
777 1764 969 1817 anima:
998 1769 1195 1815 nostra:
1222 1801 1236 1826 ,
1268 1760 1313 1815 si
1348 1759 1477 1829 quid
1503 1757 1558 1811 in
1586 1758 1666 1813 eis
1692 1757 1804 1809 vin-

1143 386 1495 443 COMMENT.
1534 385 1602 441 IN
1640 384 1903 442 LIBRUM
1939 382 2171 440 IOSUE.
2210 413 2278 422 —
2318 380 2442 436 LIB.
2478 379 2517 434 l.

1102 524 1120 555 ι
1167 502 1326 558 Solve
1373 501 1793 557 calceamentum
1823 499 1871 560 Α
1899 494 2319 550 sacerdotalibus
2378 492 2717 557 cecinerunt;
2782 491 2976 548 Petrus
3038 493 3199 548 etiam
3266 495 3471 551 duabus

3334 384 3472 440 1022

1901 584 2261 655 Epistolarum
2288 590 2508 637 suarum
2528 588 2783 649 personat
2803 580 2975 635 tubis:
3003 579 3237 636 Iacobus
3258 598 3471 651 quoque

1898 683 1954 730 et
2006 674 2191 729 Iudas.
2251 672 2472 727 Addidit
2522 670 2872 724 nihilominus
2936 670 3170 726 Joannes
3231 681 3286 726 et
3348 675 3473 726 tuba

1900 779 2098 821 canere
2135 779 2231 835 per
2280 763 2538 818 ecclesias
2588 777 2735 825 suas,
2774 768 2827 815 et
2886 761 3059 816 Lucas
3099 762 3465 831 apostolorum

1900 864 2049 925 gesta
2095 854 2423 909 describens.
2471 851 2806 906 Novissimus
2850 860 3030 905 autem
3082 850 3169 905 ille
3227 852 3468 915 veniens,

1900 945 1990 1014 qui
2021 944 2157 998 dixit
2188 960 2201 996 :
2240 960 2258 993 ε
2293 942 2428 995 Puto
2466 950 2643 995 autem
2683 954 2781 994 nos
2814 939 2953 993 Deus
2981 938 3253 1006 apostolos
3292 938 3471 991 novis-

1899 1036 2065 1091 simos
2086 1034 2316 1090 ostendit
2339 1032 2391 1105 (1
2421 1031 2543 1087 Cor.
2575 1033 2671 1101 ιγ),
2702 1051 2719 1083 ι
2751 1040 2803 1086 et
2833 1033 2887 1085 in
2916 1032 3320 1100 quatuordecim
3355 1031 3481 1100 Epi-

1902 1124 2161 1178 stolarum
2217 1139 2436 1177 suarum
2489 1121 2781 1175 fulminans
2834 1122 2994 1182 tubis,
3036 1135 3221 1173 muros
3249 1117 3470 1172 Iericho

1901 1223 1956 1270 et
1983 1229 2172 1270 omnes
2225 1212 2544 1285 idololatria:
2599 1211 2877 1266 machinas
2926 1218 2981 1264 et
3034 1209 3476 1279 philosophorum

1903 1305 2151 1375 dogmata
2185 1319 2355 1372 usque
2408 1302 2475 1356 ad
2536 1301 2885 1355 fundamenta
2922 1298 3137 1366 dejccit.
3180 1298 3356 1351 Movet
3387 1311 3473 1351 me

1905 1409 2036 1449 sane
2057 1394 2220 1449 etiam
2250 1393 2379 1447 illud
2407 1392 2549 1461 quod
2578 1391 2802 1445 historia
2839 1388 3023 1453 refert,
3074 1389 3199 1457 quia
3254 1403 3361 1441 non
3391 1401 3481 1441 so-

1903 1483 2014 1537 lum
2047 1483 2359 1537 sacerdotes
2391 1481 2535 1535 tubis
2586 1480 2895 1535 cecinerunt
2948 1487 3007 1531 ut
3036 1477 3290 1532 caderent
3340 1476 3479 1531 muri

1905 1573 2147 1636 Iericho,
2180 1570 2274 1625 sed
2302 1578 2358 1625 et
2385 1570 2566 1623 audita
2600 1583 2730 1623 voce
2783 1568 2924 1621 tubae
2971 1567 3169 1621 dicitur
3194 1566 3481 1621 universus

1906 1663 2132 1734 populus
2178 1660 2413 1716 ululasse
2463 1659 2666 1713 ululatu
2723 1673 2940 1727 magno,
2995 1656 3077 1710 vel
3107 1656 3246 1710 sicut
3276 1656 3330 1709 in
3360 1655 3481 1710 aliis

1906 1751 2306 1822 exemplaribus
2356 1750 2607 1813 habetur,
2658 1746 2921 1816 jubilasse
2947 1746 3120 1814 jubilo
3162 1762 3375 1816 magno.
3415 1746 3484 1800 Et

227 1857 341 1913 culi
386 1854 630 1910 mortalis
678 1867 947 1908 annexum
993 1858 1095 1906 est.
1134 1850 1227 1905 Isti
1260 1857 1387 1904 sunt
1429 1849 1575 1903 enim
1618 1849 1803 1916 pedes,
1833 1835 1880 1893 Β
1909 1842 2158 1911 quamvis
2187 1840 2288 1894 iste
2313 1852 2496 1893 sermo
2548 1838 2840 1905 improprie
2874 1836 3165 1889 translatus
3193 1835 3478 1898 videatur;

227 1961 370 2015 quos
402 1944 533 1997 lavit
560 1941 717 1996 Iesus
742 1981 757 2006 ,
797 1954 932 2009 quos
975 1939 1077 1993 nisi
1124 1938 1317 1993 laverit
1354 1952 1459 1991 non
1490 1936 1809 1991 habebimus

1909 1932 2195 2004 ἀλαλαγμὸ,
2255 1929 2398 1983 enim
2435 1929 2488 1983 in
2547 1927 2735 1982 Graeco
2772 1927 3050 1991 scribitur,
3108 1927 3250 1996 quod
3308 1940 3483 1994 neque

228 2044 445 2106 partem
486 2049 607 2089 cum
654 2047 738 2087 eo.
781 2030 935 2097 Quod
977 2030 1023 2084 si
1060 2044 1189 2099 ergo
1229 2029 1296 2083 ab
1330 2028 1508 2082 anima
1544 2034 1725 2081 nostra
1754 2034 1809 2081 et
1902 2023 2157 2093 jubilum,
2189 2037 2366 2091 neque
2413 2020 2672 2074 ululatum
2700 2020 2914 2090 proprie
2975 2020 3259 2089 signiﬁcat,
3291 2020 3386 2074 sed
3414 2018 3479 2072 il-

230 2125 486 2180 sensibus
517 2137 675 2178 omne
703 2119 974 2175 vinculum
1000 2134 1143 2173 cum
1174 2116 1420 2172 mortalis
1445 2115 1807 2179 absolvamus,

231 2215 490 2269 continuo
512 2213 741 2267 libenter
765 2210 922 2265 etiam
947 2210 1102 2264 nobis
1126 2207 1301 2262 aderit
1326 2214 1382 2260 et
1407 2205 1623 2260 assistet
1645 2203 1807 2258 Deus.

233 2307 367 2374 Qua:
392 2314 575 2359 autem
602 2311 728 2358 sunt
756 2302 810 2356 in
848 2299 1303 2369 consequentibus
1330 2298 1627 2352 videamus.

306 2396 461 2467 (Car.
489 2392 588 2464 vi.)
631 2410 649 2442 ι
684 2389 901 2446 Iericho
921 2398 1102 2444 autem
1131 2389 1314 2443 clausa
1343 2395 1462 2442 erat
1490 2394 1654 2455 atque
1694 2400 1813 2439 mu-

238 2505 258 2536 ι
301 2484 417 2538 uita
444 2497 474 2535 a
506 2482 699 2536 timore
725 2480 956 2534 ﬁliorum
980 2478 1174 2542 Israel,
1214 2485 1268 2533 et
1293 2477 1468 2532 nullus
1494 2476 1675 2544 egredi
1711 2490 1811 2529 au-

238 2596 258 2629 c
305 2577 470 2632 debat
520 2582 616 2628 aut
655 2571 883 2641 ingredi.
937 2571 1185 2641 Dixitque
1218 2570 1477 2625 Dominus
1514 2568 1580 2621 ad
1608 2566 1809 2622 Iosue:

239 2686 258 2718 ι
303 2665 449 2721 Ecce
488 2663 611 2718 dedi
656 2662 712 2716 in
741 2676 900 2716 manu
944 2668 1036 2713 tua
1073 2658 1314 2724 Iericho,
1344 2668 1401 2714 et
1437 2672 1618 2729 regem
1669 2659 1809 2729 ejus,

240 2772 259 2804 ι
304 2767 600 2821 omnesque
660 2749 829 2804 fortes
879 2750 1040 2804 viros.
1100 2736 1337 2804 Circuite
1392 2748 1578 2803 urbem
1626 2750 1807 2804 cuncti

241 2865 259 2897 c
303 2844 591 2900 bellatores
617 2842 783 2897 semel
807 2857 902 2912 per
929 2842 1089 2897 diem.
1121 2840 1212 2896 Sic
1238 2839 1447 2897 facietis
1468 2858 1561 2897 sex
1590 2842 1809 2910 diebus;

242 2954 263 2986 ‹
304 2936 535 3006 septimo
557 2943 739 2988 autem
768 2933 856 2989 die
884 2933 1194 2988 sacerdotes
1238 2932 1429 2988 tollant
1454 2941 1658 3003 septem
1686 2935 1817 2990 buc-

243 3045 260 3076 ι
309 3024 483 3089 einas,
514 3039 742 3093 quarum
772 3039 903 3078 usus
930 3031 1013 3077 est
1057 3023 1108 3077 in
1133 3022 1350 3092 jubilzeo
1373 3064 1388 3089 ,
1428 3033 1482 3078 et
1511 3027 1817 3095 praecedant

246 3134 262 3164 ι
309 3129 492 3168 arcam
521 3112 745 3167 foederis
768 3113 999 3171 Domini.
1033 3111 1351 3182 Septiesquc
1373 3114 1669 3168 circuibitis
1691 3116 1817 3170 civi-

243 3222 261 3252 ι
304 3209 471 3256 tatem
502 3241 517 3268 ,
558 3210 613 3255 et
660 3202 969 3256 sacerdotes
997 3199 1248 3271 clangent
1275 3201 1537 3257 huccinis.
1574 3192 1816 3273 Cumque

242 3310 262 3342 ι
310 3290 610 3345 insonuerit
630 3305 734 3343 vox
764 3291 904 3344 tubae
929 3290 1139 3360 longior
1167 3300 1328 3360 atque
1351 3291 1641 3357 concisior,
1671 3299 1727 3347 et
1762 3293 1816 3345 in

245 3401 264 3433 ι
309 3381 532 3435 auribus
572 3380 767 3435 vestris
810 3380 1176 3449 increpuerit,
1230 3380 1590 3436 conclamabit
1641 3384 1819 3438 omnis

244 3489 262 3520 ι
309 3469 537 3540 populus
575 3470 962 3525 vociferatione
1010 3470 1265 3535 maxima,
1304 3479 1358 3525 et
1407 3471 1546 3525 muri
1578 3470 1818 3527 funditus

244 3578 262 3611 ι
308 3567 566 3615 corruent
612 3560 888 3625 civitatis,
942 3558 1419 3630 ingredienturque
1474 3561 1667 3630 singuli
1721 3577 1820 3630 per

243 3671 262 3701 ι
311 3649 488 3704 locum
515 3658 700 3704 contra
728 3665 888 3718 quem
932 3650 1199 3713 steterint,
1236 3668 1254 3699 ι
1286 3658 1389 3704 etc.
1424 3649 1532 3721 (Ea:
1562 3649 1815 3722 Isidoro.)

236 3738 617 3793 Circumdatur
668 3738 890 3793 Iericho
919 3777 935 3805 ,
995 3746 1441 3808 expugnaturque
1473 3780 1487 3802 ,
1556 3739 1818 3794 adversus

238 3844 406 3900 quam
438 3829 646 3898 gladius
694 3845 799 3883 non
846 3828 1182 3890 conducitur,
1224 3828 1367 3883 aries
1412 3844 1517 3883 non
1548 3829 1816 3900 dirigitur,

236 3936 342 3976 nec
380 3921 480 3975 tela
512 3921 795 3976 vibrantur
843 3935 859 3973 :
901 3920 1041 3974 tubae
1078 3920 1415 3975 solummodo
1449 3922 1819 3978 sacerdotales

239 4016 452 4077 septem
482 4008 671 4062 diebus
695 4008 965 4064 continuis
995 4007 1339 4072 adhibentur,
1371 4010 1556 4078 sicque
1583 4011 1818 4065 circum-

242 4105 365 4151 acta
416 4113 542 4151 arca
582 4099 719 4151 muri
749 4096 964 4151 Iericho
1006 4098 1356 4152 subruuutur.
1393 4096 1611 4154 Iericho
1639 4110 1820 4156 autem

237 4202 341 4258 per
373 4187 873 4258 interpretationem
915 4188 1038 4241 luna
1064 4188 1290 4256 dicitur;
1322 4188 1448 4244 luna
1478 4205 1605 4245 vero
1635 4192 1819 4246 mundi

241 4274 403 4343 hujus
429 4278 660 4345 speciem
691 4286 857 4342 tenet,
886 4278 1011 4347 quia
1039 4279 1177 4333 sicut
1205 4278 1329 4333 luna
1352 4282 1645 4337 menstruis
1667 4298 1817 4337 com-

239 4367 567 4437 pletionihus
597 4368 818 4432 deﬁcit,
857 4369 929 4423 ita
982 4369 1068 4424 hic
1118 4370 1353 4426 mundus
1396 4372 1464 4425 ad
1506 4371 1820 4442 completio-

239 4476 367 4515 nem
389 4468 688 4531 temporum
715 4477 963 4526 currens,
991 4462 1318 4531 quotidianis
1335 4461 1634 4517 defectibus
1653 4464 1814 4517 cadit.

240 4550 300 4605 In
334 4567 458 4604 arca
491 4566 618 4606 vero
647 4550 880 4606 Ecclesia
906 4550 1184 4622 ﬁguratur,
1213 4552 1267 4605 in
1294 4551 1437 4605 tubis
1464 4559 1641 4605 autem
1661 4552 1818 4607 tereis

240 4643 625 4715 praedicatores
663 4640 832 4697 fortes
880 4641 1233 4711 accipiuntur.
1282 4641 1432 4696 Hanc
1476 4655 1605 4713 ergo
1628 4642 1817 4696 urbem

239 4732 463 4788 Iericho
486 4732 675 4787 diebus
698 4742 903 4803 septem
920 4731 1157 4787 ferentes
1177 4748 1357 4786 arcam
1379 4732 1633 4787 Israelita:
1656 4732 1819 4786 amcis

241 4822 391 4877 tubis
436 4822 808 4893 claugentibus
852 4822 1227 4888 circumeunt,
1276 4832 1331 4878 et
1378 4823 1519 4877 muri
1568 4824 1683 4894 ejus
1722 4839 1820 4893 per

239 4926 384 4967 arca
400 4913 759 4981 praesentiam,
785 4922 945 4983 atque
965 4928 1226 4969 arearum
1255 4914 1503 4968 tubarum
1528 4915 1703 4969 sonitu
1736 4930 1820 4969 ca-

242 5002 411 5066 dunt;
442 5002 569 5073 quia
597 5003 651 5055 in
688 5003 790 5058 hoc
822 5012 1061 5073 tempore
1086 5003 1228 5074 quod
1266 5014 1470 5074 septem
1494 5004 1701 5059 dierum
1744 5005 1823 5057 vi-

242 5089 562 5159 cissitudine
590 5092 844 5158 volvitur,
895 5094 1021 5147 dum
1056 5093 1226 5148 fertur
1251 5110 1377 5149 arca
1399 5136 1414 5161 ,
1449 5096 1501 5149 id
1539 5103 1656 5159 est,
1695 5096 1823 5151 dum

241 5178 436 5239 orbem
480 5188 746 5237 terrarum
783 5182 1109 5237 circumiens
1142 5194 1388 5239 movetur
1423 5185 1685 5241 Ecclesia.
1717 5185 1825 5239 Vc-

240 5271 402 5326 uiens
424 5284 558 5326 vero
581 5271 841 5328 Dominus
868 5282 1049 5328 noster
1071 5272 1228 5328 Iesus
1257 5272 1524 5340 Christus,
1554 5276 1707 5346 cujus
1735 5276 1822 5332 ille

244 5361 400 5431 prior
416 5356 560 5416 ﬁlius
575 5360 721 5417 Nave
745 5362 1065 5433 designabat
1086 5362 1373 5418 adventum
1390 5405 1404 5428 ,
1436 5364 1603 5418 mittit
1642 5381 1823 5419 sacer-

244 5457 401 5505 dotes
413 5451 684 5522 apostolos
707 5468 852 5517 suos,
868 5461 1145 5522 portantes
1175 5455 1330 5509 tubas
1361 5455 1609 5518 ductiles,
1633 5455 1824 5525 praedi-

245 5540 478 5595 cationis
498 5542 839 5613 magniﬁcam
859 5544 1240 5613 caelestemque
1259 5543 1580 5599 doctrinam.
1625 5544 1822 5600 Sacer—

249 5629 415 5684 dotali
444 5633 571 5687 tuba
596 5633 804 5704 primus
832 5634 885 5688 in
913 5633 1201 5704 Evangelio
1226 5633 1508 5689 Matthzeus
1528 5634 1818 5703 increpuit:

252 5720 465 5777 Marcus
492 5737 721 5793 quoque,
752 5721 927 5779 Lucas
958 5731 1011 5779 et
1040 5722 1290 5789 Ioannes,
1323 5725 1433 5780 suis
1465 5724 1655 5796 singuli
1681 5725 1822 5780 tubis

1845 4505 1895 4564 D

1908 2114 2014 2168 lam
2043 2113 2212 2184 magis
2235 2111 2473 2166 ostendit
2503 2126 2719 2174 vocem,
2769 2126 2874 2179 qua
2903 2110 3025 2164 belli
3059 2119 3300 2180 tempore
3327 2124 3485 2163 exer-

1910 2204 2049 2259 citus
2102 2203 2395 2257 clamorem
2453 2216 2749 2256 consonum
2808 2201 3030 2264 tollens,
3065 2201 3393 2255 unanimiter
3425 2215 3485 2255 se

1910 2293 2181 2347 cohortari
2210 2293 2276 2346 ad
2314 2291 2513 2347 bellum
2544 2291 2701 2357 solet,
2736 2300 2913 2347 tamen
2943 2293 3031 2346 hic
3060 2308 3237 2348 sermo
3255 2293 3308 2346 in
3337 2292 3485 2348 Scri-

1909 2389 2083 2460 pturis
2114 2387 2366 2459 jubilatio
2398 2389 2571 2459 magis
2618 2404 2779 2458 quam
2811 2389 3033 2445 ululatio
3085 2392 3366 2446 consuevit
3402 2392 3486 2445 in-

1912 2478 2097 2543 scribi,
2134 2485 2195 2531 ut
2222 2479 2296 2533 ibi
2327 2496 2339 2532 :
2400 2496 2419 2529 c
2478 2477 2713 2534 Iubilate
2748 2480 2880 2547 Deo,
2906 2482 3084 2535 omnis
3114 2489 3257 2536 terra
3310 2481 3481 2553 (Psal.

1912 2568 2078 2639 va);
2125 2589 2143 2621 ι
2178 2569 2247 2623 Et
2280 2570 2519 2624 iterum:
2567 2590 2584 2620 ι
2622 2570 2817 2625 Beatus
2848 2572 3074 2641 populus
3117 2573 3210 2641 qui
3255 2573 3359 2628 scit
3402 2572 3489 2641 ju-

1912 2657 2228 2713 bilationem
2284 2656 2457 2730 (Psal.
2492 2659 2779 2730 ωηεν-ιιι).
2820 2679 2839 2712 ι
2873 2660 3025 2727 Quod
3069 2661 3233 2716 etiam
3260 2676 3346 2717 me
3371 2676 3490 2731 per-

1915 2756 2093 2803 movet
2140 2749 2367 2815 dictum,
2400 2749 2528 2818 quid
2567 2750 2707 2803 istud
2750 2756 2959 2804 tantum
3008 2750 3079 2804 sit
3110 2750 3311 2819 operis,
3342 2750 3487 2819 quod

1914 2838 2129 2893 beatum
2160 2839 2414 2909 populum
2453 2839 2638 2894 faciat.
2672 2840 2788 2895 Non
2819 2841 2969 2904 dixit,
3009 2841 3134 2911 quia
3182 2841 3371 2895 beatus
3393 2856 3490 2910 po—

1914 2932 2072 3000 pulus
2099 2933 2189 3001 qui
2220 2932 2324 2987 scit
2348 2932 2632 3002 mysteria,
2660 2942 2716 2986 ct
2747 2932 2839 3002 qui
2882 2934 2985 2987 scit
3011 2931 3133 2987 caeli
3161 2948 3229 2987 ac
3255 2940 3414 2986 terrae
3435 2940 3491 2987 et

1916 3024 2153 3077 siderum
2178 3022 2443 3077 rationem
2475 3038 2489 3087 ;
2526 3022 2619 3076 sed
2654 3040 2671 3071 ι
2714 3021 2926 3087 beatus,
2967 3042 2986 3074 ι
3034 3022 3227 3090 inquit,
3265 3040 3283 3073 ε
3321 3038 3492 3092 popu-
3560 3064 3571 3071 λ

1916 3114 2001 3167 lus
2027 3113 2120 3182 qui
2166 3112 2270 3166 scit
2313 3111 2709 3182 jubilationem.
2748 3131 2765 3162 ι
2800 3111 2857 3165 In
2901 3111 3021 3165 aliis
3052 3111 3214 3166 timor
3242 3110 3337 3165 Dei
3369 3112 3492 3165 bea-

1923 3213 2032 3259 tum
2059 3202 2226 3268 facit;
2261 3203 2340 3256 sic
2388 3202 2530 3255 enim
2583 3201 2717 3256 dicit
2750 3216 2763 3255 :
2803 3220 2820 3251 ι
2851 3201 3049 3255 Beatus
3099 3201 3183 3254 vir
3208 3200 3299 3269 qui
3337 3200 3492 3254 timet

1920 3293 2208 3347 Dominum
2264 3289 2437 3361 (Psal.
2498 3289 2632 3359 cxi).
2672 3310 2690 3343 ›
2726 3288 2865 3344 Alibi
2899 3291 3063 3344 etiam
3128 3289 3311 3359 plures
3354 3288 3493 3342 ﬁunt

1920 3382 2086 3447 beati,
2122 3382 2260 3436 sicut
2289 3394 2554 3450 pauperes
2582 3379 2797 3449 spiritu,
2852 3379 2935 3433 vel
2962 3377 3252 3443 mansueti,
3281 3377 3366 3431 vel
3393 3391 3492 3447 pa-

1920 3474 2080 3539 ciﬁci,
2130 3473 2214 3527 vel
2264 3473 2451 3526 mundi
2499 3472 2663 3526 corde
2713 3469 2926 3541 (Matth.
2971 3468 3047 3538 v).
3082 3469 3181 3523 Hie
3217 3467 3495 3524 beatitudo

1918 3564 2134 3635 profusa
2156 3570 2259 3626 est,
2287 3568 2340 3614 et
2370 3568 2518 3614 tanta
2551 3561 2639 3614 hic
2685 3560 2868 3614 nescio
2896 3575 3016 3628 qua:
3061 3573 3227 3613 causa
3258 3558 3493 3612 beatitu—

1920 3654 2062 3710 dinis
2101 3651 2390 3716 indicatur,
2432 3656 2491 3702 ut
2527 3649 2838 3703 universum
2873 3648 3125 3717 populum
3172 3647 3336 3700 faciat
3364 3647 3492 3701 bea-

1922 3751 2061 3805 tum,
2113 3740 2203 3811 qui
2260 3747 2439 3794 tamen
2499 3738 2683 3793 scierit
2718 3734 3112 3803 jubilationem.
3163 3734 3314 3789 Unde
3360 3736 3492 3789 mihi

1920 3832 2129 3887 videtur
2166 3828 2418 3898 jubilatio
2450 3829 2554 3882 ista
2588 3827 2827 3881 indicare
2880 3826 3167 3896 quemdam
3194 3825 3495 3880 concordiae

1919 3929 1974 3975 et
2000 3920 2372 3975 unaniinitatis
2396 3918 2665 3973 affectum.
2722 3916 2823 3984 Qui
2851 3916 2895 3971 si
2937 3916 3139 3970 incidat
3171 3915 3226 3970 in
3254 3916 3386 3970 duos
3411 3915 3491 3971 vel

1920 4010 1974 4064 in
2014 4018 2126 4064 tres
2149 4008 2350 4063 Christi
2383 4007 2699 4078 discipulos,
2732 4007 2913 4061 omnia
2970 4022 3300 4076 quaacunque
3327 4008 3495 4077 petie-

1920 4102 2029 4156 rint
2058 4102 2109 4155 in
2132 4102 2346 4155 nomine
2365 4099 2665 4155 Salvatoris
2692 4108 2915 4170 praestat
2941 4100 3019 4154 eis
3043 4100 3202 4153 Pater
3228 4100 3484 4155 cmlestis.

1921 4190 1979 4247 Si
2019 4207 2148 4246 vero
2184 4200 2332 4245 tanta
2362 4190 2522 4247 fuerit
2546 4191 2843 4255 beatitudo,
2872 4199 2931 4244 ut
2958 4190 3243 4243 universus
3264 4190 3495 4259 pepulus

1921 4299 2149 4340 concors
2174 4291 2227 4339 et
2253 4284 2537 4337 unanimus
2560 4291 2795 4345 maneat,
2848 4292 2907 4335 ut
2934 4280 3122 4335 eadem
3176 4280 3359 4334 dicant
3387 4296 3497 4334 om-

1922 4389 2040 4439 nes,
2073 4382 2130 4428 et
2159 4374 2213 4427 in
2239 4374 2429 4428 eodem
2458 4388 2640 4435 sensu,
2669 4380 2725 4425 et
2772 4370 2824 4425 in
2852 4370 3041 4425 eadem
3077 4370 3343 4424 sententia
3372 4384 3497 4439 per-

1922 4469 2221 4526 manentes,
2257 4461 2359 4515 isto
2391 4460 2483 4514 tali
2536 4459 2729 4529 populo
2786 4473 2972 4512 vocem
3020 4457 3346 4511 unanimiter
3382 4458 3497 4512 ele-

1924 4561 2104 4619 vante,
2139 4552 2229 4606 ﬁet
2258 4552 2385 4607 illud
2429 4550 2570 4621 quod
2602 4551 2862 4618 scriptum
2893 4556 2977 4602 est
3025 4548 3080 4602 in
3106 4546 3330 4603 Actibus
3368 4564 3497 4618 apo-

1922 4644 2183 4699 stolorum
2211 4641 2369 4713 (Cap.
2403 4639 2498 4712 v),
2529 4639 2655 4710 quia
2692 4645 3032 4692 terraamotus
3066 4634 3237 4690 factus
3279 4645 3363 4691 est
3406 4638 3497 4692 ubi

1926 4746 2054 4791 tunc
2100 4735 2381 4790 unanimes
2423 4734 2650 4787 orabant
2686 4728 2951 4800 apostoli,
3005 4744 3126 4782 cum
3180 4728 3501 4784 mulieribus

1924 4837 1978 4882 et
2024 4828 2188 4882 Maria
2225 4834 2396 4880 matre
2424 4824 2572 4879 Jesu.
2606 4824 2673 4877 Et
2697 4830 3007 4877 ternnmotu
3042 4820 3185 4877 facto
3215 4822 3496 4877 destruen-

1926 4927 2015 4973 tur
2074 4926 2130 4973 et
2178 4917 2372 4973 cadent
2422 4915 2602 4969 omnia
2655 4928 2776 4984 quae
2842 4921 3054 4967 terrena
3104 4921 3249 4976 sunt,
3282 4921 3339 4967 et
3366 4913 3493 4967 sub-

1924 5017 2164 5064 vertetur
2194 5009 2445 5062 mundus.
2480 5005 2615 5060 Audi
2645 5005 2875 5073 denique
2904 5002 3189 5058 Dominum
3228 5012 3281 5059 et
3305 5003 3495 5058 Salva-

1925 5104 2096 5152 torem
2130 5105 2393 5161 nostrum,
2421 5095 2596 5150 adhuc
2638 5097 2809 5165 ipsum
2846 5112 2971 5151 suos
3000 5095 3195 5150 milites
3215 5094 3495 5149 cohortan-

1924 5193 2057 5245 tem.
2086 5185 2356 5255 quomodo
2392 5183 2523 5239 dicit
2550 5202 2563 5237 :
2601 5202 2618 5233 ι
2654 5184 2942 5250 Coufidite,
2968 5201 3069 5257 ego
3100 5183 3201 5238 vici
3233 5179 3499 5236 mundum

1926 5277 2112 5350 (Ioan.
2144 5276 2277 5347 xvi).
2317 5296 2335 5328 ι
2373 5276 2467 5331 1110
2498 5292 2626 5347 ergo
2685 5279 2819 5333 duce
2861 5277 2974 5346 jam
3004 5277 3157 5332 nobis
3205 5274 3378 5327 victus
3408 5277 3501 5325 est

1928 5368 2178 5432 mundus,
2210 5374 2265 5421 et
2290 5366 2427 5420 muri
2453 5366 2570 5435 ejus
2594 5367 2812 5436 collapsi
2854 5376 2996 5432 sunt,
3024 5366 3217 5434 quibus
3246 5360 3503 5416 homines

1924 5457 2104 5511 smculi
2132 5458 2463 5511 nitebantur.
2497 5456 2604 5511 Sed
2626 5465 2681 5510 et
2703 5458 3071 5526 unusquisque
3110 5460 3353 5508 nostrum
3404 5452 3503 5505 de-

1923 5548 2011 5603 bet
2041 5549 2093 5602 in
2131 5549 2420 5618 semetipso
2462 5548 2563 5601 ista
2598 5549 2886 5618 complere.
2916 5547 3093 5601 [labes
3125 5545 3179 5599 in
3227 5552 3278 5598 te
3305 5540 3497 5598 Iesum

1923 5639 2111 5694 ducem
2136 5654 2231 5708 per
2261 5639 2437 5700 ﬁdem,
2470 5635 2554 5690 fac
2582 5637 2677 5691 tibi
2703 5637 2856 5691 tubas
2881 5634 3125 5701 ductilcs,
3158 5634 3202 5689 si
3231 5633 3493 5689 sacerdos

1921 5742 2018 5794 es;
2076 5744 2208 5799 gens
2256 5728 2399 5783 enim
2430 5725 2624 5796 regalis
2675 5725 2862 5781 effecta
2921 5739 3000 5793 es,
3033 5732 3087 5780 et
3116 5726 3491 5784 sacerdotium:
