3996 6176
458 411 598 468 1025

1092 408 1151 462 Β.
1189 404 1443 463 RABANI
1477 404 1695 459 MAURI
1728 399 2047 457 ARCHIEP.
2092 392 2399 449 MOGUNT.
2440 389 2726 448 OPERUM
2763 388 2944 444 PARS
2973 388 3015 443 I.

3555 383 3719 440 1095-5

455 534 701 580 sanctum
732 521 797 577 de
827 528 879 575 te
915 520 1115 576 dictum
1169 528 1252 574 est
1286 538 1298 572 :
1329 518 1411 573 fac
1441 517 1537 583 tibi
1590 517 1747 570 tubas
1804 512 2030 569 ductiles
2058 518 2106 576 Α
2135 505 2307 560 tilium
2337 505 2631 567 celebrant,
2682 502 2971 556 anathema
3023 500 3079 555 in
3110 498 3405 553 Ecclesiam
3456 498 3727 553 introdu-

457 628 524 668 ex
585 610 908 678 Seripturis,
965 608 1088 663 inde
1117 609 1221 663 duc
1269 623 1480 670 sensus,
1535 606 1660 659 inde
1706 617 2023 668 sermones;

457 709 741 770 propterea
778 699 921 751 enim
976 699 1117 751 tubae
1150 694 1378 750 ducliles
1421 694 1778 764 appellantur.
1811 693 1867 746 In
1899 692 2031 762 ipsis

458 807 612 852 cane,
640 787 711 843 'et
736 790 779 842 si
808 789 859 841 in
893 787 1088 840 talibus
1113 786 1375 841 cecineris
1403 785 1566 847 tubis,
1597 784 1649 837 id
1681 791 1784 847 est,
1816 783 1868 835 in
1888 780 2030 850 psal-

457 883 582 944 mis,
622 881 836 950 hymnis
882 887 935 933 et
972 877 1199 932 canticis
1250 876 1602 945 spiritalibus,
1636 882 1692 928 et
1720 872 1919 941 septies
1945 885 2032 924 ar-

461 987 579 1025 cam
624 969 932 1024 testamenti
982 968 1400 1032 circumtuleris,
1440 966 1496 1020 id
1544 974 1650 1028 est,
1678 964 1814 1035 legis
1842 962 2034 1017 Mosai-

460 1076 537 1114 cae
560 1070 830 1129 praecepta
862 1059 930 1112 ab
956 1057 1284 1129 evangelicis
1337 1072 1443 1111 non
1478 1054 1818 1125 separaveris
1846 1054 2028 1118 tubis;

462 1151 555 1206 sed
583 1150 744 1203 etiam
787 1148 1122 1218 jubilationis
1170 1163 1235 1202 ex
1269 1147 1553 1216 temetipso
1593 1146 1776 1215 exigas
1808 1160 2035 1199 consen-

459 1255 600 1302 sum,
653 1239 705 1292 id
734 1244 840 1303 est,
872 1238 918 1293 si
971 1237 1361 1306 cogitationum
1407 1244 1463 1290 et
1502 1251 1773 1289 sensuum
1818 1243 2032 1288 tuorum

459 1329 686 1400 populus
716 1329 806 1397 qui
835 1329 975 1381 intra
1005 1336 1057 1381 te
1084 1334 1167 1382 cst
1215 1327 1538 1381 concordem
1578 1342 1790 1396 semper
1818 1334 1872 1381 et
1905 1341 2036 1381 con-

459 1437 651 1476 sonam
708 1420 948 1491 proferat
1001 1436 1211 1487 vocem,
1264 1429 1319 1475 et
1368 1437 1473 1475 non
1513 1420 1801 1488 aliquando
1847 1434 2035 1473 verum

461 1513 631 1576 dicas,
660 1511 948 1579 aliquando
980 1527 1225 1580 personae
1254 1511 1540 1579 potestatis
1592 1509 1859 1563 adulantis
1886 1523 2037 1563 men-

462 1599 616 1652 dacio
666 1599 953 1653 maculeris
981 1618 993 1652 :
1030 1600 1073 1654 si
1106 1616 1212 1653 non
1256 1607 1307 1653 te
1337 1597 1625 1667 aliquando
1662 1596 1920 1650 blandum
1951 1611 2035 1650 re-

463 1689 652 1743 missio
715 1688 897 1755 faciat,
938 1690 1240 1759 aliquando
1292 1688 1572 1743 iracundia
1633 1687 2034 1753 truculentum;

463 1777 510 1831 si
550 1793 655 1832 non
686 1794 948 1849 arrogans
998 1779 1137 1849 apud
1189 1779 1450 1845 modicos,
1497 1786 1553 1832 et
1599 1778 1740 1846 apud
1778 1777 2039 1845 superbos

2128 603 2256 651 cunt
2282 595 2420 664 ;‘qui
2446 602 2715 649 astrorum
2742 593 2995 647 cursibus
3023 591 3163 645 vitas
3210 590 3485 644 hominum
3515 597 3574 642 et
3602 603 3724 659 ge—

2128 695 2210 742 sta
2246 686 2581 755 perquirunt,
2622 684 2715 754 qui
2761 682 2971 736 volatus
3017 682 3218 746 avium,
3275 688 3329 734 et
3357 688 3551 735 caetera
3599 680 3724 733 hu—

2124 777 2359 850 jusmodi
2385 791 2504 845 qua:
2537 777 2590 828 in
2619 773 2816 829 szcculo
2873 773 3022 842 prius
3058 772 3490 826 observabantur
3522 771 3719 841 inqui-

2130 875 2279 932 runt,
2305 865 2372 920 de
2395 864 2609 919 Iericho
2637 863 2926 916 anathema
2972 859 3225 916 deferunt
3272 861 3327 914 in
3371 860 3723 925 Ecclesiam,

2131 968 2187 1012 et
2233 957 2479 1028 polluunt
2528 964 2706 1010 castra
2739 954 2973 1018 Domini,
3011 961 3064 1008 et
3093 952 3237 1005 vinci
3289 951 3492 1006 faciunt
3534 968 3732 1022 popu—

2131 1047 2241 1102 lum
2271 1048 2385 1102 Dei.
2414 1044 2518 1100 Sed
2549 1052 2604 1099 et
2647 1044 2813 1098 multa
2866 1043 2970 1096 alia
3019 1049 3243 1111 peccata
3281 1050 3425 1105 sunt,
3446 1056 3547 1110 per
3579 1057 3732 1110 qam:

2132 1136 2417 1190 anathema
2442 1136 2508 1190 de
2532 1133 2747 1188 Iericho
2770 1133 3129 1187 introducitur
3167 1132 3219 1184 in
3265 1130 3557 1185 Eeclesiam
3611 1147 3733 1199 per

2134 1242 2253 1298 quae
2284 1226 2511 1297 populus
2540 1224 2635 1279 Dei
2662 1224 2896 1278 vincitur
2925 1232 2979 1278 et
3023 1222 3390 1292 prosternitur
3429 1222 3498 1275 ab
3524 1221 3735 1275 inimi-

2136 1317 2232 1371 cis.
2266 1315 2370 1369 Aut
2396 1330 2501 1369 non
2548 1314 2836 1383 Apostolus
2887 1313 3002 1366 haec
3056 1312 3242 1366 eadem
3276 1311 3539 1379 pnecipit,
3576 1326 3733 1364 cum

2135 1406 2267 1461 dicit
2298 1424 2311 1459 :
2350 1426 2369 1456 ε
2428 1406 2691 1459 Modicum
2746 1403 3068 1457 fermentum
3104 1409 3270 1456 totam
3325 1415 3555 1455 massam
3583 1417 3736 1455 cor-

2136 1494 2384 1566 rumpit?
2419 1515 2436 1547 ›
2470 1493 2521 1567 (I
2544 1490 2664 1548 Car.
2692 1493 2770 1565 v.)

2716 1607 2944 1662 CAPUT
2990 1606 3126 1661 VIII.

2138 1717 2216 1772 De
2243 1735 2302 1772 eo
2329 1719 2469 1788 quod
2495 1717 2641 1771 Raab
2664 1719 2985 1770 meretricem
3034 1725 3081 1769 et
3104 1716 3330 1788 (domum
3356 1734 3416 1770 ac
3446 1716 3738 1788 [inutilium

2209 1789 2321 1856 ejus
2342 1786 2513 1841 'Josue
2561 1788 2681 1855 fecit
2722 1788 2887 1840 vivere
2942 1796 2989 1839 ct
3022 1786 3257 1856 habitare
3292 1788 3346 1839 in
3372 1787 3539 1839 medio
3571 1786 3743 1854 ﬁlio-

465 1867 685 1920 humilis
734 1868 1032 1923 inveniris:
1067 1869 1299 1937 denique
1346 1869 1390 1923 si
1432 1884 1538 1923 non
1585 1883 1763 1938 pugna
1813 1869 1955 1922 intra
1986 1876 2040 1922 te

2213 1855 2327 1938 riunt
2352 1855 2540 1938 Israel,
2570 1866 2617 1911 et
2651 1857 2715 1910 de
2745 1856 3022 1910 maledicto
3072 1855 3277 1924 prolato
3322 1865 3502 1910 contra
3530 1857 3740 1910 urbm

465 1958 694 2025 geritur,
727 1956 855 2011 dum
911 1960 1243 2028 concupiscit
1289 1975 1419 2015 caro
1458 1960 1717 2013 adversus
1764 1959 2032 2028 spiritum,

465 2057 520 2101 et
547 2048 768 2116 spiritus
795 2050 1053 2105 adversus
1084 2066 1326 2106 carnem.
1380 2050 1487 2123 (Ex
1517 2050 1770 2124 Isidoro.)
1813 2050 1872 2105 Si
1925 2052 2043 2123 haec

466 2139 610 2194 intra
635 2148 686 2194 te
703 2142 816 2210 jam
853 2152 1153 2197 consonant
1183 2150 1239 2197 et
1284 2144 1636 2209 concordant,
1684 2158 1874 2198 vocem
1899 2141 2043 2210 jubi-

467 2228 686 2283 lationis
732 2230 842 2285 cito
900 2233 1122 2298 emittis,
1179 2233 1435 2302 quoniam
1479 2234 1784 2287 destructus
1821 2241 1877 2287 et
1901 2228 2045 2299 deje-

471 2326 590 2372 ctus
613 2327 697 2372 est
719 2321 972 2387 mundus,
1027 2323 1117 2390 qui
1168 2321 1269 2376 fuit
1298 2332 1424 2377 ante
1476 2322 1572 2377 tibi
1613 2311 1825 2377 rebellis
1857 2340 1869 2375 :
1896 2330 1953 2378 et
1975 2323 2043 2378 ad

466 2408 873 2476 priedicantium
928 2426 1109 2475 voces,
1168 2413 1321 2481 quasi
1379 2413 1444 2467 ad
1503 2413 1756 2467 tubarum
1808 2414 2043 2468 sonitum

470 2497 611 2549 inuri
637 2496 873 2563 Iericho,
902 2500 954 2553 id
989 2511 1090 2565 est,
1121 2501 1245 2555 elati
1279 2503 1462 2558 mundi
1496 2517 1561 2556 ac
1591 2503 1823 2572 superba
1855 2502 2046 2556 intide-

470 2584 639 2640 litatis
672 2588 948 2642 obstacula
979 2600 1262 2657 corruunt,
1290 2592 1462 2646 donec
1490 2592 1542 2645 in
1587 2591 1694 2645 ﬁne
1740 2601 2045 2661 temporum

470 2689 620 2729 mors
654 2678 948 2731 novissima
979 2679 1198 2735 inimica
1254 2682 1584 2736 destruatur.
1618 2681 1686 2736 Et
1736 2697 1804 2737 ex
1854 2683 2047 2752 impio-

474 2778 593 2817 rum
616 2766 918 2833 perditione
943 2769 1101 2823 unica
1132 2770 1324 2825 domus
1356 2770 1530 2837 Raab,
1584 2781 1841 2842 tanquam
1883 2773 2044 2826 unica

472 2853 718 2908 Ecclesia
763 2856 1043 2924 liberatur,
1094 2861 1292 2915 munda
1335 2877 1365 2914 a
1400 2863 1613 2917 turbine
1649 2862 2042 2927 fornicationis,

469 2960 570 3015 per
599 2946 891 3002 fenestram
924 2949 1298 3016 confessionis,
1327 2952 1381 3005 in
1407 2952 1667 3023 sanguine
1689 2952 2044 3007 remissionis.

472 3039 581 3094 Ista
608 3042 751 3095 enim
791 3044 1052 3097 meretrix
1077 3042 1130 3097 in
1169 3042 1388 3099 Iericho
1441 3054 1696 3115 tanquam
1726 3047 1781 3100 in
1827 3045 2045 3100 mortali

474 3132 578 3187 hoc
606 3134 801 3189 sarculo
826 3144 1087 3201 moratur,
1139 3153 1258 3206 quae
1283 3144 1341 3191 ut
1368 3138 1567 3192 salvari
1616 3139 1808 3208 possit,
1839 3153 1936 3208 per
1969 3136 2047 3192 fe-

2212 1925 2424 1980 Iericho
2435 1962 2449 1977 .

2215 2033 2390 2109 (Iam)
2432 2055 2451 2087 ‹
2478 2035 2627 2091 Raab
2657 2052 2785 2091 vero
2827 2038 3187 2103 meretricem,
3215 2046 3271 2092 et
3292 2039 3509 2093 domum
3539 2037 3745 2106 patris

2150 2144 2170 2179 ε
2213 2125 2350 2194 ejus,
2377 2135 2540 2198 atque
2584 2129 2762 2182 omnia
2789 2144 2908 2199 qum
2942 2131 3194 2194 habebat,
3258 2130 3385 2184 fecit
3422 2129 3588 2184 Iosue
3652 2132 3750 2184 vi-

2150 2234 2171 2268 ‹
2212 2232 2362 2283 vere,
2391 2225 2447 2272 et
2470 2217 2849 2272 habitaverunt
2901 2218 2953 2271 in
3003 2219 3180 2272 medio
3227 2217 3394 2272 Israel
3441 2233 3619 2287 usque
3684 2219 3745 2273 in

2151 2329 2171 2363 ς
2215 2315 2537 2379 ρτωεθηῑθτη
2594 2308 2756 2371 diem,
2808 2323 2874 2363 eo
2927 2308 3069 2378 quod
3119 2310 3459 2364 absconderit
3501 2311 3746 2366 nuntios

2153 2418 2173 2451 ι
2217 2413 2354 2468 quos
2409 2397 2653 2460 miserat,
2690 2404 2749 2451 ut
2795 2398 3140 2466 explorarent
3189 2397 3424 2453 Iericho.
3466 2418 3483 2451 ι
3543 2400 3746 2454 Velim

2147 2491 2423 2559 requirere
2459 2505 2489 2543 a
2528 2488 2725 2544 Iudaeis
2772 2497 2827 2544 et
2873 2490 2939 2544 ab
2997 2490 3082 2544 his
3127 2491 3219 2558 qui
3249 2489 3547 2545 Christiani
3596 2491 3744 2560 qui-

2146 2581 2269 2635 dem
2297 2579 2568 2645 dicuntur,
2620 2580 2712 2634 sed
2747 2579 2799 2633 in
2830 2578 3131 2649 Scripturis
3165 2580 3340 2634 adhuc
3384 2595 3603 2634 sensum
3635 2578 3747 2633 Iu-

2147 2669 2357 2741 daicum
2406 2679 2648 2736 servant,
2677 2670 2945 2740 quomodo
2973 2680 3246 2741 exponant
3276 2671 3423 2725 Raab
3471 2672 3744 2725 meretri-

2148 2732 2264 2814 cem
2286 2759 2549 2828 adjectam
2576 2775 2697 2815 esse
2724 2759 2902 2816 domui
2929 2761 3092 2815 Israel
3121 2775 3289 2830 usque
3320 2760 3372 2814 in
3398 2759 3745 2815 hodiernum

2148 2850 2310 2905 diem.
2362 2848 2642 2916 Quomodo
2692 2850 2841 2903 Raab
2898 2865 3071 2920 usque
3122 2849 3176 2903 in
3225 2849 3541 2904 hodiernum
3581 2849 3747 2903 diem

2148 2938 2354 3007 adjecta
2386 2955 2509 2995 esse
2556 2940 2796 2994 dicitur?
2823 2939 2937 2994 Hoc
2984 2940 3127 2994 enim
3173 2938 3463 3009 Scriptura
3518 2952 3748 2993 sanctze

2148 3030 2314 3085 moris
2370 3038 2472 3094 est,
2532 3032 2712 3085 dicere
2746 3030 2811 3084 de
2855 3030 2938 3083 his
2980 3046 3102 3099 qua:
3144 3045 3313 3098 usque
3356 3029 3411 3083 in
3448 3030 3611 3084 tinem
3649 3031 3749 3084 vel

2149 3120 2273 3197 vita;
2306 3121 2389 3183 vel
2427 3121 2609 3176 saeculi
2659 3130 2997 3190 permanent.
3059 3121 3222 3177 Verbi
3276 3137 3458 3178 causa.
3507 3128 3572 3175 ut
3605 3122 3699 3175 ait
3726 3141 3744 3173 :

475 3229 715 3275 nestram
761 3223 953 3279 domus
990 3240 1120 3291 sure,
1156 3234 1410 3295 tanquam
1458 3243 1555 3297 per
1581 3242 1644 3281 os
1672 3226 1913 3296 corporis
1939 3226 2041 3292 sui,

2156 3229 2174 3260 ‹
2223 3211 2322 3266 Hic
2380 3221 2536 3281 pater
2578 3221 2663 3267 est
2692 3213 3046 3269 Moabitarum
3081 3228 3252 3283 usque
3308 3215 3362 3268 in
3401 3214 3745 3269 hodiernum

475 3324 697 3365 coccum
727 3314 910 3380 mittit,
964 3316 1107 3383 quod
1135 3326 1218 3371 est
1268 3318 1547 3386 sanguinis
1580 3317 1780 3372 Christi
1835 3318 2046 3387 signum

450 3390 576 3472 ‘pro
630 3404 949 3459 remissione
995 3416 1341 3476 peccatorum
1394 3410 1640 3465 confiteri
1687 3411 1756 3464 ad
1794 3410 2045 3465 salutem.

476 3490 578 3557 Qui
611 3490 816 3547 inventi
843 3502 969 3548 sunt
995 3496 1048 3549 in
1075 3497 1235 3552 domo
1267 3497 1427 3565 illius,
1483 3499 1672 3554 salvati
1719 3507 1844 3554 sunt
1870 3497 1938 3552 ab
1967 3498 2049 3552 in-

479 3582 638 3636 teritu
688 3584 857 3651 urbis,
898 3595 952 3641 et
998 3589 1303 3658 quicunque
1357 3592 1495 3646 intra
1546 3592 1843 3647 Ecclesium
1898 3606 2050 3662 repe-

478 3670 711 3738 riuntur,
753 3674 855 3744 ipsi
907 3683 1116 3731 tantum
1169 3678 1490 3745 salvantur;
1530 3689 1682 3735 extra
1708 3682 1849 3736 hanc
1868 3691 2050 3735 autem

474 3763 715 3829 domum,
740 3765 791 3819 id
822 3776 926 3829 est.
952 3777 1103 3823 extra
1127 3769 1446 3835 Ecclesiam,
1472 3785 1630 3825 nemo
1654 3771 1908 3825 salvatur.

553 3852 731 3925 (Imm)
773 3871 792 3903 ι
838 3855 1091 3926 Dixitque
1119 3854 1280 3912 Iosue
1330 3858 1396 3911 ad
1447 3874 1661 3913 omnem
1708 3858 1915 3913 Israel:
1947 3859 2053 3914 Vo-

485 3959 504 3991 (
547 3941 846 3997 ciferamini
873 3961 888 4011 ;
921 3948 1099 4002 tradet
1125 3948 1269 4001 enim
1295 3948 1445 4002 vobis
1472 3948 1732 4003 Dominus
1753 3950 2047 4004 civitatem.

486 4050 507 4083 ‹
551 4031 742 4103 Sitque
775 4036 968 4090 civitas
1028 4039 1143 4093 hzec
1173 4040 1486 4105 anathema,
1527 4047 1580 4094 et
1625 4040 1807 4094 omnia
1855 4056 1973 4110 qua:
1997 4041 2053 4095 in

483 4142 505 4176 ι
545 4126 625 4181 eis
652 4134 797 4193 sunt,
827 4130 1075 4185 Domino.
1110 4130 1235 4185 Sola
1268 4132 1418 4187 Raab
1443 4135 1702 4188 meretrix
1730 4135 1877 4190 vivat
1929 4152 2051 4191 cum

483 4234 506 4269 ‹
551 4219 819 4273 universis
848 4220 1092 4288 quicum
1138 4236 1203 4275 ea
1255 4221 1310 4274 in
1370 4222 1529 4276 domo
1559 4231 1729 4287 sunt;
1771 4224 2054 4280 abscondit

481 4327 504 4363 ι
551 4310 697 4365 enim
728 4310 947 4363 nuntios
969 4323 1105 4378 quos
1130 4310 1447 4366 direximus.
1502 4312 1611 4367 Vos
1637 4322 1816 4368 autem
1867 4322 2055 4369 cavete

483 4418 504 4453 ι
552 4414 619 4455 ne
643 4400 818 4455 dehis
855 4415 974 4469 qua:
1029 4412 1298 4470 praecepta
1350 4410 1476 4456 sunt
1525 4403 1801 4472 quidpiam
1842 4405 2056 4459 contin-

484 4508 504 4542 ς
551 4492 712 4562 gatis,
761 4498 816 4545 et
836 4490 955 4545 sitis
1008 4492 1470 4560 praevaricationis
1516 4494 1595 4547 rei
1633 4534 1647 4558 ,
1679 4502 1734 4548 et
1754 4495 1933 4548 omnia
1962 4508 2053 4548 ca-

2149 3302 2291 3354 diem
2325 3298 2475 3373 (Gen.
2532 3300 2671 3373 xix),
2727 3322 2745 3352 ι
2789 3302 2931 3371 quod
2973 3302 3261 3373 signiﬁcat,
3307 3317 3476 3371 usque
3505 3302 3561 3355 in
3590 3318 3749 3357 eon~

2151 3393 2564 3447 summationem
2591 3393 2794 3448 saeculi.
2826 3394 2893 3448 Et
2922 3394 3118 3450 iterum
3167 3395 3221 3448 in
3257 3393 3548 3464 Evangelia
3597 3394 3747 3449 dici-

2153 3488 2242 3535 tur
2271 3500 2282 3533 :
2320 3500 2338 3532 ‹
2382 3482 2519 3548 Quia
2550 3481 2856 3537 diffamatus
2884 3493 2971 3537 est
3013 3485 3102 3539 hic
3133 3498 3313 3539 sermo
3345 3484 3485 3554 apud
3506 3484 3749 3541 Iudaea

2150 3588 2320 3642 usque
2348 3572 2401 3627 in
2425 3573 2749 3627 hodiernum
2793 3576 2932 3629 diem
2987 3572 3202 3646 (Matth.
3230 3574 3442 3644 xxviii),
3475 3594 3493 3626 ι
3538 3575 3592 3629 id
3621 3586 3744 3643 est,

2153 3682 2432 3738 usquequo
2474 3667 2728 3722 saeculum
2760 3676 2887 3722 stat.
2936 3669 3084 3722 Raab
3109 3683 3238 3722 vero
3274 3668 3469 3722 mulier
3497 3684 3742 3737 quomo-

2152 3758 2222 3813 do
2250 3756 2457 3826 adjecta
2494 3772 2613 3812 esse
2642 3758 2841 3811 dicitur
2894 3758 3074 3812 domui
3122 3757 3290 3812 Israel
3331 3772 3498 3825 usque
3547 3758 3601 3811 in
3634 3757 3740 3811 ho-

2152 3849 2398 3903 diernum
2422 3848 2610 3903 diem?
2636 3847 2888 3917 Nunquid
2942 3864 3048 3903 non
3099 3848 3259 3901 matri
3296 3848 3573 3902 successio
3628 3863 3744 3917 po-

2153 3940 2418 3994 steritatis
2452 3940 2763 4005 ascribitur,
2816 3947 2877 3993 ut
2906 3939 3154 3993 videatur
3199 3941 3251 3992 in
3281 3938 3480 3993 sobolis
3508 3954 3743 4007 reputa-

2154 4032 2298 4085 tione
2320 4031 2566 4086 servari?
2596 4046 2664 4084 an
2693 4031 2863 4099 magis
2893 4028 3298 4099 intelligendum
3325 4041 3409 4084 est
3435 4029 3582 4098 quod
3605 4044 3747 4084 vere

2155 4122 2340 4177 Israeli
2369 4121 2554 4190 juncta
2587 4131 2673 4177 est
2714 4137 2778 4177 ac
2827 4122 3033 4176 sociata
3070 4136 3242 4191 usque
3294 4121 3349 4174 in
3408 4121 3745 4176 hodiernum

2155 4212 2340 4267 diem?
2376 4212 2445 4266 Et
2472 4213 2515 4267 si
2541 4213 2624 4267 vis
2662 4210 3006 4267 manifestius
3054 4210 3238 4266 videre
3282 4211 3553 4281 quomodo
3578 4210 3747 4265 Raab

2148 4304 2392 4375 jungitur
2432 4303 2639 4369 Israeli,
2694 4305 2905 4357 intuere
2954 4303 3225 4372 quomodo
3272 4316 3459 4355 ramus
3508 4301 3743 4356 oleastri

2154 4395 2410 4450 inseritur
2433 4396 2488 4449 in
2527 4397 2763 4454 radicem
2792 4396 2947 4449 bona:
2988 4395 3181 4461 olivaz;
3210 4403 3265 4449 et
3302 4394 3572 4464 intelliges
3603 4410 3748 4463 quo-

2156 4487 2313 4540 modo
2365 4486 2422 4540 hi
2451 4487 2543 4555 qui
2572 4487 2759 4542 inserti
2796 4497 2921 4541 sunt
2963 4486 3089 4551 fide,
3142 4485 3375 4541 Abrahae
3401 4493 3458 4540 et
3497 4484 3653 4539 Isaac
3682 4494 3743 4540 et

485 4599 503 4632 ι
550 4545 660 4636 an
711 4582 876 4636 Israel
912 4545 1026 4637 sub:
1068 4592 1292 4652 peccato
1332 4584 1439 4638 sint
1485 4545 1647 4654 atque
1689 4585 1988 4647 turbentur,
2026 4604 2045 4636 ι
2080 4545 2131 4604 D
2156 4575 2340 4639 Iacob,
2396 4584 2542 4631 recte
2577 4578 2802 4646 appositi
2852 4578 3107 4632 dicuntur
3146 4585 3200 4632 et
3229 4574 3424 4642 adjecti
3475 4577 3542 4630 ad
3570 4576 3740 4630 Israel

479 4679 534 4725 et
564 4672 789 4741 reliqua.
847 4672 976 4727 Tale
1022 4680 1105 4727 est
1137 4672 1277 4743 quod
1316 4674 1588 4728 indicatur
1623 4675 1676 4728 in
1707 4675 1791 4728 his
1819 4676 1999 4730 verbis
2032 4693 2045 4729 :

479 4760 670 4815 Videte
696 4777 760 4816 ne
785 4762 912 4831 quid
944 4762 996 4816 in
1032 4765 1185 4819 vobis
1223 4764 1482 4817 szreulare
1536 4765 1800 4831 habeatis,
1835 4781 1904 4820 ne
1951 4782 2052 4821 sa:-

480 4848 693 4903 culares
739 4852 1028 4919 nequitias,
1062 4865 1128 4905 ne
1186 4853 1685 4921 tergiversationem
1742 4855 1810 4909 de
1853 4856 2051 4911 saeculo

480 4938 757 4993 vobiscum
784 4945 851 4995 ad
878 4942 1164 4998 ecclesiam
1215 4944 1488 5009 deferatis,
1523 4948 1616 5001 sed
1647 4948 1931 5003 anathema
1962 4964 2053 5004 vo—

480 5028 565 5083 bis
592 5029 664 5082 sit
705 5031 884 5085 omnis
912 5035 1251 5089 conversatio
1280 5036 1573 5092 saecularis.
1624 5035 1801 5093 Nolite
1852 5039 2054 5095 divinis

480 5120 751 5173 mundana
782 5120 1029 5187 miscere,
1061 5124 1225 5180 nolite
1280 5126 1494 5195 negotia
1542 5126 1824 5182 saecularia
1875 5129 2057 5184 Eccle-

480 5211 575 5267 sia:
606 5212 843 5268 servitiis
900 5214 1158 5272 inserere.
1194 5217 1307 5274 Hoc
1341 5226 1425 5274 est
1465 5219 1609 5289 quod
1646 5218 1882 5277 Ioannes
1929 5222 2055 5292 Epi-

480 5301 631 5358 stolze
656 5319 766 5358 suae
790 5316 1048 5374 personat
1097 5309 1243 5372 tuba,
1272 5309 1498 5365 dicens:
1535 5328 1554 5361 α
1589 5309 1768 5367 Nolite
1826 5313 2055 5385 diligere

480 5393 769 5457 mundum,
820 5410 993 5464 neque
1032 5411 1094 5451 ea
1150 5413 1269 5467 quae
1318 5398 1374 5453 in
1418 5400 1619 5455 mundo
1654 5410 1780 5457 sunt
1810 5401 1863 5474 (Ι
1885 5402 2047 5459 Ioan.

480 5481 566 5555 tt).
604 5503 623 5536 ι
654 5484 722 5557 Et
745 5484 944 5540 Paulus
977 5486 1225 5541 similiter
1254 5505 1268 5542 :
1306 5507 1326 5541 ί
1361 5488 1559 5557 Nolite,
1598 5511 1617 5543 ι
1650 5491 1847 5563 inquit,
1879 5511 1899 5543 ι
1929 5508 2055 5548 con-

482 5572 703 5629 formari
736 5577 863 5631 huic
909 5577 1102 5633 saeculo
1138 5576 1308 5649 (Rom.
1360 5579 1503 5653 xu);
1550 5601 1570 5634 ι
1603 5583 1697 5652 qui
1755 5583 1899 5638 enim
1950 5584 2055 5639 hoc

485 5663 711 5731 faciunt,
763 5669 1035 5740 accipiunt
1087 5671 1153 5726 de
1187 5671 1550 5727 anathemate.
1608 5672 1717 5729 Sed
1769 5683 1824 5729 et
1851 5673 1926 5729 illi
1958 5675 2052 5746 qui

486 5751 658 5816 (verbi
685 5758 871 5830 causa)
899 5775 1019 5817 cum
1046 5760 1339 5820 Christiani
1364 5764 1490 5833 sint,
1530 5764 1902 5821 solemnitates
1927 5778 2053 5836 gen-

2158 4684 2326 4739 usque
2354 4669 2406 4722 in
2437 4669 2756 4723 hodiernum
2802 4670 2943 4724 diem
2978 4689 2990 4722 :
3024 4671 3151 4740 quia
3180 4670 3231 4723 in
3281 4668 3495 4723 illorum
3550 4670 3742 4741 radice

2156 4776 2256 4815 nos
2294 4762 2430 4815 rami
2484 4761 2706 4816 oleastri
2752 4776 2819 4816 ex
2874 4763 3123 4831 gentibus
3166 4760 3451 4830 assumpti,
3501 4761 3601 4828 qui
3633 4759 3742 4814 ali-

2157 4841 2372 4924 quando
2429 4853 2931 4915 meretrieabamur,
2988 4854 3193 4923 lignum
3245 4862 3299 4908 et
3352 4850 3588 4922 lapidem
3634 4867 3741 4922 pro

2160 4944 2270 4999 Deo
2337 4945 2596 5010 colentes,
2655 4945 2883 5014 appositi
2933 4959 3123 4997 sumus
3192 4958 3361 5011 usque
3412 4942 3467 4997 in
3514 4941 3740 4996 hodier-

2151 5051 2281 5090 num
2304 5035 2466 5099 diem,
2490 5041 2546 5088 et
2578 5033 2707 5087 facti
2734 5049 2918 5088 sumus
2945 5049 3044 5102 per
3079 5033 3237 5088 [idem
3270 5031 3591 5087 Christiani.

2225 5122 2402 5196 (Ιιιιιι.)
2448 5141 2466 5174 ι
2512 5123 2569 5177 ln
2624 5132 2865 5193 tempore
2917 5123 3009 5178 illo
3061 5124 3390 5194 imprecatus
3435 5130 3523 5178 est
3565 5119 3740 5176 Iosue

2159 5237 2178 5270 σ
2224 5219 2452 5273 dicens:
2502 5215 2821 5271 Maledictus
2869 5217 2953 5271 vir
2984 5215 3075 5271 ille
3128 5231 3311 5271 coram
3360 5214 3595 5270 Domino
3641 5211 3741 5283 qui

2158 5330 2176 5363 ι
2221 5313 2563 5367 suscitaverit
2590 5321 2645 5368 et
2685 5312 3033 5367 aedificaverit
3074 5312 3349 5367 civitatem
3398 5308 3646 5363 Iericho.
3678 5306 3741 5360 In

2159 5422 2178 5455 α
2220 5404 2577 5474 primogenita
2617 5419 2715 5459 suo
2755 5401 3104 5458 fundamenta
3153 5402 3299 5457 illius
3349 5400 3540 5470 jaciat,
3584 5406 3642 5452 et
3678 5396 3740 5450 in

2160 5512 2179 5545 α
2224 5494 2519 5549 novissimo
2564 5492 2855 5549 liberorum
2913 5502 3082 5564 ponat
3122 5503 3311 5563 portas
3339 5491 3458 5562 ejus
3518 5508 3540 5542 ι
3584 5488 3740 5543 Hanc

2154 5582 2933 5654 imprecationem-impletam
2987 5599 3109 5639 esse
3151 5582 3487 5653 temporibus
3539 5592 3736 5648 regum

2157 5673 2502 5730 manifestum
2549 5681 2655 5738 est,
2685 5689 2809 5727 cum
2851 5673 2907 5728 in
2937 5673 3077 5729 libro
3126 5673 3302 5743 primo
3340 5668 3633 5725 Malachim
3666 5666 3745 5721 de

2159 5763 2489 5833 temporibus
2533 5762 2684 5831 regni
2715 5761 2902 5819 Achab
2931 5763 3004 5819 ita
3031 5764 3291 5834 scriptum
3328 5768 3413 5817 est
3441 5779 3456 5816 :
3488 5776 3509 5812 ι
3544 5756 3607 5814 In
3629 5755 3751 5812 die-
