3964 6192
231 336 375 394 1035

230 455 340 510 bus
372 451 493 523 ejus
546 449 835 506 aedificavit
884 448 1042 504 AIIICI
1083 449 1381 504 de.Bethel
1430 448 1649 504 Jericbo
1695 467 1708 501 :

229 541 460 596 Abiram
488 539 846 610 primogenito
870 553 968 592 suo
1010 537 1250 592 fundavit
1289 552 1428 602 eam,
1459 548 1514 593 et
1540 539 1593 592 in
1635 537 1814 607 Segub

231 629 539 684 novissimo
564 643 664 681 suo
704 627 887 695 posuit
930 635 1114 696 portas
1170 626 1286 696 ejus
1319 626 1438 698 (Ill
1469 626 1596 696 Reg.
1621 626 1754 696 xvi).
1791 647 1809 680 ι

230 721 398 775 Patet
450 735 663 782 sensus,
711 719 837 787 quia
907 733 1030 772 cum
1077 717 1314 787 prasfatze
1365 718 1612 772 conditor
1668 719 1818 772 urbis

229 811 589 865 fundamenta
617 809 760 865 illius
815 823 1018 877 ponere
1085 809 1366 878 inciperet,
1421 809 1818 878 primogenitus

229 905 380 974 ejus,
421 905 512 974 qui
549 903 845 956 vocabatur
884 901 1130 966 Abiram,
1186 911 1432 955 mortuus
1453 913 1574 956 est:
1607 913 1663 955 et
1695 916 1817 955 cum

234 997 377 1050 urbe
402 993 668 1049 aediﬁcata
691 1001 875 1062 portas
925 992 1136 1045 munire
1183 999 1438 1054 tentaret,
1466 991 1816 1044 novissimum

235 1089 474 1144 ﬁliorum
502 1092 857 1156 cognomento
879 1083 1060 1153 Segub
1113 1083 1332 1137 amisit:
1364 1083 1507 1150 quod
1546 1082 1621 1134 ita
1669 1081 1817 1134 futu-

241 1195 361 1232 rum
387 1177 576 1241 Iosue,
633 1191 754 1229 cum
785 1189 905 1229 eam
955 1175 1284 1228 destructam
1333 1171 1660 1225 anathemati
1711 1179 1820 1224 tra-

238 1271 418 1334 deret,
472 1266 823 1337 imprecando
879 1264 1168 1334 pnedixit,
1227 1281 1245 1313 ‹
1283 1262 1620 1325 Maledictus,
1671 1281 1689 1313 ι
1738 1262 1819 1314 in-

240 1361 462 1429 quiens,
520 1376 538 1407 ι
585 1358 670 1410 vir
717 1370 902 1409 coram
952 1353 1197 1417 Domino,
1239 1354 1333 1421 qui
1381 1354 1726 1407 suscitaverit
1765 1360 1822 1406 et

238 1445 598 1502 mdiﬁcaverit
624 1445 897 1498 civitatem
927 1442 1164 1496 .lericho.
1193 1442 1276 1495 -In
1328 1443 1686 1512 primogenita
1721 1457 1820 1497 suo

240 1536 593 1590 fundamenta
627 1534 770 1586 illius
796 1532 981 1602 jaciat,
1033 1540 1088 1584 et
1116 1530 1170 1583 in
1203 1531 1498 1584 novissimo
1525 1531 1818 1585 liberorum

238 1635 412 1697 ponat
453 1633 637 1694 portas
687 1622 823 1690 ejus.
865 1641 882 1673 ι
916 1621 1051 1686 Quia
1102 1635 1234 1674 vero
1263 1620 1420 1674 Ahiel
1459 1621 1647 1674 vivens
1687 1620 1814 1685 Deo,

238 1715 430 1770 Bethel
483 1715 868 1783 interpretatur
927 1711 1117 1764 domus
1168 1711 1402 1773 Domini,
1445 1710 1600 1764 Ahiel
1628 1711 1696 1764 de
1724 1711 1819 1764 Be-

1158 331 1512 388 COMMENT.
1555 332 1620 387 IN
1659 329 1918 386 LIBRUM
1950 328 2183 385 JOSIJE.
2225 361 2292 369 —
2333 329 2458 385 LIB.
2496 329 2538 383 I.

3347 343 3486 401 1026

1757 447 1810 502 in
1839 453 1887 510 Α
1915 460 2130 516 prunam
2164 445 2543 515 salubremque
2589 447 2895 501 terrorem?
2921 447 3038 503 Non
3087 450 3229 506 enim
3280 452 3486 524 aliquid

1919 537 2094 591 dirum
2156 536 2437 607 (quantum
2476 536 2670 590 attinet
2722 537 2790 590 ad
2829 539 3064 595 universi
3113 545 3298 599 mundi
3324 547 3490 602 admi-

1918 626 2316 698 nistrationcm)
2345 627 2610 696 contingit
2639 629 2979 694 mortalibus,
3016 648 3138 686 cum
3187 637 3490 693 moriuntur

1917 717 2240 786 quandoque
2271 717 2560 780 morituri;
2591 727 2646 772 et
2692 727 2868 772 tamen
2909 723 3049 788 apud
3084 738 3178 777 eos
3221 729 3311 793 qui
3361 729 3487 783 talia

1920 813 2184 870 metuunt,
2223 805 2505 874 disciplina
2535 808 2796 870 sancitur,
2827 819 2886 862 ut
2923 826 3031 864 non
3064 828 3122 867 se
3151 815 3322 870 solum
3351 821 3490 887 quis-

1919 911 2023 964 que
2055 904 2209 950 curet
2245 895 2299 948 in
2351 896 2571 966 populo,
2599 899 2719 951 -sed
2775 900 3006 955 invicem
3057 905 3157 958 sibi
3203 908 3494 964 adhibeant

1920 985 2276 1054 diligentiam,
2309 995 2364 1040 et
2409 996 2662 1054 tanquam
2696 990 2856 1043 unius
2895 994 3139 1060 corporis
3176 1006 3231 1050 et
3257 997 3492 1053 hominis

1919 1076 2078 1128 unius
2123 1076 2228 1129 alia
2276 1092 2375 1145 pro
2405 1077 2527 1131 aliis
2555 1079 2663 1132 sint
2712 1082 2951 1135 membra
2981 1085 3226 1139 sollicita.
3286 1089 3393 1143 Nec
3420 1100 3496 1144 ta-

1922 1179 2048 1218 men
2080 1165 2410 1218 eredendum
2437 1176 2520 1220 est
2557 1169 2721 1221 etiam
2748 1172 2924 1238 pwnis
2952 1188 3070 1240 quae
3118 1186 3237 1243 post
3265 1188 3494 1234 mortem

1922 1255 2253 1323 irrogantur,
2289 1256 2452 1309 alium
2482 1273 2581 1326 pro
2605 1258 2710 1311 alio
2765 1275 2923 1327 posse
2977 1266 3221 1318 damnari
3251 1285 3262 1317 :
3301 1269 3393 1321 sed
3439 1269 3494 1324 in

1920 1343 2008 1398 his
2037 1353 2244 1398 tantum
2286 1346 2449 1400 rebus
2478 1345 2616 1400 hanc
2642 1348 2866 1418 irrogari
2896 1365 3130 1418 pcenam,
3185 1370 3303 1422 qua:
3332 1355 3493 1411 ﬁnem

1923 1431 2137 1490 fuerant
2179 1434 2462 1498 habiturae,
2509 1437 2718 1490 etiamsi
2751 1454 2857 1491 non
2887 1454 2952 1492 eo
2982 1441 3141 1495 modo
3193 1443 3493 1499 ﬁnirentur.

1924 1523 2094 1578 Simul
2122 1526 2284 1580 etiam
2315 1527 2621 1580 ostenditur
2677 1537 2878 1595 quanta
2906 1544 3148 1584 connexa
3181 1533 3251 1585 sit
3301 1535 3354 1588 in
3399 1551 3496 1603 po-

1924 1611 2050 1680 pqu
2089 1614 2348 1666 societate
2387 1614 2498 1683 ipsa
2553 1615 2900 1680 universitas,
2959 1626 3020 1670 ut
3050 1635 3156 1672 non
3206 1621 3260 1673 in
3310 1637 3369 1676 se
3396 1625 3497 1694 ipsi

1926 1701 2123 1772 singuli
2173 1701 2268 1755 sed
2330 1711 2580 1771 tanquam
2623 1714 2809 1773 partes
2866 1706 2920 1759 in
2981 1715 3094 1760 toto
3141 1709 3496 1766 aestimentur.

240 1806 360 1860 the]
403 1804 680 1859 destructa
721 1818 751 1854 a
777 1800 938 1856 Josue
979 1810 1140 1869 atque
1187 1802 1645 1856 anathematizata
1678 1801 1819 1857 Jeri-
1852 1787 1897 1844 Β
1926 1791 2028 1846 Per
2058 1793 2214 1847 ιιηίυδ
2264 1794 2430 1863 igitur
2489 1805 2774 1862 Peccatum
2818 1806 3157 1867 mortemque
3205 1815 3498 1868 Paucorum

242 1894 353 1949 cho
380 1895 580 1949 muenia
605 1899 898 1954 restaurat,
947 1907 1069 1945 cum
1097 1892 1218 1960 quis
1261 1906 1451 1946 eorum
1499 1894 1587 1962 qui
1640 1894 1692 1947 in
1721 1895 1822 1949 Ec-

241 1983 413 2038 clesia
439 1983 681 2036 habitum
732 1981 1005 2049 religionis
1045 1992 1467 2052 assumpserunt,
1521 1984 1587 2036 ad
1617 1987 1821 2055 agenda

245 2073 480 2138 scelera,
523 2088 644 2140 quae
678 2072 728 2125 ei
769 2071 1028 2126 Dominus
1071 2069 1227 2126 Jesus
1271 2073 1325 2125 in
1365 2073 1451 2126 die
1476 2073 1821 2142 baptismatis

245 2164 567 2226 donaverat,
596 2162 778 2216 redit:
821 2177 1063 2230 quasque
1115 2162 1228 2230 ipse
1274 2163 1824 2220 anathematizaverat

245 2253 449 2309 diaboli
487 2267 732 2322 pompas,
765 2252 1038 2306 luxuriose
1063 2253 1291 2308 vivendo
1331 2256 1548 2323 repetit,
1583 2272 1705 2310 cum
1732 2274 1821 2312 er—

248 2360 437 2398 rorum
471 2345 742 2412 dogmata,
788 2343 870 2396 vel
899 2341 1177 2412 gentilium
1225 2341 1434 2398 fabulas
1480 2345 1697 2400 veritati
1741 2361 1827 2402 ec-

248 2434 589 2496 clesiasticae,
661 2447 767 2500 qua
818 2431 1057 2486 imbutus
1115 2440 1219 2496 est,
1277 2433 1432 2501 quasi
1499 2433 1566 2488 de
1640 2435 1827 2490 Bethel

246 2523 554 2593 egrediens,
615 2521 801 2574 ruinas
873 2520 1090 2575 Iericho
1146 2522 1452 2575 resuscitat.
1529 2523 1827 2594 Meritoque

247 2615 374 2669 talis
418 2629 602 2668 coram
661 2612 887 2666 Domino
924 2611 1262 2676 maledictus,
1313 2621 1368 2665 et
1413 2613 1646 2681 primum
1695 2614 1830 2668 ﬁlio—

248 2721 370 2760 rum
411 2705 467 2758 in
503 2703 816 2757 fundatione
855 2702 1074 2755 nefariae
1104 2702 1360 2766 civitatis,
1394 2711 1451 2755 et
1476 2703 1828 2757 novissimum

249 2796 304 2848 in
332 2803 615 2864 portarum
647 2795 916 2863 positione
944 2794 1182 2858 amittit;
1215 2793 1340 2861 quia
1379 2803 1434 2846 et
1479 2791 1828 2848 fundamenta

250 2885 376 2940 ﬁdei
407 2902 437 2938 a
466 2886 665 2954 quibus
719 2885 859 2939 bona
889 2885 1114 2939 aediﬁcia
1165 2885 1442 2948 inchoare,
1486 2896 1541 2938 et
1588 2885 1828 2940 claustra

249 2979 411 3034 bona:
463 2979 695 3034 actionis
747 2979 943 3047 quibus
985 2977 1170 3047 perfici
1201 2976 1486 3041 debuerat,
1524 2978 1718 3045 perdit.

869 3090 1095 3146 CAPUT
1152 3089 1242 3143 IX.

249 3185 328 3240 De
358 3201 418 3238 eo
471 3185 608 3254 quod
659 3183 858 3254 Aeliam
890 3182 1049 3254 ﬁlius
1077 3179 1290 3254 Charm;
1334 3184 1600 3254 usurpavit
1639 3184 1737 3237 sibi
1765 3185 1829 3239 de

319 3252 655 3379 fuathemate
689 3253 831 3307 urbis
869 3253 1102 3317 Jericho,
1148 3261 1195 3304 et
1231 3252 1456 3305 vindicta
1487 3255 1541 3307 in
1562 3270 1680 3307 eum
1711 3271 1831 3325 pro-

341 3335 458 3379 ata.

323 3439 481 3510 (Car.
512 3437 634 3509 vn.)
679 3455 697 3487 ε
743 3435 870 3490 Fuit
913 3451 1044 3506 ergo
1088 3435 1346 3491 Dominus
1390 3452 1514 3491 cum
1563 3435 1749 3502 Josue,
1778 3449 1832 3493 et

258 3548 278 3581 ι
329 3543 526 3583 nomen
549 3525 664 3594 ejus
692 3527 744 3579 in
783 3525 929 3579 omni
961 3534 1107 3578 terra
1161 3524 1433 3596 vulgatum
1461 3533 1583 3582 est:
1614 3525 1706 3579 filii
1738 3542 1831 3579 au-

253 3639 273 3669 ι
319 3627 434 3672 tem
461 3615 625 3670 Israel
669 3614 1006 3684 prazvaricati
1051 3622 1176 3667 sunt
1213 3615 1551 3678 mandatum,
1601 3624 1657 3667 et
1682 3630 1835 3668 usur-

253 3726 273 3758 ι
325 3712 596 3776 paverunt
623 3705 688 3758 de
717 3703 1078 3756 anathemate.
1111 3701 1244 3754 Nam
1282 3701 1472 3756 Achan
1503 3701 1643 3756 ﬁlius
1670 3703 1835 3757 Char-

255 3819 274 3850 (
327 3800 423 3862 mi,
485 3799 577 3852 ﬁlii
625 3797 817 3861 Zabdi,
870 3795 964 3848 filii
1014 3795 1172 3859 Zare,
1221 3797 1287 3848 de
1333 3795 1478 3849 tribu
1520 3793 1680 3859 Juda,
1711 3793 1834 3846 tulit

258 3911 278 3942 ι
328 3889 538 3959 aliquid
566 3889 634 3942 de
662 3887 1030 3940 anathemate.
1071 3883 1355 3952 [ratusque
1407 3883 1668 3938 Dominus
1711 3897 1836 3938 eon-

259 4001 276 4034 ι
327 3991 412 4034 tra
464 3980 602 4034 ﬁlios
661 3977 846 4042 Israel,
909 3996 926 4027 ι
981 3985 1087 4030 etc.
1143 3973 1252 4047 (Ea:
1308 3972 1646 4044 Augustino.)
1681 3973 1737 4026 In
1768 3987 1834 4027 eo

253 4071 402 4142 quod
432 4069 635 4123 factum
661 4076 747 4122 est
773 4075 832 4120 ut
875 4065 1060 4120 Achan
1091 4065 1157 4118 de
1182 4064 1327 4118 tribu
1377 4061 1513 4117 Juda
1560 4061 1834 4117 furaretur

254 4163 323 4215 de
354 4161 702 4213 anathemate
733 4155 966 4210 civitatis
1019 4152 1236 4207 Jericho
1271 4161 1458 4206 contra
1505 4159 1833 4222 praeceptum

253 4249 498 4312 Domini,
547 4255 602 4301 et
626 4253 847 4315 propter
896 4241 1012 4310 ejus
1065 4251 1349 4312 peccatum
1387 4242 1489 4296 tria
1522 4241 1688 4295 millia
1715 4257 1835 4310 quae

258 4341 430 4394 missa
457 4338 673 4392 fuerant
709 4337 764 4390 in
802 4335 901 4388 llai
957 4334 1219 4389 dederunt
1272 4341 1422 4403 terga
1478 4333 1742 4395 hostibus,
1781 4340 1836 4385 et

257 4431 431 4485 occisi
463 4439 592 4484 sunt
615 4443 678 4482 ex
708 4428 788 4481 eis
823 4425 1041 4496 triginta
1071 4440 1167 4478 sex
1221 4424 1346 4488 viri,
1390 4433 1444 4477 et
1478 4423 1672 4493 p0pulo
1719 4438 1835 4492 gra-

253 4522 399 4575 viter
444 4520 655 4583 territo,
713 4517 870 4571 Jesus
921 4531 1044 4570 cum
1091 4515 1396 4570 senioribus
1438 4530 1495 4568 se
1543 4516 1836 4584 prostravit

258 4611 328 4665 ad
386 4611 696 4672 Dominum,
747 4609 904 4677 eique
968 4622 1284 4677 responsum
1332 4615 1417 4661 est
1459 4607 1581 4661 ideo
1634 4607 1834 4661 factum

257 4718 383 4757 esse
411 4703 556 4771 quod
593 4710 912 4772 peccaverat
958 4700 1228 4770 pepulus;
1269 4700 1504 4754 minatus
1547 4709 1629 4754 est
1670 4701 1836 4754 etiam

258 4798 403 4852 Deus
430 4812 535 4850 non
562 4811 622 4850 se
649 4811 771 4850 cum
797 4795 875 4849 eis
907 4793 1165 4855 futurum,
1208 4792 1311 4846 nisi
1357 4792 1678 4846 abstulerint
1706 4807 1838 4845 ana-

260 4887 445 4940 thema
473 4886 542 4940 dc
592 4886 825 4954 seipsis;
861 4893 916 4939 et
948 4884 1092 4953 quod
1138 4892 1388 4937 ostensus
1436 4890 1520 4936 est
1547 4883 1636 4950 qui
1693 4883 1839 4937 defe-

255 4985 432 5042 cerat,
479 4991 579 5030 nec
625 4975 772 5030 solus
798 4974 1030 5036 occisus,
1087 4973 1183 5028 sed
1224 4987 1348 5026 cum
1383 4973 1634 5026 omnibus
1681 4972 1834 5026 suis:

259 5067 432 5136 quaeri
470 5065 606 5120 solet
632 5065 903 5136 quomodo
923 5062 1070 5130 juste
1114 5078 1213 5132 pro
1261 5062 1484 5117 alterius
1517 5063 1753 5131 peccatis
1782 5064 1836 5118 in

257 5155 397 5210 alios
448 5155 788 5219 vindicetur;
838 5152 1074 5207 maxime
1129 5151 1256 5221 quia
1313 5152 1367 5205 in
1417 5152 1531 5222 lege
1579 5153 1839 5208 Dominus

251 5246 394 5300 dixit
441 5246 657 5318 (Ezech.
716 5246 893 5319 xvm),
944 5261 1045 5300 nec
1079 5253 1262 5314 patres
1311 5260 1410 5314 pro
1457 5245 1709 5312 ﬁliorum,
1741 5264 1841 5302 nec

253 5337 398 5392 ﬁlios
427 5353 524 5406 pro
553 5347 769 5406 patrum
813 5336 1051 5407 peccatis
1093 5350 1214 5391 esse
1253 5335 1571 5405 puniendos.
1600 5337 1682 5390 An
1708 5337 1834 5391 illud

247 5425 621 5494 judicantibus
656 5427 963 5482 hominibus
1011 5434 1095 5480 est
1137 5433 1485 5494 przeceptum,
1536 5440 1604 5480 ne
1651 5442 1839 5495 quem-

254 5537 422 5592 quam
454 5538 553 5592 pro
583 5523 757 5576 altero
806 5522 1033 5591 puniant
1064 5537 1078 5583 ;
1136 5520 1227 5574 Dei
1263 5528 1445 5572 autem
1487 5517 1689 5585 judicia
1730 5534 1836 5573 non

252 5615 368 5668 sint
390 5614 676 5684 ejusmodi,
707 5615 797 5682 qui
827 5612 935 5666 alto
963 5621 1020 5665 et
1066 5610 1319 5664 invisibili
1351 5609 1574 5663 consilio
1600 5624 1698 5664 suo
1742 5625 1839 5663 no-

251 5703 334 5756 vit
380 5713 651 5773 quatenus
681 5703 940 5757 extendat
986 5701 1147 5754 etiam
1183 5699 1529 5770 temporalem
1558 5698 1835 5753 hominum

1927 1880 2236 1937 admonitus
2264 1892 2347 1937 est
2380 1883 2608 1953 populus
2663 1885 2969 1950 universus,
3007 1895 3262 1956 tanquam
3288 1891 3341 1944 in
3380 1906 3502 1944 cor-

1926 1986 2057 2040 pore
2093 1972 2345 2027 universo
2374 1988 2617 2042 quaerere
2673 1976 2815 2044 quod
2872 1980 3219 2033 commissum
3248 1993 3350 2035 est.
3407 1982 3494 2036 Si-

1927 2066 2036 2119 mul
2075 2068 2237 2121 etiam
2283 2069 2642 2139 signiﬁcatum
2696 2079 2782 2124 est
2825 2081 3085 2140 quantum
3146 2072 3273 2126 mali
3324 2072 3498 2136 ﬁeret,

1928 2158 1971 2211 si
2002 2158 2254 2214 universa
2282 2159 2372 2213 illa
2421 2163 2768 2232 congregatio
2806 2175 3102 2232 peccasset,
3154 2165 3368 2233 quando
3399 2182 3496 2220 nec

1929 2265 2074 2304 unus
2123 2250 2339 2319 quidem
2386 2251 2461 2304 ita
2500 2254 2675 2322 potuit
2719 2252 2949 2320 judicari
2997 2262 3056 2307 ut
3079 2256 3148 2309 ab
3193 2271 3258 2309 eo
3284 2265 3506 2324 possent

1930 2341 2108 2394 caueri
2139 2356 2258 2395 esse
2283 2347 2482 2396 securi.
2533 2343 2602 2396 At
2649 2357 2777 2397 vero
2827 2344 2870 2396 si
2898 2344 3084 2397 Achan
3122 2345 3189 2398 ab
3219 2345 3396 2414 aliquo
3422 2347 3506 2399 in-

1928 2438 2123 2484 ventus
2149 2440 2312 2500 atque
2337 2433 2784 2501 comprehensus,
2817 2441 2873 2487 et
2930 2432 3072 2488 illius
3107 2435 3350 2488 criminis
3378 2449 3502 2488 reus

1930 2521 1998 2574 ad
2019 2521 2283 2588 judicium
2312 2520 2442 2576 Jesu
2493 2521 2684 2576 fuisset
2727 2523 3012 2586 adductus,
3043 2539 3380 2592 nequaquam
3409 2539 3500 2592 pu-

1930 2614 2151 2665 tandum
2173 2621 2276 2676 est,
2308 2614 2578 2668 hominem
2601 2613 2860 2682 judicent,
2899 2614 2981 2667 vel
3034 2629 3133 2682 pro
3179 2614 3270 2668 illo
3292 2625 3347 2669 et
3377 2630 3497 2668 cum

1932 2700 2024 2755 illo
2060 2717 2387 2770 quemquam
2434 2703 2597 2755 alium
2652 2704 2742 2770 qui
2781 2703 3040 2756 societate
3083 2703 3209 2757 facti
3254 2703 3370 2772 ejus
3409 2704 3501 2757 mi-

1929 2795 2075 2849 nime
2109 2804 2406 2860 teneretur,
2461 2796 2624 2849 fuisse
2680 2796 3018 2864 punitorum.
3053 2794 3236 2864 Neque
3278 2796 3420 2851 enim
3450 2795 3502 2850 ei

1932 2887 2246 2941 mandatum
2271 2888 2404 2958 legis
2436 2887 2632 2941 licebat
2685 2888 2966 2951 excedere,
3007 2887 3149 2956 quod
3201 2887 3386 2941 datum
3421 2896 3503 2943 est

1933 2977 2264 3041 hominibus,
2310 2975 2607 3043 nejudicio
2656 2991 2755 3030 suo
2801 2977 2943 3044 quod
2988 2977 3040 3029 in
3094 2977 3366 3030 hominem
3410 2979 3506 3031 ho-

1935 3067 2066 3120 mini
2089 3065 2300 3135 jussum
2333 3068 2447 3121 sive
2499 3067 2819 3137 permissum
2851 3075 2956 3132 est,
3005 3067 3236 3121 alterum
3279 3083 3378 3136 pro
3431 3068 3510 3121 al-

1935 3157 2104 3212 terius
2143 3165 2365 3226 peccato
2421 3157 2718 3210 arbitretur
2753 3171 2874 3210 esse
2929 3156 3291 3225 plectendum.
3324 3155 3509 3226 Longe

1933 3257 2114 3302 autem
2162 3249 2455 3302 secretiore
2481 3247 2692 3316 justitia
2736 3246 3134 3316 judicatDeus,
3195 3248 3285 3316 qui
3315 3257 3508 3316 potens

1933 3348 2015 3393 est
2046 3339 2211 3393 etiam
2240 3348 2362 3407 post
2384 3347 2614 3392 mortem
2645 3338 2808 3408 (quod
2854 3337 3017 3391 homo
3055 3352 3164 3391 non
3200 3337 3397 3408 potest)
3426 3337 3511 3392 vel

1933 3430 2165 3484 liberare
2212 3429 2296 3483 vel
2353 3429 2600 3500 perdere.
2658 3429 2911 3483 Visibiles
2972 3428 3138 3498 igitur
3191 3427 3510 3484 afﬂictiones

1934 3521 2232 3584 hominum,
2262 3522 2376 3574 sive
2406 3529 2632 3584 mortes,
2692 3523 2948 3590 quoniam
2997 3522 3081 3575 his
3127 3522 3323 3588 quibus
3365 3523 3513 3592 inge-

1935 3621 2129 3665 runtur
2152 3621 2207 3666 et
2240 3612 2431 3665 obesse
2460 3620 2512 3665 et
2537 3613 2795 3680 prodesse
2839 3619 3088 3680 possunt,
3130 3611 3280 3664 novit
3326 3611 3509 3665 Domi-‘

1936 3718 2038 3757 nus
2097 3703 2150 3756 in
2199 3702 2410 3756 occulto
2475 3703 2830 3772 providentia:
2879 3718 3007 3766 suae,
3056 3701 3512 3771 quemadmodum

1928 3795 2076 3864 juste
2099 3796 2408 3864 quibusque
2453 3795 2748 3864 dispenset,
2797 3795 2958 3848 etiam
2986 3809 3108 3848 cum
3133 3794 3362 3848 aliorum
3385 3809 3509 3862 pec-

1936 3896 2054 3941 cata
2081 3888 2132 3940 in
2180 3886 2299 3940 aliis
2323 3886 2537 3941 videtur
2583 3886 2791 3941 ulcisci.
2851 3887 3050 3940 Poenas
3096 3901 3226 3941 vero
3270 3885 3514 3940 invisibi-

1936 3977 2034 4042 les,
2077 3994 2197 4048 quze
2224 3979 2438 4032 nonnisi
2479 3985 2680 4032 nocent
2723 3985 2776 4032 et
2814 3978 3070 4047 prodesse
3126 3994 3232 4033 non
3261 3985 3508 4047 possunt,

1937 4069 2009 4122 ita
2036 4068 2212 4123 nullus
2262 4069 2372 4122 Deo
2391 4065 2574 4134 judice
2599 4083 2698 4136 pro
2733 4068 2922 4122 alienis
2961 4067 3200 4138 peccatis
3254 4067 3374 4132 luit,
3406 4068 3511 4122 sic-

1937 4169 1996 4214 ut
2036 4161 2252 4215 homine
2286 4160 2468 4230 judice
2531 4160 2677 4215 luere
2730 4159 2906 4214 nullus
2957 4160 3057 4213 nisi
3086 4175 3183 4228 pro
3233 4173 3326 4212 sua
3357 4157 3512 4226 culpa

1937 4253 2071 4308 istas
2114 4252 2352 4306 visibiles
2403 4253 2580 4306 debet.
2639 4251 2751 4305 Iloc
2800 4251 2944 4304 enim
2986 4251 3240 4318 praecepit
3304 4248 3512 4301 homini

1932 4341 2102 4410 judici
2131 4343 2270 4396 Deus
2295 4342 2348 4394 in
2399 4343 2483 4396 his
2512 4359 2631 4410 qua:
2655 4341 2720 4394 ad
2768 4342 3060 4394 humanum
3101 4339 3362 4408 judicium
3394 4353 3516 4406 per-

1942 4433 2472 4497 tinentvindicanda,
2523 4433 2665 4501 quod
2713 4433 2766 4486 in
2807 4447 2906 4486 suo
2949 4431 3150 4502 judicio
3190 4429 3318 4484 facit
3375 4431 3510 4499 ipse,

1941 4539 2048 4594 quo
2074 4532 2312 4593 potestas
2339 4539 2443 4577 non
2471 4524 2674 4592 aspirat
2701 4525 2954 4577 humana.

2014 4616 2192 4687 (Imm)
2238 4635 2256 4667 ι
2295 4615 2510 4669 Tollcns
2539 4617 2718 4685 itaque
2748 4613 2909 4669 Josue
2937 4615 3124 4670 Achan
3156 4613 3320 4666 ﬁlium
3354 4612 3514 4677 Zare,

1949 4725 1969 4758 ς
2011 4715 2420 4778 argentumque,
2462 4714 2516 4759 et
2560 4705 2806 4774 pallium,
2878 4717 2933 4758 et
2973 4719 3194 4757 auream
3248 4703 3511 4773 regulam,

1949 4817 1970 4851 ι
2017 4799 2264 4868 ﬁliosque
2291 4799 2408 4868 ejus
2435 4807 2490 4851 et
2521 4797 2677 4863 ﬁlias,
2711 4798 2873 4851 boves
2920 4805 2978 4852 et
3007 4796 3212 4859 asinos,
3264 4804 3318 4849 et
3360 4811 3513 4861 oves,

1951 4910 1970 4942 ‹
2014 4892 2297 4960 ipsumque
2342 4889 2767 4952 tabernaculum,
2811 4895 2865 4942 et
2911 4895 3160 4941 cunctam
3211 4886 3520 4956 supellecti-

1950 4998 1969 5032 ι
2014 4979 2144 5045 lem,
2189 4987 2244 5034 et
2280 4977 2457 5032 omnis
2509 4977 2671 5030 Israel
2709 4992 2832 5030 cum
2878 4991 2966 5040 eo,
3014 4976 3282 5030 duxerunt
3327 4990 3422 5029 eos
3453 4974 3518 5026 ad

1949 5087 1967 5119 ι
2012 5069 2207 5122 vallem
2231 5067 2434 5126 Achor,
2461 5066 2549 5119 ubi
2582 5065 2720 5118 dixit
2745 5063 2943 5119 Josue:
2977 5065 3114 5131 Quia
3136 5064 3365 5118 turbasti
3398 5077 3515 5123 nos,

1950 5177 1967 5209 ε
2016 5159 2264 5212 exturbet
2318 5165 2369 5209 te
2416 5157 2672 5210 Dominus
2721 5158 2772 5208 in
2830 5156 2914 5210 die
2955 5157 3101 5209 hac:
3157 5154 3517 5224 lapidavitque

1951 5266 1969 5298 ι
2017 5263 2138 5302 eum
2186 5248 2362 5300 omnis
2418 5246 2602 5309 Israel,
2660 5255 2714 5300 et
2759 5257 2951 5300 cuncta
3004 5261 3123 5314 qua:
3166 5245 3310 5297 illius
3361 5250 3517 5294 enmt

1951 5357 1969 5391 ι
2015 5340 2141 5410 igne
2193 5347 2512 5407 consumpta
2573 5345 2716 5392 sunt.
2773 5335 3246 5405 Congregaverunt
3304 5346 3519 5398 quoque

1950 5447 1969 5479 r
2013 5445 2175 5498 super
2212 5445 2332 5482 enm
2375 5443 2629 5481 acervum
2675 5442 2928 5495 magnum
2973 5425 2986 5476 l
3026 5424 3206 5493 pidum
3247 5420 3337 5489 qui
3397 5434 3520 5487 per-

1950 5537 1968 5569 r
2014 5528 2192 5572 manet
2235 5533 2401 5587 usque
2451 5518 2503 5571 in
2535 5525 2856 5585 prmsentem
2902 5516 3041 5569 diem
3071 5532 3081 5566 :
3109 5521 3162 5566 et
3191 5526 3412 5564 aversus
3437 5516 3520 5562 est

1952 5627 1970 5660 ι
2017 5609 2168 5662 furor
2213 5609 2426 5663 Domini
2467 5605 2536 5659 ab
2589 5605 2669 5658 eis
2703 5622 2714 5656 :
2749 5613 3110 5668 vocatumque
3173 5609 3256 5653 est
3321 5611 3518 5650 nomen

1953 5719 1970 5753 ε
2019 5702 2115 5754 loci
2145 5701 2286 5754 illius
2312 5698 2468 5750 vallis
2497 5697 2674 5749 Arbor
2705 5709 2872 5760 usque
2924 5691 3101 5745 hodie.
3147 5711 3164 5742 ι
3206 5689 3312 5763 (Ex
3339 5690 3524 5757 Augu-
