3964 6192
549 327 682 385 1927
704 342 709 349 '

1225 324 1281 382 Β.
1321 316 1572 380 MBAN]
1610 317 1825 377 MAURI
1861 319 2176 376 ARCHIEP.
2218 318 2524 375 MOGUNT.
2564 315 2852 374 OPEBUM
2887 314 3066 372 PARS
3099 316 3137 371 Ι.

3627 325 3757 381 ωΞδ·

546 439 728 514 uino.)
765 435 1263 506 Meritoquteritur,
1292 451 1416 490 cum
1437 433 1697 489 Dominus
1721 440 1939 503 propter
1963 432 2111 487 illum
2140 436 2193 495 Α
2220 440 2397 488 tamen
2428 432 2752 503 hocjudieio
2784 434 3040 498 humano,
3097 435 3189 489 sed
3222 434 3539 503 prophetico
3583 405 3749 509 spiritu

548 533 639 600 qui
665 530 733 585 de
756 528 1093 583 anathemate
1116 525 1319 579 furtum
1366 524 1587 588 faceret,
1644 522 1967 592 praeceperit
1988 537 2110 576 enm

549 619 640 687 qui
690 616 879 671 fuisset
923 624 1173 670 ostensus
1223 612 1489 676 cremari,
1525 627 1623 667 cur
1666 626 1791 665 eum
1837 617 2112 666 ostensum

548 708 948 777 Jesuslapidari
975 706 1153 776 potius
1198 720 1228 758 a
1274 703 1471 773 populo
1514 701 1723 757 fecerit.
1777 702 1860 756 An
1890 702 1963 756 ita
1992 716 2115 755 eum

550 798 689 852 mori
742 796 976 865 oportuit
1016 793 1470 863 quemadmodum
1518 791 1696 854 Iesus,
1752 791 1841 859 qui
1896 791 2117 861 propius

550 890 831 944 Dominum
885 886 1228 955 sequebatur,
1294 884 1459 938 verba
1520 882 1759 950 jubentis
1820 882 2116 953 intelligere

548 979 764 1050 potuit?
804 977 953 1031 Unde
995 974 1169 1044 magis
1200 973 1547 1042 quaerendum
1573 980 1657 1026 est
1700 987 1797 1025 cur
1840 971 2118 1040 lapidatio-

550 1084 674 1122 nem
702 1069 874 1136 ignem
904 1064 1253 1133 appellaverit
1293 1063 1569 1127 Dominus,
1604 1077 1763 1131 quam
1793 1061 2117 1116 credendum

552 1156 735 1212 Iesum
763 1155 909 1208 aliud
957 1153 1154 1207 fecisse
1194 1167 1356 1220 quam
1398 1153 1635 1221 jusserat
1664 1152 1941 1206 Dominus.
1984 1150 2119 1204 Nam

551 1261 728 1312 neque
756 1243 822 1297 ad
852 1242 1254 1312 intelligendum
1293 1242 1453 1295 verba
1478 1241 1688 1295 Domini
1720 1242 2001 1311 quisquam
2025 1255 2122 1308 po—

553 1341 657 1394 tuit
684 1354 804 1393 esse
836 1337 1147 1407 sapientior,
1193 1350 1365 1405 neque
1423 1336 1491 1388 ad
1547 1335 1789 1389 facienda
1840 1335 2124 1403 quisquam

554 1429 907 1484 obedientior.
938 1427 1171 1481 Proinde
1199 1427 1339 1497 ignis
1372 1426 1589 1480 nomine
1615 1440 1830 1495 poenam
1883 1425 2122 1495 potuisse

556 1519 866 1590 signiﬁcari,
902 1517 1179 1586 Scriptura
1234 1516 1392 1570 testis
1437 1523 1523 1569 est
1568 1515 1623 1568 in
1687 1514 2121 1579 Deuteronomio,

558 1609 649 1661 ubi
698 1607 895 1660 dicitur
956 1606 1022 1659 ad
1072 1606 1210 1660 ﬁlios
1263 1605 1425 1659 Israel
1471 1622 1483 1657 :
1528 1623 1547 1654 ί
1595 1605 1663 1657 Et
1709 1605 1869 1659 eduxi
1915 1619 2011 1658 vos
2059 1604 2125 1658 de

558 1697 776 1752 fornace
808 1696 981 1750 ferrea
1008 1711 1074 1751 ex
1105 1696 1336 1767 Egypto
1376 1695 1553 1766 (Deut.
1605 1693 1717 1766 iv);
1764 1714 1782 1746 i
1817 1695 1907 1749 ubi
1945 1694 2127 1763 utique

2217 524 2344 579 fecit
2395 523 2552 581 Iesus
2581 544 2595 591 ;
2631 527 2749 581 sive
2798 525 2871 579 ita
2916 523 3218 596 intelligens
3248 544 3268 576 ι
3304 527 3489 581 omnia
3510 543 3622 598 quae
3644 546 3748 589 sunt

2217 612 2287 677 ei,
2322 633 2341 665 ι
2392 624 2452 668 ut
2505 628 2606 669 nec
2656 613 2796 668 ﬁlios
2844 622 3094 669 censeret
3140 621 3433 685 exceptos,
3453 614 3747 684 lapidationis

2216 704 2379 758 etiam
2413 717 2629 773 pcenam
2681 720 2780 774 pro
2822 705 2947 773 igne
2996 705 3287 774 ingerens;
3340 706 3455 760 sive
3484 721 3634 777 opera
3656 710 3744 780 ejus

2217 809 2336 863 quae
2378 802 2496 862 post
2515 802 2744 849 mortem
2774 794 2916 848 Deus
2964 793 3019 847 in
3047 793 3139 848 illo
3170 793 3378 849 fecerat
3430 806 3746 864 erematurus,

2218 900 2324 938 non
2352 884 2524 938 solum
2579 899 2678 952 per
2702 891 2897 937 caetera
2926 899 3047 953 qua:
3085 883 3162 937 illi
3201 892 3380 949 erant,
3410 899 3587 938 verum
3614 888 3749 943 etiam

2217 990 2315 1045 per
2341 974 2479 1029 ﬁlios
2503 976 2619 1045 ejus
2654 974 2985 1045 signiﬁcans.
3014 974 3126 1028 Nec
3160 975 3280 1029 ideo
3307 991 3440 1030 sane
3462 978 3748 1034 credendum

2218 1072 2303 1119 est
2336 1079 2429 1118 eos
2455 1079 2554 1134 pro
2576 1070 2803 1132 peccato
2822 1064 3023 1132 patris,
3056 1079 3086 1117 a
3131 1079 3239 1133 quo
3264 1064 3578 1121 innocentes
3603 1076 3746 1134 erant,

2220 1155 2381 1209 ctiam
2418 1162 2542 1224 post
2567 1163 2797 1209 mortem
2824 1154 3087 1224 supplicio
3115 1154 3311 1209 inferni
3339 1156 3477 1226 ignis
3518 1158 3745 1214 incensos.

2223 1244 2366 1299 Mors
2391 1244 2590 1315 quippe
2646 1245 2771 1309 ista,
2811 1259 2930 1313 qua:
2969 1259 3158 1299 omnes
3194 1256 3403 1311 manet,
3456 1250 3678 1316 quamvis
3696 1249 3749 1305 de

2221 1334 2395 1404 primo
2423 1343 2646 1403 peccato
2675 1334 2891 1400 veniat;
2924 1344 3104 1389 tamen
3153 1335 3280 1405 quia
3328 1336 3405 1390 ita
3458 1339 3561 1392 nati
3597 1354 3747 1394 sumus

2224 1430 2284 1476 ut
2310 1424 2615 1478 necessario
2644 1423 2980 1478 moriendum
3016 1425 3108 1489 sit,
3133 1425 3435 1480 accelerata
3474 1428 3746 1495 quibusdam

2226 1522 2308 1567 est
2353 1513 2520 1567 utilis.
2562 1512 2712 1568 Unde
2757 1513 2954 1584 legitur
3006 1513 3073 1567 de
3111 1513 3389 1583 quodam:
3424 1533 3444 1566 α
3476 1515 3663 1586 Raptus
3682 1529 3747 1573 est

2227 1620 2295 1658 ne
2328 1604 2531 1658 malitia
2561 1611 2797 1658 mutaret
2821 1603 3154 1659 intellectum
3181 1605 3301 1674 ejus
3329 1604 3479 1675 (Sap.
3510 1621 3578 1670 iv,
3608 1608 3702 1679 ll).
3728 1628 3743 1658 ι

2227 1692 2343 1758 Quo
2361 1707 2490 1762 ergo
2508 1692 2710 1762 judicio
2725 1692 2821 1746 Dei
2846 1692 2929 1747 vel
2955 1694 3324 1748 misericordia
3351 1694 3505 1751 fuerit
3530 1697 3747 1768 irrogata,

559 1787 746 1841 duram
781 1786 1176 1840 tribulationem
1216 1786 1441 1856 intelligi
1488 1785 1676 1838 voluit.
1710 1784 1837 1838 Duae
1864 1783 1995 1838 mihi
2025 1799 2123 1838 au-
2155 1805 2202 1862 Β
2228 1783 2343 1838 sive
2380 1782 2504 1836 ﬁliis
2530 1781 2667 1850 ejus,
2701 1784 2815 1837 sive
2838 1783 2946 1838 illis
2971 1784 3192 1853 triginta
3233 1799 3329 1839 sex
3351 1786 3496 1851 viris,
3520 1802 3633 1841 cum
3653 1803 3748 1842 om-

558 1884 667 1929 tem
693 1891 869 1930 causae
893 1884 1184 1930 occurrunt
1225 1875 1351 1946 (non
1390 1883 1451 1928 ut
1477 1875 1648 1929 amba:
1687 1874 1816 1940 sint,
1846 1874 1940 1929 sed
1963 1882 2021 1927 ut
2051 1873 2131 1927 al-

565 1974 679 2019 tera
709 1980 775 2019 ex
803 1965 904 2036 eis)
940 1980 1038 2019 cur
1064 1980 1170 2018 non
1202 1964 1289 2019 ille
1314 1980 1434 2019 eum
1461 1965 1574 2019 suis
1599 1965 1850 2018 omnibus
1893 1964 2129 2018 evidenti

562 2053 685 2121 igne
718 2064 989 2107 crematus
1013 2055 1102 2107 sit.
1142 2052 1198 2107 Si
1237 2053 1382 2107 enim
1426 2061 1704 2122 peccatum
1733 2050 1851 2120 ejus
1872 2052 2132 2107 Dominus

563 2146 667 2199 tale
690 2159 808 2200 esse
827 2144 1087 2214 judicavit
1128 2144 1270 2212 quod
1299 2144 1561 2213 supplicio
1590 2143 1682 2198 illo
1725 2143 1997 2213 expiatum
2023 2158 2130 2197 non

559 2236 775 2303 puniret
804 2234 857 2287 in
884 2242 1165 2299 aeternum,
1197 2240 1416 2303 propter
1460 2233 1631 2303 ipsam
1675 2233 2038 2302 expiationem
2076 2240 2132 2287 et

561 2323 937 2394 purgationem
989 2333 1348 2393 congruenter
1403 2323 1492 2378 illa
1550 2337 1708 2392 pinna
1755 2323 1895 2393 ignis
1934 2338 2130 2377 nomen

563 2414 788 2484 accepit.
819 2412 1004 2481 Neque
1029 2412 1097 2466 ad
1144 2414 1288 2467 hunc
1329 2413 1661 2475 intellectum
1706 2412 1991 2482 quisquam
2015 2421 2132 2467 ten-

564 2504 693 2558 dere
716 2502 1058 2566 admonetur,
1090 2504 1135 2556 si
1164 2519 1287 2557 eum
1313 2504 1531 2573 proprie
1568 2503 1794 2559 visibilis
1832 2505 1972 2573 ignis
2000 2518 2133 2559 exu-

563 2599 724 2654 reret,
761 2592 860 2646 sed
886 2592 939 2645 in
963 2606 1030 2646 eo
1062 2593 1288 2661 quisque
1336 2607 1617 2648 remanere
1664 2596 1808 2663 quod
1833 2604 2018 2664 aperte
2052 2596 2134 2650 vi-

568 2683 730 2738 debat
779 2681 1079 2752 impletum,
1111 2698 1210 2737 nec
1244 2682 1443 2752 aliquid
1490 2684 1628 2740 ultra
1657 2694 1941 2755 quaereret.
1979 2686 2133 2742 Nune

568 2786 699 2827 vero
725 2787 847 2826 cum
870 2780 1090 2841 propter
1117 2772 1212 2826 Dei
1258 2773 1443 2838 verba,
1486 2782 1542 2828 et
1568 2773 1770 2830 factum
1816 2792 1996 2843 suum,
2023 2792 2132 2847 quo

561 2861 913 2931 prmvaricari
960 2860 1050 2915 illa
1084 2860 1251 2915 verba
1301 2877 1410 2917 non
1437 2873 1674 2932 possent,
1720 2866 2019 2922 rectissime
2048 2868 2132 2923 di-

565 2954 705 3008 citur
750 2954 915 3007 etiam
954 2952 1333 3021 lapidationem
1386 2953 1566 3024 ignem
1618 2954 1808 3022 fuisse,
1855 2956 2133 3029 eleganter

563 3058 855 3115 agnoscere
885 3044 976 3098 illa
1002 3059 1161 3114 piens
1188 3044 1479 3112 hominem,
1505 3061 1575 3101 ne
1601 3047 1657 3101 in
1708 3057 1984 3117 posterum
2005 3065 2133 3120 pee-

2229 1886 2326 1926 nes
2360 1872 2429 1925 ab
2475 1871 2590 1941 ejus
2623 1884 2843 1941 peccato
2876 1872 3036 1927 alieni
3085 1872 3309 1940 fuerint,
3336 1874 3463 1930 latet
3503 1877 3629 1946 apud
3650 1893 3747 1932 eum

2229 1961 2369 2030 apud
2405 1975 2563 2030 quem
2594 1976 2698 2015 non
2722 1971 2806 2015 est
2824 1962 3098 2031 iniquitas.
3140 1964 3343 2019 Verum
3378 1965 3503 2020 illud
3526 1967 3576 2020 in
3601 1982 3750 2036 proin-

2228 2057 2322 2118 ptu
2357 2058 2443 2104 est
2476 2050 2617 2119 quod
2641 2057 2698 2103 et
2724 2049 2976 2120 populum
3004 2052 3322 2107 terribiliter
3354 2055 3618 2123 oportebat
3637 2070 3749 2124 quae.

2230 2155 2351 2195 rere
2375 2140 2516 2209 quod
2541 2140 2837 2196 admissum
2866 2149 2970 2205 est,
3018 2149 3074 2195 et
3125 2150 3279 2197 tanto
3332 2145 3670 2200 vehementius
3691 2147 3747 2199 ti-

2229 2238 2483 2284 muerunt
2541 2230 2723 2287 ueteri
2755 2229 2953 2285 factum
2988 2230 3104 2300 ejus
3148 2233 3373 2299 imitari,
3404 2246 3589 2304 quanto
3610 2237 3748 2307 magis

2229 2322 2464 2375 humana
2512 2322 2768 2376 exhorret
2820 2322 3122 2389 inﬁrmitas,
3172 2332 3231 2378 et
3277 2326 3335 2379 in
3395 2335 3497 2381 tam
3536 2342 3745 2397 magnum

2230 2419 2447 2479 tamque
2489 2407 2697 2477 justum
2743 2411 2924 2481 populi
2952 2413 3132 2467 odium
3181 2414 3323 2479 dari,
3374 2423 3428 2471 et
3451 2416 3525 2469 eis
3555 2430 3671 2486 quos
3692 2414 3746 2469 ad

2237 2512 2386 2567 spem
2446 2499 2777 2568 propagandi
2828 2500 3045 2569 generis
3092 2516 3153 2555 se
3204 2502 3517 2557 relicturum
3565 2504 3745 2573 putabat

2229 2597 2452 2658 peccato
2476 2603 2575 2645 suo
2624 2604 2806 2644 secum
2836 2591 3168 2660 consumptis
3215 2592 3333 2646 suis
3354 2592 3569 2663 posteris
3588 2592 3742 2646 emori.

2234 2678 2343 2734 Sed
2365 2686 2421 2735 et
2464 2678 2595 2735 illud
2621 2693 2730 2735 non
2778 2680 2952 2735 otiose
3000 2682 3471 2737 transeurrendum
3516 2692 3608 2749 est,
3629 2684 3742 2752 quod

2232 2786 2342 2825 uno
2366 2782 2621 2840 peccante
2646 2771 2725 2825 ira
2757 2785 2921 2841 super
2943 2787 3158 2829 omnem
3188 2774 3443 2844 populum
3484 2775 3631 2829 venit.
3661 2772 3744 2845 (Es

2231 2864 2589 2937 Adamantio.)
2629 2865 2743 2921 Hoc
2778 2868 3047 2935 quomodo
3102 2869 3342 2924 accidit?
3373 2869 3579 2937 Quando
3598 2883 3742 2923 sacer-

2234 2952 2386 3007 dotes
2409 2953 2501 3022 qui
2530 2952 2726 3023 populo
2760 2964 2999 3024 praesunt
3021 2972 3147 3027 erga
3183 2957 3543 3028 delinquentes
3565 2956 3740 3027 benigni

2232 3040 2418 3095 volunt
2467 3043 2658 3107 videri,
2690 3053 2744 3098 et
2780 3054 3028 3101 verentes
3079 3049 3417 3116 peccantium
3466 3048 3662 3119 linguas,
3688 3060 3740 3100 ne

564 3144 685 3189 cato
730 3134 820 3188 illo
857 3134 1124 3198 interiret,
1168 3132 1332 3188 fuisse
1373 3143 1675 3204 purgatum.
1723 3135 1878 3202 Quod
1918 3137 2126 3207 signiﬁ-
2155 3131 2198 3193 C
2230 3130 2367 3187 forte
2392 3133 2529 3189 male
2553 3135 2620 3190 de
2643 3136 2727 3190 his
2765 3135 3072 3206 loquantur,
3100 3141 3446 3197 sacerdotalis
3489 3138 3741 3196 severitatis

563 3234 693 3280 cant
719 3225 882 3279 etiam
909 3239 1038 3278 vasa
1070 3224 1125 3278 in
1164 3223 1300 3279 libro
1326 3223 1704 3291 Numerorum,
1733 3241 1854 3295 quae
1876 3225 2135 3294 iubentur

567 3315 693 3383 igne
717 3314 936 3382 purgari
986 3311 1176 3381 (Num.
1219 3315 1395 3384 xxxi).
1429 3312 1489 3368 Si
1517 3324 1696 3370 autem
1730 3316 1837 3372 tale
1875 3316 1981 3371 fuit
2002 3317 2134 3373 illud

568 3411 869 3472 peccatum,
897 3411 1116 3471 propter
1141 3404 1285 3470 quod
1311 3418 1434 3458 eum
1485 3404 1649 3460 etiam
1694 3414 1817 3477 post
1859 3408 2019 3463 istam
2049 3410 2132 3464 vi—

567 3499 677 3544 tam
701 3491 946 3562 gehenna
977 3491 1295 3561 susciperet,
1325 3492 1443 3547 ideo
1471 3493 1630 3550 Iesus
1661 3495 1825 3551 voluit
1845 3513 1969 3552 eum
1999 3499 2135 3569 lapi-

565 3581 703 3646 dari,
731 3589 793 3635 ut
818 3583 960 3651 quod
987 3596 1019 3635 a
1041 3582 1267 3637 Domino
1289 3585 1488 3639 dictum
1516 3593 1600 3640 est
1625 3586 1736 3657 igni
1759 3589 2125 3645 cremabitur:

566 3678 628 3726 ut
651 3670 782 3725 illud
821 3673 1136 3725 admoneret
1158 3672 1407 3744 intelligi,
1435 3675 1578 3744 quod
1620 3676 1880 3734 Dominus
1905 3678 2129 3745 faceret,

566 3773 680 3812 non
716 3759 857 3829 quod
887 3758 956 3813 ab
984 3759 1116 3828 ipsis
1156 3770 1301 3816 esset
1345 3761 1672 3820 faciendum.
1704 3765 1759 3820 Si
1787 3767 1931 3820 enim
1966 3768 2134 3823 dixis-

565 3858 650 3902 set
677 3849 935 3905 Dominus
963 3868 976 3903 :
1006 3850 1120 3921 lgni
1165 3867 1289 3906 eum
1334 3856 1640 3911 cremabitis
1663 3865 1718 3911 et
1759 3859 1940 3914 omnia
1991 3861 2130 3931 ejus,

568 3938 692 3992 huic
723 3941 902 3992 sensui
929 3939 1076 3995 locus
1101 3941 1278 3996 nullus
1305 3951 1474 4000 esset.
1542 3944 1677 3999 Cum
1730 3962 1860 4001 vero
1886 3948 1961 4003 ita
1989 3951 2136 4018 posi-

566 4037 681 4083 tum
708 4037 791 4083 est
819 4036 877 4082 ut
929 4031 1101 4100 magis
1152 4031 1396 4085 videatur
1435 4032 1576 4088 Deus
1624 4035 1766 4102 quod
1799 4035 1849 4089 ei
1894 4035 2135 4093 futurum

565 4127 712 4173 esset
739 4118 1070 4188 praedixisse,
1101 4134 1263 4189 quam
1291 4121 1433 4190 quod
1458 4122 1508 4177 ei
1553 4124 1620 4177 ab
1644 4124 1949 4180 hominibus
1972 4126 2135 4183 debe-

568 4217 650 4262 ret
678 4207 792 4263 ﬁeri
819 4209 1159 4278 prazcepisse,
1205 4208 1397 4263 melius
1424 4225 1530 4264 non
1574 4212 1749 4280 potuit
1777 4210 1955 4268 facere
1974 4212 2134 4271 Iesus

567 4297 660 4365 qui
689 4297 866 4350 divina
908 4299 1072 4350 verba
1122 4297 1264 4351 sicut
1316 4305 1494 4354 tantus
1540 4300 1799 4370 propheta
1847 4303 2129 4373 intellexit,

568 4385 659 4454 qui
689 4386 852 4439 etiam
897 4386 998 4440 hoc
1028 4387 1199 4456 ipsum
1234 4388 1548 4458 prophetice
1599 4390 1748 4459 fecit,
1778 4409 1939 4463 quam
1966 4403 2026 4450 ut
2070 4396 2134 4450 il—

2236 3223 2598 3290 immemores,
2629 3225 2819 3279 nolunt
2865 3227 3008 3296 quod
3063 3229 3333 3299 scriptum
3377 3238 3458 3286 est
3479 3228 3735 3298 complere:

2238 3330 2257 3363 ‹
2303 3312 2622 3369 Peccantem
2678 3330 2859 3370 coram
2897 3319 3146 3373 omnibus
3207 3336 3394 3393 argue,
3444 3330 3497 3376 ut
3526 3330 3573 3375 et
3596 3319 3738 3374 caeteri

2231 3414 2435 3459 metum
2462 3405 2697 3460 habeant
2735 3405 2783 3478 (ι
2819 3406 2953 3462 Tim.
2984 3420 3039 3479 ν)
3067 3426 3082 3475 ;
3122 3429 3142 3462 ι
3173 3421 3231 3467 et
3259 3414 3448 3468 iterum
3475 3431 3487 3466 :
3517 3429 3535 3464 α
3562 3410 3738 3466 Aniene

2231 3495 2433 3550 malum
2476 3483 2550 3552 de
2590 3498 2745 3553 vobis
2796 3499 2928 3569 ipsis
2962 3500 3011 3572 (1
3052 3501 3174 3556 Cor.
3203 3503 3302 3576 v);
3340 3524 3359 3558 ι
3402 3521 3494 3561 nec
3524 3504 3624 3560 zelo
3664 3502 3737 3556 Dei

2232 3588 2479 3647 succensi
2501 3589 2783 3645 imitantur
2809 3589 3125 3661 Apostolum
3162 3595 3431 3652 dicentem
3472 3616 3484 3651 :
3516 3615 3532 3648 ι
3561 3592 3735 3651 Tradidi

2234 3678 2540 3749 huiusmodi
2572 3680 2842 3736 hominem
2898 3682 3114 3739 Satanze
3163 3687 3219 3741 in
3273 3687 3532 3742 interitum
3577 3683 3733 3744 carnis,

2230 3774 2293 3822 ut
2317 3769 2541 3838 spiritus
2565 3770 2745 3826 salvus
2773 3770 2868 3827 ﬁat
2890 3771 3099 3846 (llud).
3132 3794 3151 3827 ι
3191 3775 3380 3847 Neque
3407 3777 3524 3832 illud
3548 3787 3736 3843 evange-

2231 3856 2393 3912 licum
2416 3912 2419 3915 ,
2445 3859 2669 3929 implere
2716 3862 2951 3927 student,
3004 3872 3063 3918 ut
3095 3865 3142 3920 si
3193 3867 3427 3924 viderint
3469 3867 3611 3921 etiam
3643 3870 3736 3935 post

2233 3948 2620 4005 correctionem
2648 3950 2856 4007 duobus
2876 3953 2960 4008 vel
2987 3955 3157 4010 tribus
3188 3956 3410 4013 arbitris
3431 3963 3729 4014 contentum,

2233 4042 2287 4088 et
2315 4035 2362 4089 si
2381 4045 2504 4105 post
2532 4037 2787 4095 Ecclesite
2834 4044 3227 4111 correptionem
3268 4061 3375 4100 non
3422 4044 3568 4099 fuerit
3588 4055 3731 4097 einen-

2234 4124 2412 4190 datus,
2443 4126 2510 4180 de
2535 4126 2775 4184 Ecclesia
2803 4131 3084 4200 expulsum
3112 4133 3261 4188 velut
3289 4135 3525 4206 gentilem
3549 4132 3734 4187 habeant

2233 4229 2297 4269 ac
2325 4217 2673 4284 publicanum
2714 4220 2928 4292 (Manli.
2968 4227 3126 4297 xviii)
3153 4242 3167 4292 ;
3201 4238 3259 4282 et
3282 4230 3404 4283 dum
3432 4222 3729 4297 parcuntuni.

2233 4306 2499 4363 universae
2526 4309 2781 4367 Ecclesiae
2803 4314 3099 4370 moliuntur
3143 4319 3438 4374 interitum.
3473 4317 3565 4373 Sed
3594 4314 3732 4369 vidca-

2239 4412 2359 4452 mus
2387 4413 2455 4454 ne
2508 4398 2646 4456 forte
2684 4398 2960 4460 interioris
3006 4406 3374 4479 intelligentia:
3426 4408 3495 4463 sit
3534 4411 3656 4460 tanta
3690 4409 3732 4453 α

568 4472 969 4569 lum-lapidibus
989 4479 1167 4546 potius
1188 4496 1349 4549 quam
1381 4480 1611 4539 ﬂammis
1658 4485 2031 4555 interimeret;
2066 4504 2133 4545 ne
2163 4465 2348 4541 Dtam
2393 4491 2573 4558 gravis
2624 4493 2891 4549 acerbitas
2944 4496 3048 4551 ista
3101 4465 3333 4566 peccati.
3385 4496 3487 4569 (Ea:
3528 4488 3728 4556 lsilm-l

569 4564 624 4616 in
668 4565 771 4619 illis
816 4567 1026 4636 ignibus
1064 4570 1225 4624 verba
1269 4571 1478 4625 Domini
1528 4574 1840 4630 viderentur
1888 4577 2129 4646 impleta,

568 4664 688 4718 quae
733 4654 802 4707 ob
844 4655 989 4710 aliud
1044 4657 1187 4712 dicta
1235 4659 1447 4714 volebat
1484 4662 1725 4733 intelligi.
1764 4665 1875 4720 Nec
1915 4683 2132 4725 movere

567 4738 727 4795 debet
744 4743 886 4810 quod
916 4760 1020 4799 non
1047 4746 1217 4817 ipsum
1248 4757 1473 4816 tantum,
1507 4753 1602 4807 sed
1623 4754 1785 4807 etiam
1807 4756 1985 4811 omnia
2011 4775 2131 4829 qua:

566 4837 693 4885 sinit
751 4830 883 4900 ejus,
950 4835 1092 4893 Deus
1150 4842 1438 4896 cremanda
1495 4844 1603 4914 igni
1665 4847 1994 4916 praedixerit.
2039 4851 2129 4910 Sic

566 4920 712 4974 enim
734 4920 810 4973 ait
841 4941 853 4975 :
886 4924 997 4994 lgni
1026 4931 1354 4985 cremabitur
1375 4941 1429 4987 et
1453 4934 1632 4989 omnia
1657 4951 1986 5008 quaecunque
2007 4952 2135 4999 sunt

566 5009 620 5064 ei
647 5028 660 5063 :
692 5010 872 5065 omnia
895 5015 1036 5069 enim
1068 5033 1398 5090 quaecunque
1428 5035 1553 5077 sunt
1578 5025 1650 5089 ei,
1677 5040 1841 5095 opera
1869 5029 1984 5098 ejus
2009 5045 2133 5100 pos-

566 5114 693 5161 sunt
718 5105 964 5178 intelligi,
993 5126 1110 5177 quae
1133 5126 1251 5166 cum
1284 5115 1373 5169 illo
1394 5117 1532 5171 dixit
1557 5134 1676 5173 esse
1702 5126 2129 5191 concremanda;

571 5211 696 5249 nam
739 5195 880 5250 sicut
918 5198 1048 5252 dicit
1094 5200 1380 5269 Apostolus
1420 5207 1487 5261 de
1517 5190 1836 5279 quibusdam
1880 5190 2130 5283 operibus

571 5284 693 5377 igne
718 5290 1069 5360 consumptis,
1103 5311 1119 5343 ι
1155 5293 1269 5362 ipse
1319 5306 1498 5353 autem
1544 5301 1724 5358 salvus
1751 5304 1855 5359 erit
1903 5305 1952 5377 (I
2003 5306 2126 5362 Cor.

569 5375 675 5475 lii).
706 5396 725 5428 ι
760 5376 815 5431 Si
861 5378 1020 5475 hujus
1065 5392 1348 5475 peccatum
1395 5388 1470 5442 ita
1519 5375 1927 5462 intelligendum
1958 5405 2040 5451 est
2070 5405 2130 5452 ut

569 5470 729 5517 etiam
760 5475 961 5523 mteruo
990 5470 1110 5541 igne
1138 5474 1408 5542 puniatur,
1443 5476 1582 5532 ﬁlios
1619 5480 1736 5550 ejus
1762 5491 1817 5538 et
1844 5484 1983 5539 ﬁlias
2004 5501 2128 5540 cum

570 5556 851 5649 pecoribus
892 5569 946 5616 et
980 5564 1229 5619 omnibus
1271 5582 1391 5636 quae
1443 5569 1706 5639 habebat,
1746 5577 1974 5645 populus
2010 5580 2129 5649 qui-

571 5641 691 5695 dem
721 5660 840 5700 cuin
862 5666 982 5705 eum
1031 5656 1264 5724 puniret,
1288 5658 1447 5713 simul
1476 5641 1949 5733 lapidibus-obruit
1975 5687 1987 5721 :
2019 5641 2124 5724 non

2236 4577 2399 4635 Multa
2429 4590 2513 4636 est
2542 4582 2593 4636 in
2625 4585 2804 4640 verbis
2856 4594 2912 4642 et
2942 4588 3113 4643 multa
3141 4598 3225 4644 est
3272 4591 3326 4645 in
3354 4587 3727 4661 philosophorum

2235 4679 2290 4724 et
2339 4672 2635 4749 rhetorum,
2664 4676 3004 4733 sermonibus
3053 4679 3417 4748 pulchritudo,
3453 4680 3536 4749 qui
3583 4686 3728 4731 omnes

2233 4759 2298 4814 de
2326 4761 2542 4817 civitate
2566 4773 2690 4819 sunt
2723 4764 2964 4833 Iericho,
2988 4768 3043 4824 id
3067 4778 3170 4836 est,
3222 4772 3379 4842 hujus
3403 4768 3567 4825 mundi
3592 4762 3725 4821 homi-

2234 4868 2350 4909 nes.
2387 4854 2603 4912 Jerieho
2631 4858 2828 4928 itaque,
2860 4869 2920 4914 ut
2947 4861 3150 4917 dictum
3172 4870 3276 4929 est,
3300 4863 3477 4918 mundi
3492 4859 3613 4930 gerit
3630 4856 3728 4925 ﬁge

2234 4957 2369 4998 ram.
2398 4945 2474 5000 De
2500 4949 2844 5004 anathemate
2895 4964 3025 5020 ergo
3051 4952 3170 5021 ejus
3215 4954 3482 5018 fraudans,
3512 4952 3562 5006 in
3592 4947 3726 5002 tabef‘

2233 5032 2427 5087 naeulo
2479 5049 2577 5090 suo
2602 5037 2904 5104 abscondit,
2942 5040 3035 5111 qui
3089 5042 3373 5098 saeculares
3414 5053 3574 5096 mores
3597 5037 3725 5090 insc-

2231 5120 2397 5174 cretis
2421 5121 2665 5178 ecclesiae
2711 5125 2942 5182 inserit:
2985 5128 3078 5199 qui
3107 5132 3209 5186 sub
3232 5132 3374 5186 cultu
3400 5131 3487 5185 Dei
3508 5135 3722 5181 manens,

2230 5209 2597 5267 solemnitates
2638 5216 2820 5272 saeculi
2844 5217 2929 5273 vel
2975 5221 3276 5289 spectacula
3306 5220 3504 5292 diligit;
3537 5214 3615 5286 qui
3637 5224 3724 5267 ευτ-

2231 5302 2439 5374 tilegos,
2464 5307 2738 5377 aruspices
2759 5316 2815 5363 et
2841 5324 3071 5380 augures
3091 5312 3342 5383 inquirit;
3390 5311 3468 5366 vel
3507 5307 3586 5380 qui
3604 5310 3723 5361 ea“?

2232 5410 2324 5450 ros
2349 5397 2485 5451 ritus
2509 5399 2796 5467 persuadet
2826 5402 2920 5471 qui
2962 5403 3114 5472 prius
3155 5405 3208 5459 in
3239 5404 3462 5467 Iericho,
3490 5401 3537 5455 id
3572 5403 3658 5458 est,
3679 5390 3719 5444 in

2234 5485 2336 5541 hoc
2366 5488 2580 5550 saeculo,
2610 5489 2965 5546 habebantur.
3003 5492 3110 5549 Iste
3158 5508 3306 5565 ergo,
3338 5492 3456 5563 quia
3481 5495 3589 5560 post
3626 5476 3719 5536 ﬁdei

2232 5580 2623 5650 indumentum,
2650 5587 3077 5642 conversationis
3131 5587 3395 5644 sacularis
3442 5582 3617 5639 cultum
3656 5573 3716 5626 in-

2232 5672 2398 5738 ducit,
2437 5674 2592 5742 quasi
2650 5675 2869 5744 pallium
2922 5676 2990 5730 de
3025 5678 3357 5734 anathemate
3403 5674 3541 5731 tollit.
3571 5663 3718 5722 Sed“
