3996 6176
355 339 483 395 1029

1260 331 1612 392 COMMENT.
1650 333 1718 390 IN
1755 334 2014 391 LIBRUM
2051 332 2284 392 JOSUE.
2326 367 2399 379 —
2431 338 2559 393 LIB.
2596 339 2636 393 I.

3450 344 3589 405 1030

347 450 436 504 ille
465 449 534 504 de
585 447 931 503 anathemate
983 445 1200 501 Iericho
1246 445 1479 511 fraudat,
1526 445 1616 515 qui
1647 445 1701 499 in
1742 444 1918 500 eccle-
1944 453 1994 510 Α
2019 461 2050 500 a
2079 446 2215 502 facie
2244 457 2426 502 nostra
2455 450 2596 504 sicut
2635 460 2811 505 antea.
2847 451 2954 507 Vos
2989 460 3167 507 autem
3194 456 3497 527 exsurgetis
3524 472 3593 514 ex

343 541 479 598 siam
510 541 886 596 hmreticorum
938 538 1101 594 infert
1150 539 1417 609 dogmata,
1461 545 1515 592 et
1544 538 1918 607 superstitiosa

341 629 689 685 saacularium
714 629 1012 683 litterarum
1048 625 1244 681 studia.
1289 626 1413 681 Haec
1449 627 1591 681 enim
1621 635 1706 681 est
1729 626 1918 696 regula

341 735 532 783 aurea,
561 720 834 773 luculento
863 732 1109 771 sermone
1132 725 1311 787 aptata
1339 735 1351 770 :
1382 718 1521 771 hanc
1542 716 1771 770 fraudati
1792 724 1918 770 sunt

340 809 530 874 Arius,
570 808 803 863 Marcion
855 816 909 861 et
933 806 1233 871 Basilides;
1294 806 1458 861 furati
1494 814 1623 861 sunt
1652 807 1797 861 enim
1828 806 1917 860 isti

342 898 567 968 regulas
596 911 789 951 aureas
809 897 873 951 de
896 895 1134 961 Iericho,
1165 904 1221 950 et
1248 895 1686 965 philosophorum
1716 902 1918 950 sectam

342 1005 451 1046 non
485 998 689 1044 rectam
718 990 773 1043 in
804 989 1102 1043 Ecelesiam
1137 989 1318 1043 conati
1342 994 1467 1041 sunt
1494 987 1836 1040 introducere
1866 994 1921 1040 et

342 1081 617 1136 maculare
637 1095 853 1134 omnem
882 1079 1177 1134 Ecclesium
1202 1078 1434 1141 Domini,
1461 1077 1534 1130 ita
1556 1083 1615 1129 ut
1644 1076 1734 1130 alii
1763 1076 1917 1130 multi

343 1171 703 1242 perderentur
728 1185 826 1240 per
873 1184 967 1223 eos
996 1186 1008 1221 :
1044 1169 1271 1238 ideoque
1318 1166 1513 1236 abjeeti
1547 1181 1647 1235 pro
1696 1168 1921 1221 anathe-

345 1268 517 1324 mate,
551 1259 705 1329 quasi
742 1272 936 1313 acervo
962 1258 1219 1328 lapidum,
1248 1257 1321 1310 ita
1357 1256 1701 1310 multitudine
1729 1272 1911 1326 pecca-

347 1358 525 1404 torum
550 1363 770 1402 suorum
800 1346 1042 1416 oppressi
1069 1355 1230 1414 atque
1283 1344 1534 1399 exstincti
1587 1353 1713 1399 sunt
1740 1361 1752 1398 :
1786 1360 1919 1414 quo-

350 1456 469 1493 rum
493 1449 681 1493 auctor
711 1452 775 1491 ac
801 1445 1110 1507 peremptor
1130 1452 1195 1491 ex
1225 1436 1350 1501 Abi,
1383 1436 1486 1490 hoc
1511 1444 1614 1501 est,
1650 1436 1912 1501 diabolus,

348 1532 440 1601 qui
469 1546 565 1599 per
593 1529 807 1583 illorum
863 1528 1191 1598 impietatem
1244 1526 1476 1582 fidelium
1516 1529 1775 1596 quosdam
1802 1529 1916 1582 evi-

344 1630 560 1686 cerunt,
589 1637 780 1676 rursus
826 1627 1110 1690 separatus
1139 1619 1430 1684 evincitur,
1469 1627 1631 1717 a’tque
1658 1634 1688 1673 a
1723 1620 1918 1689 pepulo

342 1711 441 1765 Dei
469 1725 761 1779 suspensus
787 1710 952 1780 ligno,
990 1709 1168 1764 crucis
1193 1710 1391 1764 virtute
1412 1709 1653 1764 necatur.

962 1819 1191 1877 CAPUT
1229 1822 1297 1875 X.

340 1935 421 1990 De
476 1933 859 2005 expugnatione
917 1931 1065 2013 urbis
1117 1931 1218 2012 ᾼΙιὶ
1279 1940 1326 1985 et
1374 1930 1733 2000 interiectione
1783 1948 1917 2002 regis

1045 2018 1230 2071 ipsius.

417 2096 567 2154 (Car.
600 2092 741 2166 vui.)
787 2111 806 2144 ι
853 2092 1001 2146 Dixit
1055 2100 1236 2146 autem
1289 2091 1550 2146 Dominus
1599 2090 1664 2145 ad
1706 2089 1913 2146 Iosue:

346 2204 364 2238 ι
412 2186 491 2241 Ne
522 2194 739 2249 timeas,
767 2197 944 2252 neque
980 2182 1276 2248 formides;
1311 2181 1439 2236 tolle
1494 2189 1672 2235 tecum
1698 2196 1915 2235 omnem

344 2293 364 2327 ‹
410 2272 808 2328 multitudinem
838 2279 1220 2341 pugnatorum,
1251 2278 1305 2324 et
1330 2285 1662 2339 consurgens
1688 2270 1918 2325 ascende

345 2383 363 2414 ι
410 2366 465 2419 in
491 2363 744 2434 oppidum
774 2361 898 2416 Abi.
933 2360 1071 2415 Ecce
1115 2360 1311 2414 tradidi
1340 2360 1394 2413 in
1428 2375 1589 2413 manu
1622 2368 1709 2414 tua
1737 2372 1917 2430 regem

347 2477 364 2509 ι
411 2455 548 2525 ejus,
589 2463 642 2509 et
675 2451 951 2523 populum,
1003 2452 1320 2520 urbemque,
1358 2458 1413 2505 et
1444 2459 1647 2505 terram
1677 2469 1689 2504 :
1725 2450 1916 2504 facies-

344 2567 363 2599 ι
411 2560 517 2617 que
546 2543 665 2597 urbi
698 2541 824 2606 Ahi,
855 2547 910 2595 et
959 2540 1071 2610 regi
1117 2539 1258 2609 ejus,
1310 2539 1452 2593 sicut
1488 2537 1665 2593 fecisti
1699 2536 1917 2592 Iericho

345 2654 365 2687 ι
414 2644 467 2689 et
494 2634 607 2704 regi
634 2631 775 2686 illius
804 2648 817 2684 :
846 2630 1083 2700 praedam
1133 2644 1263 2683 vero
1300 2636 1356 2684 et
1410 2628 1591 2682 omnia
1622 2628 1917 2682 animantia

335 2743 365 2779 ’ί
410 2726 673 2796 ἄτίρίειίε
724 2722 895 2777 vobis.
955 2720 1102 2775 Pone
1162 2719 1385 2774 insidias
1429 2719 1550 2773 urbi
1604 2727 1726 2788 post
1773 2732 1914 2772 eam.

346 2834 366 2868 ι
410 2815 764 2883 Surrexitque
820 2811 1004 2876 Josue,
1061 2818 1118 2864 et
1169 2809 1346 2864 omnis
1381 2808 1652 2864 exercitus
1684 2809 1915 2863 bellato-

346 2925 365 2956 ι
412 2921 533 2959 rum
560 2920 681 2958 cum
731 2918 816 2966 eo,
844 2911 904 2957 ut
953 2900 1309 2956 ascenderent
1361 2900 1413 2953 in
1465 2898 1593 2964 Abi,
1634 2907 1689 2953 et
1745 2898 1915 2953 electa

348 3014 366 3048 ι
411 2994 631 3064 triginta
665 2992 829 3046 millia
859 2991 1099 3046 virorum
1138 2988 1356 3044 fortium
1396 2990 1544 3043 misit
1569 2997 1746 3053 nocte,
1778 3004 1917 3058 pra:-

345 3105 365 3137 ι
412 3087 662 3155 cepitque
681 3084 761 3138 eis
776 3083 959 3137 dicens
984 3099 997 3135 :
1022 3080 1210 3136 Ponite
1235 3080 1461 3135 insidias
1479 3088 1602 3149 post
1619 3081 1912 3145 civitatem,

2018 536 2256 601 insidiis,
2299 546 2353 592 et
2388 536 2534 594 ibitis
2571 541 2626 593 in
2668 541 2959 595 civitatem.
3007 540 3317 598 Secundum
3366 547 3592 602 verbum

2018 628 2161 684 istud
2186 627 2398 684 facietis
2430 648 2443 684 :
2473 644 2620 695 ecce,
2651 629 2908 701 prmeipio
2928 631 3100 686 vobis.
3126 632 3482 698 Qumrendum
3509 647 3595 693 est

2017 725 2196 771 utrum
2235 719 2414 773 omnis
2453 719 2702 774 voluntas
2736 718 2951 774 fallendi
2982 738 3080 792 pro
3109 723 3390 779 mendacio
3427 726 3594 797 depu-

2018 811 2177 864 tanda
2219 810 2315 876 sit;
2357 818 2411 865 et
2451 812 2494 865 si
2543 812 2617 865 ita
2647 820 2762 877 est,
2805 822 2985 866 utrum
3023 815 3196 883 possit
3228 813 3435 881 justum
3472 832 3596 873 esse

2017 900 2359 955 mendacium
2389 916 2498 970 quo
2530 902 2618 955 ille
2653 900 2857 956 fallitur
2885 904 2975 973 qui
3014 904 3206 973 dignus
3234 914 3317 958 est
3352 904 3459 958 falli
3493 920 3509 959 :
3540 916 3596 961 et

2016 989 2062 1043 si
2103 1004 2205 1043 nec
2254 991 2359 1043 hoc
2407 990 2623 1058 quidem
2670 992 3007 1045 mendacium
3046 992 3251 1060 justum
3294 996 3591 1062 reperitur,

2016 1086 2187 1132 restat
2206 1087 2264 1132 ut
2282 1080 2575 1135 secundum
2596 1081 2833 1150 aliquam
2856 1082 3303 1153 significationem
3328 1085 3430 1138 hoc
3451 1087 3594 1155 quod

2018 1166 2084 1219 de
2114 1167 2323 1221 insidiis
2352 1167 2552 1223 factum
2583 1179 2669 1223 est
2691 1170 2757 1223 ad
2789 1172 3074 1225 veritatem
3105 1171 3392 1227 referatur.
3431 1173 3596 1229 Jube—

2018 1263 2108 1311 tur
2134 1272 2163 1311 a
2190 1257 2301 1313 Deo
2338 1259 2445 1313 dux
2483 1261 2663 1329 populi
2692 1261 2850 1317 Jesus
2881 1263 2933 1317 in
2962 1262 3096 1318 duas
3131 1277 3317 1332 partes
3354 1265 3594 1323 dividere

2017 1349 2270 1418 populum
2290 1391 2304 1413 ,
2332 1359 2392 1405 ut
2419 1367 2545 1421 pars
2571 1354 2781 1408 simulet
2812 1353 2990 1424 fugam
3011 1398 3024 1421 ,
3056 1373 3182 1427 pars
3211 1367 3389 1412 autem
3420 1360 3595 1414 subsi-

2019 1445 2125 1493 stat
2164 1440 2219 1493 in
2260 1440 2502 1506 insidiis,
2542 1444 2738 1511 quibus
2773 1446 3075 1515 decipiatur
3110 1449 3234 1502 Abi.
3277 1450 3482 1517 Quibus
3520 1451 3593 1504 ita

2018 1531 2318 1600 dispositis,
2350 1547 2443 1587 rex
2477 1532 2578 1588 Ahi
2610 1536 2799 1591 videns
2824 1536 3006 1592 Jesum
3038 1548 3092 1595 et
3118 1540 3254 1596 ﬁlios
3276 1542 3439 1597 Israel
3462 1545 3595 1597 emi-

2018 1635 2143 1683 nus,
2174 1620 2482 1675 concitatur
2510 1625 2770 1680 adversus
2798 1642 2892 1681 eos
2930 1628 2981 1682 in
3019 1630 3260 1698 pur-lium
3295 1650 3307 1684 :
3337 1631 3441 1687 illis
3466 1649 3596 1688 vero

2018 1710 2399 1766 simulantibus
2423 1712 2625 1785 fugam,
2655 1717 2744 1770 isti
2771 1719 2953 1774 acrius
2982 1721 3336 1788 insectantur,
3366 1733 3421 1778 et
3449 1726 3597 1780 velut

1944 1801 1991 1860 B
2020 1800 2189 1869 spolia
2222 1803 2433 1857 ducturi
2461 1807 2529 1860 de
2558 1807 2832 1872 hostibus,
2862 1824 3049 1865 omnes
3079 1811 3238 1865 simul
3274 1816 3592 1882 procedunt,

2018 1892 2091 1945 ita
2121 1900 2201 1957 ut,
2233 1902 2292 1948 ut
2323 1894 2603 1965 Scriptura
2632 1899 2782 1965 dicit,
2808 1900 3175 1968 relinquerent
3210 1917 3433 1957 vacuam
3460 1905 3594 1958 civi-

2017 1989 2205 2037 tatem.
2232 1983 2336 2040 Sed
2360 1996 2711 2057 posteaquam
2739 1990 2791 2043 in
2813 1991 3159 2045 constitutum
3181 1996 3450 2064 progressi
3472 2004 3600 2051 sunt

2015 2073 2213 2141 locum,
2235 2092 2530 2133 conversus
2558 2078 2716 2135 Jesus
2743 2082 2954 2152 signum
2983 2084 3126 2138 dedit
3156 2094 3213 2139 ut
3241 2096 3597 2157 exsurgerent

2016 2168 2107 2235 qui
2138 2168 2192 2221 in
2220 2169 2429 2225 insidiis
2455 2180 2633 2238 erant,
2664 2182 2720 2228 et
2747 2175 2904 2229 dorsa
2937 2177 3171 2231 hostium
3201 2180 3509 2234 caederent:
3540 2188 3597 2236 et

2018 2258 2093 2311 ira
2123 2259 2198 2313 illi
2229 2261 2505 2316 uerissimi
2536 2272 2589 2318 et
2618 2264 2707 2318 isti
2737 2265 2895 2334 primi
2936 2267 3140 2321 medios
3172 2269 3356 2323 hostes
3381 2269 3599 2325 conclu-

2016 2363 2106 2402 sos
2144 2348 2463 2405 interimunt
2504 2355 2783 2409 universos
2824 2373 2835 2408 :
2884 2365 2937 2410 et
2974 2356 3077 2412 hoc
3117 2359 3276 2414 modo
3314 2360 3472 2415 victis
3512 2361 3598 2417 his

2017 2441 2110 2511 qui
2147 2442 2463 2496 habitabant
2499 2443 2634 2509 Abi,
2667 2462 2848 2518 regem
2887 2462 3074 2502 eorum
3115 2451 3511 2519 suspenderunt
3542 2451 3596 2505 in

2017 2530 2181 2600 ligno.
2224 2531 2322 2587 His
2346 2535 2574 2601 auditis,
2614 2537 2905 2591 verisimile
2942 2548 3027 2593 est
3059 2541 3334 2595 auditores
3364 2541 3545 2597 dicere
3579 2558 3595 2596 :

2018 2621 2157 2688 Quid
2178 2625 2307 2679 mihi
2334 2626 2486 2679 haec?
2506 2628 2634 2697 quid
2660 2629 2791 2682 mihi
2818 2628 3028 2684 confert
3046 2632 3089 2686 si
3114 2646 3433 2702 cognoscam
3454 2630 3600 2701 quod

2019 2715 2213 2771 devicti
2244 2725 2366 2771 sunt
2389 2719 2477 2786 qui
2509 2720 2825 2776 habitabant
2846 2720 2983 2775 Abi?
3011 2723 3134 2791 quia
3166 2723 3209 2776 si
3240 2738 3343 2776 non
3376 2722 3597 2790 similia,

2018 2815 2111 2859 aut
2137 2808 2298 2860 etiam
2328 2810 2628 2875 potentiora
2657 2810 2820 2874 bella,
2854 2811 2936 2865 vel
2963 2820 3111 2881 gesta
3150 2812 3257 2866 sint
3285 2812 3369 2865 vel
3405 2828 3601 2882 geran-

2020 2900 2130 2961 tur,
2152 2897 2268 2951 hazc
2295 2896 2393 2951 fuit
2418 2914 2547 2952 cura
2580 2898 2815 2968 Spiritus
2843 2903 3014 2955 sancti
3039 2909 3116 2965 ut,
3151 2902 3354 2956 relictis
3376 2910 3456 2956 tot
3479 2911 3598 2956 tan-

2019 2994 2196 3041 tarum
2240 2988 2496 3043 nobilium
2536 2990 2763 3044 excidiis
2802 2991 3049 3056 urbium,
3077 2992 3320 3060 praalium
3360 2993 3599 3048 civitatis

2019 3077 2122 3133 Abi
2152 3080 2470 3149 inscriptum
2504 3082 2674 3136 sacris
2700 3081 3061 3137 voluminibus
3084 3085 3449 3139 mandaretur.
3481 3085 3597 3139 Pri-

345 3192 366 3226 ι
419 3142 521 3228 nec
543 3142 754 3243 longius
778 3172 1067 3235 recedatis,
1095 3179 1148 3225 et
1194 3171 1348 3225 eritis
1368 3186 1557 3225 omnes
1582 3171 1777 3239 parati.
1802 3170 1914 3241 Ego
1942 3142 1986 3204 C
2018 3184 2107 3225 mo
2127 3181 2348 3242 prOpter
2371 3181 2593 3243 peccata
2624 3174 2748 3227 victi
2771 3189 2973 3237 sumus,
3006 3182 3059 3228 et
3088 3175 3142 3229 hi
3170 3176 3260 3244 qui
3284 3175 3600 3231 habitabant

346 3282 366 3317 ς
413 3272 594 3318 autem
623 3271 678 3317 et
705 3262 911 3331 reliqua
942 3259 1229 3316 multitudo
1253 3276 1373 3330 qua:
1399 3274 1608 3315 mecum
1633 3270 1738 3325 est,
1762 3275 1915 3315 acce—

346 3375 365 3408 t
414 3357 605 3411 demus
633 3370 699 3410 ex
725 3355 952 3409 adverso
995 3362 1184 3409 contra
1237 3354 1445 3419 urbem,
1485 3374 1503 3406 ι
1532 3364 1638 3407 etc.
1672 3352 1779 3425 (Ea:
1807 3353 1917 3406 Au-

346 3445 603 3516 gustino.)
663 3443 814 3510 Quod
874 3442 1016 3498 Deus
1067 3441 1221 3511 jubet
1247 3441 1473 3513 loquens
1523 3443 1590 3496 ad
1627 3442 1811 3497 Iesum
1854 3451 1916 3496 ut

340 3534 644 3590 constituat
681 3533 782 3589 sibi
814 3542 1111 3588 retrorsum
1159 3533 1402 3598 insidias,
1436 3533 1488 3588 id
1514 3541 1618 3599 est,
1665 3533 1917 3587 insidian-

342 3632 429 3679 tes
458 3624 748 3679 bellatores
784 3623 852 3677 ad
880 3622 1242 3678 insidiandum
1272 3622 1545 3687 hostibus,
1582 3622 1710 3676 hinc
1732 3623 1917 3675 admo-

340 3732 537 3772 nemur
589 3732 696 3771 non
727 3714 927 3784 injuste
979 3714 1097 3770 ﬁeri
1147 3714 1327 3768 abhis
1363 3714 1458 3783 qui
1482 3714 1686 3783 justum
1716 3711 1915 3767 bellum

340 3812 554 3877 gemat,
583 3814 644 3858 ut
669 3803 803 3857 nihil
831 3803 992 3857 homo
1014 3801 1195 3870 justus
1229 3803 1500 3871 praecipue
1560 3801 1797 3871 cogitare
1829 3802 1920 3855 de-

340 3897 469 3951 beat
498 3895 552 3948 iu
606 3895 692 3949 his
722 3894 908 3958 rebus,
955 3893 1061 3948 nisi
1096 3901 1156 3946 ut
1175 3892 1379 3961 justum
1409 3891 1608 3946 bellum
1635 3890 1913 3960 suscipiat,

343 3986 432 4040 cui
459 3984 664 4039 bellare
691 3982 776 4038 fas
799 3992 883 4039 est
916 4000 930 4037 :
965 3999 1070 4038 non
1092 3984 1233 4037 enim
1258 3983 1508 4037 omnibus
1539 3980 1623 4037 fas
1649 3989 1749 4037 est.
1781 3981 1916 4036 Cum

343 4085 525 4131 autem
549 4076 754 4145 justum
778 4075 974 4130 bellum
1016 4075 1334 4144 susceperit,
1362 4082 1546 4129 utrum
1588 4084 1781 4152 aperta
1826 4089 1920 4143 pu-

347 4187 476 4243 gna,
508 4181 692 4227 utrum
721 4172 934 4226 insidiis
963 4172 1165 4235 vincat,
1202 4170 1338 4224 nihil
1370 4170 1438 4224 ad
1461 4169 1727 4241 justitiam
1760 4169 1920 4223 inter-

343 4272 453 4319 est.
494 4256 649 4317 Iusta
705 4270 886 4316 autem
941 4260 1081 4316 bella
1130 4259 1340 4316 deliniri
1401 4260 1574 4316 solent
1619 4275 1741 4329 quae
1790 4259 1920 4314 ulci-

344 4362 573 4411 scuntur
627 4352 851 4422 injurias
894 4369 908 4405 :
964 4352 1009 4407 si
1067 4367 1172 4421 qua
1219 4368 1347 4423 gens
1397 4352 1481 4407 vel
1539 4352 1750 4416 civitas,
1799 4366 1919 4420 quae

343 4444 488 4499 bello
509 4444 737 4514 petenda
765 4450 867 4508 est,
917 4441 1002 4495 vel
1052 4442 1329 4497 vindicare
1362 4442 1661 4512 neglexerit
1711 4440 1855 4509 quod
1886 4455 1915 4493 a
1943 4480 1995 4539 Β

344 4536 459 4591 suis
482 4533 723 4605 improbe
743 4532 945 4588 factum
967 4541 1071 4597 est,
1114 4533 1198 4587 vel
1245 4533 1469 4587 reddere
1490 4532 1634 4601 quod
1660 4548 1757 4601 per
1780 4530 1922 4599 inju-

344 4629 458 4682 rias
481 4626 716 4681 ablatum
731 4634 831 4681 est.
858 4624 963 4681 Sed
974 4626 1137 4679 etiam
1155 4625 1254 4680 hoc
1271 4640 1437 4696 genus
1447 4625 1572 4679 belli
1589 4625 1704 4679 sine
1718 4624 1922 4679 dubita-

346 4718 493 4772 tione
515 4714 720 4783 justum
742 4724 824 4770 est
852 4715 995 4784 quod
1026 4715 1165 4769 Deus
1190 4715 1435 4783 imperat,
1464 4714 1603 4783 apud
1626 4730 1783 4784 quem
1812 4730 1918 4769 non

345 4815 429 4862 est
463 4807 748 4875 iniquitas,
787 4814 843 4861 et
878 4806 1027 4860 novit
1067 4805 1195 4876 quid
1235 4805 1427 4873 cuique
1461 4803 1576 4858 fieri
1617 4804 1829 4859 debeat.
1862 4803 1919 4859 In

346 4915 453 4970 quo
490 4899 633 4955 bello
680 4900 872 4954 ductor
908 4898 1208 4962 exercitus,
1249 4896 1335 4951 vel
1375 4897 1489 4967 ipse
1524 4896 1772 4966 populus,
1810 4911 1919 4951 non

347 4998 459 5043 tam
485 4997 673 5043 auctor
691 4988 815 5043 belli
838 5003 1001 5061 quam
1026 4988 1272 5041 minister
1288 4986 1610 5057 iudicandus
1633 4994 1733 5041 est.
1760 4984 1917 5041 Jesus

347 5079 567 5134 mittens
603 5079 668 5133 ad
697 5079 800 5133 Ahi
840 5077 1213 5133 debellandum
1244 5078 1459 5147 triginta
1491 5077 1657 5132 millia
1694 5078 1919 5133 bellato-

347 5182 499 5233 rum,
540 5170 616 5223 ait
648 5169 754 5224 illis
788 5187 800 5222 :
841 5188 859 5219 ‹
903 5168 1007 5224 Vos
1038 5168 1421 5222 insidiabimini
1462 5177 1583 5239 post
1620 5169 1914 5235 civitatem,

347 5266 403 5312 ct
434 5273 537 5313 non
564 5259 719 5328 longe
744 5259 896 5313 eritis
923 5275 952 5312 a
978 5257 1214 5322 civitate,
1239 5265 1290 5311 et
1317 5257 1469 5311 eritis
1486 5272 1677 5313 omnes
1703 5258 1873 5327 parati
1900 5276 1913 5312 :

347 5356 407 5404 et
443 5365 576 5422 ego,
617 5360 673 5405 et
710 5352 886 5405 omnis
918 5350 1144 5421 pOpulus
1177 5350 1269 5420 qui
1307 5364 1516 5404 meeum
1550 5357 1664 5415 est,
1697 5350 1920 5405 accede-

346 5452 471 5494 mus
505 5460 524 5492 ι
558 5442 625 5495 ad
651 5441 924 5495 civitatem
959 5459 971 5495 :
1000 5449 1055 5495 et
1089 5440 1194 5496 erit
1224 5455 1346 5494 cum
1382 5440 1612 5494 exierint
1652 5440 1743 5510 qui
1774 5455 1921 5494 com-

348 5540 632 5585 morantur
673 5532 726 5586 in
762 5530 865 5584 Abi
905 5532 959 5585 in
996 5532 1209 5585 obviam
1245 5532 1431 5596 nobis,
1466 5532 1604 5584 sicut
1636 5539 1690 5583 et
1740 5538 1917 5594 antea,

352 5622 616 5691 fugiamus
650 5638 681 5675 a
721 5622 859 5675 facie
883 5621 1112 5675 illorum.
1146 5622 1359 5676 Etcum
1390 5621 1622 5675 exierint
1647 5628 1767 5688 post
1801 5633 1918 5683 nos,

351 5712 678 5771 alnlueemus
707 5712 826 5767 illos
850 5712 918 5767 de
942 5713 1190 5776 civitate,
1230 5722 1280 5766 et
1315 5713 1493 5766 dicent
1527 5731 1539 5765 :
1568 5711 1799 5782 Fugiunt
1831 5710 1919 5764 isti

2014 3259 2119 3316 Abi
2162 3264 2586 3333 quamplurimos
2615 3280 2681 3319 ex
2723 3265 2879 3321 nobis
2917 3267 3323 3321 interfecerunt.
3370 3266 3473 3321 Abi
3514 3267 3598 3321 in-

2020 3359 2345 3423 terpretatur
2372 3356 2556 3420 chaos,
2588 3357 2753 3411 chaos
2785 3365 2966 3412 autem
2991 3357 3170 3411 locum
3200 3358 3283 3411 vel
3313 3357 3597 3413 habitacu-

2017 3446 2128 3500 lum
2168 3463 2288 3502 esse
2326 3449 2575 3502 novimus
2616 3449 3012 3502 contrariarum
3044 3448 3337 3513 virtutum,
3370 3464 3598 3518 quarum

2018 3551 2111 3589 rex
2153 3542 2206 3588 et
2245 3535 2515 3604 principes
2561 3536 2807 3589 diabolus
2852 3544 2955 3589 est.
2996 3534 3297 3588 Adversum
3336 3536 3477 3591 hunc
3508 3552 3599 3591 ve-

2017 3626 2174 3681 niens
2203 3624 2382 3690 Jesus,
2416 3626 2468 3679 in
2495 3626 2631 3679 duas
2655 3636 2840 3695 partes
2867 3625 3057 3679 dividit
3082 3626 3357 3695 populum,
3387 3634 3443 3680 et
3466 3627 3600 3683 alios

2019 3717 2233 3787 quidem
2264 3716 2316 3769 in
2348 3715 2540 3786 primis
2570 3717 2778 3780 statuit,
2812 3714 2946 3768 alios
2976 3714 3028 3767 in
3060 3715 3470 3783 posterioribus,
3506 3717 3599 3785 qui

2018 3822 2085 3861 ex
2126 3808 2399 3877 insperato
2435 3815 2557 3876 post
2601 3814 2808 3875 tergum
2850 3805 3072 3857 veniant
3121 3804 3480 3858 inimicorum.
3530 3804 3598 3859 Et

2017 3896 2169 3951 vides
2197 3910 2324 3951 num
2360 3896 2534 3966 prima
2566 3911 2693 3965 pars
2718 3903 2802 3949 est
2836 3894 3016 3965 populi
3049 3893 3138 3948 illa
3184 3895 3250 3949 de
3284 3911 3388 3965 qua
3419 3895 3548 3950 dicit
3581 3913 3594 3949 :

2025 4005 2044 4038 ι
2074 3986 2190 4041 Νοη
2214 3988 2333 4042 veni
2357 3987 2459 4042 nisi
2482 3987 2551 4043 ad
2570 4001 2698 4041 oves
2718 3985 2960 4055 perditas
2983 3986 3174 4042 domus
3194 3986 3358 4042 Israel
3380 3986 3596 4057 (Matth.

2017 4079 2132 4146 xv),
2166 4099 2184 4130 ι
2216 4086 2269 4132 et
2292 4079 2357 4133 de
2385 4093 2489 4148 qua
2518 4078 2649 4133 dicit
2677 4077 2967 4148 Apostolus
3004 4096 3015 4131 :
3051 4096 3070 4128 ί
3110 4077 3299 4133 Gratia
3332 4086 3509 4131 autem
3540 4086 3597 4131 et

2019 4185 2123 4239 pax
2150 4170 2296 4223 omni
2326 4170 2531 4224 homini
2559 4170 2805 4240 operantj
2828 4169 3047 4234 bonum,
3077 4168 3262 4224 Iudaeo
3289 4168 3521 4238 primum
3542 4175 3599 4222 et

2018 4259 2208 4315 Gl‘tL‘CO
2233 4259 2421 4330 (Rom.
2454 4261 2568 4330 ιι),
2607 4280 2625 4311 ι
2672 4261 2722 4313 id
2752 4268 2867 4323 est,
2899 4259 3109 4329 gentili.
3148 4259 3304 4313 Prior
3328 4273 3457 4326 ergo
3492 4259 3594 4312 iste

2018 4350 2247 4418 populus
2268 4351 2360 4420 qui
2382 4352 2433 4404 in
2461 4350 2651 4420 primis
2676 4352 2951 4415 statuitur,
2980 4358 3034 4405 et
3061 4351 3215 4421 quasi
3242 4349 3451 4418 fugiens
3473 4366 3594 4405 cum

2019 4437 2176 4501 Jcsu;
2209 4439 2476 4506 posterior
2504 4453 2635 4492 vero
2662 4438 2918 4509 populus,
2958 4440 3050 4509 qui
3089 4456 3153 4494 ex
3187 4440 3435 4510 gentibus
3466 4454 3595 4493 con-

2021 4537 2294 4601 gregatur,
2322 4530 2556 4597 quinque
2585 4544 2651 4584 ex
2678 4531 2949 4598 insperato
2980 4530 3257 4584 venientes
3283 4528 3425 4601 (quis
3452 4529 3597 4584 enim

2020 4629 2262 4694 speraret
2289 4630 2474 4693 gentes
2504 4620 2768 4691 salvari?)
2806 4621 2985 4676 acrius
3020 4629 3141 4690 post
3172 4630 3379 4690 tergum
3408 4620 3599 4674 adver-

2019 4713 2192 4769 sarios
2220 4711 2451 4768 caedunt.
2476 4712 2544 4765 Et
2562 4711 2639 4766 sic
2662 4712 2845 4780 utique
2866 4710 3091 4781 populus
3120 4711 3349 4765 mediam
3385 4711 3595 4765 turbam

2020 4805 2325 4860 daemonum
2356 4801 2548 4857 sternit
2575 4810 2630 4855 et
2656 4801 2840 4856 vincit.
2870 4801 2976 4856 Sed
3001 4801 3230 4855 fortasse
3260 4801 3396 4856 dicis
3422 4801 3553 4855 mihi
3582 4819 3595 4854 :

2023 4896 2302 4964 Quomodo
2329 4909 2459 4964 ergo
2494 4894 2648 4964 quasi
2680 4892 2889 4963 fugiens
2917 4894 3138 4962 ponitur
3165 4892 3392 4963 populus
3426 4894 3596 4964 prior,

2024 4992 2078 5041 et
2101 4985 2247 5040 velut
2270 4991 2661 5052 consequentes
2687 4981 2926 5053 fugeret?
2952 4983 3163 5038 Etenim
3187 4983 3330 5037 versi
3362 4991 3487 5037 sunt
3507 4981 3599 5050 qui

2024 5085 2326 5146 sequuntur
2355 5074 2536 5129 Jesum
2568 5090 2598 5129 a
2632 5072 2893 5145 legalibus
2920 5075 3178 5130 oneribus
3202 5083 3257 5128 et
3293 5072 3597 5144 praeceptis,

2025 5169 2093 5222 ab
2117 5167 2492 5222 observatione
2531 5166 2777 5231 sabbati,
2815 5179 2845 5218 a
2885 5165 3293 5219 circumcisione
3327 5177 3536 5224 carius,
3565 5175 3598 5214 a

2018 5256 2354 5329 jugulatione
2389 5257 2706 5312 hostiarum.
2748 5255 2855 5311 Sed
2898 5256 3092 5310 iterum
3133 5269 3239 5309 non
3271 5252 3433 5321 fugit,
3470 5250 3597 5318 quia

2024 5354 2244 5404 secutus
2276 5354 2360 5401 est
2384 5345 2588 5412 Jesum,
2615 5345 3001 5416 perfectionem
3031 5355 3084 5399 et
3109 5341 3492 5415 plenitudinem
3523 5339 3599 5393 le-

2024 5440 2123 5510 gis.
2157 5438 2286 5493 Post
2312 5439 2491 5493 omnia
2520 5447 2700 5491 autem
2730 5437 2777 5491 is
2805 5438 2969 5491 etiam
2993 5451 3086 5489 rex
3117 5432 3220 5487 Abi
3252 5431 3303 5484 in
3338 5430 3482 5500 ligno
3507 5445 3599 5500 ge-

2024 5532 2169 5585 mino
2197 5530 2396 5585 dicitur
2424 5545 2542 5584 esse
2570 5544 2883 5598 suspensus.
2915 5526 3025 5580 Hoc
3052 5526 3106 5578 in
3136 5523 3253 5577 loco
3280 5521 3596 5592 mysterium

2025 5621 2224 5690 tegitur
2268 5618 2693 5689 quamplurimos
2734 5617 2938 5679 latens,
2987 5614 3081 5668 sed
3127 5612 3407 5666 orantibus
3445 5610 3603 5665 nobis

2027 5709 2349 5765 tentabimus
2378 5709 2490 5762 hmc
2521 5707 2721 5768 omnia,
2746 5720 2851 5757 non
2880 5702 3082 5756 nostris
3111 5700 3476 5771 opinionibus,
3500 5696 3600 5757 sed
