3964 6192
466 316 598 377 1031

1110 304 1174 363 Β.
1212 303 1468 362 RABANI
1508 302 1726 361 MAURI
1762 300 2081 358 ARCHIEP.
2124 298 2430 358 MOGUNT.
2467 294 2754 354 OPERUM
2793 293 2972 352 PARS
3002 294 3044 349 ι.

3568 296 3586 349 l
3595 293 3689 349 θὗῖ

463 420 762 491 scripturae
790 412 987 471 divinae
1020 413 1344 470 testimoniis
1370 413 1603 482 aperire.
1645 411 1704 465 In
1749 408 2038 480 superiori-
2063 415 2115 475 Α
2140 411 2450 467 caelestibus
2476 410 2781 466 considere.
2809 409 2916 465 Sed
2943 408 3192 463 umbrata
3217 413 3342 463 sunt
3361 407 3576 478 quidem
3595 411 3702 466 haec

464 514 571 572 bus
605 509 839 567 diximus
883 521 1065 578 regem
1095 506 1199 560 Ahi
1229 505 1441 561 diabolo
1466 517 1624 572 posse
1661 499 1927 568 conferri,
1957 502 2045 557 hic

467 599 739 673 quomodo
779 595 996 668 gemino
1036 593 1183 663 ligno
1223 590 1515 647 cruciﬁxus
1554 597 1670 655 est,
1709 604 1886 659 operte
1925 602 2047 659 pre-

467 691 605 745 tium
631 696 717 742 est
756 698 999 740 noscere.
1042 682 1188 738 Crux
1224 683 1435 738 Domini
1478 683 1649 738 nostri
1684 680 1812 737 Jesu
1843 680 2045 736 Christi

474 781 686 853 gemina
715 776 836 831 fuit.
879 775 1049 829 Mirus
1085 775 1178 828 tibi
1209 790 1387 829 sermo
1422 773 1653 829 fortasse
1680 783 1736 829 et
1762 788 1935 827 novus
1963 772 2047 826 vi—

471 874 645 928 detur.
675 868 829 936 Quod
859 867 978 921 dico
1007 881 1137 919 crux
1168 866 1380 935 gemina
1412 865 1535 930 fuit,
1566 865 1669 918 hoc
1691 872 1803 928 est,
1835 864 2044 934 gemina

468 963 677 1018 ratione
721 966 933 1015 constat
969 966 1023 1012 et
1065 956 1296 1026 duplici;
1340 957 1467 1026 quia
1510 956 1792 1011 visibiliter
1835 956 2049 1025 quidem

467 1051 639 1105 Filius
667 1048 763 1101 Dei
799 1048 853 1102 in
892 1061 1055 1101 carne
1080 1044 1372 1100 cruciﬁxus
1401 1055 1515 1110 est;
1550 1045 1895 1100 invisibiliter
1920 1059 2050 1100 vero

469 1141 524 1194 in
557 1141 658 1194 hac
686 1151 845 1192 cruce
883 1136 1128 1191 diabolus
1156 1151 1279 1189 cum
1308 1136 1701 1205 principatibus
1729 1144 1784 1188 et
1812 1143 2052 1204 potesta—

470 1230 614 1283 tibus
643 1226 832 1281 aﬁixus
860 1234 944 1280 est
971 1225 1141 1279 cruci.
1184 1223 1301 1278 Non
1334 1224 1427 1279 tibi
1460 1226 1560 1279 hoc
1597 1224 1811 1278 videtur
1840 1239 2071 1288 verum,

468 1320 513 1373 si
544 1318 639 1373 tibi
667 1318 861 1371 horum
901 1324 1091 1370 testem
1132 1315 1436 1385 produxero
1463 1315 1762 1384 apostolum
1794 1314 2051 1368 Paulum?

468 1408 607 1462 Audi
641 1422 769 1477 ergo
809 1407 876 1460 de
918 1406 1003 1459 his
1043 1405 1171 1474 quid
1212 1404 1325 1475 ipse
1363 1404 1719 1473 pronuntiat:
1757 1422 1774 1453 ι
1812 1403 1878 1457 Et
1908 1403 2051 1472 quod

472 1506 607 1560 erat,
641 1496 845 1564 inquit,
883 1495 1214 1549 contrarium
1244 1495 1429 1558 nobis,
1458 1494 1578 1548 tulit
1609 1494 1754 1547 illum
1784 1509 1815 1548 e
1843 1494 2049 1559 medio,

474 1587 694 1656 alligens
718 1586 867 1640 cruci
898 1602 1008 1640 sua:
1027 1624 1040 1649 ,
1074 1600 1281 1639 exuens
1311 1585 1640 1653 principatus
1669 1591 1723 1638 et
1759 1591 2053 1653 potestates

477 1679 713 1733 traduxit
740 1678 928 1743 libere,
962 1678 1302 1747 triumphans
1333 1694 1427 1732 eos
1453 1678 1506 1731 in
1534 1678 1678 1749 ligno
1708 1679 1884 1733 crucis
1913 1676 2049 1748 (Col.

2143 515 2286 555 nunc
2310 515 2407 570 per
2428 498 2611 564 ﬁdem,
2636 499 2762 568 quia
2792 506 2973 553 mente
2995 505 3051 552 et
3078 512 3173 568 Spe
3193 512 3223 551 a
3251 496 3484 552 terrenis
3506 505 3561 552 et
3583 512 3709 553 mor-

2145 589 2253 643 tuis
2281 588 2536 657 operibus
2559 586 2857 652 elevamur,
2891 594 2947 640 et
2973 601 3067 640 cor
3092 594 3333 640 nostrum
3363 585 3620 656 erigimus
3647 587 3704 641 ad

2145 678 2384 733 caelestia
2419 693 2449 732 a
2480 685 2645 732 terra.
2674 676 2989 747 Implebitur
3026 684 3209 731 tamen
3248 676 3353 731 hoc
3398 676 3456 730 in
3492 676 3708 732 secundo

2146 772 2376 824 adventu
2402 767 2518 837 ejus
2536 809 2551 834 ,
2586 777 2645 823 ut
2670 784 2734 822 ea
2763 784 2884 839 qua:
2925 783 3071 823 nunc
3098 768 3203 822 ﬁde
3229 776 3284 822 et
3319 783 3419 837 spe
3447 769 3704 838 prtesumi-

2147 875 2303 923 mus,
2332 868 2461 914 tunc
2496 861 2660 914 etiam
2701 873 2882 913 rerum
2921 857 3114 913 effectu
3150 857 3511 927 corporaliter
3549 867 3712 913 tenea-

2148 967 2287 1007 mus.
2317 951 2395 1006 lta
2425 966 2554 1022 ergo
2580 950 2646 1004 de
2673 949 2887 1005 diabolo
2914 948 3314 1019 intelligendum
3344 958 3449 1013 est,
3478 949 3614 1019 quod
3635 950 3709 1003 vi-

2148 1051 2267 1097 ctus
2295 1050 2379 1096 est
2397 1042 2613 1110 quidem
2650 1048 2704 1094 et
2732 1039 3023 1094 cruciﬁxus
3053 1046 3152 1099 est.
3187 1039 3281 1093 sed
3310 1038 3401 1094 his
3428 1039 3521 1107 qui
3548 1039 3707 1093 cruci-

2150 1130 2241 1185 ﬁxi
2278 1139 2405 1186 sunt
2438 1146 2563 1186 cum
2596 1130 2844 1195 Christo;
2876 1130 3126 1184 omnibus
3156 1137 3338 1184 autem
3365 1129 3707 1195 credentibus,

2149 1230 2205 1277 et
2230 1222 2497 1276 universis
2524 1221 2735 1290 populis
2761 1228 2890 1275 tunc
2920 1220 3025 1275 erit
3050 1219 3365 1274 cruciﬁxus.
3400 1220 3553 1274 Tunc
3577 1235 3710 1274 eom-

2150 1312 2386 1384 plehitur
2423 1311 2550 1366 illud
2592 1312 2737 1381 quod
2763 1311 2896 1365 dicit
2933 1309 3255 1380 Apostolus;
3298 1327 3317 1359 ι
3353 1310 3481 1379 quia
3508 1310 3637 1365 sicut
3663 1309 3708 1363 in

2150 1403 2321 1456 Adam
2348 1417 2538 1458 omnes
2564 1402 2888 1468 moriuntur,
2920 1402 2994 1456 ita
3022 1409 3079 1456 et
3111 1402 3163 1455 in
3202 1400 3422 1456 Christo
3445 1416 3624 1455 omnes
3646 1401 3712 1454 vi—

2153 1492 2516 1547 viﬁcabuntur
2542 1491 2596 1564 (I
2625 1492 2748 1546 Cor.
2774 1491 2887 1564 xv).
2922 1512 2941 1544 ι
2974 1492 3073 1546 Est
3104 1507 3234 1562 ergo
3261 1501 3320 1546 ct
3353 1492 3407 1545 in
3448 1492 3547 1546 hoc
3568 1491 3711 1546 etiam

2155 1581 2329 1637 latens
2357 1583 2540 1652 figurae
2566 1582 2918 1652 mysterium;
2950 1597 3077 1636 nam
3113 1591 3170 1635 et
3207 1580 3477 1635 dividetur
3508 1582 3713 1650 populus

2159 1674 2210 1727 in
2239 1673 2371 1728 duas
2396 1681 2581 1743 partes
2612 1691 2625 1726 :
2657 1680 2821 1728 erunt
2846 1680 2901 1727 et
2924 1672 3014 1727 alii
3042 1672 3222 1742 primi,
3246 1680 3304 1728 et
3331 1672 3421 1726 alii
3445 1671 3711 1741 postremi;

473 1770 555 1842 ιι).
592 1792 610 1823 ι
632 1770 787 1825 Licet
805 1779 857 1823 et
882 1771 935 1823 in
956 1769 1076 1823 aliis
1097 1768 1498 1837 exemplaribus
1519 1769 1798 1832 habeatur,
1831 1786 1849 1817 ι
1874 1768 2058 1821 trium-
2085 1756 2133 1815 B
2161 1762 2251 1833 qui
2280 1777 2403 1817 cum
2445 1763 2511 1827 ad
2551 1761 2732 1816 Jesum
2777 1776 2938 1815 unum
2968 1761 3433 1829 conspiraverint,
3464 1758 3570 1827 jam
3603 1769 3716 1816 tunc

476 1863 648 1931 phans
675 1875 769 1915 eos
805 1861 857 1914 in
901 1859 1211 1927 semetipso.
1256 1878 1275 1910 ι
1314 1856 1418 1912 Sed
1461 1859 1599 1927 apud
1633 1858 1849 1912 GI'CBCOS
1886 1856 2055 1911 habe-

478 1959 588 2016 tur,
611 1968 665 2004 ιη
692 1950 852 2020 ligno.
874 1949 931 2003 In
956 1949 1100 2019 ligno
1120 1964 1251 2017 ergo
1278 1947 1470 2015 duplex
1497 1948 1634 2001 ratio
1660 1956 1743 2002 est
1768 1946 2059 2001 Dominicm

477 2042 656 2095 crucis
679 2055 699 2094 :
735 2056 841 2093 una
872 2039 962 2093 illa
994 2054 1155 2109 quam
1190 2038 1320 2093 dicit
1347 2038 1621 2107 apostolus
1661 2037 1886 2102 Petrus,
1915 2036 2057 2105 quod

479 2132 727 2188 Christus
755 2130 1048 2185 cruciﬁxus
1079 2129 1295 2199 reliquit
1322 2129 1479 2184 nobis
1507 2129 1831 2198 exemplum.
1857 2128 1925 2182 Et
1945 2128 2061 2182 haec

478 2221 711 2276 secunda
758 2236 890 2274 crux
934 2219 1020 2273 illa
1064 2229 1324 2288 tropaeum
1366 2218 1432 2272 de
1466 2215 1681 2271 diabolo
1710 2214 1841 2282 fuit,
1872 2216 1925 2269 in
1953 2229 2061 2284 quo

476 2312 769 2367 cruciﬁxus
796 2320 880 2366 est
906 2322 961 2365 et
1003 2311 1387 2381 triumphatus.
1426 2309 1551 2364 Ideo
1587 2309 1818 2378 denique
1846 2317 2062 2379 aposto-

480 2400 565 2454 lus
592 2399 790 2454 Paulus
816 2401 1036 2455 dicebat
1066 2418 1079 2453 :
1120 2419 1137 2451 ι
1175 2399 1317 2457 Mihi
1333 2408 1513 2455 autem
1536 2400 1676 2454 absit
1695 2398 1932 2471 gloriari,
1958 2399 2061 2454 nisi

480 2492 537 2545 in
562 2506 725 2546 cruce
755 2491 968 2546 Domini
999 2491 1167 2545 nostri
1204 2490 1333 2546 Jesu
1368 2491 1589 2556 Christi,
1616 2506 1715 2561 per
1737 2506 1897 2561 quem
1928 2490 2063 2546 mihi

485 2580 718 2634 mundus
756 2578 1050 2635 cruciﬁxus
1089 2587 1208 2644 est,
1244 2587 1300 2634 et
1327 2595 1427 2650 ego
1463 2581 1664 2635 mundo
1702 2580 1854 2651 (Gal.
1882 2579 1993 2653 vt).
2035 2599 2056 2634 ι

482 2669 647 2725 Vides
674 2669 799 2739 quia
825 2677 881 2723 et
905 2669 994 2723 hic
1014 2668 1303 2739 Apostolus
1327 2669 1596 2739 duplicem
1623 2670 1800 2725 crucis
1826 2669 2065 2741 prodidit

481 2764 766 2818 rationem.
808 2761 925 2816 Duo
961 2761 1102 2815 enim
1133 2760 1236 2815 sibi
1274 2761 1545 2816 contraria
1579 2760 1711 2817 dicit
1738 2775 1859 2816 esse
1884 2759 2064 2816 cruci-

483 2853 590 2907 ﬁxa
622 2870 633 2905 :
666 2860 910 2907 sanctum
940 2859 996 2904 et
1021 2855 1381 2920 peccatorem,
1411 2849 1668 2904 mundum
1698 2857 1754 2904 et
1782 2848 1930 2904 illam
1955 2846 2067 2903 for-

488 2957 633 2998 mam
671 2941 790 2995 sine
831 2939 994 2995 dubio
1030 2954 1191 3008 quam
1224 2937 1474 3008 superius
1512 2938 1746 2992 diximus
1775 2936 1980 2993 Christi
2012 2944 2068 2991 et

485 3032 702 3088 diaboli.
730 3029 840 3085 Nos
861 3029 1005 3085 enim
1035 3029 1402 3101 cruciﬁgimur
1424 3029 1627 3086 mundo
1655 3035 1803 3095 tunc,
1829 3042 1950 3084 cum
1975 3044 2068 3084 ve-

2158 1855 2299 1908 ultra
2337 1853 2557 1907 omnino
2599 1867 2707 1906 non
2746 1852 2851 1906 erit
2887 1850 3163 1915 diabolus,
3194 1852 3320 1920 quia
3354 1849 3466 1918 jam
3501 1866 3600 1905 non
3625 1850 3716 1904 erit

2160 1961 2328 2000 mors.
2356 1942 2450 1998 Vis
2476 1943 2571 1997 tibi
2602 1942 2766 1997 etiam
2788 1941 2903 1996 haec
2924 1941 3122 1996 divinis
3146 1941 3471 1996 testimoniis
3494 1955 3715 2011 compro-

2158 2038 2383 2094 bemus?
2410 2037 2548 2091 Audi
2576 2034 2891 2107 Apostolum
2918 2036 3186 2093 dicentem
3223 2057 3236 2091 :
3277 2056 3296 2088 ι
3334 2037 3447 2094 Hoc
3472 2038 3609 2093 enim
3630 2052 3713 2092 vo-

2160 2128 2243 2183 bis
2273 2127 2503 2182 dicimus
2530 2127 2585 2181 in
2615 2126 2780 2181 verbo
2805 2126 3016 2181 Domini
3041 2167 3056 2192 ,
3083 2127 3208 2196 quia
3237 2142 3339 2182 nos
3366 2128 3458 2198 qui
3484 2127 3710 2191 vivimus,

2160 2219 2253 2289 qui
2291 2218 2489 2273 residui
2520 2233 2744 2284 sumus,
2778 2218 2832 2271 in
2882 2219 3111 2274 adventu
3148 2218 3361 2273 Domini
3400 2233 3501 2272 non
3530 2232 3711 2288 przeve-

2161 2311 2373 2366 niemus
2394 2326 2488 2366 eos
2521 2309 2611 2380 qui
2642 2309 2981 2364 dormierunt
3010 2328 3022 2363 :
3055 2310 3313 2379 quoniam
3338 2310 3453 2381 ipse
3483 2308 3711 2364 Dominus

2162 2400 2216 2454 in
2247 2397 2437 2467 jussu,
2476 2407 2532 2453 et
2568 2399 2620 2453 in
2650 2414 2785 2454 voce
2813 2399 3153 2469 archangeli,
3186 2406 3239 2454 et
3276 2400 3332 2454 in
3366 2401 3491 2455 tuba
3521 2398 3608 2454 Dei
3629 2398 3709 2452 de-

2163 2489 2389 2544 scendet
2417 2489 2483 2543 de
2516 2487 2655 2543 coelo
2687 2506 2699 2542 :
2729 2497 2785 2542 et
2810 2489 3013 2544 mortui
3039 2489 3130 2558 qui
3160 2489 3213 2542 in
3238 2488 3459 2544 Christo
3484 2495 3616 2551 sunt,
3640 2503 3709 2541 re.

2164 2587 2388 2650 surgent
2424 2579 2615 2650 primi;
2646 2578 2840 2634 deinde
2873 2595 2972 2635 nos
3010 2580 3103 2650 qui
3136 2580 3403 2645 vivimus,
3441 2581 3526 2651 qui
3568 2579 3709 2634 relin-

2164 2669 2404 2740 quimur,
2451 2667 2610 2724 simul
2658 2669 2929 2738 rapiemur
2966 2686 3090 2725 cum
3134 2670 3236 2726 illis
3282 2672 3340 2725 in
3386 2671 3601 2727 nubibus
3632 2670 3711 2726 οδω

2165 2761 2309 2816 viam
2349 2758 2566 2815 Christo
2602 2759 2659 2814 in
2695 2775 2820 2816 aera
2862 2769 2958 2816 :et
2991 2762 3071 2817 sic
3106 2778 3324 2833 semper
3359 2779 3478 2819 cum
3517 2763 3712 2819 Domino

2166 2851 2372 2907 erimus
2402 2850 2454 2924 (I
2484 2849 2662 2906 Thess.
2690 2849 2786 2922 tv).
2828 2871 2848 2904 ι
2886 2852 2962 2906 De
2987 2852 3202 2907 diabolo
3226 2863 3408 2910 autem
3433 2855 3509 2910 ait
3537 2871 3551 2908 :
3583 2873 3600 2906 ι
3626 2853 3711 2908 Νο-

2167 2940 2423 2997 vissimus
2453 2942 2706 2998 inimicus
2731 2942 3037 2997 destruetur
3057 2959 3205 2999 mors
3224 2943 3274 3015 (Ι
3299 2944 3425 3000 Cor.
3453 2945 3567 3017 xv);
3596 2965 3614 2999 ι
3635 2946 3709 3015 qui

2169 3038 2301 3088 tunc
2335 3046 2462 3088 vere
2489 3032 2743 3099 vincitur,
2773 3048 2895 3089 cum
2936 3033 3166 3090 mortale
3203 3036 3309 3091 hoc
3338 3036 3663 3093 absorbeatur
3683 3051 3708 3089 a

484 3125 639 3178 niens
675 3123 929 3193 princeps
970 3121 1155 3176 mundi
1200 3098 1360 3190 hujus
1404 3120 1457 3176 in
1504 3121 1660 3176 nobis
1704 3137 1811 3176 non
1857 3120 2063 3176 invenit
2089 3098 2136 3164 ο
2167 3122 2298 3177 vita.

486 3212 817 3282 quidquam;
846 3220 902 3265 et
930 3211 1082 3265 nobis
1111 3210 1448 3281 cruciﬁgitur
1475 3211 1739 3275 mundus,
1773 3226 1897 3265 cum
1934 3224 2062 3280 pec-

485 3304 594 3357 cati
639 3303 1133 3370 concupiscentiam
1178 3317 1286 3356 non
1335 3302 1646 3370 recipimus.
1695 3298 1802 3356 Sed
1851 3302 1897 3356 si
1946 3301 2069 3373 quis

489 3392 632 3446 forte
671 3400 755 3446 est
792 3392 1053 3446 attentior
1091 3391 1321 3455 auditor,
1374 3398 1551 3461 potest
1598 3391 1781 3446 dicere
1819 3408 1832 3444 :
1872 3389 2071 3445 Forma

489 3482 707 3551 quidem
745 3497 929 3536 rerum
965 3481 1178 3537 videtur
1213 3496 1333 3537 esse
1373 3482 1734 3549 conveniens,
1772 3482 1866 3538 sed
1894 3481 2071 3537 adhuc
2120 3500 2126 3505 ι

489 3570 618 3625 illud
635 3586 721 3626 me
744 3578 926 3626 movet
942 3571 1085 3640 quod
1106 3569 1353 3627 diabolus
1374 3579 1430 3627 et
1450 3572 1721 3628 exercitus
1741 3586 2074 3642 suus,quan-

491 3671 602 3718 tum
633 3663 698 3716 ad
725 3663 967 3719 historiae
987 3663 1293 3720 ostenditur
1316 3662 1565 3734 ﬁguram,
1586 3665 1942 3736 interemptus
1964 3672 2069 3721 est.

491 3756 559 3810 Et
583 3756 851 3825 quomodo
882 3755 1130 3810 videmus
1161 3756 1339 3811 adhuc
1369 3757 1640 3812 diabolum
1673 3765 1727 3812 et
1768 3758 2073 3813 contrarias

488 3854 784 3915 potestates
812 3846 864 3900 in
897 3853 1104 3900 tantum
1133 3846 1313 3901 valere
1345 3846 1605 3902 adversus
1639 3862 1826 3903 servos
1851 3846 1980 3913 Dei,
2012 3854 2076 3902 ut

489 3940 653 3990 etiam
686 3935 966 4005 apostolus
989 3935 1184 3991 Petrus
1211 3952 1333 3991 cum
1369 3937 1575 4008 ingenti
1603 3937 1813 3992 cautela
1839 3952 2072 4007 praemo-

497 4033 623 4078 neat
651 4032 705 4078 et
739 4024 884 4078 dicat
910 4023 1304 4079 observandum
1338 4040 1490 4090 esse,
1525 4044 1545 4076 ι
1580 4027 1705 4095 quia
1732 4027 2075 4082 adversarius

498 4122 685 4169 noster
712 4113 985 4178 diabolus,
1018 4114 1159 4168 sicut
1188 4112 1273 4169 leo
1309 4116 1560 4185 rugiens,
1599 4116 1793 4171 circuit
1827 4131 2075 4187 qumrens

496 4222 657 4276 quem
687 4206 902 4261 devoret
934 4205 987 4277 (Ι
1008 4203 1154 4259 Ρειν.
1176 4205 1251 4278 v).
1291 4202 1326 4260 ι’
1348 4207 1635 4263 Videamus
1661 4223 1790 4279 ergo
1818 4209 1863 4263 si
1893 4219 1948 4264 et
1986 4209 2076 4263 hic

496 4300 717 4370 dignum
756 4298 956 4368 aliquid
997 4299 1169 4353 sancti
1226 4299 1462 4370 Spiritus
1508 4301 1739 4371 eloquiis
1786 4316 2074 4372 possumus

496 4389 757 4444 invenire.
787 4388 1061 4443 Adventus
1087 4387 1286 4445 Christi
1305 4431 1319 4456 ,
1351 4406 1488 4445 unus
1516 4391 1731 4461 quidem
1763 4391 1817 4446 in
1853 4391 2071 4446 humili-

498 4490 609 4534 tate
635 4488 941 4551 compcrtus
967 4486 1079 4545 est,
1116 4480 1256 4535 alius
1284 4496 1411 4536 vero
1439 4489 1688 4551 speratur
1708 4482 1762 4536 in
1788 4481 1988 4552 gloria;
2020 4491 2076 4537 et

500 4569 588 4623 hic
613 4571 820 4638 primus
850 4569 1113 4623 adventus
1150 4569 1204 4623 in
1240 4584 1424 4634 carne,
1454 4569 1681 4640 mystico
1708 4572 1941 4640 quodam
1961 4586 2076 4624 ser-

502 4673 691 4724 mone,
722 4659 775 4713 in
809 4658 1104 4729 Scripturis
1133 4660 1337 4714 sanctis
1372 4661 1563 4715 umbra
1601 4659 1717 4727 ejus
1756 4660 2072 4731 appellatur,

503 4747 644 4802 sicut
682 4759 735 4805 et
771 4749 1034 4806 Jeremias
1074 4753 1333 4822 propheta
1377 4751 1549 4807 dicit:
1584 4769 1601 4801 ι
1639 4751 1873 4821 Spiritus
1897 4751 2077 4807 vultus

502 4839 675 4893 nostri
715 4838 962 4896 Christus
1004 4841 1291 4908 Dominus,
1322 4842 1409 4897 cui
1448 4857 1547 4896 nos
1584 4841 1849 4900 diximus:
1876 4842 1932 4898 lo
1963 4858 2078 4897 utn-

504 4927 602 4984 bra
645 4927 760 4997 ejus
788 4930 1028 4986 vivemus
1063 4932 1116 4985 in
1155 4933 1403 5002 gentibus
1447 4932 1660 5005 (Thren.
1693 4932 1789 5004 tv).
1829 4951 1847 4984 ι
1882 4931 1989 4989 Sed
2026 4941 2083 4988 ct

508 5015 745 5081 Gabriel,
777 5033 897 5072 cmn
921 5022 1319 5091 evangelizarct
1344 5022 1524 5077 Mariae
1545 5023 1610 5077 de
1637 5023 1917 5078 nativitate
1941 5022 2077 5093 ejus,

509 5108 640 5164 dicit
666 5122 680 5160 :
720 5126 738 5158 ι
778 5107 960 5162 Virtus
989 5109 1250 5163 Altissimi
1279 5111 1621 5168 obumbrabit
1649 5112 1740 5167 tibi
1765 5111 1914 5185 (Luc.
1943 5111 2018 5185 t);
2057 5134 2075 5167 ι

507 5207 730 5269 propter
768 5199 910 5269 quod
954 5199 1299 5271 intelligimus
1340 5204 1514 5273 primo
1555 5205 1658 5260 hoc
1693 5206 1922 5261 adventu
1967 5206 2082 5277 ejus

512 5288 854 5356 adumbrari,
892 5306 1121 5361 quorum
1165 5292 1472 5362 adimpletio
1509 5302 1565 5349 et
1598 5294 1857 5365 perfectio
1892 5299 1946 5352 iu
1992 5314 2079 5354 se—

511 5380 688 5434 cundo
717 5390 1123 5437 consummetur
1145 5384 1396 5439 adventu.
1431 5386 1583 5442 Unde
1617 5388 1901 5459 Apostolus
1929 5391 2079 5460 dicit,

517 5484 539 5518 ι
576 5468 701 5535 quia
736 5473 1078 5528 resuscitavit
1117 5488 1217 5528 nos
1247 5489 1370 5529 cum
1410 5475 1557 5546 ipso,
1591 5479 1855 5549 simulque
1894 5482 2083 5538 sedere

515 5552 643 5610 fecit
672 5559 722 5613 in
750 5562 1057 5619 cmlcstibus
1082 5563 1240 5637 (Eph.
1267 5564 1349 5639 ιι).
1390 5587 1407 5618 ι
1441 5567 1505 5621 Et
1534 5570 1717 5639 utique
1746 5572 1976 5628 nondum
2005 5574 2085 5629 vi-

518 5641 707 5702 demus
745 5652 1024 5709 credentcs
1062 5664 1154 5710 aut
1196 5658 1545 5715 rcsuscitatos
1583 5677 1701 5716 esse
1730 5662 1875 5732 jam,
1910 5666 2082 5720 autin

2240 3210 2391 3283 (Car.
2433 3209 2575 3284 νιιι.)
2617 3230 2635 3265 ‹
2671 3212 2841 3284 Igitur
2867 3215 3117 3271 omnibus
3143 3215 3447 3273 interfectis
3467 3217 3551 3287 qui
3568 3216 3711 3271 Israe-

2174 3321 2193 3354 ι
2228 3302 2333 3358 lem
2359 3303 2427 3358 ad
2453 3303 2668 3360 deserta
2693 3305 3002 3362 tendentem
3030 3306 3244 3363 fuerant
3273 3309 3567 3379 persecuti,
3590 3314 3639 3362 et
3663 3306 3709 3360 in

2175 3412 2195 3446 ι
2234 3395 2422 3451 eodem
2452 3395 2574 3452 loco
2599 3397 2776 3468 gladio
2798 3399 3195 3464 conuentibus,
3227 3401 3433 3456 reversi
3464 3399 3550 3454 ﬁlii
3575 3395 3711 3453 Israel

2177 3507 2196 3541 ι
2231 3496 2620 3559 percusserunt
2655 3488 2967 3556 civitatem,
3011 3509 3030 3543 ι
3069 3497 3125 3544 et
3158 3489 3390 3560 reliqua.
3427 3490 3555 3559 Quid
3579 3495 3710 3558 putas

2169 3593 2291 3634 esse
2326 3577 2473 3648 quod
2513 3576 2671 3633 Iesus
2708 3576 2919 3650 fugiens
2954 3580 3311 3651 designabat?
3358 3580 3626 3637 Videamus
3657 3589 3713 3631 ne

2171 3666 2310 3724 forte
2353 3669 2426 3724 sit
2466 3668 2665 3739 aliquid
2702 3669 2845 3740 quod
2891 3668 3143 3740 fugiendo
3184 3671 3466 3727 vincamus
3508 3688 3522 3723 :
3559 3676 3607 3725 et
3645 3672 3713 3721 est

2172 3757 2353 3830 aliqua
2381 3757 2622 3829 perfecta
2652 3759 2828 3815 virtus
2859 3759 2914 3814 in
2952 3759 3097 3831 fuga.
3125 3760 3329 3817 Paulus
3355 3778 3450 3817 nos
3475 3756 3712 3831 apostolus

2174 3847 2352 3916 docet,
2386 3849 2572 3906 dicens
2597 3868 2610 3904 :
2643 3869 2661 3902 ι
2695 3851 2884 3921 Fugite
2912 3852 3330 3910 fornicationem
3360 3855 3412 3926 (Ι
3432 3853 3543 3910 Cor.
3569 3849 3663 3923 vi);
3689 3867 3707 3902 ι

2174 3939 2325 3996 vides
2364 3955 2493 4009 ergo
2539 3942 2826 4011 quemdam
2871 3944 3120 4017 spiritum
3169 3944 3541 4003 fornicationis
3579 3954 3710 4012 quem

2174 4028 2362 4099 fugere
2386 4031 2666 4098 debemus,
2695 4034 3002 4105 quicunque
3023 4043 3170 4091 caste
3189 4044 3246 4092 et
3264 4038 3357 4107 pie
3384 4038 3439 4092 in
3464 4036 3651 4093 Christo
3665 4036 3709 4085 et

2174 4121 2371 4192 pudice
2405 4122 2649 4178 volumus
2684 4139 3022 4195 permanere.
3058 4126 3165 4182 Ista
3203 4127 3331 4199 fuga
3371 4127 3708 4185 beatitudinem

2177 4209 2403 4265 confert.
2428 4211 2497 4267 Et
2515 4228 2621 4267 non
2644 4213 2818 4268 solum
2840 4213 3209 4272 fornicationis
3230 4218 3452 4289 spiritus
3471 4214 3708 4287 fugiendus

2175 4307 2278 4363 est,
2307 4298 2403 4354 sed
2430 4300 2591 4356 simili
2622 4302 2814 4367 modo,
2848 4305 2989 4358 sicut
3012 4306 3214 4361 dictum
3244 4316 3357 4371 est,
3396 4326 3413 4357 ι
3443 4306 3594 4377 fugite
3617 4302 3705 4356 for-

2177 4388 2535 4456 nicationem,
2572 4411 2591 4444 ι
2633 4391 2916 4449 audiamus
2960 4395 3088 4465 quid
3122 4396 3253 4451 dicit
3297 4398 3369 4453 ad
3405 4412 3518 4453 nos.
3552 4392 3707 4463 Fugite

2179 4480 2313 4535 iram
2336 4521 2351 4547 ,
2381 4482 2545 4552 fugite
2580 4483 2895 4551 avaritiam,
2932 4485 3098 4555 fugite
3132 4488 3390 4543 invidiam
3419 4498 3472 4543 et
3502 4487 3704 4545 livorem.

2177 4570 2346 4641 fugite
2370 4571 2733 4628 detractiones
2752 4582 2808 4627 et
2834 4575 2972 4628 mala
2997 4576 3261 4646 colloquia
3291 4576 3428 4649 (Col.
3455 4592 3540 4641 Ill;
3564 4572 3592 4627 I
3609 4570 3703 4625 Pet.

2178 4680 2250 4729 ll;
2291 4662 2425 4733 Eph.
2456 4663 2541 4735 v);
2570 4680 2691 4734 qua:
2722 4673 2900 4721 tamen
2929 4669 3112 4724 nescio
3138 4670 3259 4739 quis
3284 4670 3492 4725 evadat.
3522 4668 3615 4722 iste
3638 4674 3703 4720 ta-

2178 4751 2243 4806 lis
2271 4761 2387 4808 erat
2412 4754 2681 4808 exercitus
2709 4755 2814 4809 Abi
2834 4795 2849 4820 ,
2879 4772 3039 4826 quem
3066 4757 3224 4814 Jesus
3249 4757 3548 4831 fugiendum
3572 4756 3704 4811 doce-

2178 4842 2271 4898 bat
2296 4843 2493 4900 milites
2514 4859 2641 4900 suos
2663 4864 2677 4899 :
2702 4845 2845 4900 etde
2869 4845 2954 4902 his
2978 4846 3207 4904 fortasse
3231 4850 3450 4906 mandat
3470 4843 3704 4916 discipulis

2184 4931 2315 4997 suis,
2350 4933 2535 4988 dicens
2566 4952 2578 4988 :
2613 4952 2632 4986 ι
2671 4932 2730 4989 Si
2758 4950 2855 4989 vos
2882 4947 3274 5007 persequantur
3298 4940 3349 4995 in
3378 4954 3480 4994 una
3504 4938 3701 4995 civitate.

2186 5021 2349 5093 fugite
2385 5026 2437 5080 in
2474 5026 2635 5081 aliam
2665 5026 2888 5097 (Matth.
2915 5028 3000 5101 x).
3040 5050 3058 5083 ι
3093 5030 3245 5097 Quod
3273 5032 3317 5087 si
3348 5033 3401 5086 in
3431 5031 3578 5086 aliam
3601 5039 3704 5098 pel“

2184 5123 2503 5184 sequuntur,
2534 5116 2802 5188 fugiamus
2842 5119 2895 5173 in
2938 5122 3172 5176 tertiam.
3210 5122 3335 5177 Vult
3371 5137 3496 5193 ergo
3530 5132 3617 5175 nos
3640 5112 3707 5169 fll-

2184 5221 2310 5277 gere
2342 5209 2410 5263 ab
2434 5208 2737 5279 hujusmodi
2776 5212 3019 5267 hostibus
3035 5252 3051 5278 ,
3078 5214 3191 5268 vult
3216 5230 3313 5272 nos
3337 5215 3491 5286 longe
3511 5210 3630 5269 efﬁci
3652 5206 3705 5262 ab

2182 5294 2485 5365 hujusmodi
2511 5300 2685 5356 malis.

2255 5388 2431 5461 (Imm)
2473 5411 2491 5440 ε
2529 5388 2692 5447 Josue
2717 5407 2847 5447 vero
2876 5409 2981 5449 non
3014 5404 3283 5453 contraxit
3317 5409 3543 5458 manum,
3567 5402 3700 5460 qnam

2189 5496 2208 5528 ‹
2244 5479 2296 5533 in
2324 5479 2551 5537 sublime
2579 5493 2896 5551 porrexerat
2915 5525 2930 5547 ,
2963 5493 3150 5541 tenens
3172 5487 3408 5558 clypeum
3425 5527 3440 5551 ,
3466 5485 3619 5539 donec
3639 5479 3704 5532 in-

2192 5592 2209 5624 t
2248 5572 2558 5629 terﬁcerent
2591 5590 2780 5632 omnes
2814 5576 3147 5635 habitatores
3177 5580 3309 5644 Alii,
3358 5598 3377 5631 ι
3427 5585 3479 5631 et
3518 5581 3700 5629 cetera.

2188 5662 2313 5720 Htec
2341 5680 2462 5720 cum
2494 5664 2678 5736 legunt
2711 5666 2880 5722 Judaei
2901 5708 2916 5733 ,
2954 5668 3198 5725 crudeles
3225 5668 3526 5731 efﬁciuntur,
3551 5672 3600 5716 et
3625 5658 3703 5713 lm-
