  <div class='ocr_page' id='page_1' title='image "/cluster/home/n/w/nwhite01/storage/ocr_20150623/108/hvd.32044054759733/522.png"; bbox 0 0 3964 6192; ppageno 0'>
   <div class='ocr_carea' id='block_1_1' title="bbox 273 274 418 329">
    <p class='ocr_par' dir='ltr' id='par_1_1' title="bbox 273 274 418 329">
     <span class='ocr_line' id='line_1_1' title="bbox 273 274 418 329; baseline -0.021 0"><span class='ocrx_word' id='word_1_1' title='bbox 273 275 298 329; x_wconf 78' lang='grc' dir='ltr'><strong>Ι</strong></span> <span class='ocrx_word' id='word_1_2' title='bbox 309 274 418 329; x_wconf 74' lang='lat'><strong>053</strong></span> 
     </span>
    </p>
   </div>
   <div class='ocr_carea' id='block_1_2' title="bbox 1199 254 2589 316">
    <p class='ocr_par' dir='ltr' id='par_1_2' title="bbox 1199 254 2589 316">
     <span class='ocr_line' id='line_1_2' title="bbox 1199 254 2589 316; baseline -0.006 1"><span class='ocrx_word' id='word_1_3' title='bbox 1199 259 1552 316; x_wconf 73' lang='lat' dir='ltr'><strong>COMMENT.</strong></span> <span class='ocrx_word' id='word_1_4' title='bbox 1594 259 1661 312; x_wconf 73' lang='grc' dir='ltr'><strong>ΙΝ</strong></span> <span class='ocrx_word' id='word_1_5' title='bbox 1700 257 1959 312; x_wconf 70' lang='lat' dir='ltr'><strong>LIBRUM</strong></span> <span class='ocrx_word' id='word_1_6' title='bbox 2005 256 2238 312; x_wconf 78' lang='lat' dir='ltr'><strong>JOSUE.</strong></span> <span class='ocrx_word' id='word_1_7' title='bbox 2273 284 2343 296; x_wconf 90' lang='lat'><strong>--</strong></span> <span class='ocrx_word' id='word_1_8' title='bbox 2381 256 2506 310; x_wconf 82' lang='lat' dir='ltr'><strong>LIB.</strong></span> <span class='ocrx_word' id='word_1_9' title='bbox 2548 254 2589 310; x_wconf 91' lang='lat' dir='ltr'><strong>l.</strong></span> 
     </span>
    </p>
   </div>
   <div class='ocr_carea' id='block_1_3' title="bbox 3383 258 3514 312">
    <p class='ocr_par' dir='ltr' id='par_1_3' title="bbox 3383 258 3514 312">
     <span class='ocr_line' id='line_1_3' title="bbox 3383 258 3514 312; baseline 0.008 -1"><span class='ocrx_word' id='word_1_10' title='bbox 3383 258 3514 312; x_wconf 61' lang='grc'><strong>1034</strong></span> 
     </span>
    </p>
   </div>
   <div class='ocr_carea' id='block_1_4' title="bbox 261 365 3521 448">
    <p class='ocr_par' dir='ltr' id='par_1_4' title="bbox 261 365 3521 448">
     <span class='ocr_line' id='line_1_4' title="bbox 261 365 3521 448; baseline -0.004 -10"><span class='ocrx_word' id='word_1_11' title='bbox 261 397 497 437; x_wconf 86' lang='lat' dir='ltr'><strong>manum</strong></span> <span class='ocrx_word' id='word_1_12' title='bbox 526 375 843 448; x_wconf 83' lang='lat' dir='ltr'><strong>sanguinem</strong></span> <span class='ocrx_word' id='word_1_13' title='bbox 874 374 1136 437; x_wconf 89' lang='lat' dir='ltr'><strong>sitientes,</strong></span> <span class='ocrx_word' id='word_1_14' title='bbox 1167 380 1420 442; x_wconf 76' lang='lat' dir='ltr'><strong>putantes</strong></span> <span class='ocrx_word' id='word_1_15' title='bbox 1438 370 1563 438; x_wconf 85' lang='lat' dir='ltr'><strong>quia</strong></span> <span class='ocrx_word' id='word_1_16' title='bbox 1597 377 1650 422; x_wconf 88' lang='lat' dir='ltr'><strong>ct</strong></span> <span class='ocrx_word' id='word_1_17' title='bbox 1677 366 1849 422; x_wconf 89' lang='lat' dir='ltr'><strong>sancti</strong></span> <span class='ocrx_word' id='word_1_18' title='bbox 1878 373 1926 426; x_wconf 76' lang='grc' dir='ltr'>Α</span> <span class='ocrx_word' id='word_1_19' title='bbox 1954 365 2058 420; x_wconf 86' lang='lat' dir='ltr'><strong>hoc</strong></span> <span class='ocrx_word' id='word_1_20' title='bbox 2086 365 2244 420; x_wconf 91' lang='lat' dir='ltr'><strong>modo</strong></span> <span class='ocrx_word' id='word_1_21' title='bbox 2273 381 2380 434; x_wconf 91' lang='lat' dir='ltr'><strong>quo</strong></span> <span class='ocrx_word' id='word_1_22' title='bbox 2407 380 2568 434; x_wconf 83' lang='lat' dir='ltr'><strong>supra</strong></span> <span class='ocrx_word' id='word_1_23' title='bbox 2595 367 2968 435; x_wconf 77' lang='lat' dir='ltr'><strong>exposuimus,</strong></span> <span class='ocrx_word' id='word_1_24' title='bbox 3000 367 3236 438; x_wconf 84' lang='lat' dir='ltr'><strong>iutellige</strong></span> <span class='ocrx_word' id='word_1_25' title='bbox 3262 368 3400 424; x_wconf 88' lang='lat' dir='ltr'><strong>bella</strong></span> <span class='ocrx_word' id='word_1_26' title='bbox 3433 371 3521 440; x_wconf 88' lang='lat' dir='ltr'><strong>ju-</strong></span> 
     </span>
    </p>
   </div>
   <div class='ocr_carea' id='block_1_5' title="bbox 263 460 1850 544">
    <p class='ocr_par' dir='ltr' id='par_1_5' title="bbox 263 460 1850 544">
     <span class='ocr_line' id='line_1_5' title="bbox 263 460 1850 544; baseline -0.012 -14"><span class='ocrx_word' id='word_1_27' title='bbox 263 477 344 530; x_wconf 84' lang='lat' dir='ltr'><strong>ita</strong></span> <span class='ocrx_word' id='word_1_28' title='bbox 373 476 765 544; x_wconf 89' lang='lat' dir='ltr'><strong>percusserunt</strong></span> <span class='ocrx_word' id='word_1_29' title='bbox 791 481 884 520; x_wconf 90' lang='lat' dir='ltr'><strong>eos</strong></span> <span class='ocrx_word' id='word_1_30' title='bbox 908 463 999 533; x_wconf 90' lang='lat' dir='ltr'><strong>qui</strong></span> <span class='ocrx_word' id='word_1_31' title='bbox 1030 463 1345 517; x_wconf 90' lang='lat' dir='ltr'><strong>habitabant</strong></span> <span class='ocrx_word' id='word_1_32' title='bbox 1375 460 1500 525; x_wconf 74' lang='lat' dir='ltr'><strong>Alii,</strong></span> <span class='ocrx_word' id='word_1_33' title='bbox 1533 469 1591 514; x_wconf 91' lang='lat' dir='ltr'><strong>ut</strong></span> <span class='ocrx_word' id='word_1_34' title='bbox 1626 475 1732 514; x_wconf 91' lang='lat' dir='ltr'><strong>non</strong></span> <span class='ocrx_word' id='word_1_35' title='bbox 1763 474 1850 512; x_wconf 84' lang='lat' dir='ltr'><strong>re-</strong></span> 
     </span>
    </p>
   </div>
   <div class='ocr_carea' id='block_1_6' title="bbox 261 550 1846 635">
    <p class='ocr_par' dir='ltr' id='par_1_6' title="bbox 261 550 1846 635">
     <span class='ocr_line' id='line_1_6' title="bbox 261 550 1846 635; baseline -0.011 -15"><span class='ocrx_word' id='word_1_36' title='bbox 261 566 615 635; x_wconf 83' lang='lat' dir='ltr'><strong>linqueretur</strong></span> <span class='ocrx_word' id='word_1_37' title='bbox 640 561 708 614; x_wconf 91' lang='lat' dir='ltr'><strong>ab</strong></span> <span class='ocrx_word' id='word_1_38' title='bbox 735 559 816 613; x_wconf 90' lang='lat' dir='ltr'><strong>eis</strong></span> <span class='ocrx_word' id='word_1_39' title='bbox 843 557 935 627; x_wconf 88' lang='lat' dir='ltr'><strong>qui</strong></span> <span class='ocrx_word' id='word_1_40' title='bbox 964 555 1147 609; x_wconf 89' lang='lat' dir='ltr'><strong>salvus</strong></span> <span class='ocrx_word' id='word_1_41' title='bbox 1181 553 1336 608; x_wconf 89' lang='lat' dir='ltr'><strong>fieret</strong></span> <span class='ocrx_word' id='word_1_42' title='bbox 1359 562 1413 608; x_wconf 85' lang='lat' dir='ltr'><strong>et</strong></span> <span class='ocrx_word' id='word_1_43' title='bbox 1441 567 1614 620; x_wconf 92' lang='lat' dir='ltr'><strong>neque</strong></span> <span class='ocrx_word' id='word_1_44' title='bbox 1641 551 1732 621; x_wconf 87' lang='lat' dir='ltr'><strong>qui</strong></span> <span class='ocrx_word' id='word_1_45' title='bbox 1762 550 1846 604; x_wconf 91' lang='lat' dir='ltr'><strong>fu-</strong></span> 
     </span>
    </p>
   </div>
   <div class='ocr_carea' id='block_1_7' title="bbox 257 643 1849 726">
    <p class='ocr_par' dir='ltr' id='par_1_7' title="bbox 257 643 1849 726">
     <span class='ocr_line' id='line_1_7' title="bbox 257 643 1849 726; baseline -0.011 -14"><span class='ocrx_word' id='word_1_46' title='bbox 257 665 429 726; x_wconf 77' lang='lat' dir='ltr'><strong>geret</strong></span> <span class='ocrx_word' id='word_1_47' title='bbox 479 673 491 707; x_wconf 92' lang='lat'><strong>:</strong></span> <span class='ocrx_word' id='word_1_48' title='bbox 539 667 643 707; x_wconf 91' lang='lat' dir='ltr'><strong>non</strong></span> <span class='ocrx_word' id='word_1_49' title='bbox 687 649 1049 718; x_wconf 79' lang='lat' dir='ltr'><strong>intelligentes</strong></span> <span class='ocrx_word' id='word_1_50' title='bbox 1090 646 1144 700; x_wconf 93' lang='lat' dir='ltr'><strong>in</strong></span> <span class='ocrx_word' id='word_1_51' title='bbox 1186 645 1270 700; x_wconf 91' lang='lat' dir='ltr'><strong>his</strong></span> <span class='ocrx_word' id='word_1_52' title='bbox 1315 643 1495 698; x_wconf 84' lang='lat' dir='ltr'><strong>verbis</strong></span> <span class='ocrx_word' id='word_1_53' title='bbox 1537 643 1849 697; x_wconf 80' lang='lat' dir='ltr'><strong>adumbrari</strong></span> 
     </span>
    </p>
   </div>
   <div class='ocr_carea' id='block_1_8' title="bbox 261 737 1850 819">
    <p class='ocr_par' dir='ltr' id='par_1_8' title="bbox 261 737 1850 819">
     <span class='ocr_line' id='line_1_8' title="bbox 261 737 1850 819; baseline -0.008 -17"><span class='ocrx_word' id='word_1_54' title='bbox 261 748 558 819; x_wconf 85' lang='lat' dir='ltr'><strong>mysteria,</strong></span> <span class='ocrx_word' id='word_1_55' title='bbox 589 752 644 798; x_wconf 89' lang='lat' dir='ltr'><strong>et</strong></span> <span class='ocrx_word' id='word_1_56' title='bbox 670 744 773 797; x_wconf 88' lang='lat' dir='ltr'><strong>hoc</strong></span> <span class='ocrx_word' id='word_1_57' title='bbox 803 757 834 795; x_wconf 89' lang='lat' dir='ltr'><strong>a</strong></span> <span class='ocrx_word' id='word_1_58' title='bbox 861 741 1015 795; x_wconf 92' lang='lat' dir='ltr'><strong>nobis</strong></span> <span class='ocrx_word' id='word_1_59' title='bbox 1046 738 1216 809; x_wconf 84' lang='lat' dir='ltr'><strong>magis</strong></span> <span class='ocrx_word' id='word_1_60' title='bbox 1242 737 1487 803; x_wconf 87' lang='lat' dir='ltr'><strong>indicari,</strong></span> <span class='ocrx_word' id='word_1_61' title='bbox 1513 738 1655 806; x_wconf 90' lang='lat' dir='ltr'><strong>quod</strong></span> <span class='ocrx_word' id='word_1_62' title='bbox 1677 753 1739 790; x_wconf 75' lang='lat' dir='ltr'><strong>ex</strong></span> <span class='ocrx_word' id='word_1_63' title='bbox 1766 737 1850 790; x_wconf 92' lang='lat' dir='ltr'><strong>his</strong></span> 
     </span>
    </p>
   </div>
   <div class='ocr_carea' id='block_1_9' title="bbox 264 832 1851 910">
    <p class='ocr_par' dir='ltr' id='par_1_9' title="bbox 264 832 1851 910">
     <span class='ocr_line' id='line_1_9' title="bbox 264 832 1851 910; baseline -0.007 -16"><span class='ocrx_word' id='word_1_64' title='bbox 264 856 507 910; x_wconf 90' lang='lat' dir='ltr'><strong>quorum</strong></span> <span class='ocrx_word' id='word_1_65' title='bbox 543 839 708 892; x_wconf 81' lang='lat' dir='ltr'><strong>chaos</strong></span> <span class='ocrx_word' id='word_1_66' title='bbox 734 843 818 890; x_wconf 88' lang='lat' dir='ltr'><strong>est</strong></span> <span class='ocrx_word' id='word_1_67' title='bbox 844 833 1210 888; x_wconf 87' lang='lat' dir='ltr'><strong>habitaculum</strong></span> <span class='ocrx_word' id='word_1_68' title='bbox 1231 874 1246 897; x_wconf 95' lang='lat'><strong>,</strong></span> <span class='ocrx_word' id='word_1_69' title='bbox 1277 841 1331 886; x_wconf 92' lang='lat' dir='ltr'><strong>et</strong></span> <span class='ocrx_word' id='word_1_70' title='bbox 1359 832 1451 900; x_wconf 88' lang='lat' dir='ltr'><strong>qui</strong></span> <span class='ocrx_word' id='word_1_71' title='bbox 1491 839 1851 900; x_wconf 84' lang='lat' dir='ltr'><strong>regnaverunt</strong></span> 
     </span>
    </p>
   </div>
   <div class='ocr_carea' id='block_1_10' title="bbox 266 922 1851 1002">
    <p class='ocr_par' dir='ltr' id='par_1_10' title="bbox 266 922 1851 1002">
     <span class='ocr_line' id='line_1_10' title="bbox 266 922 1851 1002; baseline -0.006 -17"><span class='ocrx_word' id='word_1_72' title='bbox 266 933 326 986; x_wconf 91' lang='lat' dir='ltr'><strong>in</strong></span> <span class='ocrx_word' id='word_1_73' title='bbox 354 931 553 1002; x_wconf 85' lang='lat' dir='ltr'><strong>abysso</strong></span> <span class='ocrx_word' id='word_1_74' title='bbox 579 926 930 988; x_wconf 61' lang='lat' dir='ltr'><strong>daemonibus,</strong></span> <span class='ocrx_word' id='word_1_75' title='bbox 961 924 1166 978; x_wconf 88' lang='lat' dir='ltr'><strong>nullum</strong></span> <span class='ocrx_word' id='word_1_76' title='bbox 1191 923 1405 992; x_wconf 86' lang='lat' dir='ltr'><strong>penitus</strong></span> <span class='ocrx_word' id='word_1_77' title='bbox 1434 922 1736 990; x_wconf 85' lang='lat' dir='ltr'><strong>relinquere</strong></span> <span class='ocrx_word' id='word_1_78' title='bbox 1765 923 1851 976; x_wconf 81' lang='lat' dir='ltr'><strong>de-</strong></span> 
     </span>
    </p>
   </div>
   <div class='ocr_carea' id='block_1_11' title="bbox 262 1017 1848 1089">
    <p class='ocr_par' dir='ltr' id='par_1_11' title="bbox 262 1017 1848 1089">
     <span class='ocr_line' id='line_1_11' title="bbox 262 1017 1848 1089; baseline -0.008 -7"><span class='ocrx_word' id='word_1_79' title='bbox 262 1029 528 1089; x_wconf 83' lang='lat' dir='ltr'><strong>beamus,</strong></span> <span class='ocrx_word' id='word_1_80' title='bbox 567 1024 660 1079; x_wconf 91' lang='lat' dir='ltr'><strong>sed</strong></span> <span class='ocrx_word' id='word_1_81' title='bbox 685 1036 874 1077; x_wconf 91' lang='lat' dir='ltr'><strong>omnes</strong></span> <span class='ocrx_word' id='word_1_82' title='bbox 909 1019 1240 1073; x_wconf 85' lang='lat' dir='ltr'><strong>interimere.</strong></span> <span class='ocrx_word' id='word_1_83' title='bbox 1279 1017 1639 1072; x_wconf 74' lang='lat' dir='ltr'><strong>lutet-iniimus</strong></span> <span class='ocrx_word' id='word_1_84' title='bbox 1668 1026 1848 1071; x_wconf 90' lang='lat' dir='ltr'><strong>autem</strong></span> 
     </span>
    </p>
   </div>
   <div class='ocr_carea' id='block_1_12' title="bbox 263 1105 1849 1179">
    <p class='ocr_par' dir='ltr' id='par_1_12' title="bbox 263 1105 1849 1179">
     <span class='ocr_line' id='line_1_12' title="bbox 263 1105 1849 1179; baseline -0.009 -7"><span class='ocrx_word' id='word_1_85' title='bbox 263 1118 574 1179; x_wconf 61' lang='lat' dir='ltr'><strong>daemones,</strong></span> <span class='ocrx_word' id='word_1_86' title='bbox 614 1128 719 1167; x_wconf 88' lang='lat' dir='ltr'><strong>non</strong></span> <span class='ocrx_word' id='word_1_87' title='bbox 759 1112 930 1179; x_wconf 89' lang='lat' dir='ltr'><strong>ipsam</strong></span> <span class='ocrx_word' id='word_1_88' title='bbox 968 1123 1154 1162; x_wconf 91' lang='lat' dir='ltr'><strong>eorum</strong></span> <span class='ocrx_word' id='word_1_89' title='bbox 1195 1106 1548 1161; x_wconf 86' lang='lat' dir='ltr'><strong>substantiam</strong></span> <span class='ocrx_word' id='word_1_90' title='bbox 1577 1105 1849 1173; x_wconf 89' lang='lat' dir='ltr'><strong>perimen-</strong></span> 
     </span>
    </p>
   </div>
   <div class='ocr_carea' id='block_1_13' title="bbox 264 1195 1850 1272">
    <p class='ocr_par' dir='ltr' id='par_1_13' title="bbox 264 1195 1850 1272">
     <span class='ocr_line' id='line_1_13' title="bbox 264 1195 1850 1272; baseline -0.009 -10"><span class='ocrx_word' id='word_1_91' title='bbox 264 1217 354 1261; x_wconf 72' lang='lat' dir='ltr'><strong>t-es</strong></span> <span class='ocrx_word' id='word_1_92' title='bbox 397 1225 410 1259; x_wconf 92' lang='lat'>:</span> <span class='ocrx_word' id='word_1_93' title='bbox 453 1206 548 1260; x_wconf 90' lang='lat' dir='ltr'><strong>sed</strong></span> <span class='ocrx_word' id='word_1_94' title='bbox 590 1204 716 1272; x_wconf 87' lang='lat' dir='ltr'><strong>quia</strong></span> <span class='ocrx_word' id='word_1_95' title='bbox 755 1217 892 1269; x_wconf 90' lang='lat' dir='ltr'><strong>opus</strong></span> <span class='ocrx_word' id='word_1_96' title='bbox 932 1214 1118 1253; x_wconf 89' lang='lat' dir='ltr'><strong>eorum</strong></span> <span class='ocrx_word' id='word_1_97' title='bbox 1150 1213 1215 1251; x_wconf 89' lang='lat' dir='ltr'><strong>ac</strong></span> <span class='ocrx_word' id='word_1_98' title='bbox 1250 1197 1484 1250; x_wconf 90' lang='lat' dir='ltr'><strong>studium</strong></span> <span class='ocrx_word' id='word_1_99' title='bbox 1526 1195 1629 1250; x_wconf 91' lang='lat' dir='ltr'><strong>hoc</strong></span> <span class='ocrx_word' id='word_1_100' title='bbox 1670 1205 1753 1250; x_wconf 90' lang='lat' dir='ltr'><strong>est</strong></span> <span class='ocrx_word' id='word_1_101' title='bbox 1792 1203 1850 1249; x_wconf 91' lang='lat' dir='ltr'><strong>ut</strong></span> 
     </span>
    </p>
   </div>
   <div class='ocr_carea' id='block_1_14' title="bbox 261 1285 1848 1364">
    <p class='ocr_par' dir='ltr' id='par_1_14' title="bbox 261 1285 1848 1364">
     <span class='ocr_line' id='line_1_14' title="bbox 261 1285 1848 1364; baseline -0.008 -14"><span class='ocrx_word' id='word_1_102' title='bbox 261 1310 499 1364; x_wconf 85' lang='lat' dir='ltr'><strong>peccare</strong></span> <span class='ocrx_word' id='word_1_103' title='bbox 530 1293 774 1348; x_wconf 90' lang='lat' dir='ltr'><strong>homines</strong></span> <span class='ocrx_word' id='word_1_104' title='bbox 798 1289 1024 1351; x_wconf 86' lang='lat' dir='ltr'><strong>faciant,</strong></span> <span class='ocrx_word' id='word_1_105' title='bbox 1066 1295 1120 1342; x_wconf 85' lang='lat' dir='ltr'><strong>et</strong></span> <span class='ocrx_word' id='word_1_106' title='bbox 1153 1288 1267 1340; x_wconf 67' lang='lat' dir='ltr'><strong>hazc</strong></span> <span class='ocrx_word' id='word_1_107' title='bbox 1303 1294 1385 1340; x_wconf 92' lang='lat' dir='ltr'><strong>est</strong></span> <span class='ocrx_word' id='word_1_108' title='bbox 1417 1285 1626 1339; x_wconf 89' lang='lat' dir='ltr'><strong>illorum</strong></span> <span class='ocrx_word' id='word_1_109' title='bbox 1657 1285 1764 1338; x_wconf 89' lang='lat' dir='ltr'><strong>vita</strong></span> <span class='ocrx_word' id='word_1_110' title='bbox 1803 1285 1848 1338; x_wconf 90' lang='lat' dir='ltr'><strong>si</strong></span> 
     </span>
    </p>
   </div>
   <div class='ocr_carea' id='block_1_15' title="bbox 263 1377 1847 1454">
    <p class='ocr_par' dir='ltr' id='par_1_15' title="bbox 263 1377 1847 1454">
     <span class='ocr_line' id='line_1_15' title="bbox 263 1377 1847 1454; baseline -0.005 -16"><span class='ocrx_word' id='word_1_111' title='bbox 263 1400 370 1439; x_wconf 88' lang='lat' dir='ltr'><strong>nos</strong></span> <span class='ocrx_word' id='word_1_112' title='bbox 401 1398 708 1454; x_wconf 89' lang='lat' dir='ltr'><strong>peccemus,</strong></span> <span class='ocrx_word' id='word_1_113' title='bbox 739 1382 856 1436; x_wconf 89' lang='lat' dir='ltr'><strong>sine</strong></span> <span class='ocrx_word' id='word_1_114' title='bbox 883 1381 1045 1434; x_wconf 91' lang='lat' dir='ltr'><strong>dubio</strong></span> <span class='ocrx_word' id='word_1_115' title='bbox 1070 1378 1319 1432; x_wconf 89' lang='lat' dir='ltr'><strong>interitus</strong></span> <span class='ocrx_word' id='word_1_116' title='bbox 1347 1392 1534 1430; x_wconf 89' lang='lat' dir='ltr'><strong>eorum</strong></span> <span class='ocrx_word' id='word_1_117' title='bbox 1563 1386 1647 1431; x_wconf 89' lang='lat' dir='ltr'><strong>est</strong></span> <span class='ocrx_word' id='word_1_118' title='bbox 1669 1377 1713 1430; x_wconf 89' lang='lat' dir='ltr'><strong>si</strong></span> <span class='ocrx_word' id='word_1_119' title='bbox 1741 1392 1847 1431; x_wconf 93' lang='lat' dir='ltr'><strong>non</strong></span> 
     </span>
    </p>
   </div>
   <div class='ocr_carea' id='block_1_16' title="bbox 263 1466 1846 1544">
    <p class='ocr_par' dir='ltr' id='par_1_16' title="bbox 263 1466 1846 1544">
     <span class='ocr_line' id='line_1_16' title="bbox 263 1466 1846 1544; baseline -0.006 -15"><span class='ocrx_word' id='word_1_120' title='bbox 263 1488 580 1544; x_wconf 85' lang='lat' dir='ltr'><strong>peccemus.</strong></span> <span class='ocrx_word' id='word_1_121' title='bbox 606 1470 1004 1525; x_wconf 88' lang='lat' dir='ltr'><strong>lnterfieiuntur</strong></span> <span class='ocrx_word' id='word_1_122' title='bbox 1022 1483 1150 1537; x_wconf 87' lang='lat' dir='ltr'><strong>ergo</strong></span> <span class='ocrx_word' id='word_1_123' title='bbox 1175 1466 1507 1520; x_wconf 86' lang='lat' dir='ltr'><strong>habitatores</strong></span> <span class='ocrx_word' id='word_1_124' title='bbox 1526 1467 1650 1530; x_wconf 89' lang='lat' dir='ltr'><strong>Ahi,</strong></span> <span class='ocrx_word' id='word_1_125' title='bbox 1675 1467 1846 1522; x_wconf 88' lang='lat' dir='ltr'><strong>sancti</strong></span> 
     </span>
    </p>
   </div>
   <div class='ocr_carea' id='block_1_17' title="bbox 262 1558 1847 1635">
    <p class='ocr_par' dir='ltr' id='par_1_17' title="bbox 262 1558 1847 1635">
     <span class='ocr_line' id='line_1_17' title="bbox 262 1558 1847 1635; baseline -0.003 -17"><span class='ocrx_word' id='word_1_126' title='bbox 262 1567 469 1635; x_wconf 88' lang='lat' dir='ltr'><strong>quique</strong></span> <span class='ocrx_word' id='word_1_127' title='bbox 496 1565 800 1633; x_wconf 90' lang='lat' dir='ltr'><strong>perimunt,</strong></span> <span class='ocrx_word' id='word_1_128' title='bbox 825 1571 880 1616; x_wconf 92' lang='lat' dir='ltr'><strong>et</strong></span> <span class='ocrx_word' id='word_1_129' title='bbox 914 1577 1019 1614; x_wconf 92' lang='lat' dir='ltr'><strong>non</strong></span> <span class='ocrx_word' id='word_1_130' title='bbox 1049 1560 1325 1614; x_wconf 88' lang='lat' dir='ltr'><strong>dimittunt</strong></span> <span class='ocrx_word' id='word_1_131' title='bbox 1349 1574 1413 1613; x_wconf 72' lang='lat' dir='ltr'><strong>ex</strong></span> <span class='ocrx_word' id='word_1_132' title='bbox 1438 1558 1518 1613; x_wconf 91' lang='lat' dir='ltr'><strong>eis</strong></span> <span class='ocrx_word' id='word_1_133' title='bbox 1553 1559 1718 1612; x_wconf 92' lang='lat' dir='ltr'><strong>ullum</strong></span> <span class='ocrx_word' id='word_1_134' title='bbox 1749 1577 1760 1611; x_wconf 96' lang='lat'>:</span> <span class='ocrx_word' id='word_1_135' title='bbox 1792 1560 1847 1614; x_wconf 90' lang='lat' dir='ltr'><strong>hi</strong></span> 
     </span>
    </p>
   </div>
   <div class='ocr_carea' id='block_1_18' title="bbox 265 1649 1846 1722">
    <p class='ocr_par' dir='ltr' id='par_1_18' title="bbox 265 1649 1846 1722">
     <span class='ocr_line' id='line_1_18' title="bbox 265 1649 1846 1722; baseline -0.006 -11"><span class='ocrx_word' id='word_1_136' title='bbox 265 1657 391 1711; x_wconf 89' lang='lat' dir='ltr'><strong>sine</strong></span> <span class='ocrx_word' id='word_1_137' title='bbox 433 1654 595 1709; x_wconf 91' lang='lat' dir='ltr'><strong>dubio</strong></span> <span class='ocrx_word' id='word_1_138' title='bbox 644 1653 734 1722; x_wconf 90' lang='lat' dir='ltr'><strong>qui</strong></span> <span class='ocrx_word' id='word_1_139' title='bbox 791 1667 914 1706; x_wconf 92' lang='lat' dir='ltr'><strong>cum</strong></span> <span class='ocrx_word' id='word_1_140' title='bbox 955 1650 1100 1704; x_wconf 91' lang='lat' dir='ltr'><strong>omni</strong></span> <span class='ocrx_word' id='word_1_141' title='bbox 1157 1649 1428 1717; x_wconf 82' lang='lat' dir='ltr'><strong>diligentia</strong></span> <span class='ocrx_word' id='word_1_142' title='bbox 1480 1657 1698 1702; x_wconf 75' lang='lat' dir='ltr'><strong>servant</strong></span> <span class='ocrx_word' id='word_1_143' title='bbox 1751 1663 1846 1703; x_wconf 91' lang='lat' dir='ltr'><strong>eor</strong></span> 
     </span>
    </p>
   </div>
   <div class='ocr_carea' id='block_1_19' title="bbox 265 1738 1847 1816">
    <p class='ocr_par' dir='ltr' id='par_1_19' title="bbox 265 1738 1847 1816">
     <span class='ocr_line' id='line_1_19' title="bbox 265 1738 1847 1816; baseline -0.004 -13"><span class='ocrx_word' id='word_1_144' title='bbox 265 1765 452 1812; x_wconf 90' lang='lat' dir='ltr'><strong>suum,</strong></span> <span class='ocrx_word' id='word_1_145' title='bbox 482 1763 550 1803; x_wconf 91' lang='lat' dir='ltr'><strong>ne</strong></span> <span class='ocrx_word' id='word_1_146' title='bbox 576 1749 641 1803; x_wconf 89' lang='lat' dir='ltr'><strong>de</strong></span> <span class='ocrx_word' id='word_1_147' title='bbox 670 1763 736 1802; x_wconf 92' lang='lat' dir='ltr'><strong>eo</strong></span> <span class='ocrx_word' id='word_1_148' title='bbox 757 1745 1111 1816; x_wconf 76' lang='lat' dir='ltr'><strong>cogitationes</strong></span> <span class='ocrx_word' id='word_1_149' title='bbox 1147 1742 1300 1796; x_wconf 70' lang='lat' dir='ltr'><strong>mala:</strong></span> <span class='ocrx_word' id='word_1_150' title='bbox 1325 1741 1634 1810; x_wconf 89' lang='lat' dir='ltr'><strong>procedant.</strong></span> <span class='ocrx_word' id='word_1_151' title='bbox 1664 1738 1769 1795; x_wconf 97' lang='lat' dir='ltr'><strong>Sed</strong></span> <span class='ocrx_word' id='word_1_152' title='bbox 1791 1750 1847 1796; x_wconf 89' lang='lat' dir='ltr'><strong>et</strong></span> 
     </span>
    </p>
   </div>
   <div class='ocr_carea' id='block_1_20' title="bbox 264 1830 1846 1909">
    <p class='ocr_par' dir='ltr' id='par_1_20' title="bbox 264 1830 1846 1909">
     <span class='ocr_line' id='line_1_20' title="bbox 264 1830 1846 1909; baseline -0.005 -17"><span class='ocrx_word' id='word_1_153' title='bbox 264 1840 359 1909; x_wconf 91' lang='lat' dir='ltr'><strong>qui</strong></span> <span class='ocrx_word' id='word_1_154' title='bbox 398 1839 689 1894; x_wconf 85' lang='lat' dir='ltr'><strong>observant</strong></span> <span class='ocrx_word' id='word_1_155' title='bbox 721 1852 782 1891; x_wconf 95' lang='lat' dir='ltr'><strong>os</strong></span> <span class='ocrx_word' id='word_1_156' title='bbox 813 1851 1003 1898; x_wconf 90' lang='lat' dir='ltr'><strong>suum,</strong></span> <span class='ocrx_word' id='word_1_157' title='bbox 1043 1843 1102 1886; x_wconf 92' lang='lat' dir='ltr'><strong>ut</strong></span> <span class='ocrx_word' id='word_1_158' title='bbox 1141 1831 1316 1886; x_wconf 89' lang='lat' dir='ltr'><strong>oumis</strong></span> <span class='ocrx_word' id='word_1_159' title='bbox 1355 1846 1534 1886; x_wconf 86' lang='lat' dir='ltr'><strong>sermo</strong></span> <span class='ocrx_word' id='word_1_160' title='bbox 1573 1830 1746 1885; x_wconf 87' lang='lat' dir='ltr'><strong>malus</strong></span> <span class='ocrx_word' id='word_1_161' title='bbox 1778 1845 1846 1886; x_wconf 83' lang='lat' dir='ltr'><strong>ex</strong></span> 
     </span>
    </p>
   </div>
   <div class='ocr_carea' id='block_1_21' title="bbox 264 1921 1847 1996">
    <p class='ocr_par' dir='ltr' id='par_1_21' title="bbox 264 1921 1847 1996">
     <span class='ocr_line' id='line_1_21' title="bbox 264 1921 1847 1996; baseline -0.008 -10"><span class='ocrx_word' id='word_1_162' title='bbox 264 1947 367 1986; x_wconf 89' lang='lat' dir='ltr'><strong>ore</strong></span> <span class='ocrx_word' id='word_1_163' title='bbox 399 1945 587 1985; x_wconf 90' lang='lat' dir='ltr'><strong>eorum</strong></span> <span class='ocrx_word' id='word_1_164' title='bbox 616 1944 722 1982; x_wconf 90' lang='lat' dir='ltr'><strong>non</strong></span> <span class='ocrx_word' id='word_1_165' title='bbox 764 1926 1040 1996; x_wconf 86' lang='lat' dir='ltr'><strong>procedat.</strong></span> <span class='ocrx_word' id='word_1_166' title='bbox 1075 1922 1188 1976; x_wconf 80' lang='lat' dir='ltr'><strong>Hoc</strong></span> <span class='ocrx_word' id='word_1_167' title='bbox 1219 1930 1303 1977; x_wconf 91' lang='lat' dir='ltr'><strong>est</strong></span> <span class='ocrx_word' id='word_1_168' title='bbox 1342 1937 1446 1976; x_wconf 93' lang='lat' dir='ltr'><strong>non</strong></span> <span class='ocrx_word' id='word_1_169' title='bbox 1483 1921 1646 1974; x_wconf 90' lang='lat' dir='ltr'><strong>ullum</strong></span> <span class='ocrx_word' id='word_1_170' title='bbox 1686 1922 1847 1974; x_wconf 86' lang='lat' dir='ltr'><strong>relin-</strong></span> 
     </span>
    </p>
   </div>
   <div class='ocr_carea' id='block_1_22' title="bbox 264 2010 1843 2091">
    <p class='ocr_par' dir='ltr' id='par_1_22' title="bbox 264 2010 1843 2091">
     <span class='ocr_line' id='line_1_22' title="bbox 264 2010 1843 2091; baseline -0.008 -16"><span class='ocrx_word' id='word_1_171' title='bbox 264 2036 437 2091; x_wconf 91' lang='lat' dir='ltr'><strong>quere</strong></span> <span class='ocrx_word' id='word_1_172' title='bbox 457 2019 548 2089; x_wconf 90' lang='lat' dir='ltr'><strong>qui</strong></span> <span class='ocrx_word' id='word_1_173' title='bbox 571 2018 788 2088; x_wconf 77' lang='lat' dir='ltr'><strong>effugiat</strong></span> <span class='ocrx_word' id='word_1_174' title='bbox 813 2032 934 2070; x_wconf 90' lang='lat' dir='ltr'><strong>eum</strong></span> <span class='ocrx_word' id='word_1_175' title='bbox 963 2015 1060 2077; x_wconf 92' lang='lat' dir='ltr'><strong>eis,</strong></span> <span class='ocrx_word' id='word_1_176' title='bbox 1089 2028 1187 2066; x_wconf 92' lang='lat' dir='ltr'><strong>nec</strong></span> <span class='ocrx_word' id='word_1_177' title='bbox 1212 2027 1389 2066; x_wconf 83' lang='lat' dir='ltr'><strong>sermo</strong></span> <span class='ocrx_word' id='word_1_178' title='bbox 1409 2010 1626 2080; x_wconf 75' lang='lat' dir='ltr'><strong>effugiat</strong></span> <span class='ocrx_word' id='word_1_179' title='bbox 1651 2011 1843 2064; x_wconf 85' lang='lat' dir='ltr'><strong>malus.</strong></span> 
     </span>
    </p>
   </div>
   <div class='ocr_carea' id='block_1_23' title="bbox 263 2101 1845 2182">
    <p class='ocr_par' dir='ltr' id='par_1_23' title="bbox 263 2101 1845 2182">
     <span class='ocr_line' id='line_1_23' title="bbox 263 2101 1845 2182; baseline -0.006 -18"><span class='ocrx_word' id='word_1_180' title='bbox 263 2111 428 2182; x_wconf 81' lang='lat' dir='ltr'><strong>Agite</strong></span> <span class='ocrx_word' id='word_1_181' title='bbox 457 2125 587 2180; x_wconf 81' lang='lat' dir='ltr'><strong>ergo</strong></span> <span class='ocrx_word' id='word_1_182' title='bbox 617 2118 669 2162; x_wconf 94' lang='lat' dir='ltr'><strong>et</strong></span> <span class='ocrx_word' id='word_1_183' title='bbox 707 2123 803 2162; x_wconf 87' lang='lat' dir='ltr'><strong>vos</strong></span> <span class='ocrx_word' id='word_1_184' title='bbox 835 2125 848 2159; x_wconf 90' lang='lat'><strong>:</strong></span> <span class='ocrx_word' id='word_1_185' title='bbox 892 2118 1256 2175; x_wconf 79' lang='lat' dir='ltr'><strong>przeparemus</strong></span> <span class='ocrx_word' id='word_1_186' title='bbox 1295 2118 1392 2157; x_wconf 93' lang='lat' dir='ltr'><strong>nos</strong></span> <span class='ocrx_word' id='word_1_187' title='bbox 1433 2103 1500 2157; x_wconf 87' lang='lat' dir='ltr'><strong>ad</strong></span> <span class='ocrx_word' id='word_1_188' title='bbox 1541 2101 1845 2170; x_wconf 89' lang='lat' dir='ltr'><strong>hujusmodi</strong></span> 
     </span>
    </p>
   </div>
   <div class='ocr_carea' id='block_1_24' title="bbox 264 2191 1850 2271">
    <p class='ocr_par' dir='ltr' id='par_1_24' title="bbox 264 2191 1850 2271">
     <span class='ocr_line' id='line_1_24' title="bbox 264 2191 1850 2271; baseline -0.008 -15"><span class='ocrx_word' id='word_1_189' title='bbox 264 2201 474 2271; x_wconf 70' lang='lat' dir='ltr'><strong>pradia,</strong></span> <span class='ocrx_word' id='word_1_190' title='bbox 511 2199 874 2268; x_wconf 87' lang='lat' dir='ltr'><strong>percutiamus</strong></span> <span class='ocrx_word' id='word_1_191' title='bbox 893 2195 995 2249; x_wconf 88' lang='lat' dir='ltr'><strong>Abi</strong></span> <span class='ocrx_word' id='word_1_192' title='bbox 1029 2195 1080 2248; x_wconf 92' lang='lat' dir='ltr'><strong>in</strong></span> <span class='ocrx_word' id='word_1_193' title='bbox 1109 2209 1203 2248; x_wconf 89' lang='lat' dir='ltr'><strong>ore</strong></span> <span class='ocrx_word' id='word_1_194' title='bbox 1231 2193 1423 2264; x_wconf 78' lang='lat' dir='ltr'><strong>gladii,</strong></span> <span class='ocrx_word' id='word_1_195' title='bbox 1452 2201 1507 2246; x_wconf 92' lang='lat' dir='ltr'><strong>et</strong></span> <span class='ocrx_word' id='word_1_196' title='bbox 1541 2191 1850 2258; x_wconf 82' lang='lat' dir='ltr'><strong>exstingua-</strong></span> 
     </span>
    </p>
   </div>
   <div class='ocr_carea' id='block_1_25' title="bbox 267 2283 1850 2350">
    <p class='ocr_par' dir='ltr' id='par_1_25' title="bbox 267 2283 1850 2350">
     <span class='ocr_line' id='line_1_25' title="bbox 267 2283 1850 2350; baseline -0.009 -1"><span class='ocrx_word' id='word_1_197' title='bbox 267 2309 394 2350; x_wconf 89' lang='lat' dir='ltr'><strong>mus</strong></span> <span class='ocrx_word' id='word_1_198' title='bbox 414 2307 602 2348; x_wconf 90' lang='lat' dir='ltr'><strong>omnes</strong></span> <span class='ocrx_word' id='word_1_199' title='bbox 629 2289 960 2345; x_wconf 88' lang='lat' dir='ltr'><strong>habitatores</strong></span> <span class='ocrx_word' id='word_1_200' title='bbox 985 2287 1170 2349; x_wconf 81' lang='lat' dir='ltr'><strong>chaos,</strong></span> <span class='ocrx_word' id='word_1_201' title='bbox 1202 2297 1390 2339; x_wconf 92' lang='lat' dir='ltr'><strong>omnes</strong></span> <span class='ocrx_word' id='word_1_202' title='bbox 1418 2284 1722 2339; x_wconf 89' lang='lat' dir='ltr'><strong>contrarias</strong></span> <span class='ocrx_word' id='word_1_203' title='bbox 1745 2283 1850 2336; x_wconf 84' lang='lat' dir='ltr'><strong>vir-</strong></span> 
     </span>
    </p>
   </div>
   <div class='ocr_carea' id='block_1_26' title="bbox 268 2374 1850 2448">
    <p class='ocr_par' dir='ltr' id='par_1_26' title="bbox 268 2374 1850 2448">
     <span class='ocr_line' id='line_1_26' title="bbox 268 2374 1850 2448; baseline -0.008 -10"><span class='ocrx_word' id='word_1_204' title='bbox 268 2393 438 2438; x_wconf 91' lang='lat' dir='ltr'><strong>tutes.</strong></span> <span class='ocrx_word' id='word_1_205' title='bbox 471 2381 687 2436; x_wconf 84' lang='lat' dir='ltr'><strong>Utinam</strong></span> <span class='ocrx_word' id='word_1_206' title='bbox 717 2389 774 2434; x_wconf 91' lang='lat' dir='ltr'><strong>et</strong></span> <span class='ocrx_word' id='word_1_207' title='bbox 797 2395 894 2448; x_wconf 89' lang='lat' dir='ltr'><strong>ego</strong></span> <span class='ocrx_word' id='word_1_208' title='bbox 924 2377 1082 2430; x_wconf 86' lang='lat' dir='ltr'><strong>modo</strong></span> <span class='ocrx_word' id='word_1_209' title='bbox 1109 2375 1234 2428; x_wconf 90' lang='lat' dir='ltr'><strong>dum</strong></span> <span class='ocrx_word' id='word_1_210' title='bbox 1277 2374 1465 2442; x_wconf 91' lang='lat' dir='ltr'><strong>loquor</strong></span> <span class='ocrx_word' id='word_1_211' title='bbox 1503 2374 1569 2427; x_wconf 91' lang='lat' dir='ltr'><strong>ad</strong></span> <span class='ocrx_word' id='word_1_212' title='bbox 1603 2389 1698 2427; x_wconf 93' lang='lat' dir='ltr'><strong>vos</strong></span> <span class='ocrx_word' id='word_1_213' title='bbox 1728 2387 1850 2426; x_wconf 87' lang='lat' dir='ltr'><strong>ver-</strong></span> 
     </span>
    </p>
   </div>
   <div class='ocr_carea' id='block_1_27' title="bbox 266 2460 1850 2535">
    <p class='ocr_par' dir='ltr' id='par_1_27' title="bbox 266 2460 1850 2535">
     <span class='ocr_line' id='line_1_27' title="bbox 266 2460 1850 2535; baseline -0.006 -10"><span class='ocrx_word' id='word_1_214' title='bbox 266 2471 399 2526; x_wconf 90' lang='lat' dir='ltr'><strong>bum</strong></span> <span class='ocrx_word' id='word_1_215' title='bbox 440 2467 572 2532; x_wconf 91' lang='lat' dir='ltr'><strong>Dei,</strong></span> <span class='ocrx_word' id='word_1_216' title='bbox 611 2482 706 2521; x_wconf 90' lang='lat' dir='ltr'><strong>cor</strong></span> <span class='ocrx_word' id='word_1_217' title='bbox 743 2465 977 2535; x_wconf 88' lang='lat' dir='ltr'><strong>pectoris</strong></span> <span class='ocrx_word' id='word_1_218' title='bbox 1016 2463 1231 2533; x_wconf 90' lang='lat' dir='ltr'><strong>pulsare</strong></span> <span class='ocrx_word' id='word_1_219' title='bbox 1257 2463 1494 2532; x_wconf 86' lang='lat' dir='ltr'><strong>possim!</strong></span> <span class='ocrx_word' id='word_1_220' title='bbox 1533 2462 1676 2530; x_wconf 90' lang='lat' dir='ltr'><strong>quod</strong></span> <span class='ocrx_word' id='word_1_221' title='bbox 1705 2462 1750 2516; x_wconf 91' lang='lat' dir='ltr'><strong>si</strong></span> <span class='ocrx_word' id='word_1_222' title='bbox 1777 2460 1850 2515; x_wconf 85' lang='lat' dir='ltr'><strong>fe-</strong></span> 
     </span>
    </p>
   </div>
   <div class='ocr_carea' id='block_1_28' title="bbox 266 2553 1847 2629">
    <p class='ocr_par' dir='ltr' id='par_1_28' title="bbox 266 2553 1847 2629">
     <span class='ocr_line' id='line_1_28' title="bbox 266 2553 1847 2629; baseline -0.006 -11"><span class='ocrx_word' id='word_1_223' title='bbox 266 2578 426 2626; x_wconf 89' lang='lat' dir='ltr'><strong>cero,</strong></span> <span class='ocrx_word' id='word_1_224' title='bbox 473 2570 680 2617; x_wconf 80' lang='lat' dir='ltr'><strong>certum</strong></span> <span class='ocrx_word' id='word_1_225' title='bbox 720 2569 804 2614; x_wconf 87' lang='lat' dir='ltr'><strong>est</strong></span> <span class='ocrx_word' id='word_1_226' title='bbox 839 2559 982 2629; x_wconf 91' lang='lat' dir='ltr'><strong>quod</strong></span> <span class='ocrx_word' id='word_1_227' title='bbox 1031 2557 1208 2626; x_wconf 78' lang='lat' dir='ltr'><strong>gladio</strong></span> <span class='ocrx_word' id='word_1_228' title='bbox 1243 2556 1356 2610; x_wconf 93' lang='lat' dir='ltr'><strong>oris</strong></span> <span class='ocrx_word' id='word_1_229' title='bbox 1393 2556 1498 2609; x_wconf 91' lang='lat' dir='ltr'><strong>mei</strong></span> <span class='ocrx_word' id='word_1_230' title='bbox 1548 2553 1847 2623; x_wconf 90' lang='lat' dir='ltr'><strong>percutiam</strong></span> 
     </span>
    </p>
   </div>
   <div class='ocr_carea' id='block_1_29' title="bbox 267 2643 1850 2720">
    <p class='ocr_par' dir='ltr' id='par_1_29' title="bbox 267 2643 1850 2720">
     <span class='ocr_line' id='line_1_29' title="bbox 267 2643 1850 2720; baseline -0.007 -12"><span class='ocrx_word' id='word_1_231' title='bbox 267 2653 713 2714; x_wconf 80' lang='lat' dir='ltr'><strong>fornicationem,</strong></span> <span class='ocrx_word' id='word_1_232' title='bbox 741 2651 1039 2720; x_wconf 88' lang='lat' dir='ltr'><strong>percutiam</strong></span> <span class='ocrx_word' id='word_1_233' title='bbox 1081 2648 1341 2702; x_wconf 89' lang='lat' dir='ltr'><strong>malitiam</strong></span> <span class='ocrx_word' id='word_1_234' title='bbox 1361 2686 1375 2711; x_wconf 93' lang='lat'><strong>,</strong></span> <span class='ocrx_word' id='word_1_235' title='bbox 1412 2645 1677 2700; x_wconf 88' lang='lat' dir='ltr'><strong>refrenem</strong></span> <span class='ocrx_word' id='word_1_236' title='bbox 1702 2643 1850 2698; x_wconf 83' lang='lat' dir='ltr'><strong>furo-</strong></span> 
     </span>
    </p>
   </div>
   <div class='ocr_carea' id='block_1_30' title="bbox 267 2737 1846 2812">
    <p class='ocr_par' dir='ltr' id='par_1_30' title="bbox 267 2737 1846 2812">
     <span class='ocr_line' id='line_1_30' title="bbox 267 2737 1846 2812; baseline -0.007 -12"><span class='ocrx_word' id='word_1_237' title='bbox 267 2759 411 2808; x_wconf 86' lang='lat' dir='ltr'><strong>rem,</strong></span> <span class='ocrx_word' id='word_1_238' title='bbox 440 2752 495 2798; x_wconf 90' lang='lat' dir='ltr'><strong>et</strong></span> <span class='ocrx_word' id='word_1_239' title='bbox 524 2743 570 2797; x_wconf 90' lang='lat' dir='ltr'><strong>si</strong></span> <span class='ocrx_word' id='word_1_240' title='bbox 600 2758 705 2812; x_wconf 88' lang='lat' dir='ltr'><strong>qua</strong></span> <span class='ocrx_word' id='word_1_241' title='bbox 736 2742 840 2796; x_wconf 89' lang='lat' dir='ltr'><strong>alia</strong></span> <span class='ocrx_word' id='word_1_242' title='bbox 871 2750 996 2796; x_wconf 91' lang='lat' dir='ltr'><strong>sunt</strong></span> <span class='ocrx_word' id='word_1_243' title='bbox 1025 2739 1186 2794; x_wconf 88' lang='lat' dir='ltr'><strong>mala.</strong></span> <span class='ocrx_word' id='word_1_244' title='bbox 1214 2740 1266 2793; x_wconf 93' lang='lat' dir='ltr'><strong>in</strong></span> <span class='ocrx_word' id='word_1_245' title='bbox 1297 2753 1392 2793; x_wconf 91' lang='lat' dir='ltr'><strong>ore</strong></span> <span class='ocrx_word' id='word_1_246' title='bbox 1414 2737 1596 2807; x_wconf 82' lang='lat' dir='ltr'><strong>gladii,</strong></span> <span class='ocrx_word' id='word_1_247' title='bbox 1620 2737 1721 2790; x_wconf 90' lang='lat' dir='ltr'><strong>hoc</strong></span> <span class='ocrx_word' id='word_1_248' title='bbox 1741 2745 1846 2801; x_wconf 92' lang='lat' dir='ltr'><strong>est,</strong></span> 
     </span>
    </p>
   </div>
   <div class='ocr_carea' id='block_1_31' title="bbox 268 2826 1847 2900">
    <p class='ocr_par' dir='ltr' id='par_1_31' title="bbox 268 2826 1847 2900">
     <span class='ocr_line' id='line_1_31' title="bbox 268 2826 1847 2900; baseline -0.006 -13"><span class='ocrx_word' id='word_1_249' title='bbox 268 2833 386 2888; x_wconf 91' lang='lat' dir='ltr'><strong>oris</strong></span> <span class='ocrx_word' id='word_1_250' title='bbox 417 2833 522 2886; x_wconf 91' lang='lat' dir='ltr'><strong>mei</strong></span> <span class='ocrx_word' id='word_1_251' title='bbox 552 2847 830 2894; x_wconf 88' lang='lat' dir='ltr'><strong>sermone,</strong></span> <span class='ocrx_word' id='word_1_252' title='bbox 863 2830 1193 2900; x_wconf 83' lang='lat' dir='ltr'><strong>restinguam</strong></span> <span class='ocrx_word' id='word_1_253' title='bbox 1213 2868 1228 2893; x_wconf 96' lang='lat'><strong>,</strong></span> <span class='ocrx_word' id='word_1_254' title='bbox 1258 2836 1312 2882; x_wconf 88' lang='lat' dir='ltr'><strong>et</strong></span> <span class='ocrx_word' id='word_1_255' title='bbox 1341 2842 1447 2881; x_wconf 91' lang='lat' dir='ltr'><strong>non</strong></span> <span class='ocrx_word' id='word_1_256' title='bbox 1479 2826 1847 2894; x_wconf 89' lang='lat' dir='ltr'><strong>derelinquam</strong></span> 
     </span>
    </p>
   </div>
   <div class='ocr_carea' id='block_1_32' title="bbox 268 2914 1846 2992">
    <p class='ocr_par' dir='ltr' id='par_1_32' title="bbox 268 2914 1846 2992">
     <span class='ocr_line' id='line_1_32' title="bbox 268 2914 1846 2992; baseline -0.006 -15"><span class='ocrx_word' id='word_1_257' title='bbox 268 2938 338 2977; x_wconf 75' lang='lat' dir='ltr'><strong>ex</strong></span> <span class='ocrx_word' id='word_1_258' title='bbox 374 2923 454 2977; x_wconf 92' lang='lat' dir='ltr'><strong>eis</strong></span> <span class='ocrx_word' id='word_1_259' title='bbox 495 2923 585 2992; x_wconf 92' lang='lat' dir='ltr'><strong>qui</strong></span> <span class='ocrx_word' id='word_1_260' title='bbox 629 2922 812 2977; x_wconf 87' lang='lat' dir='ltr'><strong>salvus</strong></span> <span class='ocrx_word' id='word_1_261' title='bbox 845 2921 964 2984; x_wconf 78' lang='lat' dir='ltr'><strong>fiat,</strong></span> <span class='ocrx_word' id='word_1_262' title='bbox 995 2934 1169 2988; x_wconf 89' lang='lat' dir='ltr'><strong>neque</strong></span> <span class='ocrx_word' id='word_1_263' title='bbox 1204 2918 1294 2987; x_wconf 91' lang='lat' dir='ltr'><strong>qui</strong></span> <span class='ocrx_word' id='word_1_264' title='bbox 1335 2917 1572 2986; x_wconf 76' lang='lat' dir='ltr'><strong>effugiat.</strong></span> <span class='ocrx_word' id='word_1_265' title='bbox 1609 2914 1665 2969; x_wconf 89' lang='lat' dir='ltr'><strong>Si</strong></span> <span class='ocrx_word' id='word_1_266' title='bbox 1704 2915 1846 2970; x_wconf 89' lang='lat' dir='ltr'><strong>enim</strong></span> 
     </span>
    </p>
   </div>
   <div class='ocr_carea' id='block_1_33' title="bbox 269 3007 1843 3070">
    <p class='ocr_par' dir='ltr' id='par_1_33' title="bbox 269 3007 1843 3070">
     <span class='ocr_line' id='line_1_33' title="bbox 269 3007 1843 3070; baseline -0.004 -3"><span class='ocrx_word' id='word_1_267' title='bbox 269 3028 464 3067; x_wconf 90' lang='lat' dir='ltr'><strong>omnes</strong></span> <span class='ocrx_word' id='word_1_268' title='bbox 491 3012 672 3066; x_wconf 90' lang='lat' dir='ltr'><strong>hostes</strong></span> <span class='ocrx_word' id='word_1_269' title='bbox 697 3020 912 3066; x_wconf 90' lang='lat' dir='ltr'><strong>nostros</strong></span> <span class='ocrx_word' id='word_1_270' title='bbox 941 3009 1373 3070; x_wconf 79' lang='lat' dir='ltr'><strong>exstinxerimus,</strong></span> <span class='ocrx_word' id='word_1_271' title='bbox 1402 3015 1527 3061; x_wconf 90' lang='lat' dir='ltr'><strong>tunc</strong></span> <span class='ocrx_word' id='word_1_272' title='bbox 1547 3020 1673 3061; x_wconf 87' lang='lat' dir='ltr'><strong>vere</strong></span> <span class='ocrx_word' id='word_1_273' title='bbox 1702 3007 1843 3060; x_wconf 91' lang='lat' dir='ltr'><strong>diem</strong></span> 
     </span>
    </p>
   </div>
   <div class='ocr_carea' id='block_1_34' title="bbox 269 3095 1840 3163">
    <p class='ocr_par' dir='ltr' id='par_1_34' title="bbox 269 3095 1840 3163">
     <span class='ocr_line' id='line_1_34' title="bbox 269 3095 1840 3163; baseline -0.003 -9"><span class='ocrx_word' id='word_1_274' title='bbox 269 3101 469 3157; x_wconf 90' lang='lat' dir='ltr'><strong>festum</strong></span> <span class='ocrx_word' id='word_1_275' title='bbox 501 3101 890 3156; x_wconf 86' lang='lat' dir='ltr'><strong>celebrabimus</strong></span> <span class='ocrx_word' id='word_1_276' title='bbox 917 3101 1057 3163; x_wconf 91' lang='lat' dir='ltr'><strong>Deo,</strong></span> <span class='ocrx_word' id='word_1_277' title='bbox 1099 3107 1175 3162; x_wconf 88' lang='lat' dir='ltr'><strong>et,</strong></span> <span class='ocrx_word' id='word_1_278' title='bbox 1215 3097 1438 3153; x_wconf 89' lang='lat' dir='ltr'><strong>devictis</strong></span> <span class='ocrx_word' id='word_1_279' title='bbox 1483 3095 1840 3160; x_wconf 89' lang='lat' dir='ltr'><strong>adversariis,</strong></span> 
     </span>
    </p>
   </div>
   <div class='ocr_carea' id='block_1_35' title="bbox 272 3187 1844 3260">
    <p class='ocr_par' dir='ltr' id='par_1_35' title="bbox 272 3187 1844 3260">
     <span class='ocr_line' id='line_1_35' title="bbox 272 3187 1844 3260; baseline -0.004 -13"><span class='ocrx_word' id='word_1_280' title='bbox 272 3193 395 3247; x_wconf 64' lang='lat' dir='ltr'><strong>lzeta</strong></span> <span class='ocrx_word' id='word_1_281' title='bbox 415 3192 751 3247; x_wconf 86' lang='lat' dir='ltr'><strong>solemnitate</strong></span> <span class='ocrx_word' id='word_1_282' title='bbox 771 3191 1140 3260; x_wconf 83' lang='lat' dir='ltr'><strong>gaudebimus.</strong></span> <span class='ocrx_word' id='word_1_283' title='bbox 1157 3189 1286 3244; x_wconf 89' lang='lat' dir='ltr'><strong>Tale</strong></span> <span class='ocrx_word' id='word_1_284' title='bbox 1309 3188 1508 3258; x_wconf 89' lang='lat' dir='ltr'><strong>aliquid</strong></span> <span class='ocrx_word' id='word_1_285' title='bbox 1527 3187 1658 3242; x_wconf 91' lang='lat' dir='ltr'><strong>mihi</strong></span> <span class='ocrx_word' id='word_1_286' title='bbox 1681 3187 1844 3242; x_wconf 90' lang='lat' dir='ltr'><strong>etiam</strong></span> 
     </span>
    </p>
   </div>
   <div class='ocr_carea' id='block_1_36' title="bbox 272 3279 1847 3353">
    <p class='ocr_par' dir='ltr' id='par_1_36' title="bbox 272 3279 1847 3353">
     <span class='ocr_line' id='line_1_36' title="bbox 272 3279 1847 3353; baseline -0.001 -17"><span class='ocrx_word' id='word_1_287' title='bbox 272 3285 490 3338; x_wconf 84' lang='lat' dir='ltr'><strong>videtur</strong></span> <span class='ocrx_word' id='word_1_288' title='bbox 518 3292 736 3338; x_wconf 89' lang='lat' dir='ltr'><strong>sanctus</strong></span> <span class='ocrx_word' id='word_1_289' title='bbox 773 3283 1029 3353; x_wconf 86' lang='lat' dir='ltr'><strong>propheta</strong></span> <span class='ocrx_word' id='word_1_290' title='bbox 1059 3282 1113 3336; x_wconf 94' lang='lat' dir='ltr'><strong>in</strong></span> <span class='ocrx_word' id='word_1_291' title='bbox 1151 3281 1372 3350; x_wconf 88' lang='lat' dir='ltr'><strong>psalmis</strong></span> <span class='ocrx_word' id='word_1_292' title='bbox 1405 3281 1720 3350; x_wconf 79' lang='lat' dir='ltr'><strong>designare,</strong></span> <span class='ocrx_word' id='word_1_293' title='bbox 1754 3279 1847 3335; x_wconf 82' lang='lat' dir='ltr'><strong>ubi</strong></span> 
     </span>
    </p>
   </div>
   <div class='ocr_carea' id='block_1_37' title="bbox 273 3371 1849 3442">
    <p class='ocr_par' dir='ltr' id='par_1_37' title="bbox 273 3371 1849 3442">
     <span class='ocr_line' id='line_1_37' title="bbox 273 3371 1849 3442; baseline -0.001 -14"><span class='ocrx_word' id='word_1_294' title='bbox 273 3374 405 3428; x_wconf 89' lang='lat' dir='ltr'><strong>dicit</strong></span> <span class='ocrx_word' id='word_1_295' title='bbox 439 3374 505 3428; x_wconf 87' lang='lat' dir='ltr'><strong>de</strong></span> <span class='ocrx_word' id='word_1_296' title='bbox 533 3388 607 3435; x_wconf 91' lang='lat' dir='ltr'><strong>se,</strong></span> <span class='ocrx_word' id='word_1_297' title='bbox 639 3373 764 3442; x_wconf 92' lang='lat' dir='ltr'><strong>quia</strong></span> <span class='ocrx_word' id='word_1_298' title='bbox 796 3391 814 3422; x_wconf 77' lang='grc' dir='ltr'><strong>ι</strong></span> <span class='ocrx_word' id='word_1_299' title='bbox 847 3373 900 3426; x_wconf 93' lang='lat' dir='ltr'><strong>in</strong></span> <span class='ocrx_word' id='word_1_300' title='bbox 932 3372 1211 3426; x_wconf 89' lang='lat' dir='ltr'><strong>matutinis</strong></span> <span class='ocrx_word' id='word_1_301' title='bbox 1244 3371 1630 3426; x_wconf 88' lang='lat' dir='ltr'><strong>interficiebam</strong></span> <span class='ocrx_word' id='word_1_302' title='bbox 1660 3386 1849 3427; x_wconf 73' lang='lat' dir='ltr'><strong>omnes</strong></span> 
     </span>
    </p>
   </div>
   <div class='ocr_carea' id='block_1_38' title="bbox 272 3461 1847 3536">
    <p class='ocr_par' dir='ltr' id='par_1_38' title="bbox 272 3461 1847 3536">
     <span class='ocr_line' id='line_1_38' title="bbox 272 3461 1847 3536; baseline -0.002 -16"><span class='ocrx_word' id='word_1_303' title='bbox 272 3474 591 3536; x_wconf 90' lang='lat' dir='ltr'><strong>peccatores</strong></span> <span class='ocrx_word' id='word_1_304' title='bbox 624 3476 800 3528; x_wconf 80' lang='lat' dir='ltr'><strong>teme,</strong></span> <span class='ocrx_word' id='word_1_305' title='bbox 833 3473 893 3518; x_wconf 91' lang='lat' dir='ltr'><strong>ut</strong></span> <span class='ocrx_word' id='word_1_306' title='bbox 920 3463 1281 3534; x_wconf 90' lang='lat' dir='ltr'><strong>disperderem</strong></span> <span class='ocrx_word' id='word_1_307' title='bbox 1305 3461 1372 3516; x_wconf 89' lang='lat' dir='ltr'><strong>de</strong></span> <span class='ocrx_word' id='word_1_308' title='bbox 1391 3463 1605 3517; x_wconf 86' lang='lat' dir='ltr'><strong>civitate</strong></span> <span class='ocrx_word' id='word_1_309' title='bbox 1635 3463 1847 3517; x_wconf 89' lang='lat' dir='ltr'><strong>Domini</strong></span> 
     </span>
    </p>
   </div>
   <div class='ocr_carea' id='block_1_39' title="bbox 272 3549 1847 3624">
    <p class='ocr_par' dir='ltr' id='par_1_39' title="bbox 272 3549 1847 3624">
     <span class='ocr_line' id='line_1_39' title="bbox 272 3549 1847 3624; baseline -0.001 -16"><span class='ocrx_word' id='word_1_310' title='bbox 272 3570 467 3609; x_wconf 90' lang='lat' dir='ltr'><strong>omnes</strong></span> <span class='ocrx_word' id='word_1_311' title='bbox 488 3555 576 3623; x_wconf 88' lang='lat' dir='ltr'><strong>qui</strong></span> <span class='ocrx_word' id='word_1_312' title='bbox 600 3565 889 3623; x_wconf 87' lang='lat' dir='ltr'><strong>operantur</strong></span> <span class='ocrx_word' id='word_1_313' title='bbox 911 3554 1247 3622; x_wconf 86' lang='lat' dir='ltr'><strong>iniquitatem</strong></span> <span class='ocrx_word' id='word_1_314' title='bbox 1271 3549 1441 3624; x_wconf 81' lang='lat' dir='ltr'><strong>(Psal.</strong></span> <span class='ocrx_word' id='word_1_315' title='bbox 1469 3552 1541 3624; x_wconf 89' lang='lat' dir='ltr'><strong>c).</strong></span> <span class='ocrx_word' id='word_1_316' title='bbox 1574 3574 1592 3604; x_wconf 79' lang='grc' dir='ltr'><strong>ι</strong></span> <span class='ocrx_word' id='word_1_317' title='bbox 1623 3553 1679 3606; x_wconf 93' lang='lat' dir='ltr'><strong>Si</strong></span> <span class='ocrx_word' id='word_1_318' title='bbox 1703 3554 1847 3607; x_wconf 91' lang='lat' dir='ltr'><strong>enim</strong></span> 
     </span>
    </p>
   </div>
   <div class='ocr_carea' id='block_1_40' title="bbox 275 3641 1852 3710">
    <p class='ocr_par' dir='ltr' id='par_1_40' title="bbox 275 3641 1852 3710">
     <span class='ocr_line' id='line_1_40' title="bbox 275 3641 1852 3710; baseline -0.002 -11"><span class='ocrx_word' id='word_1_319' title='bbox 275 3645 473 3699; x_wconf 84' lang='lat' dir='ltr'><strong>civitas</strong></span> <span class='ocrx_word' id='word_1_320' title='bbox 505 3643 714 3707; x_wconf 88' lang='lat' dir='ltr'><strong>Domini</strong></span> <span class='ocrx_word' id='word_1_321' title='bbox 755 3643 995 3698; x_wconf 83' lang='lat' dir='ltr'><strong>Ecclesia</strong></span> <span class='ocrx_word' id='word_1_322' title='bbox 1035 3644 1127 3697; x_wconf 86' lang='lat' dir='ltr'><strong>Dei</strong></span> <span class='ocrx_word' id='word_1_323' title='bbox 1174 3642 1403 3696; x_wconf 82' lang='lat' dir='ltr'><strong>viventis</strong></span> <span class='ocrx_word' id='word_1_324' title='bbox 1442 3642 1719 3709; x_wconf 89' lang='lat' dir='ltr'><strong>accipitur,</strong></span> <span class='ocrx_word' id='word_1_325' title='bbox 1762 3641 1852 3710; x_wconf 81' lang='lat' dir='ltr'><strong>eji-</strong></span> 
     </span>
    </p>
   </div>
   <div class='ocr_carea' id='block_1_41' title="bbox 276 3733 1849 3803">
    <p class='ocr_par' dir='ltr' id='par_1_41' title="bbox 276 3733 1849 3803">
     <span class='ocr_line' id='line_1_41' title="bbox 276 3733 1849 3803; baseline 0.001 -16"><span class='ocrx_word' id='word_1_326' title='bbox 276 3735 431 3788; x_wconf 83' lang='lat' dir='ltr'><strong>cinnt</strong></span> <span class='ocrx_word' id='word_1_327' title='bbox 470 3735 716 3789; x_wconf 88' lang='lat' dir='ltr'><strong>doctores</strong></span> <span class='ocrx_word' id='word_1_328' title='bbox 760 3735 825 3789; x_wconf 91' lang='lat' dir='ltr'><strong>de</strong></span> <span class='ocrx_word' id='word_1_329' title='bbox 873 3734 1109 3788; x_wconf 87' lang='lat' dir='ltr'><strong>Ecclesia</strong></span> <span class='ocrx_word' id='word_1_330' title='bbox 1151 3741 1207 3788; x_wconf 94' lang='lat' dir='ltr'><strong>et</strong></span> <span class='ocrx_word' id='word_1_331' title='bbox 1253 3733 1582 3788; x_wconf 86' lang='lat' dir='ltr'><strong>interficiunt</strong></span> <span class='ocrx_word' id='word_1_332' title='bbox 1620 3748 1714 3788; x_wconf 89' lang='lat' dir='ltr'><strong>eos</strong></span> <span class='ocrx_word' id='word_1_333' title='bbox 1758 3735 1849 3803; x_wconf 92' lang='lat' dir='ltr'><strong>qui</strong></span> 
     </span>
    </p>
   </div>
   <div class='ocr_carea' id='block_1_42' title="bbox 275 3823 1853 3894">
    <p class='ocr_par' dir='ltr' id='par_1_42' title="bbox 275 3823 1853 3894">
     <span class='ocr_line' id='line_1_42' title="bbox 275 3823 1853 3894; baseline -0.001 -16"><span class='ocrx_word' id='word_1_334' title='bbox 275 3835 573 3894; x_wconf 86' lang='lat' dir='ltr'><strong>operantur</strong></span> <span class='ocrx_word' id='word_1_335' title='bbox 600 3825 960 3893; x_wconf 87' lang='lat' dir='ltr'><strong>iniquitatem,</strong></span> <span class='ocrx_word' id='word_1_336' title='bbox 992 3824 1292 3878; x_wconf 88' lang='lat' dir='ltr'><strong>contrarias</strong></span> <span class='ocrx_word' id='word_1_337' title='bbox 1326 3825 1626 3878; x_wconf 69' lang='lat' dir='ltr'><strong>dtemonum</strong></span> <span class='ocrx_word' id='word_1_338' title='bbox 1663 3823 1853 3877; x_wconf 64' lang='lat' dir='ltr'><strong>adver-</strong></span> 
     </span>
    </p>
   </div>
   <div class='ocr_carea' id='block_1_43' title="bbox 276 3914 1854 3984">
    <p class='ocr_par' dir='ltr' id='par_1_43' title="bbox 276 3914 1854 3984">
     <span class='ocr_line' id='line_1_43' title="bbox 276 3914 1854 3984; baseline -0.001 -15"><span class='ocrx_word' id='word_1_339' title='bbox 276 3916 559 3984; x_wconf 87' lang='lat' dir='ltr'><strong>sariasque</strong></span> <span class='ocrx_word' id='word_1_340' title='bbox 592 3915 846 3980; x_wconf 86' lang='lat' dir='ltr'><strong>virtutes,</strong></span> <span class='ocrx_word' id='word_1_341' title='bbox 887 3930 1006 3984; x_wconf 68' lang='lat' dir='ltr'><strong>qua:</strong></span> <span class='ocrx_word' id='word_1_342' title='bbox 1050 3924 1246 3984; x_wconf 83' lang='lat' dir='ltr'><strong>cogunt</strong></span> <span class='ocrx_word' id='word_1_343' title='bbox 1279 3914 1522 3970; x_wconf 92' lang='lat' dir='ltr'><strong>homines</strong></span> <span class='ocrx_word' id='word_1_344' title='bbox 1561 3916 1626 3968; x_wconf 88' lang='lat' dir='ltr'><strong>ad</strong></span> <span class='ocrx_word' id='word_1_345' title='bbox 1664 3929 1854 3984; x_wconf 87' lang='lat' dir='ltr'><strong>pecca-</strong></span> 
     </span>
    </p>
   </div>
   <div class='ocr_carea' id='block_1_44' title="bbox 279 4005 1855 4070">
    <p class='ocr_par' dir='ltr' id='par_1_44' title="bbox 279 4005 1855 4070">
     <span class='ocr_line' id='line_1_44' title="bbox 279 4005 1855 4070; baseline 0.001 -11"><span class='ocrx_word' id='word_1_346' title='bbox 279 4017 394 4060; x_wconf 87' lang='lat' dir='ltr'><strong>tum</strong></span> <span class='ocrx_word' id='word_1_347' title='bbox 433 4007 672 4060; x_wconf 84' lang='lat' dir='ltr'><strong>docendo</strong></span> <span class='ocrx_word' id='word_1_348' title='bbox 714 4016 768 4060; x_wconf 89' lang='lat' dir='ltr'><strong>et</strong></span> <span class='ocrx_word' id='word_1_349' title='bbox 810 4006 1166 4070; x_wconf 82' lang='lat' dir='ltr'><strong>instituendo,</strong></span> <span class='ocrx_word' id='word_1_350' title='bbox 1203 4014 1257 4060; x_wconf 91' lang='lat' dir='ltr'><strong>et</strong></span> <span class='ocrx_word' id='word_1_351' title='bbox 1298 4005 1511 4059; x_wconf 89' lang='lat' dir='ltr'><strong>occulta</strong></span> <span class='ocrx_word' id='word_1_352' title='bbox 1559 4006 1611 4059; x_wconf 90' lang='lat' dir='ltr'><strong>in</strong></span> <span class='ocrx_word' id='word_1_353' title='bbox 1659 4006 1855 4060; x_wconf 83' lang='lat' dir='ltr'><strong>divinis</strong></span> 
     </span>
    </p>
   </div>
   <div class='ocr_carea' id='block_1_45' title="bbox 278 4095 1852 4164">
    <p class='ocr_par' dir='ltr' id='par_1_45' title="bbox 278 4095 1852 4164">
     <span class='ocr_line' id='line_1_45' title="bbox 278 4095 1852 4164; baseline 0.001 -16"><span class='ocrx_word' id='word_1_354' title='bbox 278 4096 476 4150; x_wconf 88' lang='lat' dir='ltr'><strong>litteris</strong></span> <span class='ocrx_word' id='word_1_355' title='bbox 515 4112 581 4148; x_wconf 79' lang='lat' dir='ltr'><strong>ex</strong></span> <span class='ocrx_word' id='word_1_356' title='bbox 626 4095 756 4148; x_wconf 92' lang='lat' dir='ltr'><strong>locis</strong></span> <span class='ocrx_word' id='word_1_357' title='bbox 804 4096 998 4150; x_wconf 84' lang='lat' dir='ltr'><strong>talibus</strong></span> <span class='ocrx_word' id='word_1_358' title='bbox 1024 4137 1038 4159; x_wconf 94' lang='lat'><strong>,</strong></span> <span class='ocrx_word' id='word_1_359' title='bbox 1069 4097 1118 4149; x_wconf 92' lang='lat' dir='ltr'><strong>in</strong></span> <span class='ocrx_word' id='word_1_360' title='bbox 1155 4095 1402 4164; x_wconf 89' lang='lat' dir='ltr'><strong>qualibus</strong></span> <span class='ocrx_word' id='word_1_361' title='bbox 1450 4112 1592 4149; x_wconf 91' lang='lat' dir='ltr'><strong>nunc</strong></span> <span class='ocrx_word' id='word_1_362' title='bbox 1638 4111 1852 4159; x_wconf 90' lang='lat' dir='ltr'><strong>sumus,</strong></span> 
     </span>
    </p>
   </div>
   <div class='ocr_carea' id='block_1_46' title="bbox 279 4186 1855 4258">
    <p class='ocr_par' dir='ltr' id='par_1_46' title="bbox 279 4186 1855 4258">
     <span class='ocr_line' id='line_1_46' title="bbox 279 4186 1855 4258; baseline -0.002 -17"><span class='ocrx_word' id='word_1_363' title='bbox 279 4187 540 4258; x_wconf 75' lang='lat' dir='ltr'><strong>mysteria</strong></span> <span class='ocrx_word' id='word_1_364' title='bbox 572 4186 874 4241; x_wconf 86' lang='lat' dir='ltr'><strong>rescrando.</strong></span> <span class='ocrx_word' id='word_1_365' title='bbox 911 4186 1034 4241; x_wconf 84' lang='lat' dir='ltr'><strong>Sive</strong></span> <span class='ocrx_word' id='word_1_366' title='bbox 1062 4186 1335 4240; x_wconf 85' lang='lat' dir='ltr'><strong>civitatem</strong></span> <span class='ocrx_word' id='word_1_367' title='bbox 1365 4186 1575 4240; x_wconf 89' lang='lat' dir='ltr'><strong>Domini</strong></span> <span class='ocrx_word' id='word_1_368' title='bbox 1605 4186 1855 4240; x_wconf 90' lang='lat' dir='ltr'><strong>uniuscu-</strong></span> 
     </span>
    </p>
   </div>
   <div class='ocr_carea' id='block_1_47' title="bbox 275 4275 1857 4347">
    <p class='ocr_par' dir='ltr' id='par_1_47' title="bbox 275 4275 1857 4347">
     <span class='ocr_line' id='line_1_47' title="bbox 275 4275 1857 4347; baseline -0.001 -17"><span class='ocrx_word' id='word_1_369' title='bbox 275 4277 476 4347; x_wconf 86' lang='lat' dir='ltr'><strong>jusque</strong></span> <span class='ocrx_word' id='word_1_370' title='bbox 507 4285 746 4330; x_wconf 87' lang='lat' dir='ltr'><strong>nostrum</strong></span> <span class='ocrx_word' id='word_1_371' title='bbox 779 4277 1010 4329; x_wconf 88' lang='lat' dir='ltr'><strong>animam</strong></span> <span class='ocrx_word' id='word_1_372' title='bbox 1051 4275 1436 4344; x_wconf 85' lang='lat' dir='ltr'><strong>intelligamus,</strong></span> <span class='ocrx_word' id='word_1_373' title='bbox 1476 4292 1595 4344; x_wconf 78' lang='lat' dir='ltr'><strong>qua:</strong></span> <span class='ocrx_word' id='word_1_374' title='bbox 1626 4275 1857 4329; x_wconf 62' lang='lat' dir='ltr'><strong>aedifica-</strong></span> 
     </span>
    </p>
   </div>
   <div class='ocr_carea' id='block_1_48' title="bbox 284 4359 1856 4433">
    <p class='ocr_par' dir='ltr' id='par_1_48' title="bbox 284 4359 1856 4433">
     <span class='ocr_line' id='line_1_48' title="bbox 284 4359 1856 4433; baseline -0.001 -14"><span class='ocrx_word' id='word_1_375' title='bbox 284 4379 371 4420; x_wconf 88' lang='lat' dir='ltr'><strong>tur</strong></span> <span class='ocrx_word' id='word_1_376' title='bbox 399 4382 429 4418; x_wconf 90' lang='lat' dir='ltr'><strong>a</strong></span> <span class='ocrx_word' id='word_1_377' title='bbox 447 4359 684 4418; x_wconf 86' lang='lat' dir='ltr'><strong>Domino</strong></span> <span class='ocrx_word' id='word_1_378' title='bbox 707 4382 770 4418; x_wconf 80' lang='lat' dir='ltr'><strong>ex</strong></span> <span class='ocrx_word' id='word_1_379' title='bbox 804 4365 1064 4433; x_wconf 85' lang='lat' dir='ltr'><strong>lapidibus</strong></span> <span class='ocrx_word' id='word_1_380' title='bbox 1085 4365 1242 4430; x_wconf 89' lang='lat' dir='ltr'><strong>vivis,</strong></span> <span class='ocrx_word' id='word_1_381' title='bbox 1270 4365 1322 4419; x_wconf 88' lang='lat' dir='ltr'><strong>id</strong></span> <span class='ocrx_word' id='word_1_382' title='bbox 1347 4373 1452 4430; x_wconf 90' lang='lat' dir='ltr'><strong>est,</strong></span> <span class='ocrx_word' id='word_1_383' title='bbox 1476 4382 1541 4418; x_wconf 83' lang='lat' dir='ltr'><strong>ex</strong></span> <span class='ocrx_word' id='word_1_384' title='bbox 1568 4366 1856 4418; x_wconf 89' lang='lat' dir='ltr'><strong>virtutibus</strong></span> 
     </span>
    </p>
   </div>
   <div class='ocr_carea' id='block_1_49' title="bbox 284 4454 1858 4524">
    <p class='ocr_par' dir='ltr' id='par_1_49' title="bbox 284 4454 1858 4524">
     <span class='ocr_line' id='line_1_49' title="bbox 284 4454 1858 4524; baseline -0.003 -14"><span class='ocrx_word' id='word_1_385' title='bbox 284 4456 453 4510; x_wconf 87' lang='lat' dir='ltr'><strong>variis</strong></span> <span class='ocrx_word' id='word_1_386' title='bbox 495 4464 550 4509; x_wconf 88' lang='lat' dir='ltr'><strong>et</strong></span> <span class='ocrx_word' id='word_1_387' title='bbox 593 4455 838 4508; x_wconf 83' lang='lat' dir='ltr'><strong>diversis.</strong></span> <span class='ocrx_word' id='word_1_388' title='bbox 879 4454 952 4507; x_wconf 87' lang='lat' dir='ltr'><strong>De</strong></span> <span class='ocrx_word' id='word_1_389' title='bbox 992 4455 1106 4523; x_wconf 89' lang='lat' dir='ltr'><strong>ipsa</strong></span> <span class='ocrx_word' id='word_1_390' title='bbox 1139 4468 1353 4524; x_wconf 87' lang='lat' dir='ltr'><strong>quoque</strong></span> <span class='ocrx_word' id='word_1_391' title='bbox 1391 4454 1609 4507; x_wconf 85' lang='lat' dir='ltr'><strong>civitate</strong></span> <span class='ocrx_word' id='word_1_392' title='bbox 1639 4461 1858 4506; x_wconf 86' lang='lat' dir='ltr'><strong>sanctus</strong></span> 
     </span>
    </p>
   </div>
   <div class='ocr_carea' id='block_1_50' title="bbox 282 4543 1858 4616">
    <p class='ocr_par' dir='ltr' id='par_1_50' title="bbox 282 4543 1858 4616">
     <span class='ocr_line' id='line_1_50' title="bbox 282 4543 1858 4616; baseline -0.003 -18"><span class='ocrx_word' id='word_1_393' title='bbox 282 4547 513 4616; x_wconf 80' lang='lat' dir='ltr'><strong>quisque</strong></span> <span class='ocrx_word' id='word_1_394' title='bbox 555 4555 609 4599; x_wconf 88' lang='lat' dir='ltr'><strong>et</strong></span> <span class='ocrx_word' id='word_1_395' title='bbox 648 4545 871 4615; x_wconf 76' lang='lat' dir='ltr'><strong>diligens</strong></span> <span class='ocrx_word' id='word_1_396' title='bbox 900 4543 1074 4612; x_wconf 87' lang='lat' dir='ltr'><strong>cjieict</strong></span> <span class='ocrx_word' id='word_1_397' title='bbox 1118 4553 1463 4612; x_wconf 86' lang='lat' dir='ltr'><strong>peccatores,</strong></span> <span class='ocrx_word' id='word_1_398' title='bbox 1503 4543 1554 4597; x_wconf 89' lang='lat' dir='ltr'><strong>id</strong></span> <span class='ocrx_word' id='word_1_399' title='bbox 1583 4551 1685 4608; x_wconf 90' lang='lat' dir='ltr'><strong>est,</strong></span> <span class='ocrx_word' id='word_1_400' title='bbox 1716 4544 1858 4612; x_wconf 79' lang='lat' dir='ltr'><strong>cogi-</strong></span> 
     </span>
    </p>
   </div>
   <div class='ocr_carea' id='block_1_51' title="bbox 285 4633 1856 4706">
    <p class='ocr_par' dir='ltr' id='par_1_51' title="bbox 285 4633 1856 4706">
     <span class='ocr_line' id='line_1_51' title="bbox 285 4633 1856 4706; baseline -0.003 -16"><span class='ocrx_word' id='word_1_401' title='bbox 285 4638 519 4690; x_wconf 68' lang='lat' dir='ltr'><strong>tationes</strong></span> <span class='ocrx_word' id='word_1_402' title='bbox 549 4637 811 4706; x_wconf 86' lang='lat' dir='ltr'><strong>pessimas</strong></span> <span class='ocrx_word' id='word_1_403' title='bbox 840 4645 893 4689; x_wconf 87' lang='lat' dir='ltr'><strong>et</strong></span> <span class='ocrx_word' id='word_1_404' title='bbox 921 4636 1240 4704; x_wconf 81' lang='lat' dir='ltr'><strong>cupiditates</strong></span> <span class='ocrx_word' id='word_1_405' title='bbox 1268 4649 1460 4703; x_wconf 89' lang='lat' dir='ltr'><strong>pravas</strong></span> <span class='ocrx_word' id='word_1_406' title='bbox 1489 4635 1774 4687; x_wconf 88' lang='lat' dir='ltr'><strong>interliciet</strong></span> <span class='ocrx_word' id='word_1_407' title='bbox 1805 4633 1856 4686; x_wconf 92' lang='lat' dir='ltr'><strong>in</strong></span> 
     </span>
    </p>
   </div>
   <div class='ocr_carea' id='block_1_52' title="bbox 286 4723 1860 4780">
    <p class='ocr_par' dir='ltr' id='par_1_52' title="bbox 286 4723 1860 4780">
     <span class='ocr_line' id='line_1_52' title="bbox 286 4723 1860 4780; baseline -0.003 0"><span class='ocrx_word' id='word_1_408' title='bbox 286 4725 555 4780; x_wconf 72' lang='lat' dir='ltr'><strong>matutino</strong></span> <span class='ocrx_word' id='word_1_409' title='bbox 583 4735 733 4778; x_wconf 84' lang='lat' dir='ltr'><strong>ortus</strong></span> <span class='ocrx_word' id='word_1_410' title='bbox 763 4725 862 4777; x_wconf 89' lang='lat' dir='ltr'><strong>sui.</strong></span> <span class='ocrx_word' id='word_1_411' title='bbox 906 4723 1088 4777; x_wconf 84' lang='lat' dir='ltr'><strong>Justus</strong></span> <span class='ocrx_word' id='word_1_412' title='bbox 1127 4725 1267 4776; x_wconf 91' lang='lat' dir='ltr'><strong>enim</strong></span> <span class='ocrx_word' id='word_1_413' title='bbox 1300 4724 1466 4777; x_wconf 89' lang='lat' dir='ltr'><strong>dicit:</strong></span> <span class='ocrx_word' id='word_1_414' title='bbox 1505 4742 1521 4771; x_wconf 82' lang='grc' dir='ltr'><strong>ι</strong></span> <span class='ocrx_word' id='word_1_415' title='bbox 1557 4723 1611 4776; x_wconf 95' lang='lat' dir='ltr'><strong>ln</strong></span> <span class='ocrx_word' id='word_1_416' title='bbox 1642 4723 1860 4776; x_wconf 88' lang='lat' dir='ltr'><strong>matuti-</strong></span> 
     </span>
    </p>
   </div>
   <div class='ocr_carea' id='block_1_53' title="bbox 287 4813 1855 4885">
    <p class='ocr_par' dir='ltr' id='par_1_53' title="bbox 287 4813 1855 4885">
     <span class='ocr_line' id='line_1_53' title="bbox 287 4813 1855 4885; baseline -0.001 -16"><span class='ocrx_word' id='word_1_417' title='bbox 287 4818 371 4869; x_wconf 77' lang='lat' dir='ltr'><strong>nis</strong></span> <span class='ocrx_word' id='word_1_418' title='bbox 398 4817 696 4869; x_wconf 85' lang='lat' dir='ltr'><strong>meditabor</strong></span> <span class='ocrx_word' id='word_1_419' title='bbox 725 4817 777 4869; x_wconf 90' lang='lat' dir='ltr'><strong>in</strong></span> <span class='ocrx_word' id='word_1_420' title='bbox 807 4824 887 4879; x_wconf 91' lang='lat' dir='ltr'><strong>te,</strong></span> <span class='ocrx_word' id='word_1_421' title='bbox 929 4815 1054 4884; x_wconf 85' lang='lat' dir='ltr'><strong>quia</strong></span> <span class='ocrx_word' id='word_1_422' title='bbox 1085 4813 1230 4868; x_wconf 83' lang='lat' dir='ltr'><strong>fuisti</strong></span> <span class='ocrx_word' id='word_1_423' title='bbox 1264 4813 1475 4882; x_wconf 89' lang='lat' dir='ltr'><strong>adjutor</strong></span> <span class='ocrx_word' id='word_1_424' title='bbox 1510 4829 1659 4868; x_wconf 91' lang='lat' dir='ltr'><strong>meus</strong></span> <span class='ocrx_word' id='word_1_425' title='bbox 1685 4813 1855 4885; x_wconf 85' lang='lat' dir='ltr'><strong>(Psal.</strong></span> 
     </span>
    </p>
   </div>
   <div class='ocr_carea' id='block_1_54' title="bbox 286 4885 1865 4976">
    <p class='ocr_par' dir='ltr' id='par_1_54' title="bbox 286 4885 1865 4976">
     <span class='ocr_line' id='line_1_54' title="bbox 286 4885 1865 4976; baseline -0.002 -12"><span class='ocrx_word' id='word_1_426' title='bbox 286 4911 454 4975; x_wconf 72' lang='lat' dir='ltr'><strong>Lm).</strong></span> <span class='ocrx_word' id='word_1_427' title='bbox 502 4930 519 4961; x_wconf 78' lang='grc' dir='ltr'><strong>ι</strong></span> <span class='ocrx_word' id='word_1_428' title='bbox 561 4885 711 4976; x_wconf 79' lang='lat' dir='ltr'><strong>Quod</strong></span> <span class='ocrx_word' id='word_1_429' title='bbox 754 4917 836 4962; x_wconf 87' lang='lat' dir='ltr'><strong>est</strong></span> <span class='ocrx_word' id='word_1_430' title='bbox 877 4909 1016 4962; x_wconf 89' lang='lat' dir='ltr'><strong>istud</strong></span> <span class='ocrx_word' id='word_1_431' title='bbox 1047 4907 1404 4970; x_wconf 78' lang='lat' dir='ltr'><strong>matutinum,</strong></span> <span class='ocrx_word' id='word_1_432' title='bbox 1453 4907 1555 4961; x_wconf 90' lang='lat' dir='ltr'><strong>nisi</strong></span> <span class='ocrx_word' id='word_1_433' title='bbox 1609 4907 1865 4961; x_wconf 90' lang='lat' dir='ltr'><strong>Dominus</strong></span> 
     </span>
    </p>
   </div>
   <div class='ocr_carea' id='block_1_55' title="bbox 288 4997 1866 5066">
    <p class='ocr_par' dir='ltr' id='par_1_55' title="bbox 288 4997 1866 5066">
     <span class='ocr_line' id='line_1_55' title="bbox 288 4997 1866 5066; baseline -0.003 -13"><span class='ocrx_word' id='word_1_434' title='bbox 288 5011 476 5053; x_wconf 69' lang='lat' dir='ltr'><strong>noster</strong></span> <span class='ocrx_word' id='word_1_435' title='bbox 510 4998 668 5053; x_wconf 89' lang='lat' dir='ltr'><strong>.lcsus</strong></span> <span class='ocrx_word' id='word_1_436' title='bbox 708 4999 986 5061; x_wconf 87' lang='lat' dir='ltr'><strong>Christus,</strong></span> <span class='ocrx_word' id='word_1_437' title='bbox 1027 4999 1115 5066; x_wconf 88' lang='lat' dir='ltr'><strong>qui</strong></span> <span class='ocrx_word' id='word_1_438' title='bbox 1164 5005 1246 5052; x_wconf 89' lang='lat' dir='ltr'><strong>est</strong></span> <span class='ocrx_word' id='word_1_439' title='bbox 1287 4997 1378 5050; x_wconf 75' lang='lat' dir='ltr'><strong>lux</strong></span> <span class='ocrx_word' id='word_1_440' title='bbox 1426 5013 1552 5051; x_wconf 90' lang='lat' dir='ltr'><strong>vera</strong></span> <span class='ocrx_word' id='word_1_441' title='bbox 1592 4997 1772 5051; x_wconf 89' lang='lat' dir='ltr'><strong>oriens</strong></span> <span class='ocrx_word' id='word_1_442' title='bbox 1813 4997 1866 5049; x_wconf 91' lang='lat' dir='ltr'><strong>in</strong></span> 
     </span>
    </p>
   </div>
   <div class='ocr_carea' id='block_1_56' title="bbox 289 5087 1867 5158">
    <p class='ocr_par' dir='ltr' id='par_1_56' title="bbox 289 5087 1867 5158">
     <span class='ocr_line' id='line_1_56' title="bbox 289 5087 1867 5158; baseline -0.004 -15"><span class='ocrx_word' id='word_1_443' title='bbox 289 5091 548 5143; x_wconf 79' lang='lat' dir='ltr'><strong>cordibus</strong></span> <span class='ocrx_word' id='word_1_444' title='bbox 573 5091 790 5152; x_wconf 89' lang='lat' dir='ltr'><strong>nostris,</strong></span> <span class='ocrx_word' id='word_1_445' title='bbox 817 5098 979 5158; x_wconf 89' lang='lat' dir='ltr'><strong>atque</strong></span> <span class='ocrx_word' id='word_1_446' title='bbox 1005 5087 1310 5142; x_wconf 88' lang='lat' dir='ltr'><strong>illuminans</strong></span> <span class='ocrx_word' id='word_1_447' title='bbox 1331 5087 1650 5158; x_wconf 70' lang='lat' dir='ltr'><strong>ignorantia:</strong></span> <span class='ocrx_word' id='word_1_448' title='bbox 1671 5095 1867 5140; x_wconf 68' lang='lat' dir='ltr'><strong>nostrae</strong></span> 
     </span>
    </p>
   </div>
   <div class='ocr_carea' id='block_1_57' title="bbox 293 5174 1866 5244">
    <p class='ocr_par' dir='ltr' id='par_1_57' title="bbox 293 5174 1866 5244">
     <span class='ocr_line' id='line_1_57' title="bbox 293 5174 1866 5244; baseline -0.003 -12"><span class='ocrx_word' id='word_1_449' title='bbox 293 5179 548 5232; x_wconf 58' lang='lat' dir='ltr'><strong>tenebras</strong></span> <span class='ocrx_word' id='word_1_450' title='bbox 567 5219 582 5244; x_wconf 93' lang='lat'><strong>,</strong></span> <span class='ocrx_word' id='word_1_451' title='bbox 610 5178 738 5233; x_wconf 83' lang='lat' dir='ltr'><strong>facit</strong></span> <span class='ocrx_word' id='word_1_452' title='bbox 768 5195 866 5234; x_wconf 88' lang='lat' dir='ltr'><strong>nos</strong></span> <span class='ocrx_word' id='word_1_453' title='bbox 895 5181 947 5233; x_wconf 93' lang='lat' dir='ltr'><strong>in</strong></span> <span class='ocrx_word' id='word_1_454' title='bbox 987 5178 1190 5232; x_wconf 90' lang='lat' dir='ltr'><strong>lumine</strong></span> <span class='ocrx_word' id='word_1_455' title='bbox 1220 5193 1317 5232; x_wconf 92' lang='lat' dir='ltr'><strong>suo</strong></span> <span class='ocrx_word' id='word_1_456' title='bbox 1353 5177 1533 5232; x_wconf 90' lang='lat' dir='ltr'><strong>lumen</strong></span> <span class='ocrx_word' id='word_1_457' title='bbox 1561 5176 1778 5230; x_wconf 88' lang='lat' dir='ltr'><strong>videre?</strong></span> <span class='ocrx_word' id='word_1_458' title='bbox 1809 5174 1866 5228; x_wconf 90' lang='lat' dir='ltr'><strong>Si</strong></span> 
     </span>
    </p>
   </div>
   <div class='ocr_carea' id='block_1_58' title="bbox 290 5267 1866 5340">
    <p class='ocr_par' dir='ltr' id='par_1_58' title="bbox 290 5267 1866 5340">
     <span class='ocr_line' id='line_1_58' title="bbox 290 5267 1866 5340; baseline -0.001 -21"><span class='ocrx_word' id='word_1_459' title='bbox 290 5270 511 5338; x_wconf 64' lang='lat' dir='ltr'><strong>quando</strong></span> <span class='ocrx_word' id='word_1_460' title='bbox 549 5285 675 5339; x_wconf 77' lang='lat' dir='ltr'><strong>ergo</strong></span> <span class='ocrx_word' id='word_1_461' title='bbox 715 5269 860 5340; x_wconf 75' lang='lat' dir='ltr'><strong>legas</strong></span> <span class='ocrx_word' id='word_1_462' title='bbox 900 5271 952 5322; x_wconf 91' lang='lat' dir='ltr'><strong>in</strong></span> <span class='ocrx_word' id='word_1_463' title='bbox 999 5268 1294 5338; x_wconf 85' lang='lat' dir='ltr'><strong>Scripturis</strong></span> <span class='ocrx_word' id='word_1_464' title='bbox 1329 5267 1599 5337; x_wconf 88' lang='lat' dir='ltr'><strong>justorum</strong></span> <span class='ocrx_word' id='word_1_465' title='bbox 1642 5280 1866 5334; x_wconf 83' lang='lat' dir='ltr'><strong>pugnas,</strong></span> 
     </span>
    </p>
   </div>
   <div class='ocr_carea' id='block_1_59' title="bbox 295 5355 1873 5431">
    <p class='ocr_par' dir='ltr' id='par_1_59' title="bbox 295 5355 1873 5431">
     <span class='ocr_line' id='line_1_59' title="bbox 295 5355 1873 5431; baseline -0.004 -19"><span class='ocrx_word' id='word_1_466' title='bbox 295 5361 473 5413; x_wconf 57' lang='lat' dir='ltr'><strong>cedes</strong></span> <span class='ocrx_word' id='word_1_467' title='bbox 499 5375 561 5413; x_wconf 87' lang='lat' dir='ltr'><strong>ac</strong></span> <span class='ocrx_word' id='word_1_468' title='bbox 591 5370 799 5431; x_wconf 76' lang='lat' dir='ltr'><strong>strages</strong></span> <span class='ocrx_word' id='word_1_469' title='bbox 827 5361 1297 5430; x_wconf 88' lang='lat' dir='ltr'><strong>interemptorum,</strong></span> <span class='ocrx_word' id='word_1_470' title='bbox 1329 5367 1380 5412; x_wconf 83' lang='lat' dir='ltr'><strong>et</strong></span> <span class='ocrx_word' id='word_1_471' title='bbox 1409 5360 1532 5427; x_wconf 87' lang='lat' dir='ltr'><strong>quia</strong></span> <span class='ocrx_word' id='word_1_472' title='bbox 1563 5357 1734 5410; x_wconf 88' lang='lat' dir='ltr'><strong>sancti</strong></span> <span class='ocrx_word' id='word_1_473' title='bbox 1762 5355 1873 5408; x_wconf 83' lang='lat' dir='ltr'><strong>nul-</strong></span> 
     </span>
    </p>
   </div>
   <div class='ocr_carea' id='block_1_60' title="bbox 295 5449 1873 5520">
    <p class='ocr_par' dir='ltr' id='par_1_60' title="bbox 295 5449 1873 5520">
     <span class='ocr_line' id='line_1_60' title="bbox 295 5449 1873 5520; baseline -0.001 -18"><span class='ocrx_word' id='word_1_474' title='bbox 295 5449 360 5502; x_wconf 60' lang='lat' dir='ltr'><strong>lis</strong></span> <span class='ocrx_word' id='word_1_475' title='bbox 391 5451 604 5520; x_wconf 86' lang='lat' dir='ltr'><strong>penitus</strong></span> <span class='ocrx_word' id='word_1_476' title='bbox 627 5452 859 5506; x_wconf 88' lang='lat' dir='ltr'><strong>hostium</strong></span> <span class='ocrx_word' id='word_1_477' title='bbox 888 5460 1143 5519; x_wconf 80' lang='lat' dir='ltr'><strong>parcunt;</strong></span> <span class='ocrx_word' id='word_1_478' title='bbox 1172 5451 1300 5520; x_wconf 91' lang='lat' dir='ltr'><strong>quin</strong></span> <span class='ocrx_word' id='word_1_479' title='bbox 1335 5450 1442 5502; x_wconf 89' lang='lat' dir='ltr'><strong>imo</strong></span> <span class='ocrx_word' id='word_1_480' title='bbox 1469 5458 1522 5502; x_wconf 90' lang='lat' dir='ltr'><strong>et</strong></span> <span class='ocrx_word' id='word_1_481' title='bbox 1553 5449 1596 5502; x_wconf 89' lang='lat' dir='ltr'><strong>si</strong></span> <span class='ocrx_word' id='word_1_482' title='bbox 1624 5461 1873 5516; x_wconf 84' lang='lat' dir='ltr'><strong>peperce-</strong></span> 
     </span>
    </p>
   </div>
   <div class='ocr_carea' id='block_1_61' title="bbox 296 5540 1877 5610">
    <p class='ocr_par' dir='ltr' id='par_1_61' title="bbox 296 5540 1877 5610">
     <span class='ocr_line' id='line_1_61' title="bbox 296 5540 1877 5610; baseline -0.004 -15"><span class='ocrx_word' id='word_1_483' title='bbox 296 5541 408 5595; x_wconf 80' lang='lat' dir='ltr'><strong>tint</strong></span> <span class='ocrx_word' id='word_1_484' title='bbox 429 5581 442 5603; x_wconf 90' lang='lat'><strong>,</strong></span> <span class='ocrx_word' id='word_1_485' title='bbox 478 5542 712 5610; x_wconf 73' lang='lat' dir='ltr'><strong>reputari</strong></span> <span class='ocrx_word' id='word_1_486' title='bbox 753 5541 832 5594; x_wconf 88' lang='lat' dir='ltr'><strong>eis</strong></span> <span class='ocrx_word' id='word_1_487' title='bbox 867 5541 918 5593; x_wconf 92' lang='lat' dir='ltr'><strong>in</strong></span> <span class='ocrx_word' id='word_1_488' title='bbox 943 5549 1261 5609; x_wconf 87' lang='lat' dir='ltr'><strong>peccatum,</strong></span> <span class='ocrx_word' id='word_1_489' title='bbox 1292 5540 1433 5594; x_wconf 83' lang='lat' dir='ltr'><strong>sicut</strong></span> <span class='ocrx_word' id='word_1_490' title='bbox 1463 5546 1764 5608; x_wconf 86' lang='lat' dir='ltr'><strong>reputatum</strong></span> <span class='ocrx_word' id='word_1_491' title='bbox 1793 5545 1877 5590; x_wconf 67' lang='lat' dir='ltr'><strong>est</strong></span> 
     </span>
    </p>
   </div>
   <div class='ocr_carea' id='block_1_62' title="bbox 301 5628 1874 5701">
    <p class='ocr_par' dir='ltr' id='par_1_62' title="bbox 301 5628 1874 5701">
     <span class='ocr_line' id='line_1_62' title="bbox 301 5628 1874 5701; baseline -0.001 -18"><span class='ocrx_word' id='word_1_492' title='bbox 301 5628 473 5694; x_wconf 80' lang='lat' dir='ltr'><strong>Sauli,</strong></span> <span class='ocrx_word' id='word_1_493' title='bbox 525 5631 614 5701; x_wconf 90' lang='lat' dir='ltr'><strong>qui</strong></span> <span class='ocrx_word' id='word_1_494' title='bbox 653 5632 832 5683; x_wconf 88' lang='lat' dir='ltr'><strong>vivum</strong></span> <span class='ocrx_word' id='word_1_495' title='bbox 867 5637 1178 5683; x_wconf 87' lang='lat' dir='ltr'><strong>servaverat</strong></span> <span class='ocrx_word' id='word_1_496' title='bbox 1227 5629 1373 5699; x_wconf 80' lang='lat' dir='ltr'><strong>Agag</strong></span> <span class='ocrx_word' id='word_1_497' title='bbox 1411 5643 1590 5699; x_wconf 75' lang='lat' dir='ltr'><strong>regem</strong></span> <span class='ocrx_word' id='word_1_498' title='bbox 1626 5628 1874 5693; x_wconf 81' lang='lat' dir='ltr'><strong>Amalec;</strong></span> 
     </span>
    </p>
   </div>
   <div class='ocr_carea' id='block_1_63' title="bbox 702 5720 1246 5785">
    <p class='ocr_par' dir='ltr' id='par_1_63' title="bbox 702 5720 1246 5785">
     <span class='ocr_line' id='line_1_63' title="bbox 702 5720 1246 5785; baseline -0.009 0"><span class='ocrx_word' id='word_1_499' title='bbox 702 5724 980 5785; x_wconf 72' lang='grc' dir='ltr'><strong><em>ΡΑτιιοι.</em></strong></span> <span class='ocrx_word' id='word_1_500' title='bbox 1029 5720 1246 5780; x_wconf 77' lang='lat' dir='ltr'><strong>CVIII.</strong></span> 
     </span>
    </p>
   </div>
   <div class='ocr_carea' id='block_1_64' title="bbox 1951 455 3522 529">
    <p class='ocr_par' dir='ltr' id='par_1_64' title="bbox 1951 455 3522 529">
     <span class='ocr_line' id='line_1_64' title="bbox 1951 455 3522 529; baseline 0.003 -19"><span class='ocrx_word' id='word_1_501' title='bbox 1951 466 2190 520; x_wconf 88' lang='lat' dir='ltr'><strong>storum,</strong></span> <span class='ocrx_word' id='word_1_502' title='bbox 2230 458 2357 526; x_wconf 85' lang='lat' dir='ltr'><strong>quia</strong></span> <span class='ocrx_word' id='word_1_503' title='bbox 2396 457 2511 512; x_wconf 80' lang='lat' dir='ltr'><strong>ha:c</strong></span> <span class='ocrx_word' id='word_1_504' title='bbox 2547 455 2683 512; x_wconf 89' lang='lat' dir='ltr'><strong>bella</strong></span> <span class='ocrx_word' id='word_1_505' title='bbox 2723 458 2789 511; x_wconf 88' lang='lat' dir='ltr'><strong>ab</strong></span> <span class='ocrx_word' id='word_1_506' title='bbox 2814 457 2894 512; x_wconf 91' lang='lat' dir='ltr'><strong>eis</strong></span> <span class='ocrx_word' id='word_1_507' title='bbox 2921 459 3203 514; x_wconf 88' lang='lat' dir='ltr'><strong>adversum</strong></span> <span class='ocrx_word' id='word_1_508' title='bbox 3242 468 3522 529; x_wconf 87' lang='lat' dir='ltr'><strong>peccatum</strong></span> 
     </span>
    </p>
   </div>
   <div class='ocr_carea' id='block_1_65' title="bbox 1951 547 3522 620">
    <p class='ocr_par' dir='ltr' id='par_1_65' title="bbox 1951 547 3522 620">
     <span class='ocr_line' id='line_1_65' title="bbox 1951 547 3522 620; baseline 0.003 -19"><span class='ocrx_word' id='word_1_509' title='bbox 1951 556 2228 617; x_wconf 87' lang='lat' dir='ltr'><strong>geruntur.</strong></span> <span class='ocrx_word' id='word_1_510' title='bbox 2258 547 2538 614; x_wconf 84' lang='lat' dir='ltr'><strong>Quomodo</strong></span> <span class='ocrx_word' id='word_1_511' title='bbox 2568 547 2864 602; x_wconf 85' lang='lat' dir='ltr'><strong>manebunt</strong></span> <span class='ocrx_word' id='word_1_512' title='bbox 2889 548 3054 618; x_wconf 86' lang='lat' dir='ltr'><strong>justi,</strong></span> <span class='ocrx_word' id='word_1_513' title='bbox 3097 550 3141 603; x_wconf 90' lang='lat' dir='ltr'><strong>si</strong></span> <span class='ocrx_word' id='word_1_514' title='bbox 3180 552 3263 604; x_wconf 88' lang='lat' dir='ltr'><strong>vel</strong></span> <span class='ocrx_word' id='word_1_515' title='bbox 3296 567 3522 620; x_wconf 88' lang='lat' dir='ltr'><strong>parvum</strong></span> 
     </span>
    </p>
   </div>
   <div class='ocr_carea' id='block_1_66' title="bbox 1950 638 3525 709">
    <p class='ocr_par' dir='ltr' id='par_1_66' title="bbox 1950 638 3525 709">
     <span class='ocr_line' id='line_1_66' title="bbox 1950 638 3525 709; baseline 0.003 -17"><span class='ocrx_word' id='word_1_516' title='bbox 1950 638 2154 708; x_wconf 87' lang='lat' dir='ltr'><strong>aliquid</strong></span> <span class='ocrx_word' id='word_1_517' title='bbox 2191 639 2398 709; x_wconf 89' lang='lat' dir='ltr'><strong>peccati</strong></span> <span class='ocrx_word' id='word_1_518' title='bbox 2440 639 2492 691; x_wconf 91' lang='lat' dir='ltr'><strong>in</strong></span> <span class='ocrx_word' id='word_1_519' title='bbox 2537 638 2842 708; x_wconf 88' lang='lat' dir='ltr'><strong>semetipsis</strong></span> <span class='ocrx_word' id='word_1_520' title='bbox 2880 640 3246 694; x_wconf 85' lang='lat' dir='ltr'><strong>servaverint?</strong></span> <span class='ocrx_word' id='word_1_521' title='bbox 3289 641 3356 695; x_wconf 80' lang='lat' dir='ltr'><strong>Et</strong></span> <span class='ocrx_word' id='word_1_522' title='bbox 3403 643 3525 697; x_wconf 91' lang='lat' dir='ltr'><strong>ideo</strong></span> 
     </span>
    </p>
   </div>
   <div class='ocr_carea' id='block_1_67' title="bbox 1951 729 3527 804">
    <p class='ocr_par' dir='ltr' id='par_1_67' title="bbox 1951 729 3527 804">
     <span class='ocr_line' id='line_1_67' title="bbox 1951 729 3527 804; baseline 0.003 -20"><span class='ocrx_word' id='word_1_523' title='bbox 1951 730 2148 784; x_wconf 90' lang='lat' dir='ltr'><strong>dicitur</strong></span> <span class='ocrx_word' id='word_1_524' title='bbox 2177 731 2243 784; x_wconf 83' lang='lat' dir='ltr'><strong>de</strong></span> <span class='ocrx_word' id='word_1_525' title='bbox 2272 730 2352 784; x_wconf 90' lang='lat' dir='ltr'><strong>eis</strong></span> <span class='ocrx_word' id='word_1_526' title='bbox 2382 729 2507 799; x_wconf 87' lang='lat' dir='ltr'><strong>quia</strong></span> <span class='ocrx_word' id='word_1_527' title='bbox 2539 744 2646 782; x_wconf 91' lang='lat' dir='ltr'><strong>non</strong></span> <span class='ocrx_word' id='word_1_528' title='bbox 2674 729 3078 800; x_wconf 89' lang='lat' dir='ltr'><strong>dercliquerunt</strong></span> <span class='ocrx_word' id='word_1_529' title='bbox 3107 746 3206 786; x_wconf 90' lang='lat' dir='ltr'><strong>nec</strong></span> <span class='ocrx_word' id='word_1_530' title='bbox 3243 749 3408 786; x_wconf 91' lang='lat' dir='ltr'><strong>unum</strong></span> <span class='ocrx_word' id='word_1_531' title='bbox 3434 734 3527 804; x_wconf 91' lang='lat' dir='ltr'><strong>qui</strong></span> 
     </span>
    </p>
   </div>
   <div class='ocr_carea' id='block_1_68' title="bbox 1950 821 2810 892">
    <p class='ocr_par' dir='ltr' id='par_1_68' title="bbox 1950 821 2810 892">
     <span class='ocr_line' id='line_1_68' title="bbox 1950 821 2810 892; baseline -0.002 -16"><span class='ocrx_word' id='word_1_532' title='bbox 1950 821 2130 876; x_wconf 88' lang='lat' dir='ltr'><strong>salvus</strong></span> <span class='ocrx_word' id='word_1_533' title='bbox 2159 822 2312 877; x_wconf 85' lang='lat' dir='ltr'><strong>ﬁeret</strong></span> <span class='ocrx_word' id='word_1_534' title='bbox 2335 830 2388 876; x_wconf 91' lang='lat' dir='ltr'><strong>et</strong></span> <span class='ocrx_word' id='word_1_535' title='bbox 2415 823 2506 890; x_wconf 88' lang='lat' dir='ltr'><strong>qui</strong></span> <span class='ocrx_word' id='word_1_536' title='bbox 2534 821 2810 892; x_wconf 78' lang='lat' dir='ltr'><strong>effugeret.</strong></span> 
     </span>
    </p>
   </div>
   <div class='ocr_carea' id='block_1_69' title="bbox 2022 911 3524 984">
    <p class='ocr_par' dir='ltr' id='par_1_69' title="bbox 2022 911 3524 984">
     <span class='ocr_line' id='line_1_69' title="bbox 2022 911 3524 984; baseline 0.005 -20"><span class='ocrx_word' id='word_1_537' title='bbox 2022 911 2198 982; x_wconf 64' lang='lat' dir='ltr'><strong>(Imm)</strong></span> <span class='ocrx_word' id='word_1_538' title='bbox 2243 930 2260 960; x_wconf 72' lang='grc' dir='ltr'><strong>ι</strong></span> <span class='ocrx_word' id='word_1_539' title='bbox 2293 911 2660 980; x_wconf 67' lang='lat' dir='ltr'><strong>Prmcepitque</strong></span> <span class='ocrx_word' id='word_1_540' title='bbox 2697 911 2887 977; x_wconf 81' lang='lat' dir='ltr'><strong>Josue,</strong></span> <span class='ocrx_word' id='word_1_541' title='bbox 2927 913 3395 984; x_wconf 86' lang='lat' dir='ltr'><strong>deposueruntque</strong></span> <span class='ocrx_word' id='word_1_542' title='bbox 3433 932 3524 971; x_wconf 90' lang='lat' dir='ltr'><strong>ca-</strong></span> 
     </span>
    </p>
   </div>
   <div class='ocr_carea' id='block_1_70' title="bbox 1957 999 3526 1074">
    <p class='ocr_par' dir='ltr' id='par_1_70' title="bbox 1957 999 3526 1074">
     <span class='ocr_line' id='line_1_70' title="bbox 1957 999 3526 1074; baseline 0.006 -23"><span class='ocrx_word' id='word_1_543' title='bbox 1957 1020 1975 1051; x_wconf 78' lang='grc' dir='ltr'><strong>ι</strong></span> <span class='ocrx_word' id='word_1_544' title='bbox 2013 1003 2177 1055; x_wconf 90' lang='lat' dir='ltr'><strong>davcr</strong></span> <span class='ocrx_word' id='word_1_545' title='bbox 2202 999 2318 1069; x_wconf 80' lang='lat' dir='ltr'><strong>cjus</strong></span> <span class='ocrx_word' id='word_1_546' title='bbox 2359 1001 2426 1056; x_wconf 89' lang='lat' dir='ltr'><strong>de</strong></span> <span class='ocrx_word' id='word_1_547' title='bbox 2465 1018 2660 1066; x_wconf 89' lang='lat' dir='ltr'><strong>cruce,</strong></span> <span class='ocrx_word' id='word_1_548' title='bbox 2699 1001 3147 1072; x_wconf 89' lang='lat' dir='ltr'><strong>projeceruntque</strong></span> <span class='ocrx_word' id='word_1_549' title='bbox 3190 1005 3243 1057; x_wconf 92' lang='lat' dir='ltr'><strong>in</strong></span> <span class='ocrx_word' id='word_1_550' title='bbox 3284 1006 3400 1074; x_wconf 87' lang='lat' dir='ltr'><strong>ipso</strong></span> <span class='ocrx_word' id='word_1_551' title='bbox 3449 1007 3526 1060; x_wconf 86' lang='lat' dir='ltr'><strong>in-</strong></span> 
     </span>
    </p>
   </div>
   <div class='ocr_carea' id='block_1_71' title="bbox 1956 1094 3529 1164">
    <p class='ocr_par' dir='ltr' id='par_1_71' title="bbox 1956 1094 3529 1164">
     <span class='ocr_line' id='line_1_71' title="bbox 1956 1094 3529 1164; baseline 0.006 -22"><span class='ocrx_word' id='word_1_552' title='bbox 1956 1114 1974 1142; x_wconf 78' lang='grc' dir='ltr'><strong>ι</strong></span> <span class='ocrx_word' id='word_1_553' title='bbox 2015 1094 2180 1148; x_wconf 91' lang='lat' dir='ltr'><strong>troitu</strong></span> <span class='ocrx_word' id='word_1_554' title='bbox 2204 1095 2454 1156; x_wconf 84' lang='lat' dir='ltr'><strong>civitatis,</strong></span> <span class='ocrx_word' id='word_1_555' title='bbox 2487 1104 2742 1164; x_wconf 80' lang='lat' dir='ltr'><strong>congesto</strong></span> <span class='ocrx_word' id='word_1_556' title='bbox 2769 1109 2929 1163; x_wconf 86' lang='lat' dir='ltr'><strong>super</strong></span> <span class='ocrx_word' id='word_1_557' title='bbox 2953 1111 3074 1148; x_wconf 91' lang='lat' dir='ltr'><strong>cum</strong></span> <span class='ocrx_word' id='word_1_558' title='bbox 3111 1111 3304 1163; x_wconf 81' lang='lat' dir='ltr'><strong>magno</strong></span> <span class='ocrx_word' id='word_1_559' title='bbox 3333 1112 3529 1151; x_wconf 89' lang='lat' dir='ltr'><strong>acervo</strong></span> 
     </span>
    </p>
   </div>
   <div class='ocr_carea' id='block_1_72' title="bbox 1957 1184 3520 1254">
    <p class='ocr_par' dir='ltr' id='par_1_72' title="bbox 1957 1184 3520 1254">
     <span class='ocr_line' id='line_1_72' title="bbox 1957 1184 3520 1254; baseline 0.004 -20"><span class='ocrx_word' id='word_1_560' title='bbox 1957 1203 1975 1234; x_wconf 76' lang='grc' dir='ltr'><strong>ι</strong></span> <span class='ocrx_word' id='word_1_561' title='bbox 2011 1184 2267 1254; x_wconf 85' lang='lat' dir='ltr'><strong>lapidum,</strong></span> <span class='ocrx_word' id='word_1_562' title='bbox 2292 1185 2383 1252; x_wconf 90' lang='lat' dir='ltr'><strong>qui</strong></span> <span class='ocrx_word' id='word_1_563' title='bbox 2405 1193 2688 1253; x_wconf 88' lang='lat' dir='ltr'><strong>permanet</strong></span> <span class='ocrx_word' id='word_1_564' title='bbox 2710 1200 2879 1251; x_wconf 77' lang='lat' dir='ltr'><strong>usque</strong></span> <span class='ocrx_word' id='word_1_565' title='bbox 2905 1184 2956 1236; x_wconf 92' lang='lat' dir='ltr'><strong>in</strong></span> <span class='ocrx_word' id='word_1_566' title='bbox 2980 1195 3299 1252; x_wconf 59' lang='lat' dir='ltr'><strong>praesentem</strong></span> <span class='ocrx_word' id='word_1_567' title='bbox 3323 1187 3520 1250; x_wconf 62' lang='lat' dir='ltr'><strong>diem,»</strong></span> 
     </span>
    </p>
   </div>
   <div class='ocr_carea' id='block_1_73' title="bbox 1951 1276 3523 1347">
    <p class='ocr_par' dir='ltr' id='par_1_73' title="bbox 1951 1276 3523 1347">
     <span class='ocr_line' id='line_1_73' title="bbox 1951 1276 3523 1347; baseline 0.002 -18"><span class='ocrx_word' id='word_1_568' title='bbox 1951 1284 2007 1330; x_wconf 92' lang='lat' dir='ltr'><strong>et</strong></span> <span class='ocrx_word' id='word_1_569' title='bbox 2045 1277 2270 1346; x_wconf 85' lang='lat' dir='ltr'><strong>reliqua.</strong></span> <span class='ocrx_word' id='word_1_570' title='bbox 2313 1277 2450 1342; x_wconf 85' lang='lat' dir='ltr'><strong>Quid</strong></span> <span class='ocrx_word' id='word_1_571' title='bbox 2483 1276 2749 1347; x_wconf 80' lang='lat' dir='ltr'><strong>signifiCat</strong></span> <span class='ocrx_word' id='word_1_572' title='bbox 2777 1276 2918 1344; x_wconf 90' lang='lat' dir='ltr'><strong>quod</strong></span> <span class='ocrx_word' id='word_1_573' title='bbox 2959 1277 3191 1330; x_wconf 88' lang='lat' dir='ltr'><strong>cadaver</strong></span> <span class='ocrx_word' id='word_1_574' title='bbox 3227 1279 3373 1347; x_wconf 82' lang='lat' dir='ltr'><strong>regis</strong></span> <span class='ocrx_word' id='word_1_575' title='bbox 3399 1278 3523 1341; x_wconf 76' lang='lat' dir='ltr'><strong>Alii,</strong></span> 
     </span>
    </p>
   </div>
   <div class='ocr_carea' id='block_1_74' title="bbox 1950 1367 3526 1441">
    <p class='ocr_par' dir='ltr' id='par_1_74' title="bbox 1950 1367 3526 1441">
     <span class='ocr_line' id='line_1_74' title="bbox 1950 1367 3526 1441; baseline 0.001 -18"><span class='ocrx_word' id='word_1_576' title='bbox 1950 1383 2047 1438; x_wconf 91' lang='lat' dir='ltr'><strong>per</strong></span> <span class='ocrx_word' id='word_1_577' title='bbox 2072 1378 2400 1439; x_wconf 72' lang='lat' dir='ltr'><strong>prreceptum</strong></span> <span class='ocrx_word' id='word_1_578' title='bbox 2429 1367 2590 1423; x_wconf 80' lang='lat' dir='ltr'><strong>Josuc</strong></span> <span class='ocrx_word' id='word_1_579' title='bbox 2619 1370 2684 1423; x_wconf 90' lang='lat' dir='ltr'><strong>de</strong></span> <span class='ocrx_word' id='word_1_580' title='bbox 2711 1385 2870 1424; x_wconf 88' lang='lat' dir='ltr'><strong>cruce</strong></span> <span class='ocrx_word' id='word_1_581' title='bbox 2895 1370 3219 1439; x_wconf 88' lang='lat' dir='ltr'><strong>depositum,</strong></span> <span class='ocrx_word' id='word_1_582' title='bbox 3243 1371 3526 1441; x_wconf 81' lang='lat' dir='ltr'><strong>projicitur</strong></span> 
     </span>
    </p>
   </div>
   <div class='ocr_carea' id='block_1_75' title="bbox 1950 1461 3525 1530">
    <p class='ocr_par' dir='ltr' id='par_1_75' title="bbox 1950 1461 3525 1530">
     <span class='ocr_line' id='line_1_75' title="bbox 1950 1461 3525 1530; baseline -0.001 -13"><span class='ocrx_word' id='word_1_583' title='bbox 1950 1463 2004 1517; x_wconf 88' lang='lat' dir='ltr'><strong>in</strong></span> <span class='ocrx_word' id='word_1_584' title='bbox 2034 1462 2255 1516; x_wconf 92' lang='lat' dir='ltr'><strong>introitu</strong></span> <span class='ocrx_word' id='word_1_585' title='bbox 2289 1462 2544 1525; x_wconf 86' lang='lat' dir='ltr'><strong>civitatis,</strong></span> <span class='ocrx_word' id='word_1_586' title='bbox 2573 1461 2675 1515; x_wconf 90' lang='lat' dir='ltr'><strong>nisi</strong></span> <span class='ocrx_word' id='word_1_587' title='bbox 2705 1462 2848 1530; x_wconf 93' lang='lat' dir='ltr'><strong>quod</strong></span> <span class='ocrx_word' id='word_1_588' title='bbox 2880 1461 3092 1516; x_wconf 90' lang='lat' dir='ltr'><strong>diabolo</strong></span> <span class='ocrx_word' id='word_1_589' title='bbox 3135 1462 3390 1515; x_wconf 87' lang='lat' dir='ltr'><strong>danmato</strong></span> <span class='ocrx_word' id='word_1_590' title='bbox 3428 1477 3525 1530; x_wconf 91' lang='lat' dir='ltr'><strong>per</strong></span> 
     </span>
    </p>
   </div>
   <div class='ocr_carea' id='block_1_76' title="bbox 1948 1551 3525 1621">
    <p class='ocr_par' dir='ltr' id='par_1_76' title="bbox 1948 1551 3525 1621">
     <span class='ocr_line' id='line_1_76' title="bbox 1948 1551 3525 1621; baseline 0.001 -18"><span class='ocrx_word' id='word_1_591' title='bbox 1948 1551 2256 1620; x_wconf 91' lang='lat' dir='ltr'><strong>passionem</strong></span> <span class='ocrx_word' id='word_1_592' title='bbox 2287 1551 2507 1615; x_wconf 80' lang='lat' dir='ltr'><strong>Christi,</strong></span> <span class='ocrx_word' id='word_1_593' title='bbox 2534 1552 2716 1606; x_wconf 88' lang='lat' dir='ltr'><strong>statim</strong></span> <span class='ocrx_word' id='word_1_594' title='bbox 2751 1551 2801 1605; x_wconf 90' lang='lat' dir='ltr'><strong>ei</strong></span> <span class='ocrx_word' id='word_1_595' title='bbox 2837 1552 2889 1605; x_wconf 92' lang='lat' dir='ltr'><strong>in</strong></span> <span class='ocrx_word' id='word_1_596' title='bbox 2921 1551 3165 1621; x_wconf 84' lang='lat' dir='ltr'><strong>ingressu</strong></span> <span class='ocrx_word' id='word_1_597' title='bbox 3196 1551 3318 1604; x_wconf 86' lang='lat' dir='ltr'><strong>fidei</strong></span> <span class='ocrx_word' id='word_1_598' title='bbox 3351 1561 3408 1604; x_wconf 91' lang='lat' dir='ltr'><strong>et</strong></span> <span class='ocrx_word' id='word_1_599' title='bbox 3433 1551 3525 1604; x_wconf 79' lang='lat' dir='ltr'><strong>ba—</strong></span> 
     </span>
    </p>
   </div>
   <div class='ocr_carea' id='block_1_77' title="bbox 1948 1639 3521 1710">
    <p class='ocr_par' dir='ltr' id='par_1_77' title="bbox 1948 1639 3521 1710">
     <span class='ocr_line' id='line_1_77' title="bbox 1948 1639 3521 1710; baseline 0.002 -18"><span class='ocrx_word' id='word_1_600' title='bbox 1948 1639 2217 1708; x_wconf 88' lang='lat' dir='ltr'><strong>ptismatis</strong></span> <span class='ocrx_word' id='word_1_601' title='bbox 2244 1641 2606 1710; x_wconf 80' lang='lat' dir='ltr'><strong>perceptione,</strong></span> <span class='ocrx_word' id='word_1_602' title='bbox 2637 1657 2668 1694; x_wconf 89' lang='lat' dir='ltr'><strong>a</strong></span> <span class='ocrx_word' id='word_1_603' title='bbox 2706 1641 3005 1710; x_wconf 90' lang='lat' dir='ltr'><strong>quibusque</strong></span> <span class='ocrx_word' id='word_1_604' title='bbox 3039 1641 3402 1704; x_wconf 87' lang='lat' dir='ltr'><strong>credentibus,</strong></span> <span class='ocrx_word' id='word_1_605' title='bbox 3433 1656 3521 1695; x_wconf 82' lang='lat' dir='ltr'><strong>se-</strong></span> 
     </span>
    </p>
   </div>
   <div class='ocr_carea' id='block_1_78' title="bbox 1874 1712 3522 1793">
    <p class='ocr_par' dir='ltr' id='par_1_78' title="bbox 1874 1712 3522 1793">
     <span class='ocr_line' id='line_1_78' title="bbox 1874 1712 3522 1793; baseline 0.002 -13"><span class='ocrx_word' id='word_1_606' title='bbox 1874 1712 1919 1780; x_wconf 83' lang='grc' dir='ltr'><strong>Β</strong></span> <span class='ocrx_word' id='word_1_607' title='bbox 1950 1731 2185 1783; x_wconf 89' lang='lat' dir='ltr'><strong>cundum</strong></span> <span class='ocrx_word' id='word_1_608' title='bbox 2226 1729 2522 1786; x_wconf 88' lang='lat' dir='ltr'><strong>Salvatoris</strong></span> <span class='ocrx_word' id='word_1_609' title='bbox 2559 1731 2732 1785; x_wconf 88' lang='lat' dir='ltr'><strong>nostri</strong></span> <span class='ocrx_word' id='word_1_610' title='bbox 2781 1733 3120 1793; x_wconf 86' lang='lat' dir='ltr'><strong>mandatum,</strong></span> <span class='ocrx_word' id='word_1_611' title='bbox 3165 1733 3522 1793; x_wconf 90' lang='lat' dir='ltr'><strong>renuntiatur,</strong></span> 
     </span>
    </p>
   </div>
   <div class='ocr_carea' id='block_1_79' title="bbox 1947 1820 3524 1892">
    <p class='ocr_par' dir='ltr' id='par_1_79' title="bbox 1947 1820 3524 1892">
     <span class='ocr_line' id='line_1_79' title="bbox 1947 1820 3524 1892; baseline -0.001 -17"><span class='ocrx_word' id='word_1_612' title='bbox 1947 1831 2003 1875; x_wconf 90' lang='lat' dir='ltr'><strong>et</strong></span> <span class='ocrx_word' id='word_1_613' title='bbox 2058 1820 2172 1888; x_wconf 87' lang='lat' dir='ltr'><strong>ejus</strong></span> <span class='ocrx_word' id='word_1_614' title='bbox 2215 1823 2384 1876; x_wconf 88' lang='lat' dir='ltr'><strong>cultui</strong></span> <span class='ocrx_word' id='word_1_615' title='bbox 2427 1823 2644 1892; x_wconf 89' lang='lat' dir='ltr'><strong>penitus</strong></span> <span class='ocrx_word' id='word_1_616' title='bbox 2705 1823 3132 1876; x_wconf 86' lang='lat' dir='ltr'><strong>contradicitur?</strong></span> <span class='ocrx_word' id='word_1_617' title='bbox 3192 1841 3208 1872; x_wconf 77' lang='grc' dir='ltr'><strong>ι</strong></span> <span class='ocrx_word' id='word_1_618' title='bbox 3259 1821 3524 1892; x_wconf 70' lang='lat' dir='ltr'><strong>Congesta</strong></span> 
     </span>
    </p>
   </div>
   <div class='ocr_carea' id='block_1_80' title="bbox 1948 1913 3523 1984">
    <p class='ocr_par' dir='ltr' id='par_1_80' title="bbox 1948 1913 3523 1984">
     <span class='ocr_line' id='line_1_80' title="bbox 1948 1913 3523 1984; baseline 0 -18"><span class='ocrx_word' id='word_1_619' title='bbox 1948 1928 2108 1982; x_wconf 81' lang='lat' dir='ltr'><strong>super</strong></span> <span class='ocrx_word' id='word_1_620' title='bbox 2141 1929 2262 1967; x_wconf 89' lang='lat' dir='ltr'><strong>cum</strong></span> <span class='ocrx_word' id='word_1_621' title='bbox 2291 1930 2485 1984; x_wconf 85' lang='lat' dir='ltr'><strong>magno</strong></span> <span class='ocrx_word' id='word_1_622' title='bbox 2514 1929 2710 1968; x_wconf 89' lang='lat' dir='ltr'><strong>acervo</strong></span> <span class='ocrx_word' id='word_1_623' title='bbox 2741 1913 2994 1984; x_wconf 84' lang='lat' dir='ltr'><strong>lapidum,</strong></span> <span class='ocrx_word' id='word_1_624' title='bbox 3029 1935 3048 1964; x_wconf 78' lang='grc' dir='ltr'><strong>ι</strong></span> <span class='ocrx_word' id='word_1_625' title='bbox 3077 1915 3180 1968; x_wconf 92' lang='lat' dir='ltr'><strong>hoc</strong></span> <span class='ocrx_word' id='word_1_626' title='bbox 3207 1923 3308 1976; x_wconf 90' lang='lat' dir='ltr'><strong>est,</strong></span> <span class='ocrx_word' id='word_1_627' title='bbox 3344 1913 3523 1966; x_wconf 34' lang='lat' dir='ltr'><strong>multis</strong></span> 
     </span>
    </p>
   </div>
   <div class='ocr_carea' id='block_1_81' title="bbox 1950 2006 3522 2078">
    <p class='ocr_par' dir='ltr' id='par_1_81' title="bbox 1950 2006 3522 2078">
     <span class='ocr_line' id='line_1_81' title="bbox 1950 2006 3522 2078; baseline -0.001 -18"><span class='ocrx_word' id='word_1_628' title='bbox 1950 2008 2132 2062; x_wconf 83' lang='lat' dir='ltr'><strong>tudine</strong></span> <span class='ocrx_word' id='word_1_629' title='bbox 2166 2009 2420 2062; x_wconf 90' lang='lat' dir='ltr'><strong>durarum</strong></span> <span class='ocrx_word' id='word_1_630' title='bbox 2457 2009 2874 2074; x_wconf 89' lang='lat' dir='ltr'><strong>sententiarum,</strong></span> <span class='ocrx_word' id='word_1_631' title='bbox 2915 2009 3111 2078; x_wconf 86' lang='lat' dir='ltr'><strong>quibus</strong></span> <span class='ocrx_word' id='word_1_632' title='bbox 3148 2006 3263 2075; x_wconf 86' lang='lat' dir='ltr'><strong>ejus</strong></span> <span class='ocrx_word' id='word_1_633' title='bbox 3300 2007 3522 2077; x_wconf 83' lang='lat' dir='ltr'><strong>perfidia</strong></span> 
     </span>
    </p>
   </div>
   <div class='ocr_carea' id='block_1_82' title="bbox 1948 2097 3522 2168">
    <p class='ocr_par' dir='ltr' id='par_1_82' title="bbox 1948 2097 3522 2168">
     <span class='ocr_line' id='line_1_82' title="bbox 1948 2097 3522 2168; baseline 0 -18"><span class='ocrx_word' id='word_1_634' title='bbox 1948 2112 2038 2150; x_wconf 91' lang='lat' dir='ltr'><strong>seu</strong></span> <span class='ocrx_word' id='word_1_635' title='bbox 2071 2099 2308 2167; x_wconf 87' lang='lat' dir='ltr'><strong>nequitia</strong></span> <span class='ocrx_word' id='word_1_636' title='bbox 2340 2099 2675 2168; x_wconf 87' lang='lat' dir='ltr'><strong>improbatur</strong></span> <span class='ocrx_word' id='word_1_637' title='bbox 2701 2108 2862 2168; x_wconf 88' lang='lat' dir='ltr'><strong>atque</strong></span> <span class='ocrx_word' id='word_1_638' title='bbox 2894 2100 3219 2153; x_wconf 84' lang='lat' dir='ltr'><strong>damnatur?</strong></span> <span class='ocrx_word' id='word_1_639' title='bbox 3246 2097 3372 2164; x_wconf 65' lang='lat' dir='ltr'><strong>Quae</strong></span> <span class='ocrx_word' id='word_1_640' title='bbox 3399 2114 3522 2150; x_wconf 85' lang='lat' dir='ltr'><strong>con-</strong></span> 
     </span>
    </p>
   </div>
   <div class='ocr_carea' id='block_1_83' title="bbox 1948 2189 3521 2260">
    <p class='ocr_par' dir='ltr' id='par_1_83' title="bbox 1948 2189 3521 2260">
     <span class='ocr_line' id='line_1_83' title="bbox 1948 2189 3521 2260; baseline -0.001 -19"><span class='ocrx_word' id='word_1_641' title='bbox 1948 2189 2123 2257; x_wconf 81' lang='lat' dir='ltr'><strong>geries</strong></span> <span class='ocrx_word' id='word_1_642' title='bbox 2170 2199 2451 2256; x_wconf 75' lang='lat' dir='ltr'><strong>permanet</strong></span> <span class='ocrx_word' id='word_1_643' title='bbox 2496 2205 2666 2259; x_wconf 90' lang='lat' dir='ltr'><strong>usque</strong></span> <span class='ocrx_word' id='word_1_644' title='bbox 2715 2191 2768 2244; x_wconf 92' lang='lat' dir='ltr'><strong>in</strong></span> <span class='ocrx_word' id='word_1_645' title='bbox 2813 2199 3132 2260; x_wconf 77' lang='lat' dir='ltr'><strong>przescntem</strong></span> <span class='ocrx_word' id='word_1_646' title='bbox 3175 2189 3348 2252; x_wconf 89' lang='lat' dir='ltr'><strong>diem,</strong></span> <span class='ocrx_word' id='word_1_647' title='bbox 3395 2189 3521 2256; x_wconf 85' lang='lat' dir='ltr'><strong>quia</strong></span> 
     </span>
    </p>
   </div>
   <div class='ocr_carea' id='block_1_84' title="bbox 1949 2277 3526 2348">
    <p class='ocr_par' dir='ltr' id='par_1_84' title="bbox 1949 2277 3526 2348">
     <span class='ocr_line' id='line_1_84' title="bbox 1949 2277 3526 2348; baseline 0.001 -19"><span class='ocrx_word' id='word_1_648' title='bbox 1949 2277 2310 2332; x_wconf 86' lang='lat' dir='ltr'><strong>damnationis</strong></span> <span class='ocrx_word' id='word_1_649' title='bbox 2334 2293 2445 2332; x_wconf 77' lang='lat' dir='ltr'><strong>sua:</strong></span> <span class='ocrx_word' id='word_1_650' title='bbox 2483 2280 2826 2348; x_wconf 83' lang='lat' dir='ltr'><strong>opprobrium</strong></span> <span class='ocrx_word' id='word_1_651' title='bbox 2856 2279 2956 2347; x_wconf 88' lang='lat' dir='ltr'><strong>ipsi</strong></span> <span class='ocrx_word' id='word_1_652' title='bbox 2993 2278 3204 2332; x_wconf 88' lang='lat' dir='ltr'><strong>diabolo</strong></span> <span class='ocrx_word' id='word_1_653' title='bbox 3230 2286 3285 2330; x_wconf 88' lang='lat' dir='ltr'><strong>et</strong></span> <span class='ocrx_word' id='word_1_654' title='bbox 3320 2277 3526 2346; x_wconf 81' lang='lat' dir='ltr'><strong>angelis</strong></span> 
     </span>
    </p>
   </div>
   <div class='ocr_carea' id='block_1_85' title="bbox 1947 2367 3521 2439">
    <p class='ocr_par' dir='ltr' id='par_1_85' title="bbox 1947 2367 3521 2439">
     <span class='ocr_line' id='line_1_85' title="bbox 1947 2367 3521 2439; baseline -0.001 -19"><span class='ocrx_word' id='word_1_655' title='bbox 1947 2367 2066 2437; x_wconf 85' lang='lat' dir='ltr'><strong>ejus</strong></span> <span class='ocrx_word' id='word_1_656' title='bbox 2104 2377 2418 2436; x_wconf 87' lang='lat' dir='ltr'><strong>perseverat</strong></span> <span class='ocrx_word' id='word_1_657' title='bbox 2461 2370 2513 2422; x_wconf 93' lang='lat' dir='ltr'><strong>in</strong></span> <span class='ocrx_word' id='word_1_658' title='bbox 2555 2378 2872 2439; x_wconf 84' lang='lat' dir='ltr'><strong>perpetuum</strong></span> <span class='ocrx_word' id='word_1_659' title='bbox 2909 2383 2923 2422; x_wconf 91' lang='lat'><strong>:</strong></span> <span class='ocrx_word' id='word_1_660' title='bbox 2963 2368 3089 2438; x_wconf 90' lang='lat' dir='ltr'><strong>quia</strong></span> <span class='ocrx_word' id='word_1_661' title='bbox 3132 2369 3273 2422; x_wconf 87' lang='lat' dir='ltr'><strong>sicut</strong></span> <span class='ocrx_word' id='word_1_662' title='bbox 3310 2367 3521 2420; x_wconf 90' lang='lat' dir='ltr'><strong>illorum</strong></span> 
     </span>
    </p>
   </div>
   <div class='ocr_carea' id='block_1_86' title="bbox 1948 2458 3526 2528">
    <p class='ocr_par' dir='ltr' id='par_1_86' title="bbox 1948 2458 3526 2528">
     <span class='ocr_line' id='line_1_86' title="bbox 1948 2458 3526 2528; baseline 0 -18"><span class='ocrx_word' id='word_1_663' title='bbox 1948 2458 2214 2511; x_wconf 83' lang='lat' dir='ltr'><strong>correctio</strong></span> <span class='ocrx_word' id='word_1_664' title='bbox 2242 2473 2513 2528; x_wconf 86' lang='lat' dir='ltr'><strong>nunquam</strong></span> <span class='ocrx_word' id='word_1_665' title='bbox 2543 2461 2678 2523; x_wconf 90' lang='lat' dir='ltr'><strong>erit,</strong></span> <span class='ocrx_word' id='word_1_666' title='bbox 2710 2460 2784 2513; x_wconf 91' lang='lat' dir='ltr'><strong>ita</strong></span> <span class='ocrx_word' id='word_1_667' title='bbox 2812 2459 3174 2514; x_wconf 89' lang='lat' dir='ltr'><strong>damnationis</strong></span> <span class='ocrx_word' id='word_1_668' title='bbox 3206 2472 3365 2528; x_wconf 77' lang='lat' dir='ltr'><strong>ptena</strong></span> <span class='ocrx_word' id='word_1_669' title='bbox 3393 2473 3526 2511; x_wconf 87' lang='lat' dir='ltr'><strong>nun-</strong></span> 
     </span>
    </p>
   </div>
   <div class='ocr_carea' id='block_1_87' title="bbox 1948 2550 2388 2616">
    <p class='ocr_par' dir='ltr' id='par_1_87' title="bbox 1948 2550 2388 2616">
     <span class='ocr_line' id='line_1_87' title="bbox 1948 2550 2388 2616; baseline 0.007 -16"><span class='ocrx_word' id='word_1_670' title='bbox 1948 2563 2109 2616; x_wconf 82' lang='lat' dir='ltr'><strong>quam</strong></span> <span class='ocrx_word' id='word_1_671' title='bbox 2135 2550 2388 2603; x_wconf 86' lang='lat' dir='ltr'><strong>cessabit.</strong></span> 
     </span>
    </p>
   </div>
   <div class='ocr_carea' id='block_1_88' title="bbox 2020 2638 3524 2711">
    <p class='ocr_par' dir='ltr' id='par_1_88' title="bbox 2020 2638 3524 2711">
     <span class='ocr_line' id='line_1_88' title="bbox 2020 2638 3524 2711; baseline 0.003 -19"><span class='ocrx_word' id='word_1_672' title='bbox 2020 2639 2198 2711; x_wconf 82' lang='lat' dir='ltr'><strong>(lmn.)</strong></span> <span class='ocrx_word' id='word_1_673' title='bbox 2235 2660 2250 2691; x_wconf 80' lang='grc' dir='ltr'><strong>ι</strong></span> <span class='ocrx_word' id='word_1_674' title='bbox 2288 2641 2437 2696; x_wconf 84' lang='lat' dir='ltr'><strong>Tunc</strong></span> <span class='ocrx_word' id='word_1_675' title='bbox 2467 2642 2754 2697; x_wconf 65' lang='lat' dir='ltr'><strong>aedificavit</strong></span> <span class='ocrx_word' id='word_1_676' title='bbox 2781 2640 2943 2698; x_wconf 81' lang='lat' dir='ltr'><strong>Josue</strong></span> <span class='ocrx_word' id='word_1_677' title='bbox 2968 2642 3136 2696; x_wconf 88' lang='lat' dir='ltr'><strong>altare</strong></span> <span class='ocrx_word' id='word_1_678' title='bbox 3160 2641 3387 2697; x_wconf 90' lang='lat' dir='ltr'><strong>Domino</strong></span> <span class='ocrx_word' id='word_1_679' title='bbox 3414 2638 3524 2696; x_wconf 85' lang='lat' dir='ltr'><strong>Deo</strong></span> 
     </span>
    </p>
   </div>
   <div class='ocr_carea' id='block_1_89' title="bbox 1955 2730 3526 2802">
    <p class='ocr_par' dir='ltr' id='par_1_89' title="bbox 1955 2730 3526 2802">
     <span class='ocr_line' id='line_1_89' title="bbox 1955 2730 3526 2802; baseline 0 -18"><span class='ocrx_word' id='word_1_680' title='bbox 1955 2750 1972 2782; x_wconf 85' lang='grc'><em>‹</em></span> <span class='ocrx_word' id='word_1_681' title='bbox 2012 2731 2175 2785; x_wconf 87' lang='lat' dir='ltr'><strong>lsrael</strong></span> <span class='ocrx_word' id='word_1_682' title='bbox 2202 2731 2256 2785; x_wconf 90' lang='lat' dir='ltr'><strong>in</strong></span> <span class='ocrx_word' id='word_1_683' title='bbox 2287 2741 2468 2786; x_wconf 90' lang='lat' dir='ltr'><strong>monte</strong></span> <span class='ocrx_word' id='word_1_684' title='bbox 2493 2733 2647 2797; x_wconf 87' lang='lat' dir='ltr'><strong>Ebal,</strong></span> <span class='ocrx_word' id='word_1_685' title='bbox 2679 2734 2820 2788; x_wconf 91' lang='lat' dir='ltr'><strong>sicut</strong></span> <span class='ocrx_word' id='word_1_686' title='bbox 2851 2742 3180 2802; x_wconf 59' lang='lat' dir='ltr'><strong>praeceperat</strong></span> <span class='ocrx_word' id='word_1_687' title='bbox 3209 2731 3419 2801; x_wconf 82' lang='lat' dir='ltr'><strong>Moyses</strong></span> <span class='ocrx_word' id='word_1_688' title='bbox 3451 2730 3526 2784; x_wconf 85' lang='lat' dir='ltr'><strong>fa-</strong></span> 
     </span>
    </p>
   </div>
   <div class='ocr_carea' id='block_1_90' title="bbox 1954 2823 3523 2896">
    <p class='ocr_par' dir='ltr' id='par_1_90' title="bbox 1954 2823 3523 2896">
     <span class='ocr_line' id='line_1_90' title="bbox 1954 2823 3523 2896; baseline 0.002 -22"><span class='ocrx_word' id='word_1_689' title='bbox 1954 2843 1972 2874; x_wconf 74' lang='grc' dir='ltr'><strong>ι</strong></span> <span class='ocrx_word' id='word_1_690' title='bbox 2009 2825 2186 2879; x_wconf 90' lang='lat' dir='ltr'><strong>mulus</strong></span> <span class='ocrx_word' id='word_1_691' title='bbox 2220 2825 2430 2878; x_wconf 84' lang='lat' dir='ltr'><strong>Domini</strong></span> <span class='ocrx_word' id='word_1_692' title='bbox 2466 2825 2592 2879; x_wconf 85' lang='lat' dir='ltr'><strong>filiis</strong></span> <span class='ocrx_word' id='word_1_693' title='bbox 2621 2826 2805 2886; x_wconf 86' lang='lat' dir='ltr'><strong>Israel.</strong></span> <span class='ocrx_word' id='word_1_694' title='bbox 2837 2847 2856 2879; x_wconf 86' lang='grc'><strong>›</strong></span> <span class='ocrx_word' id='word_1_695' title='bbox 2892 2835 2948 2882; x_wconf 93' lang='lat' dir='ltr'><strong>et</strong></span> <span class='ocrx_word' id='word_1_696' title='bbox 2972 2827 3196 2896; x_wconf 90' lang='lat' dir='ltr'><strong>reliqua.</strong></span> <span class='ocrx_word' id='word_1_697' title='bbox 3239 2823 3523 2880; x_wconf 85' lang='lat' dir='ltr'><strong>Videamus</strong></span> 
     </span>
    </p>
   </div>
   <div class='ocr_carea' id='block_1_91' title="bbox 1946 2915 3524 2986">
    <p class='ocr_par' dir='ltr' id='par_1_91' title="bbox 1946 2915 3524 2986">
     <span class='ocr_line' id='line_1_91' title="bbox 1946 2915 3524 2986; baseline 0 -17"><span class='ocrx_word' id='word_1_698' title='bbox 1946 2917 2077 2984; x_wconf 91' lang='lat' dir='ltr'><strong>quid</strong></span> <span class='ocrx_word' id='word_1_699' title='bbox 2111 2916 2164 2969; x_wconf 92' lang='lat' dir='ltr'><strong>in</strong></span> <span class='ocrx_word' id='word_1_700' title='bbox 2191 2916 2276 2970; x_wconf 89' lang='lat' dir='ltr'><strong>his</strong></span> <span class='ocrx_word' id='word_1_701' title='bbox 2313 2916 2563 2970; x_wconf 90' lang='lat' dir='ltr'><strong>omnibus</strong></span> <span class='ocrx_word' id='word_1_702' title='bbox 2604 2917 2893 2982; x_wconf 89' lang='lat' dir='ltr'><strong>indicatur,</strong></span> <span class='ocrx_word' id='word_1_703' title='bbox 2921 2927 2976 2971; x_wconf 93' lang='lat' dir='ltr'><strong>et</strong></span> <span class='ocrx_word' id='word_1_704' title='bbox 3013 2918 3144 2986; x_wconf 90' lang='lat' dir='ltr'><strong>quid</strong></span> <span class='ocrx_word' id='word_1_705' title='bbox 3181 2931 3418 2986; x_wconf 59' lang='lat' dir='ltr'><strong>prmsens</strong></span> <span class='ocrx_word' id='word_1_706' title='bbox 3454 2915 3524 2969; x_wconf 80' lang='lat' dir='ltr'><strong>lc-</strong></span> 
     </span>
    </p>
   </div>
   <div class='ocr_carea' id='block_1_92' title="bbox 1947 3007 3526 3078">
    <p class='ocr_par' dir='ltr' id='par_1_92' title="bbox 1947 3007 3526 3078">
     <span class='ocr_line' id='line_1_92' title="bbox 1947 3007 3526 3078; baseline -0.001 -16"><span class='ocrx_word' id='word_1_707' title='bbox 1947 3009 2057 3063; x_wconf 91' lang='lat' dir='ltr'><strong>ctio</strong></span> <span class='ocrx_word' id='word_1_708' title='bbox 2100 3009 2259 3063; x_wconf 88' lang='lat' dir='ltr'><strong>nobis</strong></span> <span class='ocrx_word' id='word_1_709' title='bbox 2297 3008 2670 3064; x_wconf 72' lang='lat' dir='ltr'><strong>:edificationis</strong></span> <span class='ocrx_word' id='word_1_710' title='bbox 2700 3011 2964 3078; x_wconf 89' lang='lat' dir='ltr'><strong>acquirat.</strong></span> <span class='ocrx_word' id='word_1_711' title='bbox 2999 3008 3197 3064; x_wconf 90' lang='lat' dir='ltr'><strong>Omnes</strong></span> <span class='ocrx_word' id='word_1_712' title='bbox 3227 3009 3318 3078; x_wconf 92' lang='lat' dir='ltr'><strong>qui</strong></span> <span class='ocrx_word' id='word_1_713' title='bbox 3355 3009 3408 3062; x_wconf 91' lang='lat' dir='ltr'><strong>in</strong></span> <span class='ocrx_word' id='word_1_714' title='bbox 3437 3007 3526 3060; x_wconf 82' lang='lat' dir='ltr'><strong>Je-</strong></span> 
     </span>
    </p>
   </div>
   <div class='ocr_carea' id='block_1_93' title="bbox 1949 3097 3521 3170">
    <p class='ocr_par' dir='ltr' id='par_1_93' title="bbox 1949 3097 3521 3170">
     <span class='ocr_line' id='line_1_93' title="bbox 1949 3097 3521 3170; baseline 0 -18"><span class='ocrx_word' id='word_1_715' title='bbox 1949 3113 2070 3153; x_wconf 92' lang='lat' dir='ltr'><strong>sum</strong></span> <span class='ocrx_word' id='word_1_716' title='bbox 2098 3097 2370 3153; x_wconf 86' lang='lat' dir='ltr'><strong>Christum</strong></span> <span class='ocrx_word' id='word_1_717' title='bbox 2397 3099 2697 3165; x_wconf 88' lang='lat' dir='ltr'><strong>credimus,</strong></span> <span class='ocrx_word' id='word_1_718' title='bbox 2737 3100 2942 3170; x_wconf 88' lang='lat' dir='ltr'><strong>lapides</strong></span> <span class='ocrx_word' id='word_1_719' title='bbox 2977 3100 3082 3154; x_wconf 87' lang='lat' dir='ltr'><strong>vivi</strong></span> <span class='ocrx_word' id='word_1_720' title='bbox 3119 3115 3238 3154; x_wconf 89' lang='lat' dir='ltr'><strong>esse</strong></span> <span class='ocrx_word' id='word_1_721' title='bbox 3273 3099 3521 3162; x_wconf 86' lang='lat' dir='ltr'><strong>dicimur,</strong></span> 
     </span>
    </p>
   </div>
   <div class='ocr_carea' id='block_1_94' title="bbox 1949 3186 3526 3258">
    <p class='ocr_par' dir='ltr' id='par_1_94' title="bbox 1949 3186 3526 3258">
     <span class='ocr_line' id='line_1_94' title="bbox 1949 3186 3526 3258; baseline -0.001 -16"><span class='ocrx_word' id='word_1_722' title='bbox 1949 3188 2094 3258; x_wconf 87' lang='lat' dir='ltr'><strong>quod</strong></span> <span class='ocrx_word' id='word_1_723' title='bbox 2139 3186 2421 3258; x_wconf 91' lang='lat' dir='ltr'><strong>Scriptura</strong></span> <span class='ocrx_word' id='word_1_724' title='bbox 2466 3190 2794 3258; x_wconf 60' lang='lat' dir='ltr'><strong>praenuntiat</strong></span> <span class='ocrx_word' id='word_1_725' title='bbox 2837 3191 3025 3245; x_wconf 90' lang='lat' dir='ltr'><strong>dicens</strong></span> <span class='ocrx_word' id='word_1_726' title='bbox 3068 3209 3081 3243; x_wconf 89' lang='lat'><strong>:</strong></span> <span class='ocrx_word' id='word_1_727' title='bbox 3126 3208 3144 3240; x_wconf 88' lang='grc'><strong>‹</strong></span> <span class='ocrx_word' id='word_1_728' title='bbox 3191 3190 3300 3244; x_wconf 73' lang='lat' dir='ltr'><strong>Vos</strong></span> <span class='ocrx_word' id='word_1_729' title='bbox 3347 3196 3526 3242; x_wconf 88' lang='lat' dir='ltr'><strong>autem</strong></span> 
     </span>
    </p>
   </div>
   <div class='ocr_carea' id='block_1_95' title="bbox 1949 3277 3528 3350">
    <p class='ocr_par' dir='ltr' id='par_1_95' title="bbox 1949 3277 3528 3350">
     <span class='ocr_line' id='line_1_95' title="bbox 1949 3277 3528 3350; baseline 0 -17"><span class='ocrx_word' id='word_1_730' title='bbox 1949 3277 2084 3333; x_wconf 88' lang='lat' dir='ltr'><strong>estis</strong></span> <span class='ocrx_word' id='word_1_731' title='bbox 2110 3278 2315 3347; x_wconf 85' lang='lat' dir='ltr'><strong>lapides</strong></span> <span class='ocrx_word' id='word_1_732' title='bbox 2343 3278 2450 3333; x_wconf 87' lang='lat' dir='ltr'><strong>vivi</strong></span> <span class='ocrx_word' id='word_1_733' title='bbox 2489 3279 2736 3335; x_wconf 71' lang='lat' dir='ltr'><strong>aedificati</strong></span> <span class='ocrx_word' id='word_1_734' title='bbox 2767 3281 2956 3336; x_wconf 90' lang='lat' dir='ltr'><strong>domus</strong></span> <span class='ocrx_word' id='word_1_735' title='bbox 2997 3280 3283 3350; x_wconf 89' lang='lat' dir='ltr'><strong>spiritalis,</strong></span> <span class='ocrx_word' id='word_1_736' title='bbox 3321 3280 3528 3334; x_wconf 80' lang='lat' dir='ltr'><strong>hostias</strong></span> 
     </span>
    </p>
   </div>
   <div class='ocr_carea' id='block_1_96' title="bbox 1951 3368 3525 3440">
    <p class='ocr_par' dir='ltr' id='par_1_96' title="bbox 1951 3368 3525 3440">
     <span class='ocr_line' id='line_1_96' title="bbox 1951 3368 3525 3440; baseline 0.001 -17"><span class='ocrx_word' id='word_1_737' title='bbox 1951 3368 2310 3438; x_wconf 86' lang='lat' dir='ltr'><strong>acceptabiles</strong></span> <span class='ocrx_word' id='word_1_738' title='bbox 2341 3368 2630 3426; x_wconf 80' lang='lat' dir='ltr'><strong>offerentes</strong></span> <span class='ocrx_word' id='word_1_739' title='bbox 2670 3371 2780 3426; x_wconf 89' lang='lat' dir='ltr'><strong>Deo</strong></span> <span class='ocrx_word' id='word_1_740' title='bbox 2810 3386 2906 3440; x_wconf 90' lang='lat' dir='ltr'><strong>per</strong></span> <span class='ocrx_word' id='word_1_741' title='bbox 2945 3369 3128 3426; x_wconf 86' lang='lat' dir='ltr'><strong>Jesum</strong></span> <span class='ocrx_word' id='word_1_742' title='bbox 3165 3371 3437 3426; x_wconf 89' lang='lat' dir='ltr'><strong>Christum</strong></span> <span class='ocrx_word' id='word_1_743' title='bbox 3464 3368 3525 3440; x_wconf 89' lang='grc' dir='ltr'><strong><em>(ι</em></strong></span> 
     </span>
    </p>
   </div>
   <div class='ocr_carea' id='block_1_97' title="bbox 1953 3457 3530 3529">
    <p class='ocr_par' dir='ltr' id='par_1_97' title="bbox 1953 3457 3530 3529">
     <span class='ocr_line' id='line_1_97' title="bbox 1953 3457 3530 3529; baseline 0.004 -20"><span class='ocrx_word' id='word_1_744' title='bbox 1953 3457 2097 3512; x_wconf 82' lang='lat' dir='ltr'><strong>Petr.</strong></span> <span class='ocrx_word' id='word_1_745' title='bbox 2127 3457 2210 3527; x_wconf 92' lang='grc' dir='ltr'><strong><em>ιι).</em></strong></span> <span class='ocrx_word' id='word_1_746' title='bbox 2244 3477 2262 3509; x_wconf 76' lang='grc' dir='ltr'><strong>ι</strong></span> <span class='ocrx_word' id='word_1_747' title='bbox 2299 3458 2451 3511; x_wconf 90' lang='lat' dir='ltr'><strong>Sicut</strong></span> <span class='ocrx_word' id='word_1_748' title='bbox 2475 3469 2653 3512; x_wconf 89' lang='lat' dir='ltr'><strong>autem</strong></span> <span class='ocrx_word' id='word_1_749' title='bbox 2677 3461 2730 3513; x_wconf 91' lang='lat' dir='ltr'><strong>in</strong></span> <span class='ocrx_word' id='word_1_750' title='bbox 2753 3461 2873 3515; x_wconf 82' lang='lat' dir='ltr'><strong>istis</strong></span> <span class='ocrx_word' id='word_1_751' title='bbox 2898 3463 3126 3514; x_wconf 88' lang='lat' dir='ltr'><strong>terrenis</strong></span> <span class='ocrx_word' id='word_1_752' title='bbox 3149 3461 3414 3529; x_wconf 89' lang='lat' dir='ltr'><strong>lapidibus</strong></span> <span class='ocrx_word' id='word_1_753' title='bbox 3434 3462 3530 3515; x_wconf 79' lang='lat' dir='ltr'><strong>ob-</strong></span> 
     </span>
    </p>
   </div>
   <div class='ocr_carea' id='block_1_98' title="bbox 1951 3547 3529 3617">
    <p class='ocr_par' dir='ltr' id='par_1_98' title="bbox 1951 3547 3529 3617">
     <span class='ocr_line' id='line_1_98' title="bbox 1951 3547 3529 3617; baseline 0.001 -14"><span class='ocrx_word' id='word_1_754' title='bbox 1951 3547 2158 3603; x_wconf 87' lang='lat' dir='ltr'><strong>servari</strong></span> <span class='ocrx_word' id='word_1_755' title='bbox 2188 3548 2458 3611; x_wconf 90' lang='lat' dir='ltr'><strong>novimus,</strong></span> <span class='ocrx_word' id='word_1_756' title='bbox 2480 3557 2533 3601; x_wconf 92' lang='lat' dir='ltr'><strong>et</strong></span> <span class='ocrx_word' id='word_1_757' title='bbox 2561 3548 2614 3601; x_wconf 92' lang='lat' dir='ltr'><strong>hi</strong></span> <span class='ocrx_word' id='word_1_758' title='bbox 2643 3549 2860 3616; x_wconf 88' lang='lat' dir='ltr'><strong>quidem</strong></span> <span class='ocrx_word' id='word_1_759' title='bbox 2890 3549 3094 3616; x_wconf 90' lang='lat' dir='ltr'><strong>lapides</strong></span> <span class='ocrx_word' id='word_1_760' title='bbox 3121 3551 3214 3617; x_wconf 92' lang='lat' dir='ltr'><strong>qui</strong></span> <span class='ocrx_word' id='word_1_761' title='bbox 3239 3551 3529 3604; x_wconf 85' lang='lat' dir='ltr'><strong>validiores</strong></span> 
     </span>
    </p>
   </div>
   <div class='ocr_carea' id='block_1_99' title="bbox 1953 3638 3527 3716">
    <p class='ocr_par' dir='ltr' id='par_1_99' title="bbox 1953 3638 3527 3716">
     <span class='ocr_line' id='line_1_99' title="bbox 1953 3638 3527 3716; baseline -0.001 -21"><span class='ocrx_word' id='word_1_762' title='bbox 1953 3639 2060 3695; x_wconf 88' lang='lat' dir='ltr'><strong>sint</strong></span> <span class='ocrx_word' id='word_1_763' title='bbox 2093 3647 2149 3694; x_wconf 90' lang='lat' dir='ltr'><strong>et</strong></span> <span class='ocrx_word' id='word_1_764' title='bbox 2193 3639 2523 3709; x_wconf 90' lang='lat' dir='ltr'><strong>potentiores</strong></span> <span class='ocrx_word' id='word_1_765' title='bbox 2552 3639 2710 3708; x_wconf 91' lang='lat' dir='ltr'><strong>primi</strong></span> <span class='ocrx_word' id='word_1_766' title='bbox 2749 3640 2803 3693; x_wconf 92' lang='lat' dir='ltr'><strong>in</strong></span> <span class='ocrx_word' id='word_1_767' title='bbox 2845 3638 3191 3694; x_wconf 86' lang='lat' dir='ltr'><strong>fundamenta</strong></span> <span class='ocrx_word' id='word_1_768' title='bbox 3221 3638 3527 3716; x_wconf 82' lang='lat' dir='ltr'><strong>ejiciantur,</strong></span> 
     </span>
    </p>
   </div>
   <div class='ocr_carea' id='block_1_100' title="bbox 1953 3733 3530 3803">
    <p class='ocr_par' dir='ltr' id='par_1_100' title="bbox 1953 3733 3530 3803">
     <span class='ocr_line' id='line_1_100' title="bbox 1953 3733 3530 3803; baseline 0.001 -18"><span class='ocrx_word' id='word_1_769' title='bbox 1953 3742 2012 3786; x_wconf 92' lang='lat' dir='ltr'><strong>ut</strong></span> <span class='ocrx_word' id='word_1_770' title='bbox 2044 3735 2175 3803; x_wconf 87' lang='lat' dir='ltr'><strong>ipsis</strong></span> <span class='ocrx_word' id='word_1_771' title='bbox 2213 3733 2359 3788; x_wconf 89' lang='lat' dir='ltr'><strong>credi</strong></span> <span class='ocrx_word' id='word_1_772' title='bbox 2397 3743 2453 3787; x_wconf 93' lang='lat' dir='ltr'><strong>et</strong></span> <span class='ocrx_word' id='word_1_773' title='bbox 2484 3734 2770 3802; x_wconf 89' lang='lat' dir='ltr'><strong>superponi</strong></span> <span class='ocrx_word' id='word_1_774' title='bbox 2799 3733 2969 3802; x_wconf 91' lang='lat' dir='ltr'><strong>possit</strong></span> <span class='ocrx_word' id='word_1_775' title='bbox 3005 3733 3171 3787; x_wconf 89' lang='lat' dir='ltr'><strong>totius</strong></span> <span class='ocrx_word' id='word_1_776' title='bbox 3197 3733 3406 3788; x_wconf 64' lang='lat' dir='ltr'><strong>aedificii</strong></span> <span class='ocrx_word' id='word_1_777' title='bbox 3441 3733 3530 3787; x_wconf 88' lang='lat' dir='ltr'><strong>do-</strong></span> 
     </span>
    </p>
   </div>
   <div class='ocr_carea' id='block_1_101' title="bbox 1955 3823 3532 3894">
    <p class='ocr_par' dir='ltr' id='par_1_101' title="bbox 1955 3823 3532 3894">
     <span class='ocr_line' id='line_1_101' title="bbox 1955 3823 3532 3894; baseline 0.001 -17"><span class='ocrx_word' id='word_1_778' title='bbox 1955 3839 2105 3887; x_wconf 90' lang='lat' dir='ltr'><strong>mus;</strong></span> <span class='ocrx_word' id='word_1_779' title='bbox 2137 3824 2227 3877; x_wconf 92' lang='lat' dir='ltr'><strong>alii</strong></span> <span class='ocrx_word' id='word_1_780' title='bbox 2267 3839 2392 3877; x_wconf 89' lang='lat' dir='ltr'><strong>vero</strong></span> <span class='ocrx_word' id='word_1_781' title='bbox 2419 3823 2513 3892; x_wconf 89' lang='lat' dir='ltr'><strong>qui</strong></span> <span class='ocrx_word' id='word_1_782' title='bbox 2537 3833 2824 3891; x_wconf 90' lang='lat' dir='ltr'><strong>sequentes</strong></span> <span class='ocrx_word' id='word_1_783' title='bbox 2855 3832 3014 3889; x_wconf 92' lang='lat' dir='ltr'><strong>sunt,</strong></span> <span class='ocrx_word' id='word_1_784' title='bbox 3049 3824 3100 3878; x_wconf 89' lang='lat' dir='ltr'><strong>id</strong></span> <span class='ocrx_word' id='word_1_785' title='bbox 3128 3832 3213 3878; x_wconf 90' lang='lat' dir='ltr'><strong>est</strong></span> <span class='ocrx_word' id='word_1_786' title='bbox 3240 3823 3399 3894; x_wconf 90' lang='lat' dir='ltr'><strong>paulo</strong></span> <span class='ocrx_word' id='word_1_787' title='bbox 3426 3823 3532 3879; x_wconf 91' lang='lat' dir='ltr'><strong>illis</strong></span> 
     </span>
    </p>
   </div>
   <div class='ocr_carea' id='block_1_102' title="bbox 1957 3915 3533 3985">
    <p class='ocr_par' dir='ltr' id='par_1_102' title="bbox 1957 3915 3533 3985">
     <span class='ocr_line' id='line_1_102' title="bbox 1957 3915 3533 3985; baseline 0.003 -17"><span class='ocrx_word' id='word_1_788' title='bbox 1957 3916 2260 3980; x_wconf 83' lang='lat' dir='ltr'><strong>inferiores,</strong></span> <span class='ocrx_word' id='word_1_789' title='bbox 2286 3915 2514 3984; x_wconf 79' lang='lat' dir='ltr'><strong>proximi</strong></span> <span class='ocrx_word' id='word_1_790' title='bbox 2543 3915 2648 3969; x_wconf 91' lang='lat' dir='ltr'><strong>illis</strong></span> <span class='ocrx_word' id='word_1_791' title='bbox 2673 3916 2766 3985; x_wconf 91' lang='lat' dir='ltr'><strong>qui</strong></span> <span class='ocrx_word' id='word_1_792' title='bbox 2802 3917 2858 3970; x_wconf 88' lang='lat' dir='ltr'><strong>in</strong></span> <span class='ocrx_word' id='word_1_793' title='bbox 2887 3915 3235 3972; x_wconf 88' lang='lat' dir='ltr'><strong>fundamento</strong></span> <span class='ocrx_word' id='word_1_794' title='bbox 3261 3926 3417 3982; x_wconf 91' lang='lat' dir='ltr'><strong>sunt,</strong></span> <span class='ocrx_word' id='word_1_795' title='bbox 3443 3933 3533 3972; x_wconf 90' lang='lat' dir='ltr'><strong>or-</strong></span> 
     </span>
    </p>
   </div>
   <div class='ocr_carea' id='block_1_103' title="bbox 1957 4003 3532 4077">
    <p class='ocr_par' dir='ltr' id='par_1_103' title="bbox 1957 4003 3532 4077">
     <span class='ocr_line' id='line_1_103' title="bbox 1957 4003 3532 4077; baseline 0.003 -21"><span class='ocrx_word' id='word_1_796' title='bbox 1957 4003 2249 4067; x_wconf 86' lang='lat' dir='ltr'><strong>dinantur;</strong></span> <span class='ocrx_word' id='word_1_797' title='bbox 2295 4004 2387 4072; x_wconf 90' lang='lat' dir='ltr'><strong>qui</strong></span> <span class='ocrx_word' id='word_1_798' title='bbox 2415 4019 2541 4058; x_wconf 90' lang='lat' dir='ltr'><strong>vero</strong></span> <span class='ocrx_word' id='word_1_799' title='bbox 2567 4005 2688 4073; x_wconf 89' lang='lat' dir='ltr'><strong>plus</strong></span> <span class='ocrx_word' id='word_1_800' title='bbox 2716 4003 2998 4072; x_wconf 83' lang='lat' dir='ltr'><strong>inferiores</strong></span> <span class='ocrx_word' id='word_1_801' title='bbox 3021 4015 3166 4072; x_wconf 88' lang='lat' dir='ltr'><strong>sunt,</strong></span> <span class='ocrx_word' id='word_1_802' title='bbox 3191 4007 3351 4076; x_wconf 92' lang='lat' dir='ltr'><strong>paulo</strong></span> <span class='ocrx_word' id='word_1_803' title='bbox 3375 4021 3532 4077; x_wconf 88' lang='lat' dir='ltr'><strong>supc-</strong></span> 
     </span>
    </p>
   </div>
   <div class='ocr_carea' id='block_1_104' title="bbox 1958 4093 3528 4167">
    <p class='ocr_par' dir='ltr' id='par_1_104' title="bbox 1958 4093 3528 4167">
     <span class='ocr_line' id='line_1_104' title="bbox 1958 4093 3528 4167; baseline 0.003 -21"><span class='ocrx_word' id='word_1_804' title='bbox 1958 4093 2074 4146; x_wconf 91' lang='lat' dir='ltr'><strong>rius</strong></span> <span class='ocrx_word' id='word_1_805' title='bbox 2104 4110 2135 4147; x_wconf 93' lang='lat' dir='ltr'><strong>a</strong></span> <span class='ocrx_word' id='word_1_806' title='bbox 2171 4094 2550 4161; x_wconf 86' lang='lat' dir='ltr'><strong>fundamento;</strong></span> <span class='ocrx_word' id='word_1_807' title='bbox 2583 4105 2694 4150; x_wconf 89' lang='lat' dir='ltr'><strong>tum</strong></span> <span class='ocrx_word' id='word_1_808' title='bbox 2725 4097 2919 4152; x_wconf 85' lang='lat' dir='ltr'><strong>deinde</strong></span> <span class='ocrx_word' id='word_1_809' title='bbox 2944 4097 2997 4151; x_wconf 90' lang='lat' dir='ltr'><strong>in</strong></span> <span class='ocrx_word' id='word_1_810' title='bbox 3022 4113 3246 4166; x_wconf 89' lang='lat' dir='ltr'><strong>corpore</strong></span> <span class='ocrx_word' id='word_1_811' title='bbox 3272 4098 3528 4167; x_wconf 85' lang='lat' dir='ltr'><strong>lapidum,</strong></span> 
     </span>
    </p>
   </div>
   <div class='ocr_carea' id='block_1_105' title="bbox 1958 4184 3533 4256">
    <p class='ocr_par' dir='ltr' id='par_1_105' title="bbox 1958 4184 3533 4256">
     <span class='ocr_line' id='line_1_105' title="bbox 1958 4184 3533 4256; baseline 0.001 -19"><span class='ocrx_word' id='word_1_812' title='bbox 1958 4185 2051 4252; x_wconf 91' lang='lat' dir='ltr'><strong>qui</strong></span> <span class='ocrx_word' id='word_1_813' title='bbox 2077 4184 2400 4239; x_wconf 88' lang='lat' dir='ltr'><strong>infirmiores</strong></span> <span class='ocrx_word' id='word_1_814' title='bbox 2438 4195 2596 4250; x_wconf 90' lang='lat' dir='ltr'><strong>sunt,</strong></span> <span class='ocrx_word' id='word_1_815' title='bbox 2640 4187 2692 4239; x_wconf 93' lang='lat' dir='ltr'><strong>in</strong></span> <span class='ocrx_word' id='word_1_816' title='bbox 2724 4187 3092 4255; x_wconf 90' lang='lat' dir='ltr'><strong>superioribus</strong></span> <span class='ocrx_word' id='word_1_817' title='bbox 3124 4196 3179 4240; x_wconf 90' lang='lat' dir='ltr'><strong>et</strong></span> <span class='ocrx_word' id='word_1_818' title='bbox 3216 4201 3380 4256; x_wconf 84' lang='lat' dir='ltr'><strong>prope</strong></span> <span class='ocrx_word' id='word_1_819' title='bbox 3415 4187 3533 4256; x_wconf 91' lang='lat' dir='ltr'><strong>ipsa</strong></span> 
     </span>
    </p>
   </div>
   <div class='ocr_carea' id='block_1_106' title="bbox 1953 4273 3537 4346">
    <p class='ocr_par' dir='ltr' id='par_1_106' title="bbox 1953 4273 3537 4346">
     <span class='ocr_line' id='line_1_106' title="bbox 1953 4273 3537 4346; baseline 0.001 -18"><span class='ocrx_word' id='word_1_820' title='bbox 1953 4273 2066 4342; x_wconf 89' lang='lat' dir='ltr'><strong>jam</strong></span> <span class='ocrx_word' id='word_1_821' title='bbox 2095 4275 2222 4330; x_wconf 89' lang='lat' dir='ltr'><strong>tecti</strong></span> <span class='ocrx_word' id='word_1_822' title='bbox 2250 4274 2462 4346; x_wconf 87' lang='lat' dir='ltr'><strong>fastigia</strong></span> <span class='ocrx_word' id='word_1_823' title='bbox 2489 4276 2822 4332; x_wconf 85' lang='lat' dir='ltr'><strong>collocantur</strong></span> <span class='ocrx_word' id='word_1_824' title='bbox 2862 4294 2874 4330; x_wconf 93' lang='lat'><strong>:</strong></span> <span class='ocrx_word' id='word_1_825' title='bbox 2913 4277 2988 4330; x_wconf 88' lang='lat' dir='ltr'><strong>ita</strong></span> <span class='ocrx_word' id='word_1_826' title='bbox 3017 4293 3158 4332; x_wconf 88' lang='lat' dir='ltr'><strong>nunc</strong></span> <span class='ocrx_word' id='word_1_827' title='bbox 3191 4278 3356 4330; x_wconf 89' lang='lat' dir='ltr'><strong>etiam</strong></span> <span class='ocrx_word' id='word_1_828' title='bbox 3385 4276 3537 4330; x_wconf 51' lang='lat' dir='ltr'><strong>intela</strong></span> 
     </span>
    </p>
   </div>
   <div class='ocr_carea' id='block_1_107' title="bbox 1965 4365 3537 4436">
    <p class='ocr_par' dir='ltr' id='par_1_107' title="bbox 1965 4365 3537 4436">
     <span class='ocr_line' id='line_1_107' title="bbox 1965 4365 3537 4436; baseline 0.002 -19"><span class='ocrx_word' id='word_1_829' title='bbox 1965 4365 2068 4434; x_wconf 81' lang='lat' dir='ltr'><strong>lige</strong></span> <span class='ocrx_word' id='word_1_830' title='bbox 2106 4365 2172 4420; x_wconf 89' lang='lat' dir='ltr'><strong>de</strong></span> <span class='ocrx_word' id='word_1_831' title='bbox 2204 4365 2470 4434; x_wconf 86' lang='lat' dir='ltr'><strong>lapidibus</strong></span> <span class='ocrx_word' id='word_1_832' title='bbox 2508 4366 2644 4420; x_wconf 85' lang='lat' dir='ltr'><strong>vivis</strong></span> <span class='ocrx_word' id='word_1_833' title='bbox 2683 4367 2892 4436; x_wconf 90' lang='lat' dir='ltr'><strong>aliquos</strong></span> <span class='ocrx_word' id='word_1_834' title='bbox 2920 4382 3040 4422; x_wconf 87' lang='lat' dir='ltr'><strong>esse</strong></span> <span class='ocrx_word' id='word_1_835' title='bbox 3080 4367 3135 4420; x_wconf 91' lang='lat' dir='ltr'><strong>in</strong></span> <span class='ocrx_word' id='word_1_836' title='bbox 3175 4366 3537 4420; x_wconf 83' lang='lat' dir='ltr'><strong>fundamentis</strong></span> 
     </span>
    </p>
   </div>
   <div class='ocr_carea' id='block_1_108' title="bbox 1966 4451 3535 4522">
    <p class='ocr_par' dir='ltr' id='par_1_108' title="bbox 1966 4451 3535 4522">
     <span class='ocr_line' id='line_1_108' title="bbox 1966 4451 3535 4522; baseline -0.001 -14"><span class='ocrx_word' id='word_1_837' title='bbox 1966 4451 2125 4520; x_wconf 90' lang='lat' dir='ltr'><strong>hujus</strong></span> <span class='ocrx_word' id='word_1_838' title='bbox 2151 4452 2410 4521; x_wconf 89' lang='lat' dir='ltr'><strong>spiritalis</strong></span> <span class='ocrx_word' id='word_1_839' title='bbox 2437 4452 2666 4507; x_wconf 61' lang='lat' dir='ltr'><strong>aadificii.</strong></span> <span class='ocrx_word' id='word_1_840' title='bbox 2710 4453 2810 4520; x_wconf 85' lang='lat' dir='ltr'><strong>Qui</strong></span> <span class='ocrx_word' id='word_1_841' title='bbox 2841 4463 3022 4509; x_wconf 84' lang='lat' dir='ltr'><strong>autem</strong></span> <span class='ocrx_word' id='word_1_842' title='bbox 3062 4461 3190 4508; x_wconf 90' lang='lat' dir='ltr'><strong>sunt</strong></span> <span class='ocrx_word' id='word_1_843' title='bbox 3224 4453 3312 4507; x_wconf 89' lang='lat' dir='ltr'><strong>isti</strong></span> <span class='ocrx_word' id='word_1_844' title='bbox 3349 4453 3438 4522; x_wconf 90' lang='lat' dir='ltr'><strong>qui</strong></span> <span class='ocrx_word' id='word_1_845' title='bbox 3482 4453 3535 4507; x_wconf 90' lang='lat' dir='ltr'><strong>in</strong></span> 
     </span>
    </p>
   </div>
   <div class='ocr_carea' id='block_1_109' title="bbox 1969 4542 3535 4614">
    <p class='ocr_par' dir='ltr' id='par_1_109' title="bbox 1969 4542 3535 4614">
     <span class='ocr_line' id='line_1_109' title="bbox 1969 4542 3535 4614; baseline 0.002 -18"><span class='ocrx_word' id='word_1_846' title='bbox 1969 4543 2331 4597; x_wconf 88' lang='lat' dir='ltr'><strong>fuudamentis</strong></span> <span class='ocrx_word' id='word_1_847' title='bbox 2361 4542 2724 4598; x_wconf 90' lang='lat' dir='ltr'><strong>collocantur?</strong></span> <span class='ocrx_word' id='word_1_848' title='bbox 2757 4543 3000 4612; x_wconf 92' lang='lat' dir='ltr'><strong>Apostoli</strong></span> <span class='ocrx_word' id='word_1_849' title='bbox 3029 4554 3086 4598; x_wconf 91' lang='lat' dir='ltr'><strong>et</strong></span> <span class='ocrx_word' id='word_1_850' title='bbox 3113 4544 3408 4614; x_wconf 65' lang='lat' dir='ltr'><strong>prophetae.</strong></span> <span class='ocrx_word' id='word_1_851' title='bbox 3444 4542 3535 4599; x_wconf 87' lang='lat' dir='ltr'><strong>Sic</strong></span> 
     </span>
    </p>
   </div>
   <div class='ocr_carea' id='block_1_110' title="bbox 1966 4633 3538 4704">
    <p class='ocr_par' dir='ltr' id='par_1_110' title="bbox 1966 4633 3538 4704">
     <span class='ocr_line' id='line_1_110' title="bbox 1966 4633 3538 4704; baseline 0.001 -17"><span class='ocrx_word' id='word_1_852' title='bbox 1966 4635 2110 4688; x_wconf 87' lang='lat' dir='ltr'><strong>enim</strong></span> <span class='ocrx_word' id='word_1_853' title='bbox 2136 4634 2268 4688; x_wconf 89' lang='lat' dir='ltr'><strong>dicit</strong></span> <span class='ocrx_word' id='word_1_854' title='bbox 2293 4633 2489 4688; x_wconf 83' lang='lat' dir='ltr'><strong>Paulus</strong></span> <span class='ocrx_word' id='word_1_855' title='bbox 2513 4635 2626 4688; x_wconf 69' lang='lat' dir='ltr'><strong>hazc</strong></span> <span class='ocrx_word' id='word_1_856' title='bbox 2654 4635 2769 4704; x_wconf 89' lang='lat' dir='ltr'><strong>ipse</strong></span> <span class='ocrx_word' id='word_1_857' title='bbox 2795 4635 2994 4689; x_wconf 89' lang='lat' dir='ltr'><strong>docens</strong></span> <span class='ocrx_word' id='word_1_858' title='bbox 3021 4650 3035 4688; x_wconf 87' lang='lat'><strong>:</strong></span> <span class='ocrx_word' id='word_1_859' title='bbox 3066 4653 3084 4686; x_wconf 72' lang='grc' dir='ltr'><strong>ι</strong></span> <span class='ocrx_word' id='word_1_860' title='bbox 3117 4633 3389 4690; x_wconf 71' lang='grc' dir='ltr'><strong><em>,ιΕᾱιιίωιι</em></strong></span> <span class='ocrx_word' id='word_1_861' title='bbox 3409 4675 3423 4699; x_wconf 90' lang='grc'><em>,</em></span> <span class='ocrx_word' id='word_1_862' title='bbox 3459 4635 3538 4688; x_wconf 86' lang='lat' dir='ltr'><strong>in-</strong></span> 
     </span>
    </p>
   </div>
   <div class='ocr_carea' id='block_1_111' title="bbox 1967 4721 3538 4794">
    <p class='ocr_par' dir='ltr' id='par_1_111' title="bbox 1967 4721 3538 4794">
     <span class='ocr_line' id='line_1_111' title="bbox 1967 4721 3538 4794; baseline 0 -16"><span class='ocrx_word' id='word_1_863' title='bbox 1967 4726 2117 4794; x_wconf 91' lang='lat' dir='ltr'><strong>quit,</strong></span> <span class='ocrx_word' id='word_1_864' title='bbox 2147 4740 2308 4793; x_wconf 90' lang='lat' dir='ltr'><strong>super</strong></span> <span class='ocrx_word' id='word_1_865' title='bbox 2345 4721 2749 4779; x_wconf 86' lang='lat' dir='ltr'><strong>fundamentum</strong></span> <span class='ocrx_word' id='word_1_866' title='bbox 2780 4724 3141 4792; x_wconf 87' lang='lat' dir='ltr'><strong>apostolorum</strong></span> <span class='ocrx_word' id='word_1_867' title='bbox 3172 4734 3227 4779; x_wconf 92' lang='lat' dir='ltr'><strong>et</strong></span> <span class='ocrx_word' id='word_1_868' title='bbox 3252 4726 3538 4794; x_wconf 88' lang='lat' dir='ltr'><strong>propheta—</strong></span> 
     </span>
    </p>
   </div>
   <div class='ocr_carea' id='block_1_112' title="bbox 1972 4813 3541 4885">
    <p class='ocr_par' dir='ltr' id='par_1_112' title="bbox 1972 4813 3541 4885">
     <span class='ocr_line' id='line_1_112' title="bbox 1972 4813 3541 4885; baseline 0.001 -16"><span class='ocrx_word' id='word_1_869' title='bbox 1972 4833 2121 4878; x_wconf 86' lang='lat' dir='ltr'><strong>rum,</strong></span> <span class='ocrx_word' id='word_1_870' title='bbox 2168 4816 2218 4868; x_wconf 90' lang='lat' dir='ltr'><strong>in</strong></span> <span class='ocrx_word' id='word_1_871' title='bbox 2262 4816 2373 4884; x_wconf 89' lang='lat' dir='ltr'><strong>ipso</strong></span> <span class='ocrx_word' id='word_1_872' title='bbox 2411 4815 2653 4885; x_wconf 87' lang='lat' dir='ltr'><strong>angulari</strong></span> <span class='ocrx_word' id='word_1_873' title='bbox 2687 4815 2860 4884; x_wconf 88' lang='lat' dir='ltr'><strong>lapide</strong></span> <span class='ocrx_word' id='word_1_874' title='bbox 2899 4813 3026 4870; x_wconf 81' lang='lat' dir='ltr'><strong>Jesu</strong></span> <span class='ocrx_word' id='word_1_875' title='bbox 3064 4814 3278 4870; x_wconf 74' lang='lat' dir='ltr'><strong>Christo</strong></span> <span class='ocrx_word' id='word_1_876' title='bbox 3317 4817 3541 4871; x_wconf 87' lang='lat' dir='ltr'><strong>Domino</strong></span> 
     </span>
    </p>
   </div>
   <div class='ocr_carea' id='block_1_113' title="bbox 1971 4904 3538 4976">
    <p class='ocr_par' dir='ltr' id='par_1_113' title="bbox 1971 4904 3538 4976">
     <span class='ocr_line' id='line_1_113' title="bbox 1971 4904 3538 4976; baseline -0.001 -15"><span class='ocrx_word' id='word_1_877' title='bbox 1971 4916 2158 4961; x_wconf 90' lang='lat' dir='ltr'><strong>nostro</strong></span> <span class='ocrx_word' id='word_1_878' title='bbox 2188 4905 2346 4976; x_wconf 75' lang='lat' dir='ltr'><strong>(Eph.</strong></span> <span class='ocrx_word' id='word_1_879' title='bbox 2380 4905 2459 4976; x_wconf 91' lang='grc' dir='ltr'><strong><em>ιι).</em></strong></span> <span class='ocrx_word' id='word_1_880' title='bbox 2501 4925 2518 4956; x_wconf 87' lang='grc'><strong>›</strong></span> <span class='ocrx_word' id='word_1_881' title='bbox 2554 4904 2622 4960; x_wconf 93' lang='lat' dir='ltr'><strong>Ut</strong></span> <span class='ocrx_word' id='word_1_882' title='bbox 2649 4915 2827 4960; x_wconf 88' lang='lat' dir='ltr'><strong>autem</strong></span> <span class='ocrx_word' id='word_1_883' title='bbox 2867 4917 2919 4960; x_wconf 91' lang='lat' dir='ltr'><strong>te</strong></span> <span class='ocrx_word' id='word_1_884' title='bbox 2945 4909 3360 4976; x_wconf 87' lang='lat' dir='ltr'><strong>promptiorem,</strong></span> <span class='ocrx_word' id='word_1_885' title='bbox 3391 4925 3424 4962; x_wconf 94' lang='lat' dir='ltr'><strong>o</strong></span> <span class='ocrx_word' id='word_1_886' title='bbox 3449 4923 3538 4960; x_wconf 89' lang='lat' dir='ltr'><strong>au-</strong></span> 
     </span>
    </p>
   </div>
   <div class='ocr_carea' id='block_1_114' title="bbox 1972 4999 3541 5068">
    <p class='ocr_par' dir='ltr' id='par_1_114' title="bbox 1972 4999 3541 5068">
     <span class='ocr_line' id='line_1_114' title="bbox 1972 4999 3541 5068; baseline 0.001 -17"><span class='ocrx_word' id='word_1_887' title='bbox 1972 4999 2112 5052; x_wconf 85' lang='lat' dir='ltr'><strong>ditor</strong></span> <span class='ocrx_word' id='word_1_888' title='bbox 2140 4999 2362 5059; x_wconf 87' lang='lat' dir='ltr'><strong>horum,</strong></span> <span class='ocrx_word' id='word_1_889' title='bbox 2393 5013 2727 5067; x_wconf 76' lang='lat' dir='ltr'><strong>praeparares</strong></span> <span class='ocrx_word' id='word_1_890' title='bbox 2764 5001 2831 5054; x_wconf 88' lang='lat' dir='ltr'><strong>ad</strong></span> <span class='ocrx_word' id='word_1_891' title='bbox 2859 4999 3019 5068; x_wconf 90' lang='lat' dir='ltr'><strong>hujus</strong></span> <span class='ocrx_word' id='word_1_892' title='bbox 3051 5002 3261 5055; x_wconf 67' lang='lat' dir='ltr'><strong>mdiﬁcii</strong></span> <span class='ocrx_word' id='word_1_893' title='bbox 3292 5010 3541 5055; x_wconf 85' lang='lat' dir='ltr'><strong>constru-</strong></span> 
     </span>
    </p>
   </div>
   <div class='ocr_carea' id='block_1_115' title="bbox 1971 5087 3544 5158">
    <p class='ocr_par' dir='ltr' id='par_1_115' title="bbox 1971 5087 3544 5158">
     <span class='ocr_line' id='line_1_115' title="bbox 1971 5087 3544 5158; baseline -0.001 -17"><span class='ocrx_word' id='word_1_894' title='bbox 1971 5088 2237 5151; x_wconf 82' lang='lat' dir='ltr'><strong>ctioncm,</strong></span> <span class='ocrx_word' id='word_1_895' title='bbox 2278 5097 2338 5140; x_wconf 91' lang='lat' dir='ltr'><strong>ut</strong></span> <span class='ocrx_word' id='word_1_896' title='bbox 2373 5087 2509 5158; x_wconf 88' lang='lat' dir='ltr'><strong>lapis</strong></span> <span class='ocrx_word' id='word_1_897' title='bbox 2539 5088 2732 5157; x_wconf 89' lang='lat' dir='ltr'><strong>aliquis</strong></span> <span class='ocrx_word' id='word_1_898' title='bbox 2769 5090 3062 5145; x_wconf 88' lang='lat' dir='ltr'><strong>inveniaris</strong></span> <span class='ocrx_word' id='word_1_899' title='bbox 3091 5091 3316 5144; x_wconf 91' lang='lat' dir='ltr'><strong>vicinior</strong></span> <span class='ocrx_word' id='word_1_900' title='bbox 3355 5088 3544 5140; x_wconf 85' lang='lat' dir='ltr'><strong>funda-</strong></span> 
     </span>
    </p>
   </div>
   <div class='ocr_carea' id='block_1_116' title="bbox 1975 5176 3545 5249">
    <p class='ocr_par' dir='ltr' id='par_1_116' title="bbox 1975 5176 3545 5249">
     <span class='ocr_line' id='line_1_116' title="bbox 1975 5176 3545 5249; baseline 0 -19"><span class='ocrx_word' id='word_1_901' title='bbox 1975 5185 2181 5241; x_wconf 77' lang='lat' dir='ltr'><strong>mento,</strong></span> <span class='ocrx_word' id='word_1_902' title='bbox 2209 5176 2355 5232; x_wconf 84' lang='lat' dir='ltr'><strong>disce</strong></span> <span class='ocrx_word' id='word_1_903' title='bbox 2385 5179 2512 5247; x_wconf 90' lang='lat' dir='ltr'><strong>quia</strong></span> <span class='ocrx_word' id='word_1_904' title='bbox 2541 5188 2595 5233; x_wconf 92' lang='lat' dir='ltr'><strong>ct</strong></span> <span class='ocrx_word' id='word_1_905' title='bbox 2623 5180 2735 5248; x_wconf 89' lang='lat' dir='ltr'><strong>ipse</strong></span> <span class='ocrx_word' id='word_1_906' title='bbox 2764 5179 3010 5235; x_wconf 90' lang='lat' dir='ltr'><strong>Christus</strong></span> <span class='ocrx_word' id='word_1_907' title='bbox 3046 5181 3203 5249; x_wconf 87' lang='lat' dir='ltr'><strong>hujus</strong></span> <span class='ocrx_word' id='word_1_908' title='bbox 3232 5179 3372 5246; x_wconf 89' lang='lat' dir='ltr'><strong>quod</strong></span> <span class='ocrx_word' id='word_1_909' title='bbox 3401 5192 3545 5230; x_wconf 89' lang='lat' dir='ltr'><strong>nunc</strong></span> 
     </span>
    </p>
   </div>
   <div class='ocr_carea' id='block_1_117' title="bbox 1975 5265 3548 5338">
    <p class='ocr_par' dir='ltr' id='par_1_117' title="bbox 1975 5265 3548 5338">
     <span class='ocr_line' id='line_1_117' title="bbox 1975 5265 3548 5338; baseline -0.003 -14"><span class='ocrx_word' id='word_1_910' title='bbox 1975 5268 2357 5338; x_wconf 77' lang='lat' dir='ltr'><strong>descripsimus</strong></span> <span class='ocrx_word' id='word_1_911' title='bbox 2386 5269 2597 5324; x_wconf 75' lang='lat' dir='ltr'><strong>:edificii</strong></span> <span class='ocrx_word' id='word_1_912' title='bbox 2624 5270 3030 5326; x_wconf 87' lang='lat' dir='ltr'><strong>fundamentum</strong></span> <span class='ocrx_word' id='word_1_913' title='bbox 3055 5281 3156 5325; x_wconf 89' lang='lat' dir='ltr'><strong>est.</strong></span> <span class='ocrx_word' id='word_1_914' title='bbox 3185 5269 3275 5323; x_wconf 91' lang='lat' dir='ltr'><strong>Sic</strong></span> <span class='ocrx_word' id='word_1_915' title='bbox 3301 5268 3445 5321; x_wconf 84' lang='lat' dir='ltr'><strong>enim</strong></span> <span class='ocrx_word' id='word_1_916' title='bbox 3473 5265 3548 5320; x_wconf 87' lang='lat' dir='ltr'><strong>di-</strong></span> 
     </span>
    </p>
   </div>
   <div class='ocr_carea' id='block_1_118' title="bbox 1975 5357 3547 5426">
    <p class='ocr_par' dir='ltr' id='par_1_118' title="bbox 1975 5357 3547 5426">
     <span class='ocr_line' id='line_1_118' title="bbox 1975 5357 3547 5426; baseline 0.001 -18"><span class='ocrx_word' id='word_1_917' title='bbox 1975 5357 2047 5409; x_wconf 82' lang='lat' dir='ltr'><strong>cit</strong></span> <span class='ocrx_word' id='word_1_918' title='bbox 2084 5357 2371 5426; x_wconf 84' lang='lat' dir='ltr'><strong>Apostolus</strong></span> <span class='ocrx_word' id='word_1_919' title='bbox 2415 5378 2426 5411; x_wconf 91' lang='lat'>:</span> <span class='ocrx_word' id='word_1_920' title='bbox 2476 5379 2492 5408; x_wconf 80' lang='grc' dir='ltr'><strong>ι</strong></span> <span class='ocrx_word' id='word_1_921' title='bbox 2542 5359 2971 5415; x_wconf 78' lang='lat' dir='ltr'><strong>Fundamentum</strong></span> <span class='ocrx_word' id='word_1_922' title='bbox 3019 5361 3162 5415; x_wconf 89' lang='lat' dir='ltr'><strong>enim</strong></span> <span class='ocrx_word' id='word_1_923' title='bbox 3203 5358 3344 5412; x_wconf 88' lang='lat' dir='ltr'><strong>aliud</strong></span> <span class='ocrx_word' id='word_1_924' title='bbox 3387 5371 3547 5411; x_wconf 88' lang='lat' dir='ltr'><strong>nemo</strong></span> 
     </span>
    </p>
   </div>
   <div class='ocr_carea' id='block_1_119' title="bbox 1977 5448 3548 5521">
    <p class='ocr_par' dir='ltr' id='par_1_119' title="bbox 1977 5448 3548 5521">
     <span class='ocr_line' id='line_1_119' title="bbox 1977 5448 3548 5521; baseline -0.001 -22"><span class='ocrx_word' id='word_1_925' title='bbox 1977 5455 2151 5514; x_wconf 88' lang='lat' dir='ltr'><strong>potest</strong></span> <span class='ocrx_word' id='word_1_926' title='bbox 2175 5462 2392 5516; x_wconf 85' lang='lat' dir='ltr'><strong>ponere,</strong></span> <span class='ocrx_word' id='word_1_927' title='bbox 2421 5460 2616 5517; x_wconf 64' lang='lat' dir='ltr'><strong>praeter</strong></span> <span class='ocrx_word' id='word_1_928' title='bbox 2644 5450 2697 5504; x_wconf 91' lang='lat' dir='ltr'><strong>id</strong></span> <span class='ocrx_word' id='word_1_929' title='bbox 2723 5453 2864 5519; x_wconf 87' lang='lat' dir='ltr'><strong>quod</strong></span> <span class='ocrx_word' id='word_1_930' title='bbox 2892 5451 3124 5521; x_wconf 87' lang='lat' dir='ltr'><strong>positum</strong></span> <span class='ocrx_word' id='word_1_931' title='bbox 3154 5459 3257 5512; x_wconf 87' lang='lat' dir='ltr'><strong>est,</strong></span> <span class='ocrx_word' id='word_1_932' title='bbox 3288 5448 3428 5516; x_wconf 85' lang='lat' dir='ltr'><strong>quod</strong></span> <span class='ocrx_word' id='word_1_933' title='bbox 3463 5453 3548 5500; x_wconf 81' lang='lat' dir='ltr'><strong>est</strong></span> 
     </span>
    </p>
   </div>
   <div class='ocr_carea' id='block_1_120' title="bbox 1978 5538 3549 5613">
    <p class='ocr_par' dir='ltr' id='par_1_120' title="bbox 1978 5538 3549 5613">
     <span class='ocr_line' id='line_1_120' title="bbox 1978 5538 3549 5613; baseline -0.001 -22"><span class='ocrx_word' id='word_1_934' title='bbox 1978 5538 2222 5593; x_wconf 78' lang='lat' dir='ltr'><strong>Christus</strong></span> <span class='ocrx_word' id='word_1_935' title='bbox 2265 5539 2420 5595; x_wconf 84' lang='lat' dir='ltr'><strong>Jcsus</strong></span> <span class='ocrx_word' id='word_1_936' title='bbox 2461 5541 2509 5612; x_wconf 87' lang='lat' dir='ltr'><strong>(I</strong></span> <span class='ocrx_word' id='word_1_937' title='bbox 2542 5541 2663 5596; x_wconf 83' lang='lat' dir='ltr'><strong>Cor.</strong></span> <span class='ocrx_word' id='word_1_938' title='bbox 2695 5545 2796 5613; x_wconf 88' lang='grc' dir='ltr'><strong><em>ιιι).</em></strong></span> <span class='ocrx_word' id='word_1_939' title='bbox 2840 5564 2856 5594; x_wconf 80' lang='grc' dir='ltr'><strong>ι</strong></span> <span class='ocrx_word' id='word_1_940' title='bbox 2903 5540 3052 5594; x_wconf 83' lang='lat' dir='ltr'><strong>Beati</strong></span> <span class='ocrx_word' id='word_1_941' title='bbox 3097 5554 3225 5608; x_wconf 70' lang='lat' dir='ltr'><strong>ergo</strong></span> <span class='ocrx_word' id='word_1_942' title='bbox 3261 5539 3352 5608; x_wconf 91' lang='lat' dir='ltr'><strong>qui</strong></span> <span class='ocrx_word' id='word_1_943' title='bbox 3388 5551 3549 5607; x_wconf 89' lang='lat' dir='ltr'><strong>super</strong></span> 
     </span>
    </p>
   </div>
   <div class='ocr_carea' id='block_1_121' title="bbox 1983 5629 3549 5700">
    <p class='ocr_par' dir='ltr' id='par_1_121' title="bbox 1983 5629 3549 5700">
     <span class='ocr_line' id='line_1_121' title="bbox 1983 5629 3549 5700; baseline -0.001 -18"><span class='ocrx_word' id='word_1_944' title='bbox 1983 5629 2122 5684; x_wconf 90' lang='lat' dir='ltr'><strong>istud</strong></span> <span class='ocrx_word' id='word_1_945' title='bbox 2161 5631 2336 5687; x_wconf 78' lang='lat' dir='ltr'><strong>nobile</strong></span> <span class='ocrx_word' id='word_1_946' title='bbox 2374 5631 2780 5688; x_wconf 84' lang='lat' dir='ltr'><strong>fundamentum</strong></span> <span class='ocrx_word' id='word_1_947' title='bbox 2813 5630 3171 5693; x_wconf 78' lang='lat' dir='ltr'><strong>:edificantes,</strong></span> <span class='ocrx_word' id='word_1_948' title='bbox 3218 5629 3464 5700; x_wconf 78' lang='lat' dir='ltr'><strong>religiosa</strong></span> <span class='ocrx_word' id='word_1_949' title='bbox 3495 5633 3549 5680; x_wconf 84' lang='lat' dir='ltr'><strong>et</strong></span> 
     </span>
    </p>
   </div>
   <div class='ocr_carea' id='block_1_122' title="bbox 3041 5721 3116 5779">
    <p class='ocr_par' dir='ltr' id='par_1_122' title="bbox 3041 5721 3116 5779">
     <span class='ocr_line' id='line_1_122' title="bbox 3041 5721 3116 5779; baseline 0 0"><span class='ocrx_word' id='word_1_950' title='bbox 3041 5721 3116 5779; x_wconf 81' lang='lat'>33</span> 
     </span>
    </p>
   </div>
  </div>
