3996 6176
522 340 662 398 1θῖιό

1197 344 1261 398 Β.
1304 342 1558 399 ΒΑΒΑΝΙ
1598 341 1816 398 MAURI
1852 338 2171 396 ARCHIEP.
2213 334 2525 394 MOGUNT.
2564 333 2851 394 OPERUM
2887 337 3069 393 PARS
3103 336 3143 392 l.
3232 382 3237 391 .

3639 338 3774 395 i036

514 464 702 513 sancta
736 458 1138 514 construxerint
1161 472 1347 528 opera.
1381 456 1489 512 Sed
1522 456 1576 512 in
1613 458 1716 513 hoc
1749 454 1978 512 aidiflcio
2005 469 2094 509 cc—
2120 452 2175 514 Α
2202 460 2386 507 noster
2423 450 2595 506 altare
2636 451 2939 506 construxit
2982 450 3251 521 lapidibus
3287 449 3551 523 integris,
3591 451 3777 521 quibus

512 549 693 606 etesiae
720 563 841 605 esse
864 556 1076 620 oportet
1116 549 1323 614 altare;
1362 549 1504 603 unde
1538 564 1638 619 ego
1673 547 1917 602 arbitror
1953 545 2099 616 quod

513 644 824 714 quicunque
848 658 916 696 ex
941 641 1097 697 vobis
1124 639 1393 712 lapidibus
1426 641 1564 696 vivis
1592 641 1701 712 apti
1726 648 1853 695 sunt
1869 681 1884 705 ,
1914 639 1970 693 in
1995 639 2101 692 hoc

510 741 566 788 et
594 732 869 803 prompti,
906 739 966 784 ut
995 730 1334 786 orationibus
1360 739 1585 796 vacent,
1615 740 1674 784 ut
1700 730 1789 784 diu
1827 740 2100 798 noctuque

511 823 923 881 obsecrationes
951 822 1184 878 offerant
1212 823 1353 882 Deo.
1380 831 1435 877 et
1463 822 1911 893 supplicationum
1943 820 2100 875 victi-

511 930 632 970 mas
668 914 983 979 immolent,
1032 913 1132 983 ipsi
1172 922 1300 967 sunt
1335 928 1405 967 ex
1440 915 1637 984 quibus
1677 912 1910 968 aedificat
1945 909 2102 966 Iesus

511 1006 704 1062 altare.
739 1004 847 1062 Sed
871 997 1083 1060 intuere
1108 1005 1240 1075 quid
1265 1004 1441 1059 laudis
1469 1004 1602 1075 ipsis
1627 1002 1893 1074 lapidibus
1913 1001 2104 1056 altaris

512 1095 840 1153 ascribitur?
881 1094 1034 1149 Sicut
1067 1095 1235 1159 dixit,
1281 1095 1489 1164 inquit,
1530 1094 1811 1164 legislator
1843 1091 2053 1164 Moyses
2083 1109 2099 1146 :

511 1186 802 1243 Ediﬁcate
826 1185 999 1241 altare
1019 1201 1087 1241 ex
1116 1183 1385 1255 lapidibus
1407 1184 1651 1255 integris,
1679 1183 1874 1253 quibus
1897 1179 2123 1237 ferrum

512 1292 623 1333 non
650 1284 735 1332 est
770 1274 1049 1345 injectum.
1084 1274 1226 1342 Quid
1255 1282 1415 1345 putas
1449 1283 1575 1329 sunt
1612 1274 1701 1328 isti
1736 1273 1931 1342 integri
1971 1270 2106 1342 lapi-

510 1367 650 1423 des?
684 1366 847 1423 Novit
885 1366 1311 1437 uniuscujusque
1347 1366 1675 1422 conscientia
1713 1366 1836 1436 quis
1865 1366 1937 1421 sit
1963 1364 2104 1421 inte-

512 1472 628 1530 ger,
653 1467 710 1513 et
731 1459 851 1528 quis
877 1458 949 1513 sit
973 1458 1344 1527 incorruptus,
1376 1456 1756 1512 immaculatus
1781 1456 1835 1511 in
1856 1471 2023 1511 carne
2049 1462 2105 1511 et

513 1547 728 1618 spiritu.
778 1546 965 1603 Iacula
1015 1547 1235 1618 maligni
1284 1547 1454 1618 ignita
1498 1548 1952 1617 concupiscentiae
1994 1561 2105 1601 non

515 1639 743 1709 recipit,
776 1640 873 1699 sed
904 1648 1061 1695 scuto
1096 1655 1159 1694 ea
1201 1638 1324 1695 fidei
1353 1639 1638 1695 restrinxit
1676 1648 1733 1695 et
1760 1639 1974 1710 repulit.
2006 1638 2104 1694 Vel

513 1730 638 1800 quis
659 1738 746 1785 est
772 1729 863 1786 ille
889 1730 980 1799 qui
1017 1729 1220 1786 ferrum
1250 1745 1465 1802 pugnae,
1490 1730 1697 1786 ferrum
1719 1730 1868 1798 belli,
1896 1729 2103 1787 ferrum

2202 542 2407 598 ferrum
2434 557 2541 598 non
2572 549 2658 598 est
2687 541 2942 610 injectum
2960 583 2975 607 ,
3005 554 3063 595 ut
3095 542 3288 597 oil‘erat
3326 556 3488 611 super
3511 556 3609 597 eos
3634 543 3778 598 bolo-

2202 643 2389 692 causta
2416 642 2472 692 et
2499 634 2829 691 sacriﬁcium
2852 635 3064 689 salutis.
3089 634 3202 706 Ego
3224 642 3356 705 puto
3375 633 3520 705 quod
3545 634 3634 689 isti
3658 636 3778 692 tales

2202 727 2411 798 lapides
2441 726 2640 797 integri
2669 735 2723 782 et
2761 727 3174 782 incontaminati
3202 726 3382 782 sancti
3412 727 3644 797 apostoli
3670 742 3776 785 esse

2204 821 2415 892 possint
2434 862 2449 887 ,
2477 834 2666 876 omnes
2693 820 2854 876 simul
2878 836 3045 875 unum
3074 820 3249 875 altare
3281 818 3545 875 facientes
3576 830 3775 891 propter

2204 912 2616 967 unanimitatem
2643 922 2813 983 atque
2841 910 3209 975 concordiam.
3243 911 3336 966 Sic
3372 912 3520 967 enim
3547 912 3776 967 referun-

2207 1010 2297 1056 tur
2318 1016 2528 1067 omnes,
2547 1001 2709 1057 simul
2736 1002 3067 1056 unanimiter
3089 1010 3311 1057 orantes
3324 1008 3379 1057 et
3404 1002 3704 1071 aperientes
3722 1017 3777 1058 os

2207 1108 2397 1159 suum,
2429 1094 2635 1149 dixisse
2666 1112 2678 1147 :
2715 1111 2733 1144 ι
2771 1093 2885 1159 Τιι,
2916 1093 3177 1159 Domine,
3214 1094 3307 1163 qui
3347 1093 3515 1148 corda
3556 1094 3774 1148 omnium

2205 1184 2349 1239 nosti
2381 1183 2518 1254 (Act.
2546 1183 2608 1257 ι).
2649 1202 2668 1235 ι
2699 1183 2793 1238 isti
2821 1198 2952 1255 ergo
2981 1184 3073 1254 qui
3100 1191 3357 1255 poterunt
3384 1184 3669 1239 unanimes
3684 1200 3775 1238 una

2206 1288 2341 1330 voce
2366 1286 2529 1345 atque
2551 1274 2745 1346 spiritu
2773 1263 3083 1346 orare,'ipsi
3116 1273 3348 1331 fortasse
3374 1258 3527 1347 digni
3551 1283 3673 1330 sunt
3695 1275 3774 1344 qui

2207 1366 2442 1422 debeant
2469 1365 2629 1421 simul
2659 1380 2848 1422 omnes
2873 1381 3041 1421 unum
3071 1365 3247 1421 altare
3269 1373 3612 1431 constmere,
3632 1380 3777 1435 super

2207 1456 2352 1527 quod
2386 1454 2544 1512 Iesus
2580 1456 2909 1513 sacriﬁcium
2936 1456 3131 1531 offerat
3165 1456 3337 1511 Patri.
3370 1457 3578 1513 Tamen
3613 1465 3667 1511 et
3691 1471 3779 1511 nos

2208 1555 2480 1604 tentemus
2517 1547 2652 1604 dare
2687 1562 2944 1619 operam,
2977 1555 3037 1603 ut
3070 1548 3262 1604 eadem
3294 1547 3544 1604 dicamus
3583 1561 3776 1611 omnes.

2206 1639 2512 1707 unanimes,
2544 1654 2714 1695 unum
2738 1640 3052 1706 sentientes,
3076 1639 3213 1695 nihil
3240 1655 3339 1711 per
3363 1640 3776 1705 contentionem,

2205 1747 2384 1802 neque
2423 1745 2523 1801 per
2573 1731 2790 1787 inanem
2836 1730 3062 1804 gloriam
3115 1741 3395 1803 gerentes;
3446 1731 3541 1787 sed
3588 1732 3641 1786 in
3683 1747 3777 1786 ιιιιο

514 1820 690 1875 litium
719 1837 996 1893 nunquam
1029 1825 1265 1895 recepit;
1295 1825 1390 1881 sed
1431 1839 1649 1895 semper
1682 1825 1944 1895 pacificus
1980 1824 2102 1890 fuit,
2132 1842 2180 1901 Β
2207 1838 2370 1880 sensu
2420 1832 2583 1895 atque
2628 1823 2684 1878 in
2727 1823 2919 1880 eadem
2966 1824 3235 1879 sententia
3287 1831 3696 1894 permanentes;
3738 1823 3777 1877 si

512 1925 728 1980 semper
748 1912 964 1982 quietus
990 1922 1045 1968 et
1069 1915 1237 1979 mitis,
1270 1922 1325 1971 et
1350 1914 1552 1971 Christi
1578 1916 1884 1972 humilitate
1911 1916 2106 1973 funda-
2209 1915 2349 1972 forte
2392 1916 2661 1986 possimus
2700 1916 2863 1970 etiam
2901 1929 3003 1970 nos
3039 1914 3149 1985 apti
3189 1912 3328 1970 effici
3364 1912 3574 1984 lapides
3612 1914 3677 1967 ad
3711 1912 3778 1966 ai-

512 2002 633 2057 tus?
653 2001 745 2058 isti
770 2018 900 2074 ergo
933 2014 1059 2060 sunt
1094 2006 1300 2077 lapides
1326 2007 1432 2062 vivi
1459 2049 1475 2073 ,
1510 2024 1579 2065 ex
1617 2009 1813 2078 quibus
1841 2009 2103 2066 Dominus

2208 2018 2326 2064 tare
2353 2027 2366 2063 :
2394 2024 2497 2064 non
2528 2008 2674 2063 enim
2698 2008 2898 2063 deserit
2923 2022 3025 2064 nos
3051 2006 3314 2064 Dominus
3342 2008 3486 2062 Deus
3516 2015 3715 2061 noster.

1693 2300 1995 2380 LIBER
2053 2299 2615 2382 SECUNDUS.

1024 2538 1252 2625 CAPUT
1286 2539 1576 2596 PRIMUM.

507 2670 587 2726 De
613 2686 674 2747 eo
708 2670 846 2743 quod
879 2669 1054 2747 Ipsae
1082 2672 1546 2747 Deuteronomium
1588 2673 1715 2747 legis
1759 2676 1930 2747 Moysi
1967 2680 2099 2732 scri-

576 2738 874 2826 ρεὶιοξιιρετ
908 2738 1110 2826 lapides
1136 2742 1472 2826 corqmﬁliis
1503 2738 1704 2811 lsracl,
1736 2757 1783 2800 et
1811 2738 1973 2826 legem
2008 2749 2097 2826 be-

577 2812 886 2937 nedictioris
913 2812 1071 2884 atque
1094 2812 1480 2869 maledictionis
1506 2831 1685 2869 coram
1725 2812 1878 2871 omni
1903 2818 2096 2889 populo

577 2898 683 2937 rect
707 2897 793 2937 aut
822 2922 836 2936 .

578 2992 757 3067 (iatn).
801 3013 821 3047 ι
855 2995 925 3078 Ει
953 2995 1173 3066 scripsit
1204 2995 1369 3052 Iosue
1400 3013 1565 3069 super
1604 2998 1808 3069 lapides
1836 2998 2096 3057 Deutero-

2206 2543 2445 2606 babent,
2504 2539 2825 2596 naturaliter
2869 2554 2933 2594 ea
2988 2553 3109 2610 quae
3162 2540 3296 2612 legis
3334 2552 3496 2610 sunt,
3551 2545 3775 2609 faciunt,

2203 2632 2510 2703 huiusmodi
2542 2632 2714 2702 legem
2755 2644 2862 2686 non
2892 2630 3185 2697 habentes,
3229 2632 3331 2702 ipsi
3359 2634 3465 2689 sibi
3507 2646 3634 2692 sunt
3668 2638 3772 2703 les,

2201 2726 2293 2796 qui
2323 2724 2619 2781 ostendunt
2654 2737 2791 2793 opus
2817 2721 2954 2793 legis
2986 2723 3242 2793 scriptum
3281 2726 3334 2779 in
3367 2728 3623 2785 cordibus
3653 2733 3771 2795 suis,

2201 2816 2572 2872 testimonium
2615 2815 2876 2870 reddente
2921 2813 3004 2869 eis
3048 2814 3380 2869 conscientia
3427 2816 3609 2887 (llout.
3649 2821 3722 2891 ιι).
3751 2841 3770 2875 ο

2201 2908 2260 2963 Si
2300 2923 2431 2980 ergo
2467 2907 2654 2963 videas
2694 2914 2884 2977 gentes
2914 2904 2980 2961 ad
3013 2902 3198 2960 Iesum
3237 2908 3456 2972 venire,
3487 2918 3543 2963 et
3571 2912 3773 2966 credere

2199 3000 2270 3066 ei,
2301 3009 2356 3055 et
2385 3015 2522 3071 opus
2556 2999 2690 3071 legis
2720 2997 2948 3068 implere
2976 2996 3120 3067 quod
3146 2997 3220 3053 illi
3246 2999 3339 3068 qui
3370 2999 3549 3071 legem
3571 3017 3774 3075 acrem-

513 3103 534 3139 σ
571 3061 813 3143 nomium
855 3072 990 3159 legis
1026 3061 1230 3161 lioysi,
1258 3090 1401 3159 quod
1439 3061 1530 3145 ille
1573 3061 1871 3163 dig-esserat
1906 3110 2091 3150 coram
2122 3061 2166 3123 C
2202 3061 2324 3145 rant
2345 3061 2571 3161 implere
2605 3061 2712 3143 non
2744 3061 3124 3158 possunt,-non
3150 3061 3368 3144 dubites
3393 3061 3464 3145 a2
3494 3093 3577 3147 eis
3609 3061 3775 3151 dicere

513 3195 534 3230 ι
569 3177 699 3234 filiis
732 3178 914 3235 Israel.
953 3200 975 3233 ›
1007 3179 1261 3250 Scripsit,
1298 3180 1493 3252 inquit,
1515 3180 1675 3239 Iesus
1701 3199 1865 3255 super
1887 3185 2095 3256 lapides

506 3267 697 3324 altaris
742 3268 1223 3325 Deuteronomium
1275 3272 1410 3343 legis
1455 3272 1655 3343 Moysi,
1692 3283 1747 3330 et
1780 3276 1999 3346 scripsit
2037 3276 2093 3331 in

505 3365 800 3426 conspectu
840 3355 1076 3413 ﬁliorum
1106 3358 1292 3414 lsrael.
1321 3359 1602 3427 Quomodo
1644 3364 1860 3433 scripsit
1882 3373 1937 3420 et
1960 3378 2095 3435 quo-

509 3446 672 3502 modo
708 3447 885 3516 potuit
931 3455 1062 3501 tunc
1103 3447 1245 3504 illius
1288 3449 1436 3505 Nave
1479 3466 1642 3520 super
1669 3452 1873 3523 lapides
1907 3453 2099 3510 altaris

509 3535 684 3606 legem
723 3544 889 3591 totam
927 3537 1273 3593 describere?
1312 3540 1453 3609 Ergo
1490 3550 1653 3610 prout
1699 3543 1867 3599 voluit
1908 3550 2095 3616 typum

509 3626 870 3683 adumbravit.
916 3628 1027 3684 Nos
1055 3630 1270 3686 interim
1301 3632 1581 3689 videamus
1612 3636 1881 3705 quomodo
1909 3646 2099 3693 noster

505 3717 664 3776 Iesus
688 3721 744 3776 in
775 3721 1040 3792 lapidibus
1062 3723 1202 3779 vivis
1235 3734 1289 3780 et
1323 3726 1546 3797 integris
1585 3729 1863 3799 scripserit
1901 3729 2097 3786 Deute-

510 3814 837 3879 ronomium,
864 3815 1008 3883 quod
1038 3816 1293 3871 secundae
1311 3817 1446 3889 legis
1472 3818 1604 3875 latio
1629 3819 1848 3875 dicitur.
1878 3818 1935 3876 Si
1965 3837 2095 3893 ergo

505 3905 591 3960 vis
611 3906 796 3962 videre
816 3908 1107 3977 quomodo,
1136 3908 1310 3979 prima
1340 3908 1455 3980 lege
1477 3908 1772 3975 inﬁrmata,
1800 3912 2096 3968 secundam

508 3995 683 4067 legem
712 3998 916 4053 scribat
936 3997 1115 4064 Iesus,
1141 3999 1264 4055 audi
1291 4015 1416 4054 eum
1440 4000 1492 4055 in
1519 4000 1768 4056 ecclesiis
1784 4001 2051 4057 dicentem
2075 4017 2094 4057 :

512 4109 533 4142 σ
562 4089 774 4146 Dictum
800 4096 884 4145 est
911 4089 1181 4159 antiquis:
1209 4089 1326 4145 Non
1355 4091 1601 4156 occides;
1633 4106 1735 4163 ego
1759 4100 1940 4147 autem
1969 4092 2094 4148 dico

508 4179 664 4234 vobis
693 4178 820 4250 quia
850 4179 1028 4235 omnis
1056 4180 1148 4249 qui
1183 4180 1438 4237 irascitur
1478 4180 1633 4236 fratri
1670 4197 1789 4249 suo,
1820 4184 2092 4239 homicida

506 4275 590 4324 est
621 4267 837 4340 (Matth.
865 4267 944 4343 v).
980 4289 1003 4323 ι
1044 4269 1115 4326 Ει
1139 4271 1334 4326 iterum
1368 4285 1383 4325 :
1421 4290 1440 4322 ι
1470 4271 1683 4327 Dictum
1712 4280 1795 4327 est
1831 4274 2090 4342 antiquis,

505 4358 625 4414 Non
654 4358 1045 4427 mebaberis;
1074 4376 1175 4432 ego
1202 4368 1381 4415 autem
1407 4361 1530 4416 dico
1559 4362 1710 4417 vobis
1737 4363 1865 4433 quia
1889 4363 1981 4433 qui
2010 4363 2093 4417 vi-

505 4448 649 4504 derit
680 4449 971 4505 mulierem
1000 4450 1067 4506 ad
1102 4452 1597 4522 concupiscendum
1633 4467 1786 4519 eam,
1810 4451 1923 4523 jam
1954 4469 2091 4511 mm-

504 4540 699 4599 chatus
716 4548 800 4597 est
818 4555 941 4597 eam
962 4541 1018 4597 in
1043 4543 1213 4598 corde
1233 4557 1332 4599 suo
1359 4542 1546 4615 (Ibid.,
1575 4561 1625 4599 υ.
1651 4548 1845 4617 xxvu).
1876 4545 2088 4601 Dictum

504 4639 594 4689 est
615 4633 873 4704 antiquis,
905 4632 1025 4690 Non
1055 4632 1389 4704 perjurabis;
1420 4649 1519 4706 ego
1550 4645 1731 4693 autem
1762 4636 1887 4693 dico
1910 4637 2084 4702 vobis,

505 4720 686 4779 Nolite
712 4723 900 4794 jurare
923 4726 1146 4780 omnino
1171 4723 1359 4797 (lbid.,
1388 4742 1435 4781 υ.
1464 4725 1682 4800 xxxm).
1722 4747 1741 4780 ι
1768 4726 1931 4783 Vides
1949 4725 2090 4781 Deu-

507 4817 866 4873 teronomium
897 4818 1039 4888 quod
1062 4819 1279 4890 scripsit
1305 4816 1465 4875 Iesus
1493 4819 1547 4874 in
1576 4818 1844 4890 lapidibus
1870 4819 2007 4874 vivis
2034 4828 2091 4874 et

506 4907 765 4977 integris,
810 4906 863 4961 in
916 4908 1112 4964 tabulis
1155 4909 1335 4965 cordis
1386 4909 1731 4974 carnalibus,
1783 4925 1888 4964 non
1942 4919 2089 4963 atra—

506 5008 720 5064 mento,
752 4998 846 5054 sed
876 4999 1067 5068 spiritu
1095 4999 1191 5056 Dei
1217 5001 1345 5056 vivi.
1374 4999 1431 5056 Si
1469 5009 1649 5055 autem
1678 5000 1762 5055 vis
1786 5000 2090 5055 evidentius

507 5105 737 5147 noscere
763 5090 816 5144 in
858 5090 1054 5161 quibus
1080 5091 1334 5148 cordibus
1371 5089 1528 5147 Iesus
1564 5089 1844 5161 scripserit
1883 5089 2087 5160 legem,

507 5190 563 5239 et
592 5183 645 5237 in
676 5182 872 5253 quibus
897 5198 1005 5239 non
1032 5183 1346 5255 scripserit,
1375 5185 1540 5240 etiam
1574 5183 1676 5240 hoc
1714 5183 1809 5240 tibi
1820 5198 1909 5247 ,en
1937 5180 2087 5238 Scri-

506 5282 787 5344 pturarum
826 5275 1151 5331 auctoritate
1187 5272 1507 5347 patefaciam
1528 5315 1545 5342 ,
1575 5283 1638 5331 ut
1663 5274 2087 5331 consolationem

505 5366 690 5437 capias
719 5374 772 5421 tu
801 5368 891 5436 qui
924 5381 993 5422 ex
1023 5366 1273 5437 gentibus
1313 5375 1539 5421 vocatus
1573 5381 1664 5432 es,
1706 5380 1809 5423 nec
1847 5367 2090 5421 verearis

506 5470 694 5510 eorum
731 5455 1087 5525 iactantiam,
1129 5457 1222 5528 qui
1268 5457 1443 5529 legem
1488 5457 1658 5530 Moysi
1703 5465 1759 5513 et
1801 5457 1998 5513 tabulis
2035 5467 2090 5513 et

508 5546 769 5602 chartulis
794 5548 1107 5618 inscriptam
1133 5562 1192 5602 se
1217 5548 1495 5617 accepisse
1524 5547 1839 5619 gloriantur.
1867 5546 1925 5602 lu
1954 5564 2090 5618 quo-

507 5653 626 5690 rum
680 5640 938 5696 cordibus
981 5640 1242 5696 Dominus
1287 5638 1445 5696 Iesus
1492 5639 1826 5711 inscripserit
1872 5639 2044 5710 legem
2069 5679 2085 5705 ,

508 5726 707 5785 Paulus
743 5732 873 5787 dicit
912 5751 926 5785 :
967 5750 989 5784 ι
1024 5732 1160 5789 Cum
1196 5734 1340 5789 enim
1380 5741 1570 5803 gentes
1606 5746 1726 5801 quae
1766 5730 1938 5802 legem
1979 5746 2089 5785 non

2196 3179 2321 3249 quia
2344 3178 2502 3235 Iesus
2527 3181 2581 3233 in
2614 3178 2733 3233 istis
2764 3176 3029 3247 lapidibus
3058 3178 3285 3248 integris
3310 3177 3770 3236 Deuteronomium

2197 3271 2439 3341 scripsit.
2480 3269 2655 3325 Movet
2688 3285 2773 3325 me
2808 3284 2941 3325 sane
2968 3270 3111 3339 quod
3140 3269 3348 3324 addidit
3375 3270 3430 3325 in
3460 3286 3774 3341 consequen-

2196 3362 2343 3418 tibus
2384 3361 2670 3432 Scriptura
2711 3379 2725 3416 :
2765 3380 2783 3412 ι
2820 3361 2889 3415 Ει
2922 3360 3176 3430 scripsit,
3205 3360 3411 3430 inquit,
3443 3360 3603 3416 Iesus
3626 3376 3772 3428 super

2196 3454 2406 3525 lapides
2450 3453 2927 3509 Deuteronomium
2973 3467 3155 3508 coram
3201 3452 3325 3507 ﬁliis
3364 3452 3554 3509 lsracl.
3595 3474 3613 3506 ι
3645 3453 3773 3519 Quo-

2200 3547 2362 3603 modo
2393 3546 2632 3619 potuerit
2668 3554 2781 3601 tam
2813 3560 3071 3616 magnum
3108 3543 3304 3600 librum
3324 3586 3339 3611 ,
3369 3546 3459 3600 vel
3491 3547 3772 3602 assistenti-

2196 3638 2301 3693 bus
2324 3646 2379 3693 et
2406 3636 2848 3709 permanentibus
2874 3634 2999 3691 ﬁliis
3029 3634 3215 3699 lsracl,
3250 3635 3584 3703 describam,
3620 3637 3690 3691 ita
3721 3645 3774 3690 ut

2198 3747 2307 3788 non
2350 3732 2691 3788 discederent
2747 3744 3027 3801 usquequo
3082 3730 3350 3799 scriptura
3411 3738 3493 3784 tot
3536 3744 3774 3786 versuum

2198 3823 2482 3880 ﬁniretur?
2508 3821 2606 3878 Vel
2640 3822 2825 3887 etiam,
2863 3821 3135 3892 quomodo
3162 3829 3459 3890 potuerunt
3484 3821 3686 3892 lapides
3708 3820 3775 3875 al-

2198 3914 2332 3970 laris
2370 3912 2514 3970 ferre
2557 3921 2669 3968 tam
2714 3912 2893 3983 magni
2943 3911 3065 3966 libri
3114 3910 3552 3967 continentiam?
3602 3911 3773 3966 Dicant

2198 4010 2329 4065 mihi
2376 4016 2679 4065 assertores
2725 4006 2920 4062 littera:
2969 4005 3170 4069 Iudaei,
3220 4007 3313 4076 qui
3358 4008 3609 4076 spiritum
3658 4006 3773 4076 legis

2197 4103 2472 4173 ignorant,
2500 4101 2769 4171 quomodo
2800 4101 2904 4155 hoc
2928 4100 2980 4153 in
3012 4097 3292 4169 Scriptura
3322 4099 3568 4155 historize
3593 4098 3772 4154 veteris

2196 4197 2601 4252 demonstratur
2639 4212 2653 4248 :
2695 4193 2790 4250 sed
2832 4192 2972 4263 apud
3012 4192 3134 4247 illos
3165 4207 3337 4262 usque
3370 4191 3426 4246 in
3468 4193 3770 4248 hodiernum

2195 4288 2337 4344 diem
2367 4304 2490 4344 cum
2518 4287 2713 4359 legitur
2747 4285 2990 4358 Moyses,
3020 4285 3266 4341 velamen
3301 4292 3385 4341 est
3421 4286 3655 4356 positum
3691 4300 3771 4339 su-

2196 4395 2294 4451 per
2320 4395 2416 4435 cor
2443 4392 2630 4434 eorum
2663 4397 2677 4434 :
2711 4377 2866 4433 nobis
2904 4391 3036 4431 vero
3077 4375 3357 4431 conversis
3393 4376 3462 4430 ad
3499 4374 3769 4431 Dominum

2193 4471 2377 4528 Iesum
2398 4514 2413 4539 ,
2448 4470 2724 4529 auferetur
2763 4470 3004 4526 velamen
3026 4511 3041 4535 ,
3070 4469 3198 4540 quia
3233 4488 3252 4520 ι
3289 4470 3380 4525 ubi
3420 4467 3656 4539 Spiritus
3678 4466 3770 4521 Do-

2190 4567 2358 4633 mini,
2398 4566 2471 4622 ibi
2509 4565 2732 4621 libertas
2774 4582 2793 4618 ι
2842 4564 3208 4636 intelligentia!
3244 4574 3465 4620 nostrm.
3502 4564 3642 4635 Ergo
3677 4562 3768 4617 Do-

2190 4657 2371 4712 minus
2395 4655 2554 4712 Iesus
2583 4671 2689 4712 non
2718 4654 2921 4727 indiget
2949 4654 3119 4709 multo
3158 4664 3400 4725 tempore
3429 4661 3490 4707 ut
3516 4654 3763 4707 Deutero-

2189 4745 2433 4800 nomium
2464 4744 2689 4809 scribat,
2725 4754 2785 4799 ut
2824 4744 3062 4800 secundo
3095 4744 3265 4815 legem
3304 4745 3355 4797 in
3384 4743 3637 4798 cordibus
3660 4754 3766 4794 cre-

2190 4838 2431 4894 dentium
2473 4837 2636 4909 ﬁgat,
2683 4847 2848 4907 atque
2899 4837 2955 4891 in
2999 4852 3188 4891 eorum
3231 4835 3538 4899 mentibus,
3582 4830 3669 4902 qui
3703 4826 3765 4883 ad

2191 4929 2380 4985 altaris
2411 4932 2871 4985 constructionem
2896 4928 3043 5000 digni
3078 4936 3236 4993 sunt,
3267 4927 3636 4999 intelligentiae
3666 4922 3764 4993 spi-

2190 5022 2297 5075 ritu
2334 5022 2529 5091 signet.
2571 5018 2767 5075 Statim
2812 5035 3045 5090 namque
3085 5028 3143 5075 ut
3181 5019 3304 5089 quis
3326 5018 3616 5074 crediderit
3647 5013 3762 5069 Iesu

2190 5111 2427 5173 Christo,
2456 5110 2540 5166 lex
2568 5110 2847 5181 Evangelii
2876 5110 2926 5165 iu
2952 5109 3069 5180 ejus
3093 5110 3255 5166 corde
3285 5110 3485 5179 scripta
3511 5115 3615 5172 est,
3641 5105 3761 5159 etin

2190 5210 2480 5274 conspectu
2520 5201 2751 5257 filiorum
2799 5200 2963 5257 lsrael
3009 5201 3300 5271 descripta.
3341 5200 3583 5255 Aderant
3629 5195 3762 5251 enim

2191 5301 2341 5358 tunc,
2369 5306 2493 5347 eum
2527 5291 2623 5347 tibi
2650 5290 2774 5346 ﬁdei
2805 5299 3208 5347 sacramentum
3250 5287 3584 5352 tradebatur,
3612 5282 3761 5340 οωΙεο

2190 5394 2302 5441 stes
2330 5384 2580 5450 virtutes,
2610 5382 2911 5438 ministeria
2938 5382 3252 5453 angelorum
3270 5420 3285 5446 ,
3316 5378 3560 5435 Ecclesia
3584 5373 3763 5447 primi—

2190 5478 2444 5533 tivorum.
2488 5474 2543 5530 Si
2584 5475 2732 5530 enim
2771 5484 2918 5530 recte
2964 5472 3327 5544 intelligamus
3371 5470 3621 5528 lsraelem
3663 5463 3758 5521 dici

2190 5576 2427 5624 mentem
2477 5566 2647 5622 Deum
2696 5565 2966 5620 videntem
2996 5604 3013 5631 ,
3060 5565 3365 5620 rectissime
3409 5565 3507 5619 hoc
3558 5560 3628 5615 de
3670 5556 3758 5612 mi-

2139 5706 2143 5710 .
2189 5642 2605 5727 nistris'angelis
2629 5655 2851 5720 dicitur,
2874 5654 3171 5710 secundum
3193 5655 3403 5710 Domini
3426 5647 3755 5708 sententiam.

2190 5748 2420 5804 dicentis
2448 5748 2515 5803 de
2543 5747 2838 5803 infantibus
2866 5744 3032 5819 (quod
3056 5758 3111 5802 et
3134 5757 3187 5802 tu
3216 5746 3360 5801 fuisti
3393 5743 3565 5801 infans
3594 5742 3647 5797 in
3671 5739 3754 5792 ba‘
