3964 6192
287 358 425 439 tesi

1212 374 1565 436 COMMEN'I‘.
1603 377 1671 433 IN
1709 374 1969 435 LIBRUM
2008 373 2241 438 IOSUE.
2276 408 2347 424 —-—
2384 372 2512 432 LIB.
2554 376 2616 432 II.

3412 370 3555 429 1058

280 498 527 572 ptismo),
564 510 585 549 ε
616 498 745 567 quia
771 495 945 566 angeli
973 509 1162 550 eorum
1199 510 1415 566 semper
1450 496 1633 551 vident
1667 494 1861 551 faciem
1891 500 1942 561 Α
1967 495 2073 549 hoc
2091 492 2223 548 mihi
2249 492 2522 564 designari
2562 492 2778 546 videtur
2813 492 2866 547 in
2894 492 2997 547 hoc
3020 490 3140 545 loco
3165 488 3311 561 quod
3338 487 3548 545 dimidii

278 589 465 645 Patris
485 587 614 652 mei,
644 586 738 656 qui
764 586 817 640 in
839 585 994 641 oculis
1019 592 1102 640 est
1130 583 1344 656 (Matth.
1371 582 1583 656 cxvm).
1621 604 1640 637 ι
1669 582 1864 640 Coram

275 685 403 740 istis
432 683 599 755 igitur
635 679 761 735 {iliis
792 678 958 734 Israel
995 679 1087 748 qui
1114 677 1341 733 aderant
1371 678 1430 732 in
1469 676 1560 735 illo
1598 686 1864 747 tempore,
1894 725 1902 733 ,

276 793 407 833 cum
436 774 530 830 tibi
563 773 687 829 Iidei
717 781 1058 828 sacramenta
1090 770 1423 835 tradebatur,
1455 769 1762 826 videntibus
1788 766 1867 823 fa-

279 870 422 925 ciem
438 867 557 931 Dei,
571 865 731 920 Iesus
746 864 800 917 in
822 862 985 918 corde
1011 871 1104 916 tuo
1118 860 1599 916 Deuteronomium
1620 860 1861 930 scripsit.

353 955 533 1030 (Imm)
565 974 584 1006 ‹
625 953 814 1010 Omnis
851 959 1030 1008 autem
1056 951 1316 1022 populus,
1346 959 1402 1005 et
1443 949 1678 1019 majores
1712 959 1863 1014 natu,

281 1066 306 1100 ο
354 1049 522 1102 duces
572 1056 636 1099 ac
684 1043 896 1115 judices
945 1043 1163 1098 stabant
1213 1057 1280 1096 ex
1328 1050 1555 1112 utraque
1602 1050 1759 1112 parte
1810 1042 1865 1095 in

284 1156 304 1189 ι
351 1144 642 1204 conspectu
687 1132 1025 1187 sacerdotum
1062 1130 1154 1201 qui
1199 1131 1487 1200 portabant
1533 1144 1719 1185 arcam
1766 1128 1868 1185 fm-

280 1247 301 1279 ι
352 1227 498 1282 deris
542 1224 753 1280 Domini
800 1242 813 1277 :
856 1232 915 1278 ut
946 1225 1182 1287 advena,
1222 1223 1297 1277 ita
1340 1231 1394 1277 et
1433 1218 1703 1294 indigena.
1751 1222 1862 1278 Me—

282 1337 302 1368 ι
351 1318 439 1372 dia
477 1331 667 1371 eorum
715 1328 841 1384 pars
869 1313 1022 1381 juxta
1059 1321 1299 1368 montem
1343 1311 1612 1376 Garizim,
1664 1320 1717 1367 et
1753 1328 1866 1369 me-

281 1428 303 1461 ι
348 1410 437 1463 dia
469 1407 622 1476 juxta
660 1415 899 1461 montem
927 1405 1081 1469 Ebal,
1120 1406 1260 1460 sicut
1285 1414 1616 1476 praeceperat
1656 1402 1865 1476 Moyses

282 1519 303 1551 α
352 1498 585 1553 famulus
635 1496 867 1552 Domini.
923 1497 988 1551 Et
1043 1497 1275 1566 primum
1324 1497 1542 1567 quidem
1591 1496 1866 1552 benedixit

284 1607 304 1639 α
346 1588 545 1658 populo
596 1586 802 1651 Israel,
849 1607 867 1639 ι
910 1596 1014 1642 etc.
1067 1586 1225 1642 Circa
1277 1589 1417 1642 hanc
1464 1603 1646 1643 arcam
1698 1598 1865 1644 testa-

275 1678 491 1739 menti,
545 1676 720 1731 omnis
767 1676 857 1745 qui
906 1690 1032 1730 vere
1087 1676 1254 1731 Israel
1303 1658 1400 1731 'est
1458 1678 1693 1743 incedit,
1758 1692 1863 1733 non

275 1767 424 1821 enim
465 1766 618 1835 longe
652 1765 721 1819 ab
759 1782 843 1821 ea.
876 1765 1074 1821 Levitae
1110 1782 1240 1822 vero
1276 1776 1331 1822 et
1358 1768 1667 1823 sacerdotes
1699 1771 1863 1825 etiam

1968 582 2043 637 illi
2064 583 2159 652 qui
2202 583 2355 653 juxta
2381 591 2619 637 montem
2672 579 2914 636 Garizim
2961 580 3231 642 incedunt,
3274 578 3426 632 illum
3457 579 3551 648 qui

1968 673 2036 728 ad
2060 673 2467 728 benedictiones
2485 672 2692 727 electus
2714 679 2818 735 est,
2843 671 2977 725 istos
3000 668 3294 739 figuraliter
3310 670 3553 725 indicare

1968 765 2081 834 qui,
2108 779 2215 818 non
2244 771 2392 818 metu
2419 776 2619 834 pusum,
2646 762 2742 818 sed
2771 761 3208 817 benedictionum
3232 767 3290 813 et
3315 760 3547 829 promis+

1968 853 2182 907 sionum
2221 850 2511 920 desiderio,
2541 853 2766 907 veniunt
2795 852 2862 906 ad
2892 850 3143 906 salutem.
3174 849 3257 903 Illi
3305 864 3433 904 vero
3471 851 3553 905 di.

1967 942 2118 999 midii
2145 943 2238 1014 qui
2257 942 2414 1012 juxta
2449 953 2689 999 montem
2728 942 2860 999 Ebal
2898 943 3186 1008 incedunt,
3215 942 3269 995 in
3298 956 3409 1010 quo
3438 957 3551 995 mas

1966 1034 2284 1089 ledictiones
2304 1035 2527 1105 prolatae
2553 1044 2700 1098 sunt,
2724 1035 2857 1090 istos
2885 1035 3022 1088 alios
3048 1034 3294 1089 indicant
3317 1033 3410 1103 qui
3436 1048 3552 1087 ma—

1965 1120 2143 1180 lorum
2169 1132 2317 1180 metu
2342 1133 2398 1180 et
2431 1126 2817 1197 suppliciorum
2851 1126 3044 1180 timore
3072 1124 3404 1195 complentes
3431 1138 3552 1194 tum

1967 1217 2021 1271 in
2038 1216 2154 1287 lege
2176 1224 2303 1271 sunt
2320 1216 2542 1286 scripta,
2566 1214 2886 1284 perveniunt
2909 1215 2982 1269 ad
2998 1213 3248 1269 salutem.
3269 1214 3367 1268 llic
3384 1222 3548 1269 ctiam

1967 1307 2063 1362 Dei
2115 1306 2283 1362 solius
2307 1313 2394 1361 est
2428 1318 2704 1370 nosse,ex
2759 1305 3011 1359 omnibus
3059 1304 3183 1360 ﬁliis
3210 1303 3383 1359 Israel
3426 1304 3549 1373 quis

1965 1405 2070 1463 est,
2098 1398 2191 1467 qui
2236 1397 2365 1451 boni
2391 1396 2561 1466 ipsius
2589 1396 2860 1451 desiderio
2910 1410 3205 1451 succensus
3234 1396 3365 1450 facit
3403 1394 3548 1466 quod

1965 1487 2168 1544 bonum
2194 1495 2278 1543 est
2308 1505 2321 1540 :
2348 1488 2441 1557 qui
2461 1500 2601 1542 vero
2613 1495 2761 1543 metu
2806 1488 3090 1557 gebenme,
3114 1496 3170 1541 et
3192 1487 3379 1540 retenti
3410 1485 3548 1557 ignis

1967 1586 2178 1633 terrore
2229 1577 2400 1632 tendit
2422 1577 2492 1632 ad
2522 1577 2746 1641 bonum,
2782 1586 2839 1631 et
2882 1576 3062 1632 studet
3104 1591 3170 1633 ac
3196 1575 3417 1631 festinat
3447 1579 3545 1631 im‘

1965 1665 2111 1735 plere
2130 1680 2253 1734 qua:
2279 1666 2480 1735 scripta
2527 1674 2654 1720 sunt
2688 1683 2700 1719 :
2733 1674 2941 1721 certum
2969 1677 3052 1721 est
3079 1668 3223 1722 enim
3254 1665 3547 1743 nubiliores

1966 1773 2088 1813 esse
2115 1757 2234 1813 illos
2254 1758 2348 1827 qui
2369 1758 2497 1812 boni
2527 1757 2695 1827 ipsius
2717 1756 2987 1813 desiderio
3028 1766 3084 1813 et
3108 1759 3544 1814 benedictionum

275 1857 334 1911 in
400 1857 639 1911 humeris
698 1857 813 1910 suis
877 1870 996 1910 eam
1055 1864 1291 1926 portant.
1365 1857 1577 1912 Etenim
1639 1859 1864 1927 quicun-
1892 1846 1939 1905 B
1966 1863 2153 1903 amore
2179 1849 2324 1917 quod
2350 1849 2551 1904 bonum
2602 1856 2687 1903 est
2730 1856 2918 1919 agunt,
2949 1862 3113 1919 quam
3164 1848 3282 1903 illos
3324 1849 3415 1918 qui
3444 1862 3548 1919 pro

273 1964 387 2018 que
434 1945 755 2001 sacerdotali
801 1946 1060 2014 religione
1090 1952 1145 2000 et
1190 1946 1477 2001 sanctitate
1520 1947 1724 2011 vivunt,
1758 1962 1862 2002 nou

275 2038 451 2093 solum
483 2037 538 2091 hi
582 2039 672 2106 qui
702 2037 890 2091 sedere
919 2036 1172 2090 videntur
1220 2036 1272 2090 in
1311 2051 1567 2092 consessu
1614 2039 1863 2093 sacerdo-

280 2131 398 2194 tali,
423 2131 518 2184 sed
547 2129 600 2184 hi
644 2129 814 2200 magis
841 2128 930 2197 qui
957 2127 1365 2183 sacerdotaliter
1400 2136 1586 2200 agunt,
1632 2145 1863 2199 quorum

270 2232 401 2290 pars
429 2229 513 2274 est
546 2219 821 2283 Dominus,
846 2234 945 2273 nec
970 2218 1079 2272 ulla
1101 2219 1182 2273 eis
1206 2218 1386 2288 portio
1411 2218 1645 2273 habetur
1667 2221 1719 2273 in
1748 2228 1861 2273 ter-

273 2309 375 2372 ris,
405 2309 507 2379 ipsi
531 2316 658 2362 sunt
702 2321 828 2362 vere
870 2307 1180 2363 sacerdotes
1203 2314 1258 2361 et
1280 2306 1484 2362 Levita:
1507 2307 1743 2372 Domini,
1769 2307 1862 2377 qui

275 2400 334 2454 in
362 2399 605 2453 humeris
633 2399 747 2453 suis
788 2397 961 2466 legem
985 2396 1080 2451 Dei
1106 2403 1343 2467 portant,
1377 2398 1585 2469 agendo
1613 2398 1860 2452 videlicet

271 2498 330 2546 et
379 2486 652 2557 implendo
697 2501 862 2556 opera
913 2503 976 2540 ea
1023 2502 1142 2556 quae
1172 2487 1478 2542 scribuntur
1525 2487 1577 2540 in
1610 2487 1743 2557 lege.
1794 2487 1861 2540 Et

271 2578 603 2650 proselytus,
634 2576 829 2645 inquit,
859 2585 913 2629 et
942 2575 1192 2646 indigena
1230 2576 1388 2631 simul
1419 2577 1673 2642 aderant;
1704 2577 1861 2631 dimi-

270 2672 347 2728 dii
368 2672 527 2742 juxta
557 2678 798 2724 montem
826 2667 1090 2732 Garizim,
1130 2679 1185 2721 et
1214 2668 1418 2723 dimidii
1437 2668 1592 2739 juxta
1620 2678 1859 2723 montem

272 2760 429 2817 Ebal.
466 2759 745 2826 Quomodo
768 2758 929 2812 etiam
962 2758 1063 2812 ista
1101 2757 1527 2827 explicabimus?
1556 2757 1622 2810 Et
1652 2755 1860 2825 adjuto-

271 2853 359 2908 rio
384 2851 480 2906 Dei
511 2864 646 2921 opus
683 2858 768 2904 est
813 2855 873 2902 ut
920 2848 1189 2918 possimus
1234 2848 1415 2902 verbis
1465 2847 1665 2901 nostris
1692 2846 1857 2901 verba

270 2942 459 2997 divina
487 2941 755 2996 disserere
782 2947 838 2994 et
865 2938 1176 3008 explanare.
1208 2938 1311 3004 Qui
1359 2945 1485 2992 sunt
1514 2937 1723 2992 dimidii
1765 2937 1857 3006 qui

270 3033 600 3089 incedebant
620 3031 777 3099 juxta
821 3037 1058 3083 montem
1088 3028 1347 3092 Garizim,
1378 3036 1433 3083 et
1476 3029 1569 3098 qui
1615 3035 1743 3082 sunt
1776 3028 1857 3082 dia

268 3124 422 3180 midii
453 3124 544 3194 qui
573 3130 629 3177 et
656 3122 779 3192 ipsi,
808 3120 933 3175 licet
969 3119 1265 3184 salventur,
1299 3127 1479 3174 tamen
1525 3135 1631 3173 non
1671 3126 1856 3187 potue-

270 3223 405 3271 runt
427 3213 581 3283 juxta
621 3222 858 3269 montem
888 3211 1127 3268 Garizim
1176 3210 1447 3276 incedere,
1480 3211 1572 3266 sed
1601 3210 1855 3266 incedunt

268 3306 425 3377 juxta
480 3315 715 3361 montem
757 3303 924 3359 Ebal?
972 3302 1123 3357 Mons
1170 3300 1406 3357 Garizim
1454 3302 1857 3357 benedictiones

269 3397 460 3461 habet,
488 3411 643 3450 mons
687 3402 864 3449 autem
913 3392 1045 3447 Ebal
1080 3390 1485 3447 maledictiones
1510 3388 1628 3461 quae
1666 3406 1857 3463 peccas

271 3487 484 3542 toribus
509 3486 811 3540 imminent.
859 3483 1177 3539 Statuerunt
1206 3483 1372 3548 enim,
1413 3484 1556 3538 sicut
1593 3485 1855 3553 scriptum

267 3585 356 3633 est
385 3578 437 3631 in
463 3576 876 3632 Deuteronomio
906 3574 1054 3645 (Car.
1086 3575 1280 3644 xxvii),
1311 3590 1407 3630 sex
1456 3575 1628 3630 tribus
1665 3577 1733 3630 ad
1762 3576 1855 3630 be-

268 3668 629 3724 nedicendum
685 3667 739 3722 in
773 3676 955 3722 monte
983 3665 1223 3721 Garizim
1250 3685 1264 3720 ;
1295 3676 1349 3721 ct
1397 3667 1526 3736 ipsa:
1555 3680 1651 3721 sex
1676 3667 1857 3722 tribus

266 3773 394 3829 qua:
420 3757 709 3813 nobiliores
742 3766 867 3812 sunt
893 3766 947 3811 et
974 3757 1204 3820 eximiae,
1230 3757 1410 3821 idest,
1438 3756 1675 3821 Simeon,
1702 3756 1853 3821 Levi,-

265 3846 459 3912 Iudas,
510 3847 751 3912 Isachar,
786 3845 1001 3916 Ioseph.
1042 3845 1342 3916 Benjamin.
1372 3845 1521 3901 Alias
1573 3860 1705 3901 vero
1756 3861 1852 3901 sex

266 3937 639 4009 ignobiliores,
670 3938 737 3992 ad
763 3936 1221 4002 maledicendum;
1264 3937 1319 3991 in
1350 3937 1546 4007 quibus
1576 3946 1631 3991 et
1664 3937 1853 3992 Ruben

268 4032 365 4101 qui
398 4031 642 4086 ascendit
665 4041 827 4100 super
855 4030 1033 4085 cubile
1053 4030 1224 4101 patris
1249 4026 1359 4095 s'ui,
1387 4038 1443 4084 et
1462 4039 1640 4085 torum
1671 4042 1855 4086 macu-

268 4122 409 4176 lavit
447 4128 754 4192 paternum,
803 4130 857 4176 et
883 4120 1140 4182 Zabnlon,
1168 4136 1259 4191 qui
1312 4128 1396 4175 est
1445 4121 1667 4177 ultimus
1710 4122 1857 4178 illius

270 4210 404 4266 Liui.
428 4211 555 4266 Haec
602 4210 819 4280 quidem
856 4218 1100 4266 veterum
1130 4211 1371 4266 historiae
1400 4211 1643 4267 referunt
1676 4220 1848 4284 gesta.

269 4299 381 4355 Sed
432 4301 703 4370 quomodo
752 4316 851 4355 nos
901 4301 1040 4355 hanc
1082 4301 1323 4356 historiae
1370 4302 1736 4357 narrationem
1783 4303 1855 4356 ad

267 4390 560 4461 mysticam
590 4390 1000 4459 intelligentiam
1046 4389 1365 4456 referamus,
1408 4399 1470 4445 ut
1505 4393 1851 4446 ostendamus

270 4481 367 4550 qui
393 4489 520 4535 sunt
544 4480 635 4535 isti
665 4482 757 4550 qui
786 4480 1039 4536 incedunt
1056 4482 1214 4553 juxta
1249 4490 1487 4537 montem
1510 4482 1769 4548 Garizim,
1795 4496 1849 4539 et

1965 1938 2095 1992 mali
2120 1947 2265 1993 metu
2295 1939 2498 1993 bonum
2544 1945 2840 1992 sectantur.
2894 1938 3053 1993 Solus
3095 1952 3225 2007 ergo
3250 1937 3411 1993 Iesus
3452 1939 3546 2008 qui

1963 2036 2145 2099 potest
2164 2044 2230 2084 ex
2253 2028 2402 2084 omni
2429 2027 2628 2098 populo
2657 2027 2960 2098 huiusmodi
2993 2039 3202 2085 mentes
3228 2029 3547 2099 animosun

1963 2119 2294 2184 discernere,
2318 2118 2418 2174 hos
2441 2117 2496 2172 in
2520 2126 2700 2173 monte
2728 2117 2967 2172 Garizim
3013 2119 3083 2172 ad
3116 2119 3539 2183 benedictiones,

1961 2209 2096 2267 alios
2125 2223 2254 2265 vero
2291 2217 2531 2264 statuere
2567 2209 2619 2263 in
2649 2218 2890 2265 montem
2920 2210 3083 2276 Elial,
3124 2224 3229 2266 non
3278 2222 3337 2266 ut
3372 2211 3543 2267 male‘

1962 2304 2228 2359 dictiones
2252 2303 2541 2373 accipiant,
2563 2302 2658 2356 sed
2683 2308 2741 2356 ut
2768 2302 3043 2358 intuentes
3061 2300 3410 2373 praescriptas
3435 2316 3544 2357 ma-

1960 2390 2278 2445 ledictiones
2302 2398 2357 2443 et
2382 2403 2572 2459 prunas
2601 2399 2947 2460 peccatorum
2983 2391 3329 2457 eonstiuuas,
3356 2392 3543 2447 incur-

1962 2497 2083 2537 rere
2108 2491 2335 2537 caveant
2358 2496 2470 2536 eus.
3375 2541 3382 2551 .

2034 2570 2209 2643 (1811).)
2244 2589 2263 2621 ι
2293 2570 2421 2625 Post
2453 2573 2568 2626 haec
2596 2572 2724 2643 legit
2748 2575 2927 2628 omnia
2951 2577 3115 2632 verba
3142 2577 3534 2634 benedictionis

1965 2681 1987 2716 ε
2012 2672 2068 2719 et
2091 2663 2500 2726 maledictionis,
2527 2672 2584 2717 et
2609 2672 2801 2719 cuncta
2826 2678 2949 2734 qum
2973 2666 3171 2735 scripta
3201 2676 3360 2722 erant
3380 2668 3434 2721 in
3463 2668 3534 2722 ιθ.

1966 2770 1985 2803 α
2012 2752 2094 2820 gis
2120 2751 2410 2807 volumine.
2464 2751 2608 2806 Nihil
2653 2768 2720 2807 ex
2756 2754 2842 2809 his
2883 2767 3003 2822 qua}
3043 2750 3254 2825 Moyses
3293 2756 3529 2824 jusseral

1965 2860 1984 2892 ι
2009 2842 2225 2911 reliquit
2259 2843 2539 2906 intactum,
2587 2844 2679 2898 sed
2728 2845 2980 2900 universa
3029 2846 3307 2916 replicavit
3344 2854 3527 2901 ceram

1963 2948 1984 2983 ι
2009 2933 2153 2985 omni
2201 2931 2541 2987 multitudine
2576 2932 2763 2998 Israel,
2815 2934 3133 2990 mulieribus
3173 2945 3228 2990 et
3268 2937 3543 3005 parvulis,

1963 3042 1984 3077 ι
2010 3039 2074 3079 ac
2120 3025 2342 3080 advenis
2387 3026 2479 3094 qui
2533 3026 2675 3081 inter
2723 3040 2819 3081 eos
2864 3028 3232 3082 morabantur.
3267 3046 3286 3081 ι
3333 3028 3530 3083 Facilis

1957 3115 2171 3185 quidem
2196 3123 2280 3170 est
2303 3115 2542 3192 historia:
2563 3115 2886 3185 explanatio,
2919 3117 3188 3185 quomodo
3213 3116 3356 3172 ﬁlius
3381 3116 3528 3170 Nave

1882 3188 1926 3250 (ἶ
1957 3206 2147 3277 legerit
2171 3208 2351 3262 omnia
2379 3188 2540 3262 verba
2570 3208 2701 3278 legis
2731 3222 2852 3279 quae
2873 3209 3090 3279 scripsit
3114 3209 3323 3280 Moyses
3340 3224 3527 3265 coram

1958 3299 2104 3354 omni
2146 3299 2373 3355 ecclesia
2403 3298 2632 3355 filiorum
2665 3300 2867 3354 Israel:
2900 3309 3088 3356 noster
3111 3312 3245 3355 vero
3268 3300 3529 3355 Dominus

1956 3386 2113 3443 Iesus
2133 3389 2400 3457 quomodo
2429 3388 2533 3444 hoc
2556 3389 2750 3460 populo
2769 3404 2868 3444 suo
2901 3388 3080 3455 faciat,
3111 3392 3397 3446 ostendere
3418 3405 3527 3446 non

1957 3480 2088 3534 mihi
2122 3480 2334 3534 videtur
2357 3481 2612 3536 otiosum.
2640 3481 2753 3552 Ego
2794 3482 3009 3551 quidem
3038 3482 3274 3537 arbitror
3309 3480 3451 3552 quod
3481 3484 3527 3538 si

1957 3569 2172 3638 quando
2196 3569 2393 3640 legitur
2435 3571 2589 3625 nobis
2632 3571 2868 3641 Moyses,
2915 3579 2969 3625 et
3010 3587 3107 3640 per
3149 3573 3378 3642 gratiam
3425 3574 3529 3626 Do.

1956 3653 2090 3708 mini
2118 3653 2361 3708 velamen
2397 3653 2591 3709 littera:
2624 3661 2952 3718 removetur,
2979 3662 3033 3708 et
3059 3656 3346 3724 incipimus
3369 3657 3527 3711 intelo

1955 3743 2120 3814 ligare
2155 3743 2282 3812 quia
2308 3743 2392 3797 lex
2443 3742 2701 3812 spiritalis
2729 3751 2842 3809 est;
2878 3751 2932 3800 et
2971 3745 3118 3813 quia,
3146 3744 3293 3799 verbi
3337 3758 3523 3807 causa,

1954 3835 2040 3890 lex
2070 3835 2238 3890 dicit:
2273 3854 2290 3887 ι
2322 3834 2436 3890 Non
2475 3834 2774 3892 iufrenahis
2794 3850 2857 3891 os
2892 3837 3018 3892 buvi
3048 3838 3321 3918 trituranti
3349 3837 3526 3909 (Deut.

1954 3941 2079 3984 xxv.
2106 3924 2136 3978 I
2167 3924 2290 3979 Cor.
2323 3924 2421 3997 ις),
2457 3946 2475 3978 ι
2513 3942 2617 3982 non
2649 3926 2717 3982 de
2746 3928 2917 3983 bobus
2941 3928 3077 3994 haec,
3100 3929 3195 3984 sed
3220 3930 3286 3984 ὼ
3308 3939 3527 3999 ,προειθι-

1950 4015 2018 4073 lis
2064 4017 2280 4073 dixerit.
2336 4017 2403 4072 Et
2444 4026 2837 4085 rur'sumcum
2881 4021 2935 4075 in
2986 4021 3104 4093 lege
3166 4022 3366 4079 dicitur
3403 4023 3543 4093 quia

1957 4125 1979 4162 ‹
2004 4109 2276 4165 Abraham
2310 4110 2445 4167 duos
2490 4110 2628 4167 ﬁlios
2656 4113 2856 4177 habuit,
2900 4129 3066 4170 unum
3107 4117 3173 4170 de
3217 4115 3430 4179 ancilla,
3475 4124 3528 4169 et

1951 4209 2116 4256 unum
2143 4203 2211 4258 de
2251 4201 2419 4259 libera
2463 4203 2608 4275 (Gal.
2636 4204 2735 4275 ix),
2768 4225 2786 4257 ι
2812 4221 2913 4276 ego
2952 4207 3006 4261 in
3034 4206 3121 4261 his
3148 4207 3384 4276 intelligo
3422 4207 3537 4261 duo

1950 4304 2070 4346 esse
2093 4291 2435 4347 Testamenta
2461 4301 2516 4346 et
2535 4292 2672 4348 duos
2704 4295 2949 4364 populos.
2981 4295 3143 4350 Istam
3174 4294 3327 4348 nobis
3357 4294 3525 4365 legem

1950 4396 2070 4451 qua:
2100 4383 2179 4437 sic
2203 4383 2537 4454 intelligitur,
2578 4400 2739 4453 quam
2771 4384 3071 4455 spiritalem
3098 4385 3345 4438 nominat
3382 4383 3527 4437 Pau-

1950 4471 2055 4536 lus,
2076 4470 2234 4527 Iesus
2262 4473 2525 4527 Dominus
2553 4474 2704 4545 legit,
2733 4483 2788 4529 et
2816 4475 2932 4545 ipse
2955 4483 3041 4528 est
3064 4474 3155 4542 qui
3182 4474 3299 4528 haec
3335 4473 3389 4527 in
3424 4488 3526 4527 au-

269 4536 367 4642 (ίυί
390 4578 517 4626 sum
558 4572 651 4642 qui
964 4536 1121 4641 jux'ta
1154 4536 1394 4628 ηιοηιριῃ
1418 4536 1594 4628 Elui]?
1627 4574 1739 4644 Ego
1876 4536 1928 4599 Β
1950 4561 2099 4617 ribus
2121 4564 2285 4618 totius
2325 4564 2505 4634 populi
2538 4536 2750 4630 recitat,
2794 4536 3111 4637 praecipiens
3145 4565 3300 4620 nobis
3340 4580 3407 4620 ne
3443 4578 3526 4620 se-

269 4663 376 4718 deo
403 4664 537 4719 duas
553 4674 676 4721 esse
703 4666 911 4735 species
941 4672 1127 4720 eorum
1166 4668 1257 4736 qui
1285 4668 1703 4737 promissionum
1728 4683 1845 4723 cm-

270 4754 493 4810 lestium
512 4756 803 4826 cupiditate
822 4757 1087 4819 successi,
1115 4772 1327 4814 summo
1348 4761 1525 4814 studio
1549 4759 1848 4831 diligentia-

271 4859 379 4917 que
414 4847 683 4913 nituntur,
713 4859 785 4903 ne
806 4849 995 4904 saltem
1025 4848 1248 4903 minima
1273 4858 1368 4905 eds
1405 4851 1681 4907 beatitudo
1707 4868 1845 4923 pra:-

273 4944 450 4992 tereat
477 4956 491 4992 :
521 4928 785 4995 habentes
810 4928 1155 5002 desiderium,
1184 4955 1290 4995 non
1314 4941 1485 4996 solum
1522 4942 1853 4998 benedictio-

273 5032 363 5085 nis
391 5026 768 5101 capiendam
789 5028 930 5088 elliei
957 5033 1012 5086 in
1033 5041 1186 5102 parte
1211 5033 1377 5088 sortis
1401 5037 1737 5099 sanctorum,
1762 5035 1857 5089 sed

270 5122 439 5176 etiam
488 5122 746 5177 assiStere
792 5122 845 5175 in
886 5132 1174 5192 conspectu
1225 5121 1339 5185 Dei,
1372 5132 1429 5176 et
1474 5137 1690 5192 semper
1734 5138 1855 5177 esse

270 5229 396 5270 cum
429 5214 673 5269 Domino.
699 5214 801 5269 Alii
827 5220 957 5269 Vero
1004 5220 1131 5269 sunt
1168 5216 1260 5284 qui
1286 5224 1342 5269 et
1384 5215 1485 5283 ipsi
1516 5215 1740 5270 tendunt
1783 5215 1851 5269 ad

269 5304 520 5368 salutem,
546 5314 599 5359 et
634 5321 739 5361 non
770 5313 876 5360 tam
925 5316 1111 5360 amore
1160 5305 1595 5361 benedictionum
1616 5288 1694 5360 ἐι
1729 5321 1854 5375 pro-

273 5393 593 5447 missionum
657 5395 943 5450 desideriis
1016 5395 1417 5450 inﬂammantur
1442 5436 1457 5460 ,
1528 5411 1687 5464 quam
1749 5397 1851 5450 hoc

271 5485 447 5556 magis
494 5485 756 5541 habentes
798 5485 853 5541 in
889 5494 1190 5557 (prospectu
1236 5492 1292 5541 et
1338 5485 1581 5542 dicentes
1631 5503 1643 5537 :
1692 5484 1852 5541 Suili-

269 5579 349 5633 cit
376 5578 508 5633 mihi
542 5594 649 5633 non
698 5578 781 5633 ire
816 5578 871 5633 in
919 5579 1096 5647 ignem
1145 5589 1442 5643 aiternum;
1491 5575 1689 5632 suincit
1719 5578 1853 5632 mihi

271 5687 379 5725 non
407 5669 601 5740 expelli
626 5670 682 5725 in
721 5670 972 5726 tenebras
997 5670 1316 5725 exteriores.
1348 5668 1481 5724 Cum
1505 5683 1635 5740 ergo
1662 5669 1716 5723 in
1740 5670 1857 5723 sin-

271 5764 415 5834 gulis
444 5764 748 5832 quibusque
786 5761 1023 5817 lidelium
1056 5760 1178 5815 talis
1199 5762 1270 5817 sit
1300 5760 1563 5831 propositi
1595 5760 1846 5827 varietas,

1949 4670 2178 4725 quamur
2203 4656 2533 4712 occidentem
2560 4657 2815 4721 litteram,
2847 4659 2940 4713 sed
2972 4666 3251 4713 teneamus
3279 4657 3526 4727 spiritum

1947 4745 2330 4802 viviﬁcantem.
2371 4747 2524 4819 Legit
2547 4760 2677 4819 ergo
2704 4749 2856 4805 nobis
2879 4746 3041 4805 Iesus
3060 4749 3249 4819 legem,
3274 4764 3402 4803 eum
3432 4764 3531 4803 no-

1947 4837 2032 4894 bis
2068 4837 2202 4909 legis
2230 4840 2429 4895 revelat
2457 4852 2674 4896 arcana.
2705 4842 2820 4897 Non
2857 4842 2999 4896 enim
3045 4855 3163 4906 nos,
3195 4842 3286 4911 qui
3329 4843 3394 4900 de
3422 4842 3529 4897 Ec-

1946 4928 2111 4985 clesia
2151 4946 2336 4986 sumus
2362 4932 2647 4997 catholica,
2682 4934 2985 5002 spernimus
3011 4934 3180 5004 legem
3211 4934 3401 5007 Moysi,
3436 4938 3529 4991 sed

1949 5022 2275 5091 suscipimus
2311 5036 2456 5089 eam,
2494 5024 2539 5078 si
2572 5033 2751 5079 tamen
2788 5034 2907 5081 eam
2940 5026 3097 5082 nobis
3119 5024 3277 5083 Iesus
3302 5026 3528 5099 legerit:

1948 5112 2029 5167 sic
2066 5112 2211 5168 enim
2241 5124 2392 5169 recte
2417 5116 2718 5185 poterimus
2750 5115 3046 5187 intelligere
3081 5117 3274 5189 legem,
3320 5117 3365 5172 si
3411 5126 3531 5170 eam

1949 5203 2105 5257 nobis
2128 5201 2285 5259 Iesus
2326 5205 2484 5276 legat.
2517 5214 2577 5260 ut
2622 5207 2737 5277 ipso
2765 5206 2977 5278 legente
3022 5222 3120 5263 nos
3165 5220 3383 5264 sensum
3414 5206 3529 5275 ejus

1952 5300 2301 5369 intelligentia
2355 5302 2652 5369 capiamus.
2706 5298 2815 5353 Sed
2868 5308 3047 5354 tamen
3103 5298 3388 5354 dicendum
3416 5310 3523 5364 est,

1951 5396 2095 5465 quod
2117 5396 2377 5463 scriptum
2416 5395 2696 5455 docemur,
2722 5393 2846 5460 quia
2876 5405 3057 5446 sermo
3084 5393 3169 5446 hic
3197 5390 3374 5459 arguit
3402 5404 3522 5457 nos,

1953 5486 2099 5557 quod
2117 5498 2227 5540 non
2246 5494 2436 5552 omnes
2454 5484 2546 5554 qui
2574 5484 2821 5539 audimus
2849 5483 3042 5554 legem,
3071 5481 3316 5537 Ecclesia
3340 5496 3527 5539 sumus

1953 5577 2185 5632 filiorum
2232 5574 2416 5636 Israel,
2449 5576 2494 5630 si
2520 5589 2627 5629 non
2656 5574 2913 5629 continuo
2940 5592 2954 5626 :
2988 5573 3034 5628 si
3061 5578 3145 5627 est
3169 5572 3349 5643 aliqua
3377 5572 3527 5628 dill'e-

1954 5668 2127 5723 rentia
2177 5667 2319 5722 inter
2364 5667 2638 5722 auditores
2685 5666 2818 5736 lcgis
2841 5672 2899 5720 et
2943 5664 3239 5720 Ecclesium
3295 5664 3526 5720 filiorum

1952 5759 2136 5824 Israel,
2189 5742 2404 5813 atnlitor
2449 5756 2752 5813 excluditur
2784 5772 2816 5808 a
2845 5754 3036 5811 salute.
3088 5755 3365 5812 Attendite
3400 5770 3528 5829 ergo
