4000 6186
465 328 606 383 1059

1105 321 1168 377 Β.
1208 320 1460 379 RABANI
1500 320 1716 386 MAURI
1752 320 2071 378 ARCHIEP.
2115 317 2421 377 MOGUN'I‘.
2461 311 2747 375 OPERUM
2782 309 2963 372 PARS
2998 314 3037 371 I.

3580 315 3720 373 ιυιο

462 436 773 508 diligentius
819 434 1000 490 verbis
1049 433 1343 505 Scriptura:
1396 433 1665 488 dicentis:
1705 451 1724 484 ι
1756 432 1873 487 Non
1923 440 2043 487 erat
2070 432 2119 494 Α
2145 429 2318 484 exbis
2357 439 2537 484 tamen
2565 443 2684 498 qua:
2710 436 2861 499 gesta
2904 434 3029 481 sunt
3058 426 3379 491 visibilibus,
3419 426 3595 480 nostri
3628 427 3729 480 Do-

462 528 629 582 ullum
676 525 901 581 verbum
931 540 999 580 ex
1047 526 1297 581 erunibus
1336 540 1457 594 qum
1508 524 1786 579 mandavit
1829 523 2041 594 Moyses

457 619 606 689 quod
628 633 736 673 non
764 618 955 688 legerit
980 614 1138 671 Iesus
1164 617 1218 671 in
1247 617 1469 672 auribus
1512 617 1675 671 totius
1696 615 1951 672 Ecclesiae
1977 616 2038 670 ﬁ-

460 712 658 766 liorum
686 709 883 773 Israel;
922 729 941 761 ι
970 717 1025 764 et
1076 709 1339 764 intendite
1380 708 1697 764 mulieribus
1722 716 1781 764 et
1826 707 2038 764 infanti-

458 803 561 858 bus
586 810 642 857 et
662 799 969 871 proselytis.
1002 798 1161 855 Novit
1182 800 1442 855 Dominus
1467 797 1626 854 Iesus
1646 813 1769 855 esse
1793 798 1929 854 alias
1947 814 2039 853 au-

460 908 550 948 res
587 900 786 963 praeter
813 892 946 947 istas
974 891 1220 946 carnales
1247 904 1381 961 quas
1423 890 1493 945 ad
1534 889 1865 945 audientiam
1904 888 2037 957 legis

461 983 719 1052 requirit;
749 982 890 1036 unde
928 989 985 1037 ct
1020 980 1074 1036 in
1104 979 1396 1051 Evangelio
1441 987 1791 1051 posteaquam
1815 978 1884 1033 de
1925 980 2039 1034 sin-

460 1072 598 1142 gulis
624 1086 745 1142 quae
781 1071 1067 1142 oportebat
1111 1070 1345 1135 edocuit,
1393 1071 1541 1126 addit
1582 1079 1638 1125 et
1667 1070 1798 1125 dicit
1828 1087 1841 1123 :
1878 1088 1899 1121 ι
1931 1069 2035 1137 Qui

460 1161 624 1217 habet
643 1176 806 1217 aures
838 1160 1091 1216 audiendi
1116 1160 1301 1216 audiat
1325 1158 1542 1233 (Matth.
1573 1160 1684 1232 XI);
1721 1180 1740 1213 ι
1767 1162 1909 1230 quod
1932 1162 2038 1216 uti-

459 1266 565 1321 quc
586 1250 635 1306 si
655 1250 724 1305 de
749 1250 975 1310 auribus
995 1250 1224 1306 dixisset
1249 1249 1577 1314 carnalibus,
1609 1250 1936 1319 superfluum
1958 1252 2037 1306 vi-

460 1342 700 1397 deretur.
729 1339 899 1396 Nemo
924 1340 1069 1395 enim
1086 1355 1193 1395 non
1214 1340 1421 1395 habens
1447 1355 1607 1395 aures
1630 1341 1698 1397 ad
1732 1342 1895 1396 verba
1918 1342 2037 1410 ejus

458 1433 724 1490 audienda
752 1441 1101 1488 convenerat.
1128 1433 1239 1488 Sed
1287 1434 1547 1503 quoniam
1575 1434 1801 1497 sciebat,
1832 1435 1886 1489 in
1935 1451 2036 1490 au-

459 1524 611 1579 ribus
637 1522 917 1577 interioris
936 1523 1187 1586 hominis,
1224 1523 1278 1577 id
1298 1530 1402 1589 est,
1429 1522 1702 1579 intellectu
1730 1522 1926 1587 cordis,
1955 1540 2038 1579 re—

459 1614 566 1683 cipi
596 1614 793 1669 debere
823 1630 942 1684 quae
967 1614 1112 1669 dicta
1137 1621 1262 1668 sunt
1283 1614 1430 1686 (quia
1453 1615 1588 1669 nihil
1608 1616 1827 1685 prodest
1849 1617 2036 1673 audire

459 1720 783 1767 sermonem,
814 1705 857 1757 si
889 1720 994 1758 non
1026 1705 1326 1760 retineatur
1371 1714 1428 1760 et
1466 1715 1714 1761 servetur
1742 1708 1794 1761 iu
1824 1708 2033 1779 corde),

2138 520 2270 575 mini
2298 518 2425 576 Iesu
2455 519 2754 574 Salvatoris
2795 516 2934 573 bella
2975 533 3040 572 ac
3082 517 3388 586 triumphos
3423 532 3566 587 quos
3591 519 3726 586 gerit

2136 609 2584 680 contemplemur,
2606 609 2856 680 quamvis
2877 608 3041 663 etiam
3069 609 3123 661 in
3156 607 3272 676 ipso
3297 607 3416 662 hzec
3442 606 3723 662 visibiliter

2136 715 2422 756 cernamus
2461 700 2694 770 expleta.
2726 689 3110 755 Convenerunt
3153 699 3299 754 enim
3344 712 3504 769 reges
3546 707 3716 763 terrm,

2135 801 2359 850 senatus
2396 793 2732 866 populusque
2764 801 2822 848 et
2857 792 3132 863 principes
3167 792 3419 854 Romani,
3468 799 3533 846 ut
3555 806 3723 862 expu-

2135 890 2366 956 gnarent
2409 898 2607 939 nomen
2650 880 2778 937 Iesu
2805 890 2862 936 et
2909 880 3076 936 Israel
3121 880 3299 935 simul.
3354 880 3725 934 Deereverunt

2135 975 2279 1029 enim
2308 973 2518 1044 legibus
2537 973 2651 1028 suis
2695 982 2756 1027 ut
2781 987 2889 1027 non
2935 972 3045 1027 sint
3068 971 3388 1026 Christiani.
3431 971 3626 1027 Omnis
3650 973 3726 1027 ci—

2135 1064 2299 1130 vitas,
2327 1064 2506 1119 omnis
2533 1063 2668 1120 ordo
2714 1062 3145 1120 Christianorum
3193 1077 3390 1117 nomen
3420 1063 3721 1132 impugnat.

2137 1155 2246 1212 Sed
2267 1157 2408 1213 sicut
2434 1164 2564 1211 tunc
2603 1170 2792 1211 omnes
2817 1154 2892 1208 illi
2917 1169 3071 1225 reges
3116 1154 3508 1209 convenientes
3537 1161 3721 1208 contra

2134 1246 2320 1305 Iesum
2343 1246 2480 1302 nihil
2501 1245 2681 1301 facere
2698 1253 3009 1315 potuerunt,
3032 1248 3107 1298 ita
3128 1259 3273 1298 nunc
3291 1259 3449 1315 reges
3472 1243 3558 1298 vel
3578 1244 3723 1312 prin-

2136 1338 2304 1408 cipes,
2330 1337 2417 1391 vel
2437 1344 2734 1408 potestates
2759 1335 2876 1391 ista:
2896 1333 3206 1399 contrarim,
3230 1342 3290 1387 ut
3311 1350 3420 1389 non
3451 1334 3690 1389 Christi:
3706 1364 3720 1375 -

2138 1442 2331 1482 uorum
2359 1441 2528 1497 genus
2562 1425 2722 1479 latius
2769 1439 2835 1478 ac
2863 1422 3137 1495 profusius
3180 1432 3531 1494 propagetur.
3582 1410 3728 1479 Scri;

2137 1526 2289 1586 ptum
2314 1530 2546 1585 namque
2572 1523 2677 1579 est,
2703 1513 2831 1583 quia
2865 1531 2884 1563 ι
2920 1521 3123 1583 quanto
3149 1513 3321 1583 magis
3347 1528 3443 1568 eos
3470 1514 3727 1569 humilia-

2136 1604 2289 1668 bant,
2341 1612 2489 1658 tanto
2528 1603 2708 1673 plures
2748 1601 2986 1664 ﬁebant,
3023 1608 3079 1655 et
3126 1600 3532 1656 invalescebant
3568 1601 3727 1658 valde

2139 1694 2335 1766 (Exod.
2365 1693 2427 1765 ι).
2464 1712 2487 1748 ι
2523 1692 2855 1748 Conﬁdimus
2880 1699 3061 1745 autem
3091 1692 3215 1761 quia
3260 1706 3364 1745 non
3412 1690 3589 1745 solum
3619 1708 3726 1747 non

457 1791 659 1847 ideirco
692 1808 850 1848 aures
898 1794 970 1848 ab
1021 1795 1360 1850 auditoribus
1396 1796 1740 1865 exposeebat.
1796 1797 2033 1852 Dicimus

2137 1800 2236 1838 nos
2255 1791 2509 1859 poterunt
2529 1782 2774 1838 obtinere
2806 1781 3102 1836 invisibiles
3152 1781 3357 1836 inimici
3398 1782 3601 1849 nostri,
3633 1797 3729 1837 ve-

456 1881 676 1949 quidem
700 1883 835 1938 viris
862 1883 1091 1939 fortibus
1119 1883 1312 1940 fortem
1341 1887 1554 1942 tradere
1577 1888 1781 1953 cibum,
1805 1888 1914 1943 illis
1954 1890 2034 1944 vi-

458 1971 656 2027 delicet
697 1974 765 2028 de
815 1973 1011 2042 quibus
1051 1972 1341 2044 Apostolus
1387 1978 1519 2031 dicit
1549 1998 1562 2031 ;
1598 1996 1617 2028 ι
1664 1977 2033 2034 Perfectornm

455 2072 636 2118 autem
660 2073 745 2119 est
786 2065 942 2120 cibus
965 2064 1189 2131 solidus,
1220 2081 1287 2121 ex
1328 2067 1524 2136 quibus
1552 2068 1668 2137 ipse
1692 2069 1793 2124 sibi
1834 2084 2036 2138 praepa-

455 2162 544 2209 rat
581 2154 881 2213 Ecclesiam
924 2171 1037 2215 non
1084 2157 1373 2214 habentem
1422 2159 1690 2214 maculam
1713 2170 1808 2215 aut
1846 2176 2035 2231 rugam

454 2253 548 2300 aut
572 2245 773 2316 aliquid
793 2247 991 2303 horum
1019 2246 1207 2319 (Hebr.
1232 2248 1310 2320 v).
1342 2269 1361 2303 ι
1389 2251 1496 2306 Eos
1521 2266 1651 2307 vero
1679 2267 1816 2321 quos
1835 2252 1888 2307 in
1917 2268 2036 2307 mu-

456 2333 669 2402 lierum,
705 2336 791 2391 vel
811 2336 1124 2405 infantium,
1146 2339 1229 2394 vel
1253 2340 1647 2412 proselytorum
1675 2343 2035 2413 appellatione

454 2427 713 2492 secernit,
757 2427 1123 2498 intelligamus
1157 2430 1256 2485 bos
1303 2445 1424 2485 esse
1471 2431 1680 2500 aliquos
1727 2434 1819 2502 qui
1859 2434 2035 2489 adhuc

456 2514 593 2570 laete
638 2515 900 2587 indigent,
927 2520 1204 2574 autetiam
1228 2520 1374 2574 velut
1411 2520 1633 2585 inﬁrmi,
1676 2530 1737 2575 ut
1760 2531 1889 2578 sunt
1911 2539 2034 2578 mu-

454 2604 638 2671 lieres,
684 2608 927 2664 oleribus
951 2618 1260 2666 veseuntur.
1292 2611 1351 2666 Si
1382 2626 1511 2667 vero
1560 2614 1720 2668 simul
1745 2615 1922 2669 omnis
1947 2630 2036 2671 ac-

454 2696 692 2766 cipiatur
718 2698 984 2764 Ecclesia,
1010 2700 1113 2754 viri
1137 2701 1354 2769 quidem
1398 2702 1772 2773 intelliguntur
1808 2718 1929 2759 esse
1958 2705 2032 2759 illi

456 2785 550 2855 qui
581 2786 636 2840 in
656 2787 912 2843 omnibus
934 2788 1319 2858 perfectionem
1344 2799 1560 2857 norunt,
1590 2800 1649 2846 et
1672 2795 1868 2847 armati
1895 2794 2036 2848 iace

452 2878 586 2933 dere
610 2878 899 2935 adversum
939 2881 1168 2936 astutias
1214 2880 1442 2948 diaboli;
1489 2883 1744 2938 mulieres
1782 2898 1911 2938 vero
1958 2884 2033 2939 illi

449 2969 543 3038 qui
572 2971 811 3026 nondum
841 2985 905 3027 ex
929 2973 1234 3043 semetipsis
1252 2988 1316 3028 ea
1345 2990 1468 3044 qua:
1491 2976 1646 3030 utilia
1670 2984 1796 3031 sunt
1815 2986 2030 3047 gerunt,

450 3060 546 3115 sed
581 3061 843 3117 imitando
871 3063 1123 3118 meliores
1147 3073 1202 3119 et
1245 3079 1433 3121 eorum
1462 3067 1709 3137 exempla
1748 3068 2028 3132 sectanda,

2136 1889 2255 1928 rum
2269 1873 2432 1928 etiam
2448 1872 2722 1937 velociter,
2745 1870 2872 1926 Iesu
2897 1870 3116 1941 Christo
3136 1871 3361 1927 Domino
3385 1880 3580 1928 nostro
3606 1872 3729 1926 vin-

2134 1972 2289 2020 cente
2313 2005 2329 2031 ,
2383 1974 2690 2020 conteretur
2749 1963 2979 2019 Satanas
3026 1964 3126 2019 sub
3179 1965 3404 2034 pedibus
3440 1980 3729 2021 servomm

2133 2055 2278 2126 ejus;
2316 2056 2406 2110 illo
2430 2056 2629 2110 etenim
2655 2054 2793 2109 duce
2841 2070 2941 2110 nos
2969 2054 3238 2109 vincimus
3281 2053 3482 2109 milites
3511 2057 3621 2122 sui,
3652 2056 3731 2111 ita
3830 2050 3837 2057 ’

2133 2156 2192 2202 ιιι
2222 2162 2323 2202 nos
2351 2146 2594 2203 dicamus
2620 2146 2783 2218 (sicut
2804 2147 2859 2201 in
2882 2145 3051 2201 Eser
3074 2146 3332 2216 scriptum
3352 2147 3457 2218 est)
3486 2166 3504 2198 ι
3535 2147 3673 2215 Quia
3693 2164 3730 2203 a

2133 2247 2208 2304 te,
2239 2238 2485 2303 Domine,
2515 2246 2600 2293 est
2639 2237 2885 2304 victoria,
2918 2247 2972 2292 et
3000 2253 3100 2309 ego
3127 2244 3251 2292 tuus
3276 2252 3292 2291 :
3319 2238 3638 2294 benedictus
3666 2254 3729 2296 es

2134 2329 2277 2385 Deus
2303 2329 2552 2384 veritatis
2580 2327 2699 2401 (III
2735 2328 2945 2384 Eadm.
2974 2328 3072 2399 tv).
3110 2349 3130 2381 ι

2204 2419 2380 2493 (Ιιιιιι.)
2416 2438 2435 2471 ι
2479 2419 2549 2474 At
2575 2420 2631 2474 bi
2660 2419 2751 2489 qui
2778 2420 3095 2475 habitabant
3137 2421 3191 2474 in
3219 2419 3465 2485 Gabaon,
3499 2421 3729 2476 audien-

2138 2527 2157 2561 ι
2193 2518 2275 2565 tes
2305 2518 2500 2565 cuncta
2543 2525 2662 2579 qua:
2707 2508 2911 2564 fecerat
2951 2508 3116 2565 Iosue
3160 2509 3381 2564 Iericho
3410 2520 3466 2565 et
3509 2512 3641 2579 Abi,
3670 2520 3730 2568 et

2139 2620 2158 2654 ι
2192 2601 2383 2656 callide
2402 2601 2725 2671 cogitantes,
2755 2598 2992 2655 tulerunt
3017 2599 3120 2655 sibi
3156 2601 3386 2666 cibaria,
3419 2617 3611 2657 saccos
3633 2618 3730 2659 ve-

2139 2711 2156 2743 ι
2194 2700 2339 2747 teres
2366 2690 2534 2745 asinis
2565 2690 2867 2760 impositos,
2899 2701 2955 2745 et
2973 2699 3122 2745 utres
3150 2691 3387 2744 vinarios
3410 2692 3615 2747 scisses
3643 2704 3725 2747 ab

2138 2800 2158 2833 ι
2192 2797 2297 2851 que
2320 2780 2600 2847 consutos,
2626 2781 3102 2851 calceamentaque
3138 2783 3483 2851 perantiqua,
3510 2799 3635 2853 qua:
3657 2784 3731 2839 ad

2138 2894 2157 2926 ι
2196 2876 2454 2931 indicium
2480 2877 2766 2933 vetustatis
2788 2877 3037 2947 pictaciis
3084 2887 3311 2932 consuta
3335 2887 3517 2943 erant,
3547 2879 3728 2934 induti

2137 2984 2158 3017 ι
2190 2965 2464 3021 veteribus
2501 2966 2879 3022 vestimentis:
2908 2981 3077 3036 panes
3111 2982 3327 3038 quoque
3367 2983 3507 3037 quos
3535 2977 3725 3039 porta-

2139 3076 2158 3109 ι
2194 3057 2415 3113 bantoh
2437 3058 2718 3123 viaticum,
2747 3059 2867 3114 duri
2902 3066 3060 3114 erant
3088 3068 3144 3114 et
3180 3060 3235 3116 in
3282 3059 3456 3114 frusta
3494 3061 3729 3115 commi-

449 3164 518 3203 ex
541 3151 740 3219 quibus
780 3161 835 3207 et
862 3162 1026 3223 caput
1076 3154 1276 3208 habere
1322 3156 1592 3211 dicuntur.
1624 3127 1862 3213 Infantes
1902 3127 2033 3213 vero

2143 3165 2161 3198 ι
2197 3147 2314 3201 ιιιιῑί
2345 3162 2360 3201 :
2388 3157 2849 3219 pcrrexeruntque
2871 3149 2940 3204 ad
2963 3148 3151 3215 Iosue,
3177 3151 3270 3220 qui
3297 3158 3426 3206 tunc
3462 3152 3719 3208 moraba-

449 3250 612 3294 erunt
643 3243 759 3310 qui,
805 3257 980 3313 nuper
1004 3243 1108 3300 ﬁde
1146 3254 1416 3314 suscepta,
1448 3246 1587 3300 lacte
1614 3247 1889 3318 Evangelii
1935 3263 2037 3301 nu-

450 3329 722 3397 triuntur;
755 3332 1016 3403 proselyti
1064 3342 1243 3387 autem
1280 3337 1655 3392 eatechumeni
1685 3338 2032 3404 videbuntur,

447 3430 507 3478 et
543 3423 599 3477 hi
623 3424 713 3493 qui
737 3424 853 3494 jam
882 3425 1081 3480 sociari
1108 3439 1170 3481 se
1198 3426 1445 3483 ﬁdelibus
1468 3428 1706 3484 student.
1738 3430 1815 3484 De
1840 3430 2036 3499 quibus

450 3514 678 3586 singulis
701 3516 900 3571 similia
948 3517 1112 3572 etiam
1163 3517 1400 3574 Ioannes
1428 3521 1686 3586 sentiens,
1712 3521 1767 3576 in
1794 3521 2035 3592 Epistola

449 3619 547 3659 sua
595 3606 815 3676 scripsit
842 3606 966 3679 (Ep.
992 3607 1044 3674 1,
1088 3625 1204 3680 cap.
1236 3611 1322 3682 ιι),
1361 3618 1419 3665 et
1462 3612 1687 3684 singulis
1729 3614 2036 3686 quibusque

450 3695 699 3752 aetatibus
732 3698 951 3768 propria
977 3714 1205 3770 quaeque
1232 3710 1384 3770 gesta
1426 3703 1705 3759 discernit.
1746 3703 2037 3762 Verumta-

450 3802 574 3841 men
602 3785 790 3843 Iesum
825 3789 986 3845 vobis
1019 3792 1340 3847 recitantem
1381 3793 1576 3864 legem,
1603 3801 1660 3849 et
1705 3795 2034 3852 revelantem

449 3878 705 3932 cordibus
727 3879 927 3935 vestris
950 3880 1361 3953 intelligentiam
1390 3885 1687 3953 spiritalem
1716 3888 1916 3953 audite,
1941 3904 2036 3945 ne-

449 3983 553 4036 que
579 3969 858 4041 proselyti,
890 3970 945 4028 id
971 3982 1056 4027 est
1080 3975 1479 4041 catcchumeni,
1507 3976 1709 4033 diutius
1728 3979 2029 4045 maneatis;

450 4059 545 4114 sed
598 4059 856 4117 festinate
904 4062 973 4117 ad
1015 4064 1420 4134 percipiendam
1456 4067 1685 4137 gratiam
1731 4068 1846 4134 Dei,
1879 4077 1939 4124 ut
1980 4079 2035 4125 et

449 4166 548 4206 vos
571 4152 627 4205 in
649 4151 890 4209 Ecclesia
918 4153 1151 4210 filiorum
1179 4155 1345 4210 Israel
1370 4156 1821 4213 adnumeremini.
1849 4160 1918 4215 Et
1937 4176 2036 4218 vos

450 4241 683 4297 infantes
707 4260 727 4293 ι
761 4244 927 4300 nolite
976 4246 1130 4315 pueri
1180 4245 1320 4302 cﬁici
1375 4247 1647 4314 sensibus,
1685 4250 1780 4305 sed
1827 4250 2033 4305 malitia

448 4334 657 4404 parvuli
690 4354 709 4388 ι
745 4345 939 4392 estote.
984 4336 1245 4393 Sensibus
1288 4353 1533 4410 quoque,
1563 4341 1673 4407 ait,
1706 4351 1881 4398 estote
1908 4358 2033 4414 per-

451 4422 595 4480 fecti.
624 4422 733 4481 Sed
760 4426 1039 4481 videamus
1068 4427 1199 4498 quid
1225 4437 1350 4497 post
1373 4429 1490 4485 haec
1509 4430 1773 4501 scriptum
1798 4441 1904 4489 est.

1066 4582 1293 4638 CAPUT
1333 4583 1397 4639 II.

448 4688 528 4744 De
558 4694 787 4760 gentium
819 4707 1067 4749 conventu
1095 4697 1372 4751 adversum
1409 4698 1577 4752 Iosue
1618 4708 1675 4752 ut
1712 4699 2026 4754 dimicarent

519 4773 700 4840 contra
722 4780 858 4840 cum,
891 4776 943 4840 et
968 4766 1032 4820 de
1060 4766 1180 4840 dolo
1203 4763 1621 4840 Gabaonitarum
1643 4786 1744 4840 quo
1772 4767 2025 4838 fallebant

518 4829 679 4884 Iosue
706 4842 752 4885 et
776 4833 1032 4905 principes
1061 4834 1250 4891 Israel.

521 4961 649 5019 Cu.
680 4963 781 5034 ut.)
815 4982 834 5014 ι
862 4964 1070 5033 Quibus
1096 4969 1319 5036 auditis,
1345 4970 1525 5026 cuncti
1554 4983 1707 5041 reges
1733 4978 1884 5026 trans
1906 4970 2026 5027 Ior-

456 5074 478 5106 ι
511 5054 705 5110 danem
753 5054 845 5124 qui
877 5058 1232 5115 versabantur
1261 5060 1316 5115 in
1339 5061 1612 5118 montanis
1644 5068 1702 5117 et
1739 5061 1795 5117 in
1817 5076 2030 5133 campe-

455 5164 476 5196 ι
513 5145 734 5211 stribus,
764 5144 821 5200 in
873 5147 1161 5204 maritimis
1185 5165 1251 5204 ac
1297 5149 1481 5208 littore
1518 5152 1689 5207 maris
1718 5153 1933 5224 magni;
1967 5155 2031 5211 hi

453 5257 474 5290 ι
511 5252 725 5310 quoque
743 5239 839 5310 qui
857 5239 1176 5296 habitabant
1195 5240 1354 5310 juxta
1384 5243 1668 5309 Libanum,
1695 5243 1949 5301 Hethseus
1970 5255 2030 5303 et

453 5349 474 5382 ι
507 5331 879 5399 Amorrhatus,
929 5340 985 5388 et
1014 5330 1372 5400 Cbananaeus,
1402 5334 1742 5403 Pherezatus,
1786 5345 1843 5392 et
1866 5336 2029 5393 Iebu-

453 5444 474 5476 ι
509 5442 666 5491 smus,
694 5428 1008 5499 congregati
1033 5435 1159 5482 sunt
1178 5428 1407 5497 pariter,
1425 5438 1483 5483 ut
1508 5438 1813 5500 pugnarent
1836 5439 2025 5486 contra

454 5532 475 5565 ι
508 5514 674 5572 Iosue
704 5524 760 5572 et
797 5516 967 5572 Israel
1007 5531 1114 5572 uno
1140 5517 1325 5572 animo
1352 5517 1648 5588 eademque
1672 5521 1959 5577 sententia.
2000 5541 2020 5573 ι

446 5603 617 5661 Simul
659 5608 886 5665 historia
918 5623 1104 5666 rerum
1141 5617 1420 5681 gestarum
1463 5610 1747 5666 manifesta
1775 5611 2031 5681 explana-

444 5696 592 5750 tione
623 5713 727 5752 non
772 5700 990 5771 indiget,
1020 5700 1166 5771 quod
1206 5701 1485 5758 evidenter
1529 5701 1800 5771 expletum
1828 5709 2025 5767 cst;et

2142 3255 2162 3288 ι
2200 3245 2289 3292 tur
2307 3238 2360 3292 in
2387 3238 2583 3293 castris
2611 3238 2864 3311 Galgalze,
2891 3248 2947 3293 et
2982 3241 3232 3294 dixerunt
3265 3241 3339 3306 ei,
3379 3249 3547 3311 atque
3574 3242 3729 3297 omni

2142 3348 2161 3381 ι
2197 3330 2357 3385 simul
2376 3330 2566 3386 ‘Isracli
2597 3349 2612 3384 :
2638 3330 2716 3386 De
2745 3340 2891 3386 terra
2915 3331 3202 3402 longinqua
3232 3332 3503 3396 venimus,
3531 3347 3729 3402 pacem

2142 3440 2162 3474 ι
2198 3422 2475 3479 vobiscum
2499 3421 2682 3478 facere
2730 3422 3033 3492 cupientes,
3065 3442 3086 3475 ι
3115 3432 3221 3478 etc.
3253 3423 3362 3493 (Ex
3383 3421 3728 3496 Augustino.)

2136 3514 2291 3583 Quod
2337 3514 2651 3570 Gabaonitaa
2696 3523 2959 3569 venerunt
2995 3515 3064 3570 ad
3109 3512 3294 3569 Iesum
3328 3530 3456 3570 cum
3492 3516 3726 3571 vetustis

2133 3606 2365 3678 panibus
2396 3614 2452 3662 et
2488 3606 2682 3671 saccis,
2702 3613 2763 3659 ut
2804 3615 3127 3676 putarentur
3148 3604 3311 3678 (sicut
3340 3606 3635 3675 ﬁnxerant)
3657 3607 3729 3661 de

2136 3707 2280 3755 terra
2305 3698 2519 3754 venisse
2549 3698 2860 3770 longinqua,
2889 3714 2998 3771 quo
3025 3700 3105 3755 eis
3149 3708 3483 3769 parceretur.
3512 3698 3730 3756 Consti-

2134 3800 2312 3848 tutum
2339 3792 2486 3847 enim
2509 3800 2625 3846 erat
2652 3807 2681 3847 a
2708 3793 2936 3847 Domino
2963 3808 3031 3847 ne
3074 3791 3236 3847 alicui
3265 3802 3439 3846 terras
3473 3790 3600 3845 illas
3636 3790 3724 3844 in-

2133 3883 2400 3940 babitanti
2448 3893 2749 3954 parcerent,
2790 3900 2898 3955 quo
2945 3884 3406 3955 ingrediebantur.
3465 3882 3725 3938 Nonnulli

2135 3975 2351 4030 codices
2374 3983 2429 4030 et
2453 3974 2629 4032 Grazci
2658 3985 2714 4031 et
2742 3976 2923 4031 Latini
2954 3977 3156 4032 habent
3183 3994 3199 4031 :
3233 3995 3254 4028 ι
3284 3976 3352 4030 Et
3386 3976 3724 4046 accipientes

2134 4078 2323 4119 saccos
2347 4072 2560 4119 veteres
2592 4078 2752 4134 super
2779 4064 3035 4120 humeros
3063 4080 3209 4120 suos.
3250 4084 3269 4117 ι
3297 4064 3404 4119 Alii
3449 4080 3601 4128 vero,
3625 4066 3720 4133 qui

2133 4154 2441 4210 veraciores
2464 4156 2734 4222 videntur,
2761 4171 2867 4212 non
2897 4157 3101 4213 habent
3133 4175 3152 4208 ι
3190 4171 3355 4226 super
3376 4157 3654 4219 humeros,
3695 4176 3719 4208 ι

2134 4242 2228 4298 sed
2263 4236 2286 4294 ἆ
2320 4256 2482 4313 super
2502 4244 2685 4300 asinos
2709 4260 2857 4301 suos.
2889 4264 2907 4299 ι
2943 4244 3251 4301 Similitudo
3279 4245 3430 4299 enim
3478 4245 3632 4299 verbi
3663 4246 3719 4300 in

2132 4335 2320 4393 Graeca
2344 4336 2526 4407 lingua
2554 4338 2963 4394 mendositatem
2986 4336 3198 4393 facilem
3221 4335 3371 4396 fecit.
3390 4346 3448 4391 et
3470 4336 3597 4392 ideo
3622 4336 3724 4389 La-

2134 4428 2249 4483 tina
2278 4443 2492 4498 quoque
2520 4427 2854 4497 exemplaria
2899 4427 3104 4483 variata
3133 4435 3261 4483 sunt
3292 4444 3306 4482 :
3339 4427 3494 4500 ὤμων
3518 4428 3719 4497 quippe

2133 4528 2189 4574 et
2210 4518 2333 4575 ὄνων
2360 4534 2468 4574 non
2498 4518 2725 4574 multum
2773 4519 2842 4574 ab
2875 4518 3109 4574 invicem
3152 4517 3459 4583 dissonant,
3484 4534 3720 4589 quantm

2133 4612 2283 4681 prius
2331 4612 2681 4668 humerorum
2708 4625 2907 4667 nomen
2951 4618 3057 4675 est,
3103 4610 3373 4681 posterius
3412 4613 3715 4666 asinorum.

2133 4701 2258 4756 Ideo
2299 4712 2385 4758 est
2412 4711 2591 4755 autem
2617 4701 2685 4757 de
2709 4701 2878 4757 asinis
2918 4700 3251 4766 credibilius,
3280 4700 3545 4770 quoniam
3595 4716 3655 4755 se
3681 4715 3716 4757 a

2134 4810 2229 4849 sua
2256 4803 2414 4863 gente
2438 4794 2727 4865 longinqua
2757 4795 2952 4850 missos
2977 4809 3097 4850 esse
3125 4794 3381 4849 dixerunt
3413 4811 3429 4847 :
3464 4794 3608 4848 unde
3627 4808 3713 4862 ap-

2131 4893 2287 4955 paret
2336 4900 2433 4939 eos
2465 4883 2631 4940 fuisse
2680 4884 2906 4955 legatos,
2945 4892 3001 4939 et
3054 4882 3178 4938 inde
3229 4883 3407 4954 magis
3443 4885 3499 4939 in
3546 4885 3713 4940 asinis

2130 4990 2294 5044 quam
2322 4975 2377 5030 in
2413 4975 2656 5031 humeris
2680 4975 2982 5029 necessaria
3016 4982 3236 5045 portare
3283 4975 3552 5044 potuisse,
3586 4977 3712 5045 quia

2131 5080 2234 5120 nec
2260 5064 2412 5119 multi
2442 5079 2564 5121 esse
2602 5073 2873 5134 poterant,
2900 5072 2956 5119 et
3002 5079 3109 5120 non
3156 5062 3331 5119 solum
3377 5079 3590 5130 saccos,
3618 5066 3711 5120 sed

2129 5157 2293 5212 etiam
2335 5165 2484 5211 utres
2527 5166 2776 5226 portasse
2820 5155 3099 5226 Scriptura
3142 5165 3564 5212 commemorat.
3605 5157 3711 5228 (Es

2129 5245 2490 5318 Adamantio.)
2533 5245 2712 5302 Multae
2742 5262 2869 5318 ergo
2901 5261 3092 5302 eorum
3117 5247 3216 5315 qui
3256 5246 3329 5301 ad
3364 5246 3599 5303 salutem
3628 5262 3709 5302 ve-

2129 5340 2287 5394 niunt
2307 5337 2624 5395 differentiae
2654 5339 3034 5410 designantur;
3069 5338 3213 5394 unde
3233 5346 3292 5393 et
3314 5353 3461 5395 nunc
3505 5337 3709 5395 Gabao-

2130 5430 2275 5485 nitas
2297 5428 2425 5495 hos,
2438 5444 2668 5499 quorum
2697 5428 2921 5484 historia
2948 5429 3174 5487 recitata
3200 5436 3307 5492 est,
3331 5434 3571 5485 arbitror
3590 5444 3707 5499 por-

2131 5520 2426 5575 tiunculam
2462 5520 2751 5589 quamdam
2779 5534 2901 5574 esse
2939 5534 3130 5574 eorum
3154 5518 3246 5589 qui
3276 5516 3519 5572 salvandi
3548 5526 3703 5580 sunt;

2129 5611 2203 5664 ita
2233 5619 2412 5666 tamen
2445 5619 2505 5663 ut
2531 5625 2638 5665 non
2660 5610 2863 5678 absque
2889 5608 3119 5679 alicujus
3142 5616 3281 5661 noue
3310 5607 3585 5661 inustione
3608 5603 3703 5661 salo

2128 5709 2343 5769 ventur.
2376 5699 2537 5756 Vides
2585 5715 2819 5771 namque
2858 5698 3127 5772 quomodo
3154 5698 3285 5771 ligni
3340 5714 3597 5765 anseres,
3624 5696 3705 5753 vel
