4000 6186
243 327 374 386 l0“

1167 320 1521 379 COMMENT.
1559 317 1629 375 IN
1667 318 1937 377 LIBRUM
1963 314 2200 374 IOSUE.
2238 347 2308 357 —-
2346 316 2474 373 LIB.
2506 316 2570 377 II’.

3352 315 3505 375 ιοωη

238 460 398 515 aqua:
426 446 727 511 gestatorcs
776 437 891 492 ﬁeri
922 436 1374 501 condemnantur,
1397 434 1462 491 ad
1499 432 1827 504 obsequium.
1845 442 1892 502 Α
1918 429 2151 487 mereri?
2184 428 2427 499 Denique
2454 429 2536 484 vis
2560 443 2720 484 nosse
2747 444 2908 499 quam
2935 428 3096 499 digna
3130 443 3257 500 erga
3285 444 3380 485 cos
3425 430 3495 484 ab

237 532 449 607 populi,
483 539 540 584 et
569 527 755 582 altaris
784 526 878 580 Dei
908 525 1286 588 ministerium,
1315 524 1570 593 quoniam
1603 522 1823 592 quidem

236 641 369 683 cum
405 622 530 678 dolo
555 628 613 676 et
651 618 946 675 calliditate
974 624 1320 672 accesserunt
1363 615 1433 669 ad
1472 615 1610 669 ﬁlios
1636 612 1820 677 Israel,

234 714 440 787 pannis
488 720 543 765 et
568 709 951 765 calceamentis
994 705 1267 761 veteribus
1317 704 1514 769 induti,
1540 711 1596 757 et
1642 703 1825 758 cibum

234 804 444 861 vetusti
492 801 649 872 panis
696 798 951 854 ferentes.
981 796 1078 854 Isti
1110 811 1239 868 ergo
1267 796 1492 851 veniunt
1534 794 1604 848 ad
1641 791 1827 848 Iesum

239 912 370 951 cum
396 894 649 950 omnibus
681 890 1037 946 vetustatibus
1080 890 1193 944 suis
1237 896 1294 943 et
1323 895 1484 943 orant
1534 887 1604 942 ab
1631 901 1699 942 eo
1724 886 1829 940 hoc

246 996 457 1043 tantum
485 992 548 1038 ut
569 983 864 1038 salventur.
893 982 952 1035 In
979 994 1208 1049 quorum
1240 978 1411 1049 figura
1442 977 1549 1032 tale
1595 975 1728 1032 mihi
1751 975 1831 1029 vi-

245 1079 407 1133 detur
431 1075 637 1144 aliquid
660 1072 890 1128 ostendi.
917 1070 1057 1126 Sunt
1094 1069 1315 1139 quidam
1366 1068 1422 1122 in
1451 1066 1692 1123 Ecclesia
1720 1080 1832 1121 ere—

249 1167 445 1222 dentes
491 1164 707 1235 quidem
731 1169 787 1217 et
828 1163 1090 1217 habentes
1115 1159 1273 1215 ﬁdem
1303 1159 1367 1214 in.
1391 1158 1584 1223 Deum,
1629 1164 1686 1211 et
1741 1170 1833 1209 ae-

247 1257 595 1327 quiescentes
614 1246 865 1309 omnibus
895 1252 1092 1307 divinis
1124 1250 1429 1321 praeceptis,
1450 1250 1647 1318 quique
1666 1247 1830 1306 etiam

246 1361 381 1417 erga
423 1359 613 1401 servos
662 1343 760 1398 Dei
817 1342 1055 1412 religiosi
1110 1352 1259 1405 sunt,
1301 1350 1356 1396 et
1385 1340 1592 1395 senire
1630 1338 1711 1393 eis
1737 1353 1835 1393 cu-

246 1439 427 1509 piunt,
469 1437 566 1492 sed
590 1436 659 1490 ad
678 1441 932 1489 ornatum
956 1434 1213 1488 Ecclesia:
1237 1433 1324 1489 vel
1366 1430 1723 1485 ministerium
1754 1443 1835 1484 sa-

251 1530 325 1584 tis
352 1528 584 1598 prompti
606 1534 663 1581 et
678 1525 784 1594 apti
819 1540 926 1578 non
962 1531 1111 1587 sunt,
1141 1524 1195 1578 in
1227 1523 1436 1577 actibus
1465 1521 1579 1576 suis
1624 1528 1685 1574 et
1710 1535 1836 1574 eon-

248 1620 564 1675 versatione
612 1617 831 1688 propria
860 1616 1077 1671 obsceni
1109 1615 1242 1670 satis
1290 1622 1345 1669 et
1392 1614 1538 1668 intus
1590 1611 1833 1676 involuti,

252 1725 360 1766 nec
383 1709 607 1764 omnino
632 1694 963 1777 deponentes
994 1715 1231 1761 veterem
1261 1704 1531 1760 hominem
1554 1718 1678 1757 cum
1706 1701 1839 1756 acti-

1923 520 2050 577 Iesu
2095 527 2314 590 propter
2359 519 2744 591 ignobilitatem
2789 520 2984 575 mentis
3024 534 3211 575 eorum
3257 520 3495 577 conditio

1925 615 2231 691 dispensata
2274 622 2378 675 est,
2422 612 2519 681 ipsi
2569 612 2755 675 dicunt
2800 610 2854 666 in
2885 612 3270 680 sequentibus:
3307 629 3326 662 ‹
3361 610 3496 678 Quia

1926 706 2232 761 audivimus
2253 714 2456 775 quanta
2482 703 2613 758 fecit
2643 704 2899 759 Dominus
2924 703 3077 756 vobis
3105 718 3199 772 per
3224 719 3375 757 mare
3395 703 3500 756 Ru-

1924 797 2102 862 brum,
2134 797 2265 852 etin
2309 796 2542 852 deserto.
2572 816 2591 848 ι
2621 796 2690 850 Ει
2715 811 2837 850 cum
2864 794 3137 859 dicerent,
3159 801 3214 848 et
3257 796 3399 848 scire
3446 802 3503 849 et

1928 888 2144 945 audisse
2171 903 2232 944 se
2261 886 2459 942 divinis
2502 886 2839 942 mirabilibus
2872 884 3194 949 faterentur,
3242 883 3378 938 nihil
3424 892 3501 936 ta-

1929 996 2052 1036 men
2079 979 2184 1039 fide
2209 979 2389 1050 digne,
2411 977 2546 1034 nihil
2572 986 2842 1033 tantarum
2859 978 3120 1032 virtutum
3143 975 3507 1031 admiratione
3560 990 3565 999 ·

1929 1079 2242 1140 gesserunt;
2264 1079 2320 1127 et
2341 1070 2463 1126 ideo
2481 1070 2671 1125 videns
2697 1077 2985 1139 angustum
3013 1083 3203 1125 eorum
3229 1067 3508 1137 exiguum-

1930 1180 2035 1232 que
2060 1164 2391 1232 propositum
2422 1162 2474 1217 in
2506 1160 2629 1226 ﬁde,
2656 1160 3079 1215 moderationem
3118 1174 3247 1230 erga
3278 1173 3372 1214 eos
3390 1157 3509 1227 jus-

1933 1255 2193 1310 tissimam
2222 1259 2426 1316 servat,
2451 1260 2509 1306 ut
2534 1252 2762 1306 salutem
2784 1258 3141 1315 mererentur,
3167 1248 3258 1319 qui
3280 1263 3505 1317 parvum

1933 1346 2059 1399 licet
2086 1344 2209 1398 fidei
2236 1343 2561 1406 detulerunt,
2613 1358 2712 1397 nec
2739 1348 2918 1396 tamen
2947 1355 3214 1395 summam
3242 1340 3391 1409 regni
3423 1337 3507 1392 vel

1933 1437 2197 1497 libertatis
2225 1436 2553 1506 acciperent,
2580 1451 2677 1505 pro
2705 1449 2770 1490 eo
2799 1435 2944 1504 quod
2986 1433 3119 1488 ﬁdes
3149 1448 3336 1486 eorum
3360 1431 3507 1485 nullo

1933 1540 2155 1595 operum
2184 1525 2561 1581 nobilitaretur
2588 1539 2830 1578 accessu.
2884 1522 3148 1590 Quoniam
3198 1520 3354 1575 ﬁdem
3391 1521 3510 1575 sine

1935 1615 2186 1686 operibus
2216 1620 2486 1670 mortuam
2529 1613 2719 1667 haberi
2768 1610 3084 1681 pronuntiat
3111 1610 3341 1665 Iacobus
3365 1607 3504 1681 (Jac.

1937 1704 2022 1777 ιι).
2054 1706 2439 1761 Verumtamen
2488 1705 2765 1761 sciendum
2793 1714 2877 1760 est
2909 1711 3170 1775 quantum
3215 1702 3510 1774 figurarum

252 1801 361 1855 bus
386 1800 500 1854 suis
532 1807 628 1855 :et
657 1799 800 1854 sicut
840 1798 927 1852 isti
972 1796 1166 1867 pannis
1199 1804 1253 1851 et
1277 1794 1658 1850 calceamentis
1688 1802 1837 1848 vete-
1858 1793 1909 1851 ,Β
1937 1812 2004 1851 ex
2034 1795 2355 1865 huiusmodi.
2395 1795 2895 1851 adumbrationibus
2925 1795 3236 1859 edoeemur,
3292 1791 3433 1862 quod
3465 1789 3511 1844 si

253 1889 411 1943 ribus
432 1888 652 1951 obtecti,
683 1886 1000 1957 prteterhoe
1025 1885 1168 1953 quod
1197 1885 1259 1945 in.
1292 1884 1459 1938 Deum
1495 1883 1741 1947 credunt,
1778 1889 1836 1936 et

252 1993 386 2048 erga
408 1992 596 2032 servos
621 1976 717 2031 Dei
764 1974 851 2030 vel
904 1974 1158 2030 Ecclesia:
1200 1973 1402 2029 cultum
1436 1973 1690 2027 videntur
1715 1984 1834 2026 esse

253 2067 461 2131 devoti,
491 2067 622 2122 nihil
643 2067 959 2121 adhibentes
992 2064 1386 2121 emendationis
1426 2062 1510 2118 vel
1544 2061 1839 2118 innovatio-

254 2159 344 2215 nis
372 2158 428 2211 in
460 2157 723 2212 moribus.
751 2156 874 2210 Istis
900 2169 1031 2225 ergo
1057 2153 1214 2210 Iesus
1256 2155 1516 2210 Dominus
1544 2161 1730 2208 noster
1758 2167 1838 2206 sa-

255 2248 427 2303 lutem
451 2246 702 2303 concedit
727 2246 974 2315 quidem:
1007 2245 1101 2300 sed
1129 2244 1526 2314 quodammodo
1552 2242 1698 2298 salus
1723 2241 1838 2312 ipsa

256 2356 450 2396 eorum
477 2349 665 2395 notam
718 2355 827 2395 non
875 2340 1056 2394 evadit
1105 2337 1360 2393 infamias.
1391 2337 1595 2393 Similis
1622 2351 1839 2406 quoque

257 2429 424 2487 etiam
447 2428 501 2483 in
521 2428 704 2485 libello
723 2428 815 2498 qui
844 2427 1147 2498 appellatur
1173 2427 1433 2490 Pastoris,
1461 2427 1529 2481 de
1551 2426 1637 2482 his
1668 2426 1838 2496 ﬁgura

259 2520 610 2585 describitur,
642 2520 718 2574 ait
740 2520 885 2576 enim
914 2537 928 2573 :
959 2537 978 2571 ι
1014 2518 1145 2585 Quae
1189 2528 1273 2573 est
1312 2518 1475 2573 arbor
1502 2532 1621 2586 qua:
1661 2516 1841 2571 ulmus

259 2611 579 2682 appellatur,
629 2625 751 2679 qua:
778 2608 1011 2664 fructum
1047 2623 1158 2664 non
1200 2605 1390 2673 affert;
1441 2612 1620 2676 portat
1657 2613 1841 2659 tamen

259 2705 453 2769 vitem,
477 2718 598 2772 qua:
616 2702 775 2757 affert
795 2701 1086 2771 plurimum
1115 2700 1370 2763 fructum,
1393 2712 1461 2753 ex
1488 2712 1555 2753 eo
1581 2697 1725 2766 quod
1751 2695 1842 2750 ad-

262 2794 522 2851 miniculo
547 2802 636 2849 est
658 2793 776 2856 viti,
803 2807 929 2862 qua:
963 2790 1082 2860 ejus
1125 2790 1331 2846 viribus
1358 2789 1558 2854 nitens,
1583 2787 1667 2842 vel
1699 2786 1844 2842 ferre

261 2884 349 2940 vel
368 2899 590 2940 servare
616 2884 907 2953 plurimum
929 2883 1199 2947 fructum;
1237 2900 1257 2935 ι
1290 2881 1455 2937 etiam
1498 2879 1695 2946 ulmus,
1722 2895 1844 2950 qua:

262 2974 596 3031 infructuosa
624 2982 733 3038 est,
765 2973 1072 3029 necessaria
1117 2971 1329 3027 videtur
1353 2978 1409 3025 et
1453 2968 1599 3024 utilis
1647 2983 1715 3023 ex
1739 2969 1845 3024 hoc

1935 1886 2026 1955 qui
2076 1886 2213 1941 tales
2254 1895 2381 1942 sunt
2424 1887 2479 1941 in
2529 1887 2686 1941 nobis
2708 1902 2938 1957 quorum
2968 1885 3100 1942 ﬁdes
3144 1885 3246 1939 hoc
3282 1891 3513 1937 tantum-

1937 1975 2095 2031 modo
2117 1976 2276 2031 habet
2302 1983 2361 2030 ut
2394 1977 2463 2032 ad
2487 1976 2771 2032 ecclesiam
2794 1977 2997 2041 veniat,
3026 1990 3190 2045 seque
3230 1973 3510 2036 inclinent,

1937 2065 2111 2122 oﬁicia
2142 2068 2456 2132 exhibeant,
2490 2082 2679 2124 servos
2715 2068 2811 2122 Dei
2854 2069 3138 2132 honorent,
3168 2067 3236 2121 ad
3260 2073 3521 2121 ornatum

1938 2171 2151 2227 quoque
2185 2154 2372 2212 altaris
2417 2155 2503 2210 vel
2529 2156 2770 2212 ecclesia:
2814 2156 3017 2226 aliquid
3045 2153 3355 2219 conferant;
3406 2166 3517 2207 non

1943 2255 2119 2300 tamen
2167 2245 2371 2300 habent
2398 2246 2635 2301 studium
2677 2254 2738 2301 ut
2777 2247 2940 2302 etiam
2991 2261 3179 2301 mores,
3199 2260 3326 2300 suos
3356 2258 3518 2299 exco-

1940 2334 2076 2399 laut,
2101 2342 2255 2389 actus
2278 2334 2582 2398 emendent,
2623 2336 2752 2393 vitia
2781 2337 3070 2407 deponant,
3092 2335 3400 2390 castitatem
3427 2349 3518 2389 co-

1942 2425 2073 2489 lant,
2122 2426 2460 2482 iracundiam
2514 2426 2791 2497 mitigent,
2853 2426 3136 2480 avaritiam
3182 2426 3516 2494 reprimant,

1941 2517 2293 2587 rapacitatem
2320 2516 2612 2583 rel‘renent,
2649 2517 2960 2587 maliloquia
2984 2525 3039 2571 et
3073 2515 3410 2584 stultiloquia
3435 2513 3535 2567 vel'

1943 2607 2321 2672 scurrilitates,
2362 2615 2417 2664 et
2439 2609 2890 2665 obtrectationum
2940 2624 3141 2664 venena
3169 2624 3235 2663 ex
3282 2622 3377 2663 ore
3424 2621 3522 2661 suo

1943 2699 2220 2765 amittant;
2249 2699 2424 2754 sciant
2449 2700 2572 2765 sibi,
2603 2701 2729 2770 quia
2781 2699 2914 2755 tales
2961 2707 3087 2755 sunt
3114 2699 3205 2769 qui
3232 2697 3521 2753 emendare

1943 2803 2004 2845 se
2034 2788 2244 2854 nolunt,
2282 2788 2328 2843 si
2359 2790 2414 2843 in
2456 2789 2542 2845 his
2583 2790 2842 2860 usquead
2895 2797 3226 2845 senectutem
3270 2788 3518 2842 ultimam

1943 2881 2310 2949 pervenerint,
2332 2888 2544 2950 partem
2564 2889 2874 2952 sortemque
2899 2882 2967 2935 ab
2995 2878 3122 2935 Iesu
3151 2878 3376 2933 Domino
3395 2892 3531 2937 cum

1945 2972 2260 3029 Gabaonitis
2289 2989 2412 3030 esse
2440 2974 2803 3029 tribuendam.
2829 2973 2937 3045 (Ea:
2964 2971 3218 3042 Isidoro.)
3252 2970 3410 3025 Tales
3429 2969 3523 3041 igi-

262 3064 383 3135 ipso
402 3064 547 3133 quod
566 3063 853 3118 fructuosae
875 3063 1145 3118 deserviat
1164 3061 1280 3115 viti.
1310 3059 1439 3115 Tale
1459 3058 1659 3129 aliquid
1676 3058 1842 3113 etiam
1947 3072 2034 3119 tur
2055 3065 2427 3122 tantummodo
2451 3066 2610 3136 quasi
2636 3065 2907 3137 quoddam
2930 3065 3119 3121 salutis
3143 3065 3353 3135 signum
3382 3063 3521 3117 intra

260 3155 505 3225 intelﬁge
528 3154 582 3208 in
610 3153 945 3218 Gabaonitis,
972 3153 1063 3222 qui
1089 3167 1199 3208 non
1222 3150 1586 3222 deposuerunt
1621 3149 1839 3220 quidem

1945 3157 2229 3214 ecclesiam
2280 3158 2651 3229 temporaliter
2699 3156 3013 3228 perferunt;
3050 3157 3205 3211 inter
3253 3153 3547 3209 Israelitas.

260 3252 508 3299 veterem
531 3243 805 3299 hominem
857 3258 981 3298 cum
1008 3241 1218 3297 actibus
1263 3240 1397 3307 suis,
1428 3240 1741 3295 ministrant
1768 3247 1848 3301 ta:-

262 3347 392 3391 men
418 3332 640 3397 sanctis,
669 3340 724 3388 et
753 3331 1018 3398 serviunt,
1049 3339 1099 3387 et
1132 3330 1334 3401 aliquid
1363 3330 1612 3385 utilitatis
1636 3330 1845 3400 impene

262 3422 445 3483 dunt:
476 3429 531 3477 et
559 3421 652 3476 tali
687 3422 919 3492 quodam
965 3422 1154 3477 ordine
1189 3422 1258 3477 ab
1282 3418 1410 3476 Iesu
1441 3420 1673 3495 salutem
1718 3436 1844 3478 cum

256 3510 557 3581 iuramenti
585 3511 993 3581 interpositione
1022 3511 1342 3582 suscipiunt.
1367 3511 1480 3583 Ego
1508 3511 1755 3568 nolebam
1788 3512 1844 3577 in

263 3602 689 3661 Gabaonitarum
717 3604 908 3660 ordine
932 3604 1163 3661 salutem
1187 3604 1466 3675 consequi,
1490 3620 1593 3660 nec
1637 3604 1691 3657 in
1712 3604 1845 3675 ligni

262 3696 563 3753 censoribus
588 3697 675 3752 vel
695 3712 849 3768 aqua:
872 3698 1233 3769 gestatoribus
1266 3697 1562 3761 numerari,
1583 3699 1676 3753 sed
1702 3697 1845 3752 intra

263 3785 537 3842 Israelitas
564 3802 817 3858 cuperem
867 3788 1238 3844 haereditatem
1274 3794 1437 3843 terra:
1472 3786 1847 3858 repromissio-

262 3877 354 3935 nis
404 3878 670 3948 accipere.
722 3877 1131 3936 Observandum
1170 3893 1302 3937 sane
1353 3888 1438 3935 est
1481 3879 1622 3950 quod
1669 3879 1848 3935 solent

265 3969 510 4027 haeretici
540 3968 777 4040 legentes
803 3971 946 4027 hunc
995 3970 1170 4027 locum
1199 3970 1524 4027 calumniam
1560 3970 1758 4036 facere,
1788 3969 1845 4024 hi

265 4059 360 4128 qui
414 4056 579 4114 Vetus
604 4059 1011 4116 Testamentum
1049 4077 1156 4116 non
1198 4061 1485 4131 recipiunt,
1512 4067 1567 4115 et
1612 4059 1795 4114 dicunt
1831 4077 1843 4112 :

265 4146 406 4204 Vide
440 4149 711 4216 quomodo
749 4149 886 4204 nihil
919 4150 1238 4206 humilitatis
1284 4150 1470 4205 habuit
1499 4147 1654 4205 Iesus
1706 4147 1851 4203 ﬁlius

265 4238 438 4303 Nave,
466 4246 525 4293 ut
552 4239 864 4294 hominibus
886 4241 978 4310 qui
1006 4241 1073 4296 ad
1105 4256 1163 4296 se
1197 4242 1466 4312 supplices
1488 4249 1749 4297 venerant
1768 4256 1852 4295 sa-

264 4326 437 4385 Iutem
465 4330 786 4394 concedens,
818 4338 998 4387 notam
1024 4331 1103 4386 eis
1132 4332 1366 4387 infamia:
1392 4342 1443 4388 et
1464 4333 1653 4404 jugum
1682 4330 1849 4387 servi-

266 4419 401 4474 tutis
429 4417 711 4488 inﬁigeret.
740 4418 865 4474 Ilaec
890 4421 935 4473 si
973 4421 1121 4475 audit
1146 4422 1324 4475 anima
1355 4422 1534 4476 minus
1580 4422 1846 4475 instructa

1945 3257 2144 3315 autem,
2176 3250 2231 3305 id
2250 3258 2354 3316 est,
2394 3250 2537 3305 inter
2556 3257 2773 3305 sanctos
2806 3248 2924 3315 Dei,
2945 3263 3168 3319 regnum
3190 3250 3539 3320 aeternumet

1945 3339 2252 3397 libertatem
2281 3341 2505 3397 minime
2537 3346 2959 3410 consequuntur.

2016 3428 2194 3501 (Imm)
2226 3448 2246 3481 ι
2280 3431 2346 3484 Et
2372 3446 2480 3486 non
2508 3437 2896 3501 percusserunt
2918 3444 3033 3493 eos,
3059 3443 3124 3483 eo
3165 3425 3308 3497 quod
3342 3424 3527 3494 iuras-

1951 3537 1970 3569 ι
2006 3518 2216 3573 senteis
2230 3517 2505 3586 principes
2520 3517 2875 3573 multitudinis
2890 3519 2942 3572 in
2967 3516 3184 3571 nomine
3195 3514 3405 3569 Domini
3429 3512 3525 3569 Dei

1951 3627 1969 3660 ι
2008 3607 2192 3663 Israel.
2246 3606 2601 3661 Murmuravit
2652 3607 2832 3675 itaque
2883 3620 3043 3661 omne
3094 3604 3288 3673 vulgus
3332 3609 3524 3657 contra

1952 3715 1970 3746 ι
2007 3695 2308 3766 principes;
2355 3695 2446 3765 qui
2479 3694 2871 3765 responderunt
2913 3693 2992 3749 eis
3029 3692 3379 3748 :Iuravimus
3419 3689 3524 3745 illis

1951 3807 1970 3840 ‹
2012 3790 2064 3843 in
2094 3788 2312 3843 nomine
2335 3787 2547 3843 Domini
2571 3786 2669 3843 Dei
2687 3785 2874 3852 Israel,
2902 3792 2957 3840 et
2983 3785 3184 3839 idcirco
3204 3799 3311 3838 non
3336 3797 3523 3852 possu-

1953 3896 1972 3929 ς
2010 3893 2132 3933 mus
2177 3893 2271 3933 eos
2296 3878 2633 3949 contingere,
2664 3897 2682 3930 ι
2710 3885 2813 3932 etc.
2840 3875 2949 3948 (Ea;
2975 3872 3313 3947 Augustino.)
3344 3872 3523 3940 Quzeri

1946 3976 2127 4042 potest
2169 3970 2439 4039 quomodo
2478 3968 2812 4039 jurationem
2855 3968 3173 4024 servandam
3201 3983 3321 4023 esse
3350 3965 3526 4021 credi-

1949 4058 2146 4113 derunt
2171 4058 2381 4113 Hebraei
2400 4058 2734 4124 Gabaonitis,
2755 4058 2952 4129 quibus
2981 4058 3054 4112 ita
3076 4056 3389 4127 iuraverant
3408 4064 3526 4109 tan-

1948 4162 2112 4220 quam
2134 4148 2199 4204 de
2223 4147 2516 4219 longinqua
2532 4156 2675 4203 terra
2689 4148 3049 4212 venientibus,
3070 4147 3209 4201 sicut
3228 4145 3300 4199 illi
3315 4142 3523 4198 mentiti
3600 4184 3616 4199 .

1949 4235 2182 4290 fuerant.
2208 4236 2465 4293 Sciebant
2482 4239 2624 4294 enim
2648 4254 2706 4293 se
2727 4238 3072 4294 debellandos
3098 4237 3140 4291 si
3157 4235 3429 4306 cognitum
3447 4248 3534 4287 es-

1950 4335 2034 4381 set
2052 4326 2292 4381 llebrzeis
2318 4328 2372 4382 in
2390 4343 2453 4383 ea
2470 4337 2614 4384 terra
2630 4345 2724 4384 eos
2745 4329 3007 4395 habitare,
3021 4343 3183 4401 quam
3204 4325 3525 4397 promissam

1952 4418 2185 4486 fuerant,
2203 4419 2500 4477 interfectis
2514 4422 2900 4487 habitantibus,
2917 4420 3202 4476 retenturi.
3219 4417 3533 4475 Mentienti-n

265 4508 324 4565 in
354 4487 649 4576 Scripturis
694 4509 908 4573 divinis,
936 4510 1201 4567 inﬁrmari
1246 4512 1499 4566 continuo
1535 4518 1591 4566 et
1635 4510 1847 4580 pericli-
1874 4487 1924 4548 Ῑ)
1951 4513 2053 4567 bus
2076 4527 2206 4583 ergo
2240 4512 2383 4582 quod
2416 4512 2482 4565 de
2502 4512 2792 4582 longinqua
2822 4522 2965 4566 terra
3003 4511 3071 4564 ad
3111 4525 3204 4566 eos
3227 4509 3523 4573 venissent,

268 4599 369 4657 tari
409 4606 604 4667 potest,
632 4607 691 4652 ut
721 4598 949 4670 refugiat
993 4601 1314 4657 catholicam
1351 4600 1530 4655 ﬁdem.
1559 4599 1675 4654 Non
1699 4600 1846 4654 enim

266 4690 572 4760 intelligunt
615 4705 804 4746 eorum
858 4693 1249 4763 subreptiones.
1289 4690 1445 4748 Iesus
1471 4693 1613 4747 enim
1659 4707 1852 4748 secun-

266 4781 397 4835 dum
444 4795 752 4834 mensuram
800 4781 920 4835 ﬁdei
949 4781 1186 4851 ipsorum
1236 4792 1549 4854 competens
1593 4799 1721 4854 erga
1749 4800 1846 4841 eos

256 4871 527 4943 judicium
582 4871 772 4927 tenuit.
800 4870 968 4927 Porro
1015 4881 1196 4928 autem
1230 4872 1382 4928 Raab
1416 4875 1694 4939 meretrix,
1725 4891 1845 4947 qua:

266 4959 376 5014 fide
403 4960 607 5027 integra
636 4976 757 5015 cum
781 4961 928 5015 omni
965 4963 1122 5017 domo
1159 4977 1255 5017 sua
1285 4962 1654 5033 exploratores
1678 4964 1850 5020 Israe-

262 5048 450 5104 liticos
477 5049 790 5119 plenissima
814 5051 1096 5107 devotione
1133 5053 1390 5123 suscepit,
1421 5060 1476 5108 et
1525 5070 1589 5109 ex
1634 5054 1846 5125 integro

266 5140 325 5198 in
347 5140 682 5194 consortium
706 5141 889 5211 populi
931 5142 1354 5213 societatemque
1383 5153 1633 5215 suscepta
1656 5154 1767 5212 est;
1796 5154 1855 5202 et

265 5229 531 5297 scriptum
559 5236 644 5283 est
673 5228 740 5283 de
759 5244 821 5284 ea
850 5230 974 5299 quia
1008 5249 1026 5280 ι
1057 5231 1300 5299 apposita
1331 5241 1415 5287 est
1435 5234 1502 5287 ad
1529 5232 1666 5288 ﬁlios
1685 5232 1850 5289 Israel

267 5335 442 5389 usque
468 5320 521 5373 in
552 5319 1064 5399 hodiernumdiem.
1104 5342 1121 5372 ι
1146 5321 1238 5376 Isti
1267 5339 1396 5378 vero
1430 5324 1553 5394 quia
1582 5340 1687 5378 non
1739 5332 1848 5379 tam

265 5410 577 5467 Israelitica:
622 5411 800 5481 gentis
846 5413 1116 5467 consortia
1170 5413 1496 5479 dilexerunt,
1524 5430 1687 5484 qtlam
1739 5429 1848 5469 sua:

269 5502 593 5571 perditionis
614 5512 758 5556 metu
792 5502 1062 5573 perterriti
1090 5519 1210 5558 cum
1238 5503 1529 5559 calliditate
1563 5514 1615 5557 et
1663 5502 1848 5559 fraude

268 5601 619 5647 accesserunt
663 5593 731 5649 ad
755 5591 960 5658 Iesum,
989 5595 1257 5665 quomodo
1303 5603 1591 5664 potuerunt
1634 5594 1850 5653 liberta-

270 5694 380 5743 tem
417 5684 541 5743 vitte
566 5694 619 5740 et
652 5684 799 5757 regni
854 5686 1183 5743 consortium
1215 5686 1349 5742 dolis
1402 5687 1685 5743 servilibus
1732 5704 1850 5759 pro-

1946 4602 2267 4671 juraverunt
2292 4602 2372 4658 eis
2392 4602 2664 4658 Israelitae.
2691 4603 2982 4674 Postquam
3002 4618 3130 4657 vero
3158 4611 3527 4674 cognoverunt

1952 4693 2025 4748 ihi
2047 4708 2141 4750 eos
2168 4692 2434 4757 habitare,
2461 4691 2553 4747 ubi
2577 4708 2768 4749 omnes
2809 4708 2955 4763 quos,
2987 4692 3305 4749 invenerant
3341 4705 3528 4746 secuno

1951 4784 2078 4839 dum
2106 4784 2203 4840 Dei
2250 4792 2576 4855 praeceptum
2604 4782 2875 4839 debellare
2904 4782 3528 4855 oportebat,,noluerunt

1954 4883 2133 4929 tamen
2181 4873 2427 4946 frangere
2464 4874 2826 4943 iurationem:
2857 4881 2912 4927 et
2959 4873 3085 4928 licet
3127 4887 3221 4929 eos
3266 4873 3524 4928 mentitos

1951 4979 2072 5020 esse
2098 4964 2429 5029 didicissent,
2455 4977 2678 5036 parcere
2695 4961 3001 5019 maluerunt
3020 4978 3185 5020 causa
3204 4963 3516 5033 iurationis,

1951 5068 2074 5110 cum
2112 5062 2332 5125 possent
2356 5053 2541 5124 utique
2576 5052 2755 5111 dicere
2797 5060 3130 5124 setanquam
3165 5052 3271 5109 illis
3309 5052 3524 5122 iurasse

1951 5158 2088 5214 quos
2111 5156 2205 5198 eos
2232 5158 2353 5198 esse
2378 5141 2740 5207 crediderant,
2772 5141 2826 5196 id
2865 5143 3067 5209 est,,de
3113 5141 3405 5213 longinquo
3434 5155 3524 5194 ve-

1950 5231 2193 5296 nientes;
2239 5246 2363 5286 eum
2409 5245 2541 5286 vero
2587 5230 2730 5286 aliud
2778 5240 3164 5303 cognoverunt,
3193 5237 3521 5302 prteceptum

1946 5320 2093 5376 circa
2136 5335 2231 5375 eos
2257 5320 2467 5377 Domini
2519 5321 2849 5391 implendum
2878 5331 3017 5388 erat,
3049 5332 3109 5375 ut
3133 5321 3292 5375 sicuti
3317 5320 3519 5383 ueteri,

1947 5419 2401 5487 expugnarentur.
2431 5411 2573 5469 Deus
2597 5422 2776 5468 autem
2803 5412 2904 5469 hoc
2924 5410 3262 5485 approbavit,
3286 5425 3384 5464 nec
3403 5426 3521 5479 par-

1950 5501 2197 5555 eentibus
2246 5502 2574 5569 succensuit,
2607 5502 2854 5570 quamvis
2882 5495 3005 5556 eum
3036 5515 3141 5554 non
3195 5499 3524 5576 interrogas—~

1950 5600 2071 5646 sent
2100 5590 2319 5662 quinam
2350 5590 2426 5645 illi
2450 5599 2654 5653 essent,
2675 5600 2731 5646 et
2755 5592 2876 5647 ideo
2896 5607 2989 5647 eos
3018 5589 3093 5644 illi
3112 5588 3298 5645 fallere
3323 5589 3518 5649 valuis-

1952 5692 2088 5741 sent.
2119 5682 2273 5739 Unde
2300 5699 2403 5747 non
2446 5684 2749 5757 importune
2781 5683 2965 5754 utique
2992 5680 3248 5740 credendi
3288 5688 3433 5747 sunt,
3465 5687 3531 5742 et;
