4000 6186
486 278 625 341 ιωὸ

1129 286 1193 341 Β.
1233 285 1487 343 BABANI
1525 285 1744 343 MAURI
1784 284 2044 343 ARCHIE

2151 286 2461 347 ηοουΝτ.
2501 291 2788 352 (PERUII
2822 292 3005 350 PARS
3039 294 3082 351 ῐ.

3596 299 3746 357 1044

474 418 522 457 ει
545 401 734 456 fallere
754 400 1005 456 homines
1030 416 1130 471 pro
1158 415 1256 456 sua
1298 399 1472 456 salute
1509 397 1814 464 voluerunt,
1846 417 1951 457 non
1973 412 2056 455 ta-
2082 403 2132 462 A
2160 404 2300 459 riam
2326 405 2546 475 quidem
2572 415 2749 478 gesta,
2777 405 3041 464 miracula
3070 407 3267 464 divinae
3291 408 3511 466 virtutis
3530 411 3745 468 univer-

472 493 599 552 men
634 493 898 549 fallaciter
923 494 1092 549 Deum
1144 494 1391 549 timuisse
1436 495 1487 548 in
1518 494 1713 563 pupillo
1746 495 1893 565 ejus;
1925 509 2027 565 pro

474 597 661 660 pterea
690 602 790 643 nec
818 586 1126 642 succensuit
1154 586 1415 642 Dominus
1446 586 1759 655 jurantibus
1801 595 1894 642 aut
1933 601 2059 657 par-

471 680 743 744 centibus,
775 679 912 735 adeo
945 687 1005 732 ut
1038 687 1225 749 postea
1253 678 1583 734 Gabaonitas
1609 679 1775 748 ipsos,
1798 687 2058 749 tanquam

474 771 655 842 populi
688 770 769 826 sui
812 769 1081 835 homines,
1107 768 1175 825 de
1200 770 1359 824 domo
1386 768 1515 824 Saul
1542 770 1918 836 vindicaverit,
1948 772 2056 826 sic-

473 872 535 917 nt
577 861 885 933 Regnorum
922 861 1159 917 ostendit
1183 860 1430 916 historia.
1453 861 1522 916 Et
1557 862 1814 931 quoniam
1850 862 2057 931 juratio

471 954 552 1009 sic
572 959 784 1008 servata
823 961 925 1017 est,
955 953 1203 1022 quamvis
1241 953 1297 1008 in
1342 953 1655 1009 hominibus
1704 955 1796 1025 qui
1841 957 2056 1011 mentiti

469 1055 617 1113 sunt,
646 1053 707 1100 ut
754 1046 822 1101 ad
868 1046 1211 1101 clementiam
1262 1047 1529 1101 sententia
1573 1045 1902 1114 ﬂecteretur,
1945 1065 2055 1105 non

469 1135 745 1208 displicuit
766 1136 897 1193 Deo.
929 1137 1067 1192 Nam
1091 1138 1135 1193 si
1168 1151 1199 1191 e
1240 1138 1516 1193 contrario
1550 1136 1824 1206 iurassent
1846 1140 2057 1211 aliquos

470 1244 530 1283 se
556 1228 957 1293 interfecturos,
999 1244 1135 1299 quos
1164 1227 1497 1285 Gabaonitas
1544 1229 1599 1283 in
1647 1238 1791 1283 terra
1825 1230 2059 1299 promis-

466 1321 634 1378 sionis
671 1337 793 1377 esse
848 1322 1205 1393 putavissent,
1251 1330 1306 1376 et
1358 1330 1543 1391 postea
1592 1321 1910 1376 didicissent
1964 1336 2058 1376 eos

471 1429 590 1470 esse
615 1416 685 1471 ab
724 1416 812 1470 illa
856 1424 1003 1470 terra
1031 1423 1342 1479 extraneos,
1381 1423 1437 1469 et
1481 1414 1549 1469 de
1577 1414 1873 1484 longinquo
1900 1414 1969 1469 ad
1998 1429 2057 1468 se

468 1505 703 1571 venisse,
734 1505 881 1561 nullo
905 1506 1064 1560 modo
1084 1506 1460 1560 arbitrandum
1485 1514 1571 1560 est
1588 1504 1732 1574 quod
1753 1520 1849 1559 eos
1873 1511 2059 1560 essent

466 1597 786 1654 debellaturi
831 1613 995 1653 causa
1020 1595 1310 1665 iurationis
1336 1597 1656 1666 implendas;
1685 1611 1808 1652 cum
1835 1604 2057 1666 propter

465 1689 638 1757 ipsam
669 1687 927 1757 parcendi
952 1686 1296 1742 clementiam
1316 1694 1538 1743 sanctus
1557 1687 1727 1743 David
1747 1687 1910 1742 etiam
1930 1694 2055 1756 post

2161 494 2239 551 sis
2257 495 2470 551 seculis
2486 497 2802 566 praedicant,
2820 512 2923 553 nec
2943 498 3391 569 interpretatione
3410 500 3751 559 extrinsecus

2159 585 2422 656 indigent,
2455 585 2509 640 in
2541 587 2737 656 quibus
2758 597 3036 658 gestorum
3079 588 3263 645 lumen
3293 598 3572 645 coruscat.
3615 592 3745 658 Quid

2159 676 2416 730 tamenin
2443 677 2530 733 his
2558 677 2824 747 spiritalis
2845 678 3155 734 intellectus
3194 680 3543 741 contineatur
3570 683 3743 750 requi-

2159 782 2363 821 ramus.
2385 766 2520 822 Cum
2542 783 2602 824 se
2636 769 2818 824 anima
2845 770 3081 826 humana
3109 771 3288 827 Verbo
3316 772 3413 827 Dei
3440 773 3747 840 sociaverit,

2158 872 2267 911 non
2289 856 2449 912 debet
2474 858 2723 914 dubitare
2752 861 2939 915 statim
2968 876 3027 915 se
3066 860 3318 918 inimicos
3340 862 3675 927 habituram,
3698 875 3752 920 et

2156 960 2252 1001 eos
2296 961 2433 1016 quos
2459 956 2588 1003 ante
2610 948 2876 1005 habuerat
2905 950 3110 1005 amicos
3161 951 3215 1007 in
3245 952 3598 1013 adversarios
3633 969 3751 1011 esse

2156 1038 2491 1093 vertendos:
2521 1039 2683 1109 idque
2709 1054 2819 1095 non
2870 1040 3043 1096 solum
3074 1042 3187 1112 pati
3231 1057 3291 1098 se
3332 1043 3401 1097 ab
3441 1043 3750 1105 hominiwa

2156 1139 2356 1200 speret,
2386 1145 2577 1186 verum
2615 1133 2784 1187 etiam
2814 1133 2882 1188 de
2906 1134 3200 1190 contrariis
3227 1135 3524 1192 virtutibus
3565 1148 3622 1191 et
3644 1138 3750 1209 spi-

2157 1224 2408 1280 ritalibus
2430 1226 2690 1295 nequitiis
2719 1226 2774 1281 id
2815 1226 2919 1285 sibi
2945 1226 3230 1283 imminere
3266 1242 3368 1298 pro
3405 1237 3562 1285 certo
3596 1230 3748 1287 sciat.

2156 1315 2225 1369 Et
2247 1315 2325 1369 ita
2347 1314 2407 1370 ﬁt
2427 1327 2489 1372 ut
2510 1317 2603 1387 qui
2622 1317 2895 1373 amicitias
2921 1318 3127 1389 expetit
3149 1317 3303 1384 Jesu,
3326 1320 3628 1376 multorum
3650 1322 3751 1377 sibi

2156 1408 2294 1462 sciat
2320 1407 2635 1463 inimicitias
2676 1408 3009 1464 tolerandas.
3053 1409 3253 1466 Audiat
3280 1412 3592 1482 apostolum
3619 1412 3754 1469 Pau-

2155 1498 2267 1553 lum
2294 1499 2412 1555 hac
2437 1499 2627 1555 eadem
2653 1500 3085 1565 conﬁrmantem,
3115 1517 3242 1558 cum
3280 1503 3413 1563 dicit
3440 1521 3457 1556 :
3495 1522 3517 1555 ι
3552 1501 3753 1561 Omnes

2156 1590 2248 1660 qui
2269 1591 2358 1660 pie
2382 1590 2574 1647 volunt
2597 1592 2781 1647 vivere
2816 1592 2875 1649 in
2920 1592 3162 1659 Christo,
3189 1596 3637 1665 persecutionem
3662 1613 3754 1667 pa-

2154 1682 2366 1737 tiuntur
2397 1681 2484 1754 (II
2509 1682 2642 1738 Tim.
2663 1684 2768 1756 nt).
2801 1704 2820 1737 ›
2851 1684 2959 1740 Sed
2980 1693 3037 1741 et
3058 1684 3319 1750 Salomon
3345 1669 3544 1743 similia
3575 1689 3752 1745 dicit:

465 1755 627 1833 verba
653 1755 850 1848 quibus
875 1792 934 1833 se
970 1777 1139 1833 Nabal
1170 1777 1581 1834 interfecturum
1611 1755 2047 1847 essejuraverat,
2078 1755 2128 1815 Β
2161 1794 2180 1826 ε
2218 1775 2343 1840 Fili,
2370 1776 2567 1846 inquit,
2596 1755 2868 1833 accedens
2901 1778 2969 1833 ad
2997 1779 3318 1834 servitutem
3347 1779 3466 1845 Dei,
3499 1795 3754 1852 prepara

463 1872 649 1941 utique
689 1870 870 1925 sciens
918 1885 1078 1940 quem
1128 1869 1307 1926 fuerat
1357 1870 1782 1937 interfecturus,
1828 1885 2054 1941 parcere

463 1960 691 2024 maluit,
746 1976 847 2015 nec
896 1961 951 2015 in
1004 1977 1064 2016 re
1113 1961 1332 2017 duriore
1380 1961 1606 2032 implere
1636 1960 2049 2030 juramentum:

463 2051 633 2121 magis
669 2052 780 2106 Deo
806 2051 1020 2122 placere
1049 2052 1389 2127 existimans,
1422 2052 1467 2106 si
1498 2050 1641 2124 quod
1667 2051 1748 2107 ira
1774 2054 2053 2124 perturba-

461 2151 551 2197 tus
598 2144 664 2197 atl
692 2144 994 2199 nocendum
1035 2143 1336 2211 iuraverat,
1367 2159 1475 2200 non
1521 2142 1760 2209 fecisset,
1791 2160 1953 2215 quam
2005 2147 2049 2200 si

434 2284 435 2287 η
461 2230 801 2299 perfecisset.
1304 2232 1307 2235 ’

1089 2347 1316 2403 CAPUT
1356 2346 1439 2404 III.

461 2454 539 2513 De
582 2456 812 2526 quinque
866 2460 1071 2527 regibus
1113 2458 1564 2532 Amorrﬁa’orum,
1612 2461 1700 2532 qui
1749 2462 2050 2532 congregati

492 2588 495 2595 γ
531 2534 653 2579 sunt
685 2537 742 2579 ut
767 2538 1057 2596 pugnarent
1085 2539 1268 2587 contra
1298 2527 1536 2593 Gabaon,
1563 2538 1611 2583 et
1625 2527 1701 2583 de
1730 2527 2049 2601 prwftis'Jo-

533 2611 629 2649 sue
655 2606 839 2650 contra
863 2614 969 2650 eos.

530 2686 681 2759 (Car.
708 2689 783 2758 χ.)
821 2707 839 2739 ‹
877 2689 1021 2744 Misit
1066 2706 1196 2761 ergo
1243 2691 1578 2747 Adonisedec
1628 2707 1721 2747 rex
1748 2691 2045 2748 Jerusalem

466 2796 484 2829 ι
521 2777 588 2831 ad
639 2776 843 2833 Ocham
888 2796 1064 2851 regem
1111 2781 1346 2846 llebron,
1385 2791 1440 2837 et
1476 2783 1543 2836 ad
1594 2783 1829 2838 Pharam
1863 2799 2047 2853 regem

463 2885 482 2918 α
520 2866 843 2935 Hierimoth,
875 2872 940 2937 ad
966 2870 1159 2941 Japhia
1195 2887 1409 2943 quoque
1442 2889 1625 2943 regem
1649 2874 1868 2939 L—achis,
1899 2883 1954 2930 et
1978 2875 2045 2930 ad

462 2978 480 3011 ι
517 2959 681 3016 Dabir
718 2978 901 3034 regem
945 2963 1134 3036 Eglon,
1163 2964 1348 3021 dicens
1379 2984 1390 3018 :
1416 2964 1708 3023 Ascendite
1738 2968 1805 3022 ad
1851 2981 1959 3034 me,
1990 2977 2047 3023 et

463 3068 483 3101 ε
518 3049 660 3106 ferte'
699 3054 1034 3124 praesidium,
1079 3063 1140 3110 ut
1187 3070 1562 3126 expuguemus
1586 3056 1830 3124 Gabaon,
1873 3074 2042 3130 quare

2153 1868 2390 1921 animam
2434 1876 2582 1922 tuam
2633 1869 2703 1924 ad
2752 1869 3104 1925 tentationem
3138 1868 3330 1941 (Eccli.
3385 1872 3471 1942 ιι).
3510 1890 3531 1923 ι
3564 1871 3755 1942 Oppu-

2154 1967 2391 2031 gnantur
2434 1975 2565 2030 ergo
2611 1961 2776 2015 etiam
2815 1975 2961 2015 nunc
3009 1960 3329 2017 Gabaonita:
3375 1960 3756 2032 cujuscunque

2151 2052 2297 2107 modi
2326 2059 2473 2115 sunt,
2502 2058 2723 2122 propter
2758 2052 3027 2107 amicitias
3053 2050 3183 2107 Jesu
3208 2070 3224 2118 ;
3252 2061 3308 2110 et
3342 2052 3474 2109 licet
3525 2055 3646 2110 sint
3690 2056 3756 2111 li-

2150 2142 2240 2212 gni
2287 2157 2541 2205 caesores,
2583 2150 2639 2197 et
2676 2157 2832 2213 aqua:
2855 2151 3178 2213 gestatores,
3222 2143 3278 2197 id
3314 2152 3424 2208 est,
3458 2143 3591 2200 licet
3642 2147 3754 2202 sint

2151 2232 2325 2288 ultimi
2347 2233 2526 2288 meriti
2556 2233 2611 2288 in
2643 2232 2907 2298 Ecclesia,
2936 2242 3120 2288 tamen
3150 2234 3203 2288 in
3232 2234 3337 2291 hoc
3380 2235 3500 2305 ipso
3526 2238 3659 2306 quia
3684 2239 3751 2293 ad

2151 2320 2336 2378 Jesum
2383 2324 2681 2395 pertinent,
2723 2324 3029 2395 impugnari
3078 2340 3108 2379 a
3134 2325 3376 2395 quinque
3401 2326 3630 2397 regibus
3674 2328 3755 2383 di-

2150 2423 2368 2470 cuntur.
2402 2414 2511 2471 Sed
2533 2422 2716 2469 tamen
2741 2413 3056 2471 Gabaonitte
3080 2431 3188 2471 non
3213 2415 3677 2486 derelinquuntur
3696 2424 3753 2472 et

2150 2514 2483 2575 spernuntur
2520 2508 2589 2561 ab
2624 2505 2773 2570 Jesu,
2812 2516 2871 2561 et
2909 2522 2939 2560 a
2985 2508 3231 2566 ducibus.
3266 2516 3323 2561 et
3361 2522 3392 2561 a
3422 2509 3754 2580 przestdibus

2148 2595 2542 2664 lsraelitarum,
2576 2598 2669 2653 sed
2696 2598 3001 2656 inﬁrmitati
3029 2614 3219 2655 eorum
3243 2599 3506 2675 auxilium
3542 2600 3750 2657 ferunt.

2148 2688 2361 2745 Annon
2398 2688 2495 2744 tibi
2525 2688 2742 2743 videtur
2770 2689 2874 2744 hoc
2900 2702 3064 2761 agere
3088 2689 3142 2747 in
3173 2689 3351 2754 nobis,
3382 2698 3440 2743 et
3468 2690 3578 2746 hoc
3606 2704 3753 2760 pra-

2148 2782 2329 2852 cipere
2375 2781 2505 2842 illud
2523 2781 2769 2852 Apostoli
2803 2783 3159 2837 mandatum:
3196 2800 3215 2833 ι
3253 2781 3630 2837 Consolamini
3656 2798 3753 2852 pu-

2148 2872 2466 2935 sillanimes,
2510 2872 2777 2930 sustinete
2824 2871 3091 2938 inﬁrmos,
3142 2873 3411 2942 patientes
3457 2882 3644 2928 estote
3684 2874 3753 2931 ad

2148 2978 2340 3019 omnes
2362 2962 2412 3036 (1
2443 2962 2625 3018 Thess.
2653 2963 2707 3037 v)
2736 2980 2752 3029 ;
2790 2983 2809 3016 ι
2840 2971 2896 3020 et
2925 2963 3120 3019 iterum
3150 2982 3163 3018 :
3192 2983 3210 3014 ι
3248 2964 3359 3019 Vos
3382 2964 3747 3035 potentiores,

2148 3054 2549 3111 imbecillitates
2570 3054 2914 3110 inﬁrmorum
2939 3058 3207 3112 sustinete
3231 3052 3444 3127 (Ibid.).
3478 3075 3499 3107 ι

460 3163 480 3196 ι
519 3113 870 3216 transfugerit
895 3148 962 3202 ad
989 3113 1154 3203 Iosue
1197 3113 1362 3204 eaad
1405 3149 1547 3205 ﬁlios
1591 3113 1774 3205 lsrael.
1803 3113 2043 3221 ίῖοἶιειᾞζ
2070 3113 2116 3176 C
2219 3148 2396 3221 (Imm)
2433 3166 2452 3199 ι
2483 3146 2851 3219 Ascenditque
2892 3146 3057 3203 Josue
3099 3148 3168 3202 de
3188 3113 3445 3218 Galgalis,
3476 3156 3533 3203 et
3566 3148 3750 3204 omnia

462 3254 480 3287 ι
517 3239 628 3309 gati
660 3238 824 3310 igitur
847 3241 1212 3296 ascenderunt
1240 3242 1481 3313 quinque
1520 3258 1676 3313 reges
1696 3242 2045 3299 Amorrlueo-

461 3350 480 3383 ι
518 3348 663 3399 rum,
687 3349 783 3388 rex
830 3332 1157 3400 Jerusalem,
1183 3351 1277 3390 rex
1308 3336 1546 3399 llebron,
1596 3350 1691 3390 rex
1720 3335 2042 3404 Hierimotb,

461 3410 485 3473 οΔ
518 3440 613 3480 rex
650 3424 870 3490 Lacbis,
894 3442 991 3482 rex
1013 3425 1205 3501 Eglou,
1232 3426 1393 3487 simul
1412 3443 1533 3482 cum
1556 3426 1883 3487 exercitibus
1909 3429 2042 3495 suis,

462 3533 481 3566 α
515 3523 571 3573 et
621 3517 990 3573 castrametati
1028 3526 1149 3572 sunt
1201 3517 1348 3583 circa
1402 3517 1625 3575 Gabaon
1671 3526 2044 3591 oppugnantes

461 3625 481 3659 ι
516 3622 662 3675 eam,
699 3628 718 3661 ι
746 3616 853 3663 etc.
883 3607 1085 3664 Omnes
1111 3608 1187 3663 illi
1216 3609 1306 3679 qui
1351 3609 1502 3680 prius
1523 3608 1680 3667 amici
1726 3617 1903 3675 erant,
1923 3620 2046 3679 post

454 3700 725 3773 amicitias
769 3709 824 3755 et
870 3699 1297 3756 familiaritatem
1328 3700 1561 3759 ﬁliorum
1604 3701 1790 3765 Israel,
1839 3701 2042 3757 inimici

456 3789 589 3859 ﬁunt
614 3789 949 3853 Gabaonitis,
979 3792 1071 3861 qui
1108 3806 1139 3847 a
1172 3790 1295 3846 ﬁliis
1320 3792 1482 3847 Israel
1515 3792 1690 3848 fmdus
1717 3793 1866 3863 pacis
1895 3808 2043 3849 acce-

452 3887 664 3957 perant.
713 3878 993 3935 Jebusreus
1045 3896 1137 3935 rex
1185 3879 1509 3948 Jerusalem,
1563 3882 1810 3937 invitatis
1858 3897 2041 3939 secum

453 3977 687 4049 quatuor
731 3969 855 4023 aliis
895 3969 1134 4041 regibus,
1161 3971 1497 4027 Gabaonitas
1522 3972 1831 4043 aggreditur
1874 3989 2042 4045 expu-

453 4075 643 4129 gnare.
667 4058 775 4116 Sed
799 4058 1115 4116 Gabaonita:
1138 4062 1382 4117 videntes
1406 4064 1642 4134 quinque
1674 4080 1830 4134 reges
1856 4065 2043 4122 adver.

451 4168 570 4213 sum
593 4168 650 4215 se
674 4153 728 4209 iu
755 4153 999 4227 pradium
1045 4155 1406 4226 conspirasse,
1437 4169 1778 4227 nequaquam
1808 4159 2039 4229 propriis

450 4243 659 4309 viribus
700 4245 983 4317 copiisque
1013 4243 1312 4313 conﬁdunt,
1363 4244 1455 4302 sed
1499 4246 1722 4301 mittunt
1758 4245 1824 4301 ad
1852 4243 2038 4304 Jesum

450 4336 651 4407 auxilia
699 4326 1051 4407 poStulantes.
1087 4336 1157 4390 At
1200 4335 1289 4395 ille
1337 4336 1520 4393 divino
1571 4338 1842 4407 permissu
1887 4339 2039 4399 adest

449 4427 765 4484 Gabaonitis
791 4425 1000 4483 laturus
1032 4427 1310 4483 auxilium.
1351 4427 1429 4484 Ita
1458 4444 1591 4484 vero
1622 4427 1735 4498 jam
1766 4429 2035 4486 mirabilia

2155 3256 2174 3289 α
2209 3238 2482 3293 exercitus
2538 3237 2860 3293 bellatorum
2914 3251 3036 3291 cum
3092 3250 3202 3301 eo,
3266 3237 3370 3290 viri
3430 3234 3745 3293 fortissimi.

2154 3348 2173 3379 ι
2210 3329 2462 3398 Dixitque
2502 3328 2763 3384 Dominus
2809 3329 2877 3384 ad
2921 3328 3084 3386 Josue
3117 3329 3234 3383 :Ne
3280 3330 3476 3385 timeas
3510 3343 3645 3395 eos,
3696 3330 3747 3384 in

2152 3437 2171 3471 ‹
2208 3434 2402 3475 manus
2426 3421 2572 3477 enim
2595 3428 2716 3475 tuas
2746 3420 2939 3476 tradidi
2966 3420 3107 3487 illos,
3136 3419 3315 3475 nullus
3338 3419 3434 3474 tibi
3457 3434 3520 3474 ex
3553 3420 3640 3474 eis
3663 3432 3750 3474 rev

2153 3531 2172 3563 ι
2210 3513 2404 3581 sistere
2426 3512 2649 3584 poterit,
2683 3531 2701 3563 ι
2734 3519 2841 3568 etc.
2871 3511 2981 3584 (Ea:
3000 3511 3342 3582 Augustino.)
3368 3509 3507 3567 Cum
3534 3510 3748 3566 obsessi

2146 3603 2463 3660 Gabaonita:
2486 3620 2515 3659 a
2539 3605 2760 3675 regibus
2781 3602 3241 3667 Amorrhaeorum,
3266 3602 3546 3657 misissent
3561 3602 3634 3656 ad
3658 3599 3749 3656 Je-

2146 3716 2266 3756 sum
2302 3708 2363 3756 ut
2387 3700 2489 3756 sibi
2517 3699 2921 3764 subveniretur,
2953 3698 3029 3753 ita
3063 3695 3346 3768 Scriptura
3382 3695 3663 3765 sequitur,
3692 3704 3747 3749 et

2145 3790 2313 3845 dicit:
2342 3790 2602 3846 Ascendit
2646 3787 2805 3845 Jesus
2848 3805 2878 3844 a
2921 3787 3158 3860 Galgalis
3181 3786 3315 3861 ipse,
3346 3793 3402 3839 et
3436 3785 3625 3840 omnis
3650 3799 3740 3857 ρο·

2145 3883 2303 3954 pulus
2327 3882 2651 3938 bellatorum
2694 3897 2816 3937 cum
2846 3880 2958 3945 illo,
2986 3880 3163 3934 omnis
3214 3885 3407 3948 potens
3437 3878 3492 3931 in
3518 3876 3744 3932 fortitu—

2145 3976 2271 4031 dine
2301 3994 2314 4028 :
2340 3983 2397 4029 et
2418 3975 2555 4030 dixit
2585 3973 2845 4029 Dominus
2874 3971 2940 4026 ad
2966 3969 3151 4027 Jesum
3183 3988 3197 4025 :
3227 3968 3346 4024 Noli
3373 3969 3573 4023 timere
3598 3966 3739 4028 illos,

2145 4066 2198 4121 in
2230 4082 2423 4121 manus
2457 4067 2603 4123 enim
2647 4074 2770 4121 tuas
2800 4062 2996 4118 tradidi
3039 4078 3133 4118 eos
3163 4080 3175 4116 :
3210 4076 3316 4116 non
3363 4060 3631 4116 subsistet
3670 4072 3739 4113 ex

2145 4157 2250 4213 illis
2278 4158 2563 4229 quisquam
2594 4173 2779 4213 coram
2802 4158 2976 4214 vobis.
3012 4157 3117 4213 Ubi
3149 4160 3325 4226 neque
3345 4153 3634 4210 consultus
3654 4160 3741 4208 est

2142 4246 2403 4304 Dominus
2425 4258 2604 4305 utrum
2636 4250 2873 4305 eundum
2898 4249 2965 4304 ad
2991 4264 3087 4305 eos
3124 4258 3293 4314 esset,
3324 4248 3421 4304 sed
3447 4247 3596 4303 ultro
3622 4247 3737 4302 suis

2143 4347 2293 4395 recte
2322 4342 2611 4397 subvenire
2638 4341 2942 4402 volentibus
2985 4341 3219 4396 futuram
3263 4339 3549 4395 victoriam
3597 4353 3737 4408 pne-

2143 4434 2429 4490 nuntiavit.
2466 4435 2556 4491 Sic
2594 4451 2727 4508 ergo
2765 4443 2968 4507 posset,
3000 4436 3248 4507 quamvis
3278 4450 3385 4489 non
3424 4434 3731 4501 consultus,

449 4517 664 4574 caelitus
682 4518 1058 4574 ostenduntur.
1102 4516 1364 4576 Dominus
1400 4497 1633 4590 desuper
1655 4534 1782 4574 saxa
1812 4521 2033 4590 grandi-
2060 4497 2114 4557 D
2140 4524 2207 4579 de
2253 4525 2383 4595 ipsis
2419 4497 2738 4582 Gabaonitis
2766 4497 3098 4587 admonere.
3140 4526 3232 4598 qui
3281 4532 3489 4589 essent,
3520 4539 3647 4579 cum

450 4605 537 4668 nis
563 4606 716 4677 pluit,
753 4616 810 4663 et
859 4608 1096 4680 quinque
1126 4608 1216 4678 qui
1268 4609 1526 4665 adversus
1560 4606 1742 4663 Jesum
1795 4617 2036 4678 pugnant
2140 4615 2462 4688 longinquos
2489 4633 2611 4673 esse
2661 4618 3045 4682 mentirentur,
3078 4617 3183 4671 nisi
3224 4616 3277 4672 ei
3320 4616 3621 4687 placuisset
3642 4614 3731 4669 illa

372 4754 383 4765 η
450 4697 749 4752 exercitum
777 4707 976 4753 vastat.
1002 4697 1154 4752 Tunc
1183 4698 1375 4754 videns
1397 4697 1553 4752 Jesus
1581 4698 1818 4753 divinam
1850 4713 2033 4756 secum
2134 4704 2336 4773 juratio
2361 4722 2482 4777 quae
2523 4707 2784 4778 subjectis
2837 4723 3064 4779 parcere
3105 4716 3343 4778 cogeret.
3376 4706 3736 4763 Crediderant

450 4784 729 4848 dexteram
753 4788 1109 4857 praeliantem,
1134 4798 1188 4844 et
1230 4788 1507 4863 prosperis
1545 4788 1884 4843 successibus
1909 4804 2037 4844 cun-

450 4884 536 4932 cta
560 4878 872 4948 procedere,
905 4896 1097 4934 novam
1122 4880 1408 4951 quamdam
1437 4888 1492 4934 et
1514 4878 1706 4933 miram
1733 4878 2032 4935 orationem

449 4964 660 5023 extollit
681 4967 747 5021 ad
777 4968 990 5033 coelum,
1015 4970 1200 5024 dicens
1232 4988 1243 5022 :
1273 4969 1392 5026 Stet
1414 4969 1491 5025 sol
1515 4984 1679 5041 super
1713 4967 1956 5035 Gabaon,
1982 4979 2039 5026 et

451 5060 576 5117 luna
630 5074 793 5130 super
815 5059 1007 5115 vallem
1038 5061 1191 5124 Elon,
1228 5062 1399 5117 donec
1428 5076 1727 5133 expuguem
1775 5062 2029 5132 populum

451 5152 632 5213 istum.
665 5151 729 5207 Et
761 5151 1011 5208 stctitsol
1045 5158 1099 5205 et
1139 5152 1261 5205 luna
1303 5154 1355 5207 in
1402 5153 1519 5207 loco
1565 5168 1683 5216 suo,
1713 5153 1884 5208 donec
1912 5170 2038 5224 pero

449 5242 694 5298 vinceret
732 5239 991 5297 Dominus
1034 5241 1281 5295 inimicos
1323 5256 1532 5296 eorum.
1580 5241 1647 5296 Et
1682 5243 1830 5297 stetit
1871 5243 1950 5297 sol
1979 5244 2029 5298 in

450 5332 646 5399 medio,
676 5340 732 5387 et
778 5346 886 5385 non
920 5339 1005 5386 est
1051 5345 1369 5403 progressus
1417 5331 1483 5384 ad
1526 5346 1780 5388 occasum
1828 5330 1883 5387 in
1923 5333 2030 5390 ﬁne

448 5425 609 5481 unius
634 5423 761 5480 dici.
786 5422 902 5478 Non
927 5420 1027 5477 fuit
1052 5422 1168 5478 dies
1198 5423 1320 5477 talis
1343 5432 1469 5487 ante
1488 5422 1611 5489 hoc,
1644 5439 1744 5480 nec
1773 5424 1847 5479 ita
1871 5439 2031 5483 exau~

448 5514 584 5585 divit
630 5514 772 5569 Deus
813 5514 1109 5577 hominem,
1157 5512 1281 5582 quia
1325 5511 1585 5569 Dominus
1625 5515 1883 5586 pugnavit
1928 5530 2029 5587 pro

449 5605 628 5661 lsrael.
663 5607 731 5661 Et
759 5605 1010 5675 fugerunt
1039 5606 1115 5660 illi
1138 5605 1375 5677 quinque
1404 5621 1577 5677 reges,
1607 5607 2032 5663 absconderunt-

451 5706 555 5761 que
583 5708 639 5748 se
664 5696 716 5749 in
744 5696 998 5766 spelunca
1027 5696 1355 5770 Mageddam.
1382 5696 1509 5754 Hmc
1536 5699 1835 5755 secundum
1861 5699 2029 5756 histo-

2139 4795 2282 4850 enim
2326 4794 2462 4862 Deo,
2488 4811 2651 4866 quem
2697 4798 2978 4853 audierant
3023 4811 3121 4851 suo
3173 4794 3372 4868 populo
3415 4795 3733 4865 promisisse

2140 4888 2283 4957 quod
2314 4886 2432 4942 illas
2462 4897 2651 4960 gentes
2678 4889 3043 4954 subverteret,
3086 4902 3384 4957 eorumque
3412 4897 3616 4941 terram
3639 4885 3737 4940 ob-

2140 4978 2357 5045 tineret,
2387 4988 2443 5035 et
2478 4980 2619 5042 hanc
2646 4995 2833 5035 eorum
2882 4979 3040 5035 ﬁdem
3086 4997 3195 5039 non
3223 4995 3317 5035 eos
3341 4980 3624 5051 prodendo
3648 4994 3734 5036 reo

2125 5068 2444 5138 .muneravit
2464 5069 2879 5138 quodammodo.

2216 5176 2233 5209 ι
2270 5158 2447 5231 (1310.)
2471 5159 2713 5231 Cumque
2757 5159 3005 5230 fugerent
3049 5160 3186 5215 ﬁlios
3232 5159 3422 5224 Israel,
3449 5168 3507 5214 et
3553 5168 3735 5215 essem

2142 5266 2161 5299 ι
2199 5248 2252 5303 in
2280 5250 2541 5305 descensu
2568 5251 2862 5315 Bethoron,
2894 5251 3157 5307 Dominus
3179 5251 3329 5306 misit
3358 5266 3527 5320 super
3548 5267 3645 5306 eos
3661 5251 3736 5304 la-

2141 5356 2160 5389 ‹
2195 5338 2347 5410 pides
2365 5356 2595 5409 magnos
2614 5342 2681 5397 de
2709 5342 2848 5398 ctelo
2876 5357 3049 5413 usque
3071 5341 3279 5409 Azeca;
3305 5351 3360 5397 et
3383 5341 3587 5397 mortui
3608 5349 3733 5395 sunt

2142 5447 2160 5480 ε
2196 5429 2366 5485 multo
2391 5431 2575 5501 plures
2594 5431 2865 5502 lapidibus
2894 5432 3194 5504 grandinis,
3222 5447 3388 5503 quam
3433 5449 3575 5503 quos
3612 5433 3731 5504 gla-

2137 5538 2157 5599 ς
2191 5520 2280 5576 dio
2299 5530 2684 5591 percusserant
2722 5521 2817 5579 ﬁlii
2858 5521 3044 5578 lsrael.
3083 5542 3101 5574 ι
3130 5521 3363 5593 Lapides
3404 5531 3535 5577 sunt
3563 5536 3727 5594 gran~

2132 5610 2273 5666 diuis
2316 5610 2467 5667 dura:
2496 5612 2770 5677 vindictae,
2809 5630 2931 5684 quae
2980 5613 3196 5669 caelitus
3239 5614 3539 5671 mittuntur
3567 5627 3728 5684 super

2132 5701 2319 5758 hostes
2361 5703 2542 5774 populi
2596 5704 2726 5771 Dei;
2752 5703 2838 5759 vel
2884 5703 3080 5761 divina:
3108 5704 3725 5778 comminationes,qua:
