4000 6186
228 307 249 359 ί
261 305 367 362 οὸ5

1152 289 1508 358 cunnum.
1550 300 1615 354 IN
1652 297 1913 356 LIBRUM
1943 268 2185 354 iosuu.
2224 325 2296 334 —
2335 294 2463 348 LIB.
2505 294 2566 349 ιι.

3361 296 3504 354 1046

226 423 280 475 iu
322 418 624 490 Scripturts
675 416 848 473 sacris
873 425 1063 472 contra
1105 417 1382 487 improbos
1408 417 1660 486 leguntur
1689 431 1814 485 pro-
1842 419 1892 478 Α
1919 421 2098 466 autem
2127 427 2285 482 reges
2304 413 2544 480 quinque
2570 425 2761 464 sensus
2779 426 3072 480 corporeus
3109 411 3354 466 indicant
3381 426 3396 466 :
3422 413 3506 468 vi-

225 512 382 574 latm;
411 509 505 564 ubi
531 511 776 580 gehenna
811 509 947 578 ignis
971 517 1026 562 et
1049 523 1208 578 paena
1247 509 1330 564 eis
1353 509 1668 579 prtedicitur
1693 523 1819 578 per—

220 609 412 671 petua.
439 598 550 670 (Ea:
595 599 959 670 Adamaulio.)
990 599 1101 654 Hoc
1145 615 1274 670 ergo
1303 600 1464 654 modo
1496 597 1654 653 Jesus
1693 613 1817 652 cum

221 691 460 745 ducibus
495 698 552 744 et
574 691 863 745 virtutibus
891 692 1004 746 suis
1033 693 1188 747 adest
1235 693 1322 747 his
1347 693 1438 762 qui
1462 706 1563 762 pro
1601 691 1818 747 nomine

220 797 331 837 suo
373 777 668 835 contrariis
702 782 994 836 virtutibus
1033 791 1455 852 oppugnantur:
1483 789 1542 836 et
1581 797 1688 836 non
1725 795 1818 835 so-

222 872 338 925 lum
368 870 632 925 auxilium
678 880 898 940 praestat
941 873 993 926 in
1041 872 1201 937 bello,
1238 887 1427 927 verum
1467 880 1526 926 et
1563 870 1820 941 produxit

227 972 445 1030 tempus
475 963 601 1025 diei,
627 971 682 1016 et
710 963 884 1031 spatia
918 962 1056 1017 lucis
1084 963 1378 1033 protelans,
1420 963 1712 1018 adventum
1740 962 1818 1017 di-

227 1055 401 1106 scutit
429 1054 604 1106 noctis
629 1069 642 1118 ;
687 1054 829 1108 unde
851 1054 1096 1122 sequitur
1123 1071 1138 1107 :

300 1141 483 1212 (Ιιιιυ.)
512 1160 531 1191 ι
567 1143 718 1197 'I‘unc
745 1143 956 1198 locutus
981 1152 1067 1198 est
1090 1142 1254 1200 Josue
1273 1144 1501 1199 Domino
1519 1145 1572 1198 in
1601 1143 1688 1199 die
1712 1158 1816 1213 qua

235 1251 252 1281 ι
293 1232 914 1289 ιτιιόίόίιΑιηοηὶιωιιιη
948 1237 1000 1289 in
1032 1245 1326 1306 conspectu
1366 1236 1599 1291 filiorum
1627 1235 1817 1301 Israel,

234 1342 252 1372 ι
287 1321 541 1394 dixitque
563 1339 745 1378 coram
767 1327 848 1380 eis
874 1348 885 1379 :
911 1325 1020 1389 Sol,
1046 1338 1234 1383 contra
1261 1329 1482 1384 Gabaon
1509 1343 1577 1384 ne
1606 1344 1822 1384 movea-

236 1433 252 1463 ι
291 1414 390 1478 ris,
425 1422 480 1467 ct
511 1415 659 1479 luna,
693 1425 880 1470 contra
919 1417 1112 1472 vallem
1141 1419 1389 1473 Ahialon.
1433 1419 1821 1490 Steteruntque

233 1523 252 1553 ι
291 1504 374 1558 sol
403 1512 462 1575 ct.
489 1505 636 1558 luna.
664 1505 852 1561 Nonne
877 1509 1136 1577 scriptum
1159 1519 1242 1564 est
1269 1511 1372 1566 hoc
1409 1511 1460 1564 in
1489 1510 1626 1565 libro
1649 1509 1823 1580 justo-

233 1613 251 1646 ‹
293 1596 455 1649 rum?
490 1593 655 1651 Stetit
685 1597 866 1665 itaque
892 1599 974 1654 sol
997 1599 1048 1652 in
1073 1601 1250 1655 medio
1281 1601 1424 1665 cmli,
1455 1609 1509 1654 et
1535 1617 1640 1656 non
1670 1601 1821 1656 festi-

231 1700 252 1734 ‹
295 1684 447 1736 navit
471 1685 793 1740 occumbere
831 1686 1006 1755 spatio
1035 1688 1196 1742 unius
1231 1689 1358 1742 diei.
1407 1688 1522 1745 Non
1556 1690 1656 1743 fuit
1695 1698 1847 1752 ante.

1921 519 2061 567 sum,
2087 503 2351 565 auditum,
2383 510 2621 572 gustum,
2656 508 2884 560 tactum,
2920 500 3239 567 odoratum;
3272 517 3372 572 per
3414 501 3511 560 aii-

1919 610 2080 665 quem
2105 595 2308 649 etenim
2335 595 2528 648 borum
2559 607 2997 661 unumquemque
3038 608 3262 649 necesse
3303 604 3389 649 est
3416 595 3512 651 de-

1921 687 2103 740 cidere
2129 687 2182 740 in
2208 695 2510 755 peccatum.
2538 685 2788 755 Quinque
2819 700 3010 740 sensus
3031 686 3272 754 quinque
3294 686 3400 741 illis
3424 702 3510 742 re-

1919 777 2076 849 gibus
2097 787 2502 847 comparantur,
2533 779 2626 848 qui
2665 776 3018 844 Gabaonitas,
3042 766 3106 832 id
3131 785 3235 842 est,
3259 778 3509 832 carnales

1919 869 2186 933 homines,
2211 868 2545 939 impugnant.

1992 961 2170 1032 (ιω.)
2205 980 2222 1013 ‹
2256 961 2535 1032 Fugerunt
2561 963 2706 1017 enim
2732 963 2970 1032 quinque
3009 976 3187 1032 reges,
3218 968 3273 1015 et
3298 974 3356 1014 se
3385 959 3510 1012 abs-

1927 1068 1946 1100 r
1983 1050 2280 1105 conderunt
2311 1051 2363 1104 in
2414 1050 2669 1120 spelunca
2722 1051 2874 1104 urbis
2898 1049 3138 1104 Maceda.
3163 1047 3508 1102 Nuntiatum-

1927 1160 1943 1190 ‹
1979 1155 2084 1209 que
2129 1149 2210 1194 est
2235 1138 2398 1194 Josuc
2428 1142 2570 1209 quod
2610 1141 2816 1195 inventi
2865 1148 3045 1195 essent
3074 1140 3313 1208 quinque
3353 1154 3509 1208 reges

1927 1251 1945 1282 ι
1981 1232 2208 1288 latentes
2235 1232 2290 1286 in
2325 1231 2580 1300 spelunca
2631 1231 2868 1286 Maceda.
2901 1230 3001 1297 Qui
3031 1231 3286 1298 praecepit
3320 1229 3506 1292 sociis,

1926 1341 1944 1372 ι
1981 1330 2039 1378 et
2064 1322 2140 1376 ait
2169 1337 2184 1376 :
2215 1322 2426 1378 Volvite
2477 1338 2607 1378 saxa
2642 1322 2877 1392 ingentia
2920 1321 2988 1375 ad
3011 1336 3074 1375 os
3121 1320 3409 1388 spelunca,
3455 1327 3510 1372 ct

1927 1431 1946 1462 ε
1983 1413 2167 1482 ponite
2203 1413 2350 1468 viros
2388 1413 2684 1468 industrios
2736 1412 2830 1482 qui
2873 1411 3085 1466 clausos
3119 1410 3449 1475 custodiant,
3483 1429 3500 1461 ι

1920 1513 1976 1558 et
2019 1511 2238 1558 cetera.
2284 1503 2437 1570 Quod
2484 1512 2662 1559 autem
2691 1504 2944 1559 dicuntur
2995 1503 3049 1556 in
3090 1502 3360 1572 spelunca:
3389 1499 3506 1555 loco

1921 1591 2250 1664 confugisse,
2278 1601 2456 1664 potest
2500 1595 2603 1650 hoc
2647 1593 2879 1648 fortasse
2929 1592 3176 1658 indicari,
3223 1593 3348 1661 quia
3381 1605 3504 1661 spe-

1922 1684 2079 1739 lunca
2107 1685 2258 1740 locus
2281 1693 2366 1740 est
2405 1685 2458 1738 in
2487 1685 2810 1755 profundum
2841 1693 3001 1740 terra:
3033 1684 3300 1740 defossus.
3339 1683 3509 1754 Igitur

232 1793 252 1823 ι
292 1784 350 1827 et
381 1783 568 1844 postea
605 1785 714 1829 tam
767 1777 924 1848 longa
965 1779 1100 1843 dies,
1128 1780 1413 1836 obediente
1449 1782 1676 1835 Domino
1699 1782 1819 1836 voci
1849 1776 1898 1835 B
1923 1776 2088 1830 etiam
2133 1775 2223 1830 isti
2266 1792 2403 1846 quos
2451 1791 2617 1847 supra
2665 1777 3015 1846 exposuimus
3054 1791 3266 1840 sensus,
3299 1791 3421 1829 cum
3450 1789 3510 1829 se

230 1888 251 1918 ι
293 1868 546 1930 hominis,
580 1877 636 1922 et
664 1878 941 1940 pugnante
988 1886 1087 1940 pro
1117 1873 1300 1927 Israel.
1335 1872 1711 1942 Reversusque
1733 1881 1822 1926 est

232 1978 249 2005 ι
290 1956 457 2011 Josue
501 1973 626 2012 cum
674 1961 819 2013 omni
850 1960 1013 2015 Israel
1045 1962 1098 2016 in
1147 1971 1322 2016 castra
1368 1961 1621 2031 Galgalze.
1656 1981 1674 2015 ι
1713 1961 1821 2032 (Ea:

229 2048 463 2119 eadem.)
493 2050 754 2106 Volumus
793 2067 944 2123 ergo,
977 2054 1022 2107 si
1047 2044 1355 2124 possumus,
1379 2055 1667 2109 ostendere
1685 2069 1820 2124 quo-

229 2139 395 2194 modo
426 2139 689 2196 Dominus
718 2151 904 2197 noster
939 2142 1098 2199 Jesus
1148 2145 1496 2214 protelaverit
1535 2144 1730 2210 lucem,
1765 2153 1822 2200 et

230 2231 494 2301 majorem
520 2233 710 2289 fecerit
741 2235 910 2300 diem,
941 2237 1022 2292 vel
1063 2253 1162 2307 pro
1187 2238 1358 2293 salute
1401 2239 1701 2304 hominum,
1734 2239 1817 2294 vel

231 2340 331 2393 pro
358 2325 581 2380 interitu
610 2328 1010 2382 contrariarum
1038 2329 1322 2384 virtutum.
1355 2331 1433 2384 Ex
1458 2346 1567 2400 quo
1601 2332 1822 2387 advenit

228 2412 506 2479 Salvator,
550 2415 676 2471 finis
716 2427 836 2472 erat
864 2420 1084 2484 mundi;
1109 2418 1222 2488 jam
1252 2421 1486 2490 denique
1527 2423 1643 2492 ipse
1674 2421 1822 2478 dice-

227 2509 323 2564 bat
354 2525 370 2562 :
409 2528 427 2559 (
465 2509 844 2567 Paenitentiam
897 2514 1059 2584 agite,
1088 2516 1538 2586 appropinquavit
1591 2532 1818 2587 regnum

224 2599 490 2653 caelorum
524 2599 739 2671 (Matth.
770 2601 874 2674 ιιι).
913 2623 932 2654 ι
970 2604 1037 2657 Ει
1087 2606 1260 2658 tenuit
1293 2612 1348 2659 et
1385 2608 1645 2676 repressit
1674 2607 1817 2660 diem

224 2692 734 2756 consummationis,
773 2702 829 2747 et
856 2694 1048 2750 adesse
1081 2695 1374 2760 prohibuit.
1430 2697 1620 2751 Videns
1671 2697 1816 2752 enim

228 2784 373 2838 Deus
398 2783 564 2839 Pater
586 2783 812 2838 salutem
852 2784 1090 2856 gentium
1116 2800 1212 2854 per
1235 2784 1410 2855 ipsum
1441 2786 1613 2841 solum
1657 2801 1819 2856 posse

225 2884 506 2940 constare,
546 2874 679 2928 dicit
729 2876 795 2929 ad
823 2891 946 2930 eum
981 2895 993 2930 :
1026 2877 1211 2932 «Pete
1248 2892 1279 2931 a
1317 2892 1424 2943 me,
1452 2885 1507 2931 et
1544 2877 1686 2932 dabo
1719 2878 1816 2933 tibi

225 2972 420 3034 gentes
445 2966 817 3022 hmreditatem
843 2977 1015 3030 tuam,
1040 2977 1093 3023 et
1116 2970 1513 3039 possessionem
1541 2977 1690 3024 tuam
1712 2979 1820 3025 ter-

227 3057 410 3109 minos
437 3063 595 3110 terra:
625 3055 798 3129 (Psal.
838 3058 920 3130 ιι).
961 3079 979 3110 ι
1017 3059 1196 3115 Donec
1241 3075 1369 3130 ergo
1399 3068 1622 3131 paterna
1657 3059 1814 3129 polli-

226 3147 419 3202 citatio
463 3149 798 3217 compleatur
841 3149 1114 3217 Ecclesire,
1146 3160 1200 3204 et
1229 3122 1458 3206 diversis
1505 3152 1814 3207 nationibus
1841 3122 1886 3186 Ο

226 3246 462 3303 crescat,
494 3246 655 3308 atque
683 3239 917 3293 introeat
943 3247 1052 3292 tota
1084 3241 1324 3309 gentium
1354 3239 1665 3303 multitudo,
1688 3249 1817 3296 tunc

227 3327 449 3382 demum
497 3331 675 3385 omnis
725 3331 891 3386 Israel
931 3332 1169 3386 salvetur
1201 3349 1214 3385 :
1243 3333 1358 3387 dies
1395 3333 1731 3401 producitur,
1762 3339 1818 3388 et

225 3418 480 3474 differtur
499 3437 762 3490 occasus;
791 3439 891 3478 nec
909 3439 1147 3493 unquam
1170 3424 1248 3479 sol
1269 3425 1544 3489 occubuit,
1561 3425 1654 3479 sed
1675 3440 1822 3480 sem-

225 3525 328 3579 per
363 3511 556 3578 oritur,
583 3511 708 3567 dum
737 3513 1074 3567 credentium
1103 3513 1360 3568 cordibus
1387 3513 1466 3568 sol
1490 3512 1715 3581 justitiaa
1735 3513 1817 3566 Iu-

226 3615 353 3654 men
383 3602 628 3658 veritatis
655 3603 907 3658 infundit.
930 3603 1064 3659 Cum
1091 3619 1222 3659 vero
1248 3605 1448 3674 repleta
1476 3603 1641 3658 fuerit
1661 3619 1814 3658 men-

225 3705 357 3744 sura
404 3693 764 3760 credentium,
806 3703 862 3749 et
901 3694 1138 3749 deterior
1175 3695 1289 3765 jam
1318 3709 1383 3748 ac
1434 3693 1654 3748 decolor
1685 3702 1816 3750 aetas

225 3781 433 3836 ultimae
454 3785 818 3855 generationis
851 3786 1152 3850 advenerit,
1184 3799 1307 3838 cum
1345 3783 1686 3838 increscente
1715 3785 1816 3839 ini-

223 3875 437 3944 quitate
482 3875 792 3948 refrigescet
831 3879 1072 3932 charitas
1111 3877 1424 3941 multorum,
1467 3870 1523 3930 e't
1557 3877 1814 3946 perpauci

225 3968 590 4022 remanserint
644 3970 697 4023 in
751 3969 949 4038 quibus
976 3969 1108 4024 ﬁdes
1159 3968 1484 4031 inveniatur,
1537 3976 1664 4021 tunc
1701 3967 1813 4037 jam

222 4058 623 4113 hreviabuntur
663 4059 798 4114 dics.
825 4060 970 4114 Idem
1013 4059 1178 4128 igitur
1223 4067 1385 4126 atque
1415 4056 1530 4126 ipse
1555 4055 1816 4112 Dominus

225 4149 377 4202 novit
403 4157 459 4202 et
496 4150 790 4204 extendere
816 4150 956 4203 diem
994 4165 1117 4203 cum
1154 4148 1347 4202 salutis
1391 4155 1474 4202 est
1502 4154 1736 4216 tempus,
1761 4154 1817 4202 et

223 4240 474 4296 breviare
489 4241 650 4308 diem,
671 4250 726 4296 et
747 4241 1062 4312 producitur
1089 4241 1243 4296 nobis
1271 4240 1504 4311 spatium
1531 4239 1685 4303 lucis,
1709 4239 1815 4293 sic-

223 4340 284 4382 ut
335 4330 389 4386 in
421 4333 508 4386 die
537 4333 764 4388 honeste
793 4333 1134 4388 ambulemus
1164 4341 1218 4388 et
1259 4339 1425 4403 Opera
1456 4332 1592 4386 lucis
1627 4346 1815 4401 opere-

224 4435 366 4472 mur.
416 4419 523 4476 Sed
549 4429 605 4476 et
632 4422 762 4477 illud
784 4423 1066 4477 videamus
1094 4424 1223 4494 quid
1270 4423 1342 4477 sit
1381 4423 1619 4492 quinque
1657 4437 1812 4493 reges

1924 1867 2158 1921 terrenis
2206 1869 2420 1922 actibus
2467 1867 2521 1921 in
2569 1881 2794 1936 corpore
2847 1867 3006 1936 positi
3046 1865 3425 1929 demerserint,
3455 1873 3510 1918 et

1922 1956 2055 2011 nihil
2086 1955 2152 2010 ad
2180 1971 2318 2026 opus
2348 1957 2464 2021 Dei,
2493 1957 2586 2012 sed
2609 1965 2781 2011 totum
2810 1956 2878 2010 ad
2926 1956 3288 2014 ministerium
3319 1969 3509 2024 corpo-

1925 2047 2000 2103 ris
2025 2048 2258 2118 egerint,
2282 2049 2335 2102 in
2367 2047 2654 2118 speluncas
2680 2047 2992 2119 confugisse
3021 2047 3290 2102 dicuntur.
3322 2046 3508 2101 Scien-

1921 2136 2051 2192 dum
2089 2146 2270 2193 tamen
2299 2145 2385 2193 est
2412 2141 2556 2208 quod
2597 2137 2701 2193 ista
2747 2139 2861 2208 ipsa
2889 2153 3074 2208 regna,
3109 2153 3337 2208 quorum
3366 2152 3508 2192 nunc

1922 2243 2076 2298 reges
2103 2230 2392 2284 vincuntur
2414 2230 2484 2284 ab
2509 2227 2638 2284 Jesu
2681 2238 2738 2284 et
2759 2228 3078 2300 confugiunt
3103 2230 3172 2284 ad
3199 2229 3506 2300 speluncas,

1920 2320 2264 2391 postmodum
2297 2321 2350 2375 in
2395 2328 2595 2375 sortem
2645 2320 2866 2374 veniunt
2897 2327 3230 2385 sanctorum,
3283 2327 3338 2373 et
3379 2334 3508 2389 pars

1922 2411 2136 2466 Domini
2187 2410 2544 2480 appellantur,
2593 2411 2734 2466 sicut
2781 2425 3004 2481 regnum
3053 2408 3375 2474 Jerusalem,
3423 2409 3508 2463 vel

1918 2501 2106 2567 Acbis,
2132 2501 2215 2555 vel
2239 2501 2441 2556 Ebron.
2469 2501 2528 2556 In
2552 2516 2661 2572 quo
2700 2500 2803 2555 hoc
2829 2501 3068 2556 arbitror
3115 2499 3340 2555 indicari
3364 2499 3508 2569 quod

1919 2595 2084 2650 etiam
2111 2593 2200 2648 isti
2231 2594 2471 2663 quinque
2513 2608 2706 2648 sensus
2749 2608 2888 2662 quos
2935 2608 3095 2663 supra
3134 2591 3506 2661 exposuimus,

1918 2687 1974 2741 in
2024 2700 2253 2756 corpore
2296 2686 2478 2754 positi,
2509 2700 2629 2740 cum
2682 2701 2780 2755 per
2810 2684 2996 2740 Jesum
3036 2683 3240 2739 fuerint
3287 2683 3506 2748 devicti,

1918 2779 1993 2833 ita
2023 2787 2084 2832 ut
2125 2776 2416 2832 infidelitas
2467 2778 2536 2831 ab
2577 2776 2658 2831 eis
2704 2784 2759 2830 et
2809 2776 3158 2831 incredulitas
3187 2773 3515 2844 depellatur,"

1917 2877 1974 2924 et
2023 2866 2454 2922 commoriantur
2495 2874 2740 2934 peccato,
2772 2865 2825 2919 in
2866 2880 2932 2918 eo
2977 2865 3120 2934 quod
3171 2865 3423 2919 desinunt
3474 2880 3503 2918 a

1919 2956 2265 3020 ministerio,
2331 2955 2571 3025 peccatis
2636 2954 2766 3022 ipsis
2833 2953 3177 3024 postmodum
3246 2952 3508 3006 ministris

1916 3049 2090 3105 utitur
2146 3046 2325 3101 anima
2374 3045 2443 3100 ad
2481 3045 2811 3114 operandam
2847 3042 3114 3113 justitiam
3158 3041 3274 3096 Dei.
3325 3041 3401 3096 Ita
3447 3041 3507 3096 tit

1917 3149 1978 3196 ut
2013 3136 2332 3202 Jerusalem,
2380 3136 2434 3191 in
2480 3151 2586 3206 qua
2631 3135 2785 3207 prius
2812 3149 2905 3189 rex
2949 3149 3185 3204 nequam
3242 3133 3507 3204 regnabat

1915 3243 1971 3289 et
2001 3231 2288 3302 pessimus,
2317 3230 2658 3300 postmodum
2692 3229 2744 3283 in
2780 3244 2844 3282 ea
2895 3236 3081 3297 regnet
3112 3225 3280 3280 David
3312 3233 3504 3295 potens

1917 3340 2102 3388 manu,
2131 3331 2187 3378 et
2215 3321 2477 3391 pacificus
2525 3319 2800 3374 Salomon.
2827 3317 3086 3373 Assident
3124 3316 3324 3371 etenim
3370 3316 3506 3385 ipsis

1915 3414 2102 3477 etiam,
2146 3426 2282 3481 quos
2316 3425 2477 3480 supra
2519 3411 2775 3474 diximus,
2804 3406 3178 3479 corporalibus
3233 3407 3501 3474 sensibus,

1916 3503 2196 3558 hominum
2217 3503 2465 3570 maligna:
2484 3500 2730 3561 virtutes,
2755 3515 2876 3567 quae
2898 3513 2994 3552 eos
3009 3497 3077 3552 ad
3107 3497 3277 3551 malas
3297 3513 3503 3552 concu-

1915 3591 2208 3660 piscentias
2229 3600 2281 3644 et
2307 3589 2453 3644 fceda
2483 3587 2783 3642 ministeria
2811 3587 3004 3640 anima:
3042 3587 3332 3654 praebendo
3358 3588 3505 3641 solli-

1917 3681 2125 3736 citent:
2150 3695 2286 3749 quas
2328 3677 2596 3748 malignas
2618 3677 2846 3730 virtutes
2866 3675 2911 3728 si
2954 3675 3088 3728 ﬁdes
3120 3673 3320 3729 Christi
3345 3691 3505 3746 supe-

1917 3772 2142 3836 raverit,
2165 3778 2222 3826 et
2262 3770 2317 3824 in
2358 3769 2505 3839 ligno
2533 3767 2712 3822 crucis
2755 3763 2872 3833 ejus
2901 3763 3104 3820 fuerint
3147 3764 3418 3834 suspensi,
3439 3772 3503 3817 ut

1916 3863 1985 3919 de
2013 3863 2146 3932 ipsis
2183 3861 2479 3931 triumphet
2517 3858 2572 3913 iu
2607 3857 2782 3928 ligno;
2810 3864 2867 3911 et
2903 3856 2958 3910 in
2987 3855 3131 3926 ligno
3180 3854 3358 3910 crucis
3390 3870 3500 3909 sum

1917 3953 2260 4022 interemptis
2309 3951 2414 4016 bis,
2456 3962 2732 4022 regnoque
2784 3946 3042 4018 depulsis,
3100 3955 3229 4002 tunc
3275 3945 3504 4001 edicitur

1917 4046 2096 4101 anima
2133 4044 2188 4098 in
2211 4051 2364 4114 parte
2386 4041 2504 4108 Dei,
2533 4049 2660 4095 tunc
2685 4037 2985 4094 Jerusalem
3014 4052 3237 4108 regnum
3261 4037 3357 4092 Dei
3393 4035 3502 4090 etii:-

1917 4136 2079 4200 citur,
2102 4143 2159 4190 et
2194 4133 2450 4203 templum
2483 4132 2535 4186 in
2564 4147 2630 4186 ea
2650 4130 2878 4185 Domino
2905 4128 3254 4184 construitur.
3287 4126 3369 4180 An
3395 4143 3510 4181 non.

1917 4225 2022 4279 hoc
2049 4224 2117 4278 de
2153 4223 2441 4292 semetipso
2497 4220 2764 4275 sentiebat
2794 4219 2882 4274 ille
2922 4219 3012 4287 qui
3052 4216 3286 4282 dicebat,
3316 4234 3336 4267 ‹
3372 4218 3514 4286 quia.

1917 4331 2136 4371 eramus
2163 4325 2221 4369 et
2244 4325 2343 4370 nos
2371 4313 2656 4383 aliquando
2691 4310 2981 4376 insensati,
3000 4307 3286 4374 increduli,
3315 4323 3520 4363 errati--

1916 4415 2019 4473 tes,
2055 4415 2110 4462 et
2153 4406 2452 4461 servientes
2487 4403 2772 4458 desideriis.
2814 4410 2870 4456 et
2910 4400 3500 4469 voluptatibusvariis?

221 4509 449 4579 fugisse,
481 4519 536 4564 et
565 4511 663 4566 hos
692 4513 744 4566 in
778 4512 1093 4583 speluncam
1111 4487 1452 4583 confugisse,
1491 4487 1646 4580 saepe
1671 4487 1812 4567 di'xi-
1835 4497 1889 4556 D
1917 4498 2044 4571 (Tit.
2076 4496 2183 4568 ιιι.)
2213 4516 2232 4549 ι
2264 4494 2381 4551 Non
2408 4495 2552 4549 enim
2604 4493 2749 4547 aliud
2776 4501 2861 4546 cst
2892 4490 2995 4545 hoc
3027 4487 3168 4558 quod
3194 4487 3516 4543 Jerusalem.

223 4615 349 4653 mus
390 4599 658 4670 duplicem
699 4616 822 4657 esse
861 4602 1290 4658 Christianorum
1325 4617 1558 4672 pugnam
1594 4600 1811 4672 :perfe—

221 4690 327 4744 ctis
357 4691 571 4759 quidem
616 4701 670 4747 et
719 4693 918 4750 talibus
944 4694 1122 4765 qualis
1153 4701 1271 4748 erat
1293 4693 1492 4748 Paulus
1534 4691 1810 4762 apostolus

221 4783 312 4850 qui
338 4783 470 4838 dicit
495 4803 507 4837 :
539 4803 558 4836 ι
596 4785 712 4840 Non
734 4796 855 4841 erat
875 4787 956 4843 eis
1004 4801 1181 4858 pugna
1211 4787 1472 4841 adversus
1508 4799 1726 4840 carnem
1756 4793 1812 4840 et

221 4877 564 4947 sanguinem,
594 4879 689 4934 sed
734 4881 996 4936 adversus
1037 4879 1373 4950 principatus
1399 4887 1454 4932 et
1489 4885 1806 4948 potestates,

219 4971 484 5026 adversus
511 4974 697 5028 mundi
725 4974 885 5045 hujus
913 4983 1149 5028 rectores
1202 4972 1568 5033 tenebrarum,
1599 4979 1653 5024 et
1693 4970 1808 5040 spi-

223 5060 400 5114 ritalia
426 5064 678 5132 nequitia:
709 5065 760 5116 in
792 5063 1106 5118 caelestibus
1150 5062 1310 5133 (Eph.
1341 5059 1437 5130 vi).
1479 5080 1496 5112 ι
1536 5058 1810 5115 Inferiori-

221 5152 326 5208 bus
348 5167 480 5210 vero
526 5163 580 5210 et
615 5155 850 5210 nondum
903 5153 1174 5226 perfeCIis,
1203 5168 1380 5224 pugna
1411 5152 1585 5207 adhuc
1615 5151 1808 5205 adver-

219 5258 318 5299 sus
345 5258 563 5298 carnem
592 5257 646 5300 et
668 5245 984 5316 sanguinem
1007 5244 1229 5315 geritur,
1262 5243 1347 5298 his
1377 5241 1468 5311 qui
1493 5241 1668 5296 adhuc
1687 5255 1809 5294 car-

220 5333 438 5390 natibus
491 5336 637 5392 vitiis
678 5345 734 5392 et
780 5336 1162 5407 fragilitatibus
1206 5335 1610 5405 impugnantur,
1659 5331 1805 5400 quod

221 5425 388 5482 etiam
413 5427 467 5482 in
495 5427 599 5482 hoc
643 5427 762 5484 loco
806 5427 1033 5483 indicari
1063 5436 1212 5499 puto.
1245 5425 1456 5479 Etenim
1487 5421 1806 5478 Gabaonitis

224 5516 488 5572 indictum
541 5533 661 5575 esse
699 5536 729 5573 a
778 5520 1016 5589 quinque
1065 5517 1282 5589 regibus
1315 5515 1548 5570 diximus
1583 5513 1804 5577 bellum,

223 5623 457 5678 quorum
488 5610 712 5680 figurant
743 5611 853 5666 dixi
876 5624 995 5665 esse
1023 5609 1076 5663 in
1104 5609 1189 5664 his
1212 5608 1302 5678 qui
1340 5605 1638 5677 imperfecti
1659 5613 1804 5658 sunt.

228 5698 321 5758 Isti
365 5716 497 5771 ergo
526 5717 556 5756 a
596 5703 835 5774 quinque
877 5700 1092 5773 regibus
1133 5700 1532 5772 impugnantur.
1562 5695 1810 5767 Quinque

1916 4591 2206 4662 aliquando
2231 4587 2332 4645 sub
2366 4602 2491 4658 rege
2517 4585 2681 4642 fuisse
2705 4584 3075 4641 Adonibezeth
3112 4583 3389 4646 scribitur,
3417 4585 3498 4636 vel

1917 4685 2036 4740 alia:
2061 4683 2311 4739 civitates
2351 4681 2452 4737 sub
2479 4679 2634 4743 aliis;
2661 4678 2755 4734 sed
2786 4675 3001 4731 interim
3045 4673 3204 4730 Jesus
3243 4673 3497 4729 interficit

1916 4775 2200 4840 inimicos,
2234 4788 2341 4827 non
2385 4769 2756 4826 crudelitatem
2809 4766 3008 4821 docens
3043 4779 3142 4835 per
3185 4765 3309 4829 hoc,
3359 4765 3498 4819 sicut

1917 4864 2153 4921 haaretici
2174 4871 2387 4935 putant,
2417 4860 2512 4916 sed
2541 4859 2720 4915 futura
2743 4857 2798 4912 in
2830 4857 3065 4927 hisqum
3098 4863 3294 4926 gerunt
3315 4871 3500 4910 sacra-

1916 4966 2097 5012 menta
2127 4957 2416 5025 designans
2441 4972 2454 5007 z
2477 4961 2540 5008 ut
2585 4967 2709 5007 cum
2735 4951 3070 5006 interimeret
3097 4947 3256 5004 Jesus
3283 4963 3378 5004 eos
3408 4962 3496 5002 re-

1913 5063 2006 5120 ges
2041 5047 2132 5117 qui
2164 5059 2388 5116 regnum
2413 5039 2621 5113 peecati
2651 5046 2835 5095 tenent
2859 5037 2914 5092 in
2943 5037 3120 5102 nobis,
3142 5037 3411 5107 possimus
3436 5036 3497 5088 il-

1912 5141 2002 5197 lud
2036 5139 2260 5209 implere
2307 5136 2446 5206 quod
2477 5134 2616 5190 dixit
2639 5130 2972 5202 Apostolus:
3006 5148 3026 5180 ι
3060 5128 3212 5185 Sicut
3239 5127 3491 5183 exhibui-

1911 5249 2034 5290 mus
2071 5231 2314 5287 membra
2343 5237 2527 5284 nostra
2575 5225 2780 5282 servire
2829 5223 3098 5293 iniquitati
3133 5221 3220 5299 ad.
3241 5218 3492 5288 iniquita-

1912 5330 2042 5386 tem,
2083 5321 2157 5375 ita
2205 5336 2349 5374 nunc
2375 5316 2727 5373 exbibeamus
2775 5315 3018 5369 membra
3063 5318 3246 5367 nostra
3287 5307 3492 5363 servire

1904 5414 2129 5484 justitia:
2155 5411 2223 5466 ad
2245 5411 2684 5481 justificationem
2709 5406 2888 5479 (Rom.
2915 5407 3012 5475 vi).
3049 5423 3068 5456 ι
3096 5401 3234 5469 Quid
3263 5415 3390 5470 ergo
3409 5408 3494 5454 est

1911 5506 2055 5578 quod
2089 5506 2158 5559 ab
2199 5504 2280 5558 eis
2308 5503 2412 5557 hoc
2441 5501 2558 5556 loco
2584 5500 2731 5554 velut
2781 5497 2999 5553 credule
3038 5492 3316 5562 culpatur?
3353 5490 3490 5553 Hoc.

1911 5598 2109 5669 inquit,
2160 5593 2420 5664 scriptum
2471 5599 2556 5646 est
2587 5590 2816 5645 :Ponite
2863 5585 3028 5656 pedes
3073 5591 3284 5638 vestros
3329 5595 3488 5652 super

1913 5691 2106 5749 collum
2138 5702 2349 5753 eorum,
2396 5693 2451 5742 et
2499 5681 2786 5740 interﬁcite
2815 5691 3190 5749 eos,_uamque
3227 5677 3329 5733 hoc
3382 5690 3505 5732 non.
