3996 6176
530 344 668 402 {Oi't'

1197 334 1258 387 Β.
1299 328 1551 385 RABAN!
1586 324 1803 380 MAURI
1841 320 2158 378 ABCHIEP.
2197 317 2508 377 MOGUNT.
2543 316 2827 375 OPERUM
2864 314 3044 370 PARS
3079 316 3124 367 ῐ.

3593 314 3709 371 ίίίι8

524 458 833 519 crudelitas,
870 453 965 509 sed
1014 448 1324 505 humanitas
1367 452 1420 499 et
1448 441 1752 511 benignitas
1805 435 2095 491 invenitur.
2126 439 2177 497 Λ
2207 451 2226 484 t
2260 433 2462 488 Israel:
2492 439 2980 502 percusseruntque
3025 427 3213 483 urbem
3262 426 3320 482 in
3362 439 3455 480 ore
3479 426 3631 497 gladii,
3664 440 3712 484 ει

525 554 741 611 Utinam
775 550 914 604 enim
950 555 1003 601 tu
1043 545 1165 599 talis
1217 556 1365 596 esses
1395 538 1485 607 qui
1513 548 1741 607 poneres
1766 531 1930 601 pedes
1977 535 2099 582 tuos

524 658 687 714 super
708 647 987 711 serpentes
1011 644 1065 690 et
1110 632 1438 701 scorpiones,
1466 636 1521 682 et
1562 638 1724 693 super
1748 634 1961 677 omnem
1989 618 2102 671 vir-

528 744 696 789 tutem
726 730 949 791 inimici,
978 736 1033 783 et
1060 723 1405 782 conculcares
1435 719 1643 773 leonem
1690 722 1743 770 ct
1788 714 2097 773 draconem,

524 832 581 880 et
608 821 915 878 liasiliscum
946 815 1187 888 regulum
1220 811 1312 882 qui
1344 808 1633 877 aliquando
1661 804 1906 875 regnavit
1941 801 1994 854 in
2024 808 2097 861 te,

525 923 583 970 et
613 912 837 968 nutrivit
875 911 928 963 in
960 917 1013 963 te
1052 919 1271 975 regnum
1311 898 1514 970 peccati
1547 903 1670 959 :ut,
1718 893 1824 948 illis
1850 889 2101 946 omnibus

526 1002 895 1073 interremptis
923 999 1014 1069 qui
1040 999 1093 1051 ill
1120 1007 1173 1051 te
1198 993 1497 1063 regnabant
1521 1000 1683 1058 opere
1702 984 1931 1054 peccati,
1954 980 2102 1036 solus

525 1098 583 1153 in
610 1105 661 1151 te
692 1101 880 1166 regnet
900 1091 1055 1146 Jesus
1077 1086 1338 1142 Dominus
1367 1090 1567 1137 noster.

1131 1196 1355 1255 CAPUT
1393 1193 1481 1250 ιν.

529 1302 812 1374 Deipugna
852 1299 1013 1353 Josue
1042 1302 1228 1374 contra.
1254 1290 1432 1374 urbem
1480 1283 1778 1345 Macedam,
1822 1287 1887 1361 et.
1920 1285 2102 1359 contra

893 1348 1146 1421 etﬁcontra
1194 1358 1442 1421 Asedoth,
1475 1370 1605 1424 quas
1653 1350 1904 1421 percussit
1931 1348 1987 1399 in
2016 1361 2104 1399 om

597 1440 782 1512 gladii.

598 1556 774 1631 (ιιιω.)
808 1574 827 1607 ‹
862 1554 1064 1609 Eodem
1090 1550 1177 1605 die
1198 1546 1452 1602 Macedan
1484 1555 1699 1611 quoque
1748 1535 1890 1606 cepit
1918 1531 2100 1593 Iosue,

532 1667 551 1702 ι
586 1658 639 1705 et
667 1646 934 1719 percussit
963 1645 1014 1698 in
1059 1657 1152 1697 ore
1181 1638 1362 1711 gladii,
1388 1646 1675 1705 regemque
1703 1628 1848 1682 illius
1877 1622 2103 1679 interfe-

531 1761 553 1795 ι
588 1742 682 1804 cit,
732 1746 787 1792 et
833 1749 1021 1791 omnes
1052 1731 1382 1786 habitatores
1407 1723 1539 1791 ejus.
1569 1719 1685 1773 Non
1725 1715 1928 1771 dimisit
1954 1713 2006 1765 in
2037 1725 2101 1764 ea

533 1780 551 1795 .
589 1780 682 1804 νη,
733 1780 787 1792 υ.
835 1780 1019 1791 υ.....ν-
1054 1780 1249 1786 --,-,-,η
1299 1780 1344 1781 η
1433 1780 1451 1791 _

533 1855 553 1887 ι
591 1835 780 1890 saltem
811 1844 1005 1900 parvas
1029 1821 1302 1892 reliquias,
1336 1839 1353 1870 ›
1380 1825 1482 1871 etc.
1507 1811 1651 1867 Bella
1669 1823 1790 1879 qua:
1806 1821 1904 1876 per
1919 1804 2099 1858 Jesum
2134 1780 2181 1837 Β

530 1895 829 1998 geruntur;
865 1929 920 1973 et
964 1932 1149 1987 regum
1190 1921 1351 1981 atque
1389 1906 1625 1962 hostium
1674 1910 1902 1969 strages,
1936 1895 2102 1950 ciale-

529 2018 694 2073 stium
722 2027 902 2068 rerum
931 2009 1137 2063 umbra:
1163 2013 1426 2074 typusquc
1446 2009 1565 2050 esse
1590 1990 1815 2047 dicenda
1846 1995 1988 2049 sunt,
2019 1998 2107 2039 eo-

528 2124 650 2164 rum
691 2106 954 2160 duntaxat
979 2073 1242 2154 llellorum
1282 2089 1495 2163 quando
1523 2091 1703 2140 noster
1730 2079 1991 2135 Dominus
2018 2073 2106 2128 Je-

531 2477 585 2530 in
614 2473 779 2529 Paulo
813 2481 868 2524 et
892 2470 945 2523 in
972 2464 1218 2537 Ephesiis
1257 2457 1533 2532 pugnabat
1556 2453 1812 2506 adversus
1838 2445 2110 2517 principa-

532 2576 620 2621 tus
645 2573 698 2619 et
718 2532 1034 2633 potestates;
1064 2563 1118 2610 et
1140 2561 1378 2608 rectores
1403 2546 1744 2601 tenebrarum
1772 2539 1986 2598 harum,
2023 2532 2112 2586 ad-

534 2622 1051 2719 versus-spiritualia
1097 2640 1350 2711 nequitia:
1379 2638 1431 2691 in
1478 2630 1786 2689 cmlestibus
1824 2624 1982 2697 (Eph.
2008 2622 2105 2694 γι).

536 2745 603 2802 Et
626 2743 769 2807 vide,
803 2742 1012 2808 ingrate
1057 2731 1331 2793 haereticc,
1370 2723 1638 2795 quomodo
1661 2735 1727 2775 ex
1777 2719 1986 2785 integro
2024 2727 2113 2767 ve-

529 2833 740 2891 teribus
762 2844 900 2884 nova
945 2822 1293 2882 concordant.
1336 2814 1666 2872 Promissum
1710 2815 1793 2863 est
1834 2802 2111 2859 veteribus

534 2937 759 2994 regnum
792 2929 951 2975 terra:
982 2922 1204 2975 sanctae,
1228 2918 1386 2964 terrm
1408 2902 1623 2959 ﬂuentis
1648 2901 1732 2953 lae
1759 2905 1813 2951 et
1839 2893 1965 2957 mel,
1990 2906 2111 2962 qum

537 3026 684 3072 terra
719 3025 846 3068 tunc
875 3027 906 3066 a
936 3004 1310 3080 peccatoribus
1334 3007 1388 3055 ct
1429 2993 1678 3068 pessimis
1707 2987 1895 3045 incolis
1935 2999 1999 3039 ac
2026 2998 2112 3037 re—

534 3109 691 3183 gibus
734 3079 1037 3159 tenebatur.
1067 3095 1226 3152 Venit
1278 3095 1331 3147 ill
1376 3091 1532 3145 istam
1573 3093 1772 3140 terram
1794 3079 1951 3134 Jesus
1985 3088 2110 3130 cum

534 3172 780 3257 exercitu
840 3189 1054 3248 Domini
1098 3197 1152 3242 et
1192 3181 1503 3240 Israeliticis
1544 3173 1788 3234 ducibus,
1841 3172 2113 3237 expugnat

535 3302 745 3348 omnes,
774 3281 1033 3339 interimit
1057 3287 1108 3331 et
1139 3274 1369 3335 obtinet,
1398 3277 1452 3323 et
1493 3265 1562 3321 ob
1591 3260 1833 3317 victoriae
1856 3254 2110 3310 meritum

535 3340 743 3444 accipit,
764 3384 950 3427 eorum
999 3380 1161 3437 regna
1215 3375 1351 3432 quos
1376 3357 1525 3411 vicit.
1559 3352 1677 3407 'l‘ibi
1702 3363 1801 3419 per
1824 3340 2111 3411 Evangelia

537 3438 1078 3531 non-promittuntur
1109 3466 1270 3522 regna
1317 3446 1596 3502 cmlorum.
1626 3439 1731 3493 Sed
1782 3438 1899 3491 luce
1947 3442 2114 3499 regna

534 3569 641 3609 non
668 3558 793 3605 sunt
833 3562 1003 3602 vacua
1045 3552 1098 3599 et
1141 3540 1321 3596 inania
1352 3555 1364 3590 :
1396 3534 1599 3590 habent
1627 3526 1959 3584 habitatores
1987 3531 2115 3574 suos

534 3650 848 3719 peceatores
881 3646 935 3694 ct
966 3647 1195 3705 nequam
1225 3628 1466 3701 spiritus,
1497 3620 1710 3690 refugas
1756 3612 2007 3685 angelos;
2040 3606 2114 3662 ibi

536 3704 783 3790 il‘abitanl
813 3730 885 3784 illi
920 3704 1179 3782 adversus
1208 3735 1342 3792 quos
1369 3727 1422 3772 te
1459 3711 1753 3783 apostolica
1775 3704 1901 3759 tuba
1929 3714 2116 3771 perso-

537 3841 676 3883 nans
693 3821 894 3877 Paulus
922 3788 1240 3873 cohortatur
1260 3810 1327 3865 ad
1353 3805 1632 3878 praelium;
1675 3806 1731 3854 et
1754 3797 1895 3851 sicut
1928 3791 1998 3845 ibi
2040 3788 2116 3843 di-

542 3917 702 3973 cebat
745 3910 902 3965 Jesus
932 3907 1055 3976 quia
1083 3902 1281 3958 bellum
1309 3895 1461 3951 vobis
1488 3893 1592 3947 erit
1627 3889 1886 3943 adversus
1924 3880 2117 3935 Amors

542 4007 717 4060 rllaios
746 4010 800 4056 et
823 3999 1163 4056 Pherezteos,
1190 3998 1245 4044 et
1288 3987 1535 4046 lievaros,
1560 3987 1616 4034 et
1644 3976 1937 4032 Jcb'usteos,
1967 3968 2118 4023 simi-

538 4095 665 4169 liter
707 4092 815 4146 hoc
854 4086 1017 4141 etiam
1044 4082 1138 4136 tibi
1163 4077 1365 4133 Paulus
1405 4068 1706 4130 denuntiat,
1736 4064 1922 4118 dicens
1954 4077 1967 4112 :
1999 4057 2116 4112 Non

540 4156 645 4239 erit
672 4181 826 4237 vobis
848 4191 1024 4249 pugna
1054 4172 1315 4227 adversus
1340 4175 1560 4219 carnem
1609 4166 1666 4212 et
1694 4153 2032 4224 sanguinem,
2062 4148 2118 4203 id

540 4282 642 4337 est,
674 4286 780 4326 non
829 4269 906 4324 sic
936 4262 1292 4339 pugnabimus
1320 4257 1460 4310 sicut
1485 4251 1859 4322 pugnaverunt
1884 4238 2116 4307 antiqui,

544 4380 644 4420 nec
666 4364 718 4417 in
749 4358 911 4416 terris
940 4334 1097 4410 nobis
1135 4350 1391 4405 adversus
1418 4342 1666 4398 homines
1709 4334 1954 4392 habenda
1992 4336 2118 4386 sunt

541 4455 747 4526 pnnlia,
764 4451 856 4507 sed
877 4447 1134 4504 adversus
1148 4440 1497 4513 principatus,
1514 4432 1772 4487 adversus
1794 4430 2113 4497 potestates,
2141 4452 2194 4511 Β

540 4547 799 4601 adversus
832 4537 992 4607 hujus
1020 4532 1206 4590 mundi
1255 4539 1496 4584 rectores
1539 4522 1883 4577 tenebrarum
1919 4517 2114 4571 harum

541 4629 824 4703 (Epit.\'t).
857 4603 977 4682 tam
1025 4623 1209 4691 utique
1254 4615 1508 4685 intelligis
1542 4613 1594 4666 in
1642 4610 1837 4680 quibus
1866 4605 2001 4659 locis
2021 4603 2115 4656 hu-

536 4721 772 4792 jzismodi
806 4725 931 4773 sunt
974 4714 1071 4769 tibi
1122 4707 1382 4766 movenda
1425 4701 1752 4764 certamina;
1791 4702 1889 4751 aut
1915 4694 1961 4748 si
2002 4707 2115 4747 non

544 4813 640 4869 tibi
664 4810 858 4866 sullicit
881 4805 1201 4867 intellectus,
1228 4799 1333 4854 nisi
1355 4797 1518 4852 etiam
1553 4794 1671 4848 loca
1694 4792 1807 4860 ipsa
1829 4785 2116 4842 manifesta

544 4901 641 4957 tibi
684 4913 814 4954 voce
852 4897 1153 4967 signentur,
1186 4888 1309 4945 audi
1342 4888 1396 4941 in
1422 4878 1907 4952 consequentibus;
1931 4875 2117 4929 adver-

545 5004 639 5046 sus
691 4963 953 5057 spiritalia
1004 4978 1277 5049 nequitiae,
1323 4975 1517 5044 inquit,
1544 4973 1602 5026 in
1644 4967 1978 5024 ctelestibus.
2008 4963 2117 5018 Au.

546 5079 670 5136 disti
708 5054 798 5150 qui
827 5075 935 5129 sint
962 5072 1053 5143 qui
1083 5070 1180 5126 tibi
1208 5068 1351 5125 bello
1377 5067 1444 5122 de
1476 5061 1787 5119 coelestibus
1819 5054 2119 5126 expellendi

545 5178 691 5237 sunt,
723 5144 786 5221 ut
810 5172 868 5219 tu
894 5163 1070 5235 possis
1096 5162 1213 5216 loca
1256 5157 1346 5212 illa
1368 5165 1424 5210 et
1450 5167 1616 5222 regna
1644 5148 1904 5204 calorum
1943 5144 2117 5198 luere-

546 5232 730 5316 ditatis
749 5232 912 5313 sorte
930 5253 1224 5323 suscipere.
1253 5247 1361 5303 Sed
1381 5255 1439 5299 et
1464 5240 1721 5297 Dominus
1748 5237 1802 5291 in
1828 5232 2120 5304 Evangelia

547 5363 725 5405 nonne
744 5346 1021 5403 evidenter
1047 5344 1150 5397 hoc
1178 5338 1443 5407 designat,
1485 5344 1608 5387 cum
1654 5327 1785 5383 dicit
1812 5344 1824 5379 :
1850 5325 1896 5381 Α
1931 5325 2124 5380 diebus

546 5438 771 5494 Joannis
823 5449 1047 5506 regnum
1097 5428 1358 5485 caelorum
1398 5423 1510 5476 vim
1551 5418 1775 5489 patitur,
1806 5423 1860 5470 et
1903 5415 2010 5469 vim
2039 5413 2124 5468 fa-

551 5530 757 5583 cientes
779 5503 1039 5594 diripiunt
1059 5517 1191 5573 illud
1218 5511 1418 5586 (Ialm).
1447 5529 1466 5561 t
1497 5506 1772 5564 Transivit
1811 5519 1936 5559 cum
1978 5503 2126 5558 omni

557 5638 578 5671 t
606 5616 768 5674 lsrael
786 5616 852 5671 de
872 5614 1091 5668 Maceda
1109 5611 1163 5665 in
1178 5608 1384 5663 Lebna.
1399 5614 1454 5659 et
1478 5601 1752 5675 pugnabat
1769 5605 1957 5654 contra
1980 5611 2127 5657 eam,

565 5724 587 5760 t
617 5721 777 5777 quam
822 5704 1043 5759 tradidit
1089 5699 1348 5757 Dominus
1395 5712 1521 5751 eum
1566 5708 1690 5764 rege
1727 5706 1826 5747 suo
1864 5689 1918 5745 in
1963 5702 2127 5745 manu

2210 540 2229 574 t
2259 538 2450 577 omnes
2492 522 2825 577 habitatores
2860 521 2998 590 ejus,
3029 526 3088 574 et
3113 532 3219 572 non
3258 516 3559 570 dimiserunt
3595 517 3713 574 inea

2208 631 2230 662 σ
2260 611 2396 666 ullas
2433 610 2727 680 reliquias:
2756 607 3107 675 feceruntque
3132 605 3247 675 regi
3268 604 3445 660 Lebna
3469 606 3594 658 sicut
3610 606 3715 662 lece-

2208 719 2228 751 t
2266 712 2386 756 rant
2430 701 2544 770 regi
2577 699 2815 756 Iericho.
2843 698 2918 752 De
2963 696 3148 751 Lebna
3188 694 3434 749 transivit
3458 709 3567 748 cum
3598 698 3711 750 omni

2209 806 2227 838 t
2261 788 2425 843 Israel
2449 790 2504 843 in
2547 788 2765 852 Lachis,
2805 796 2862 842 et
2900 786 3143 841 exercitu
3165 799 3263 854 per
3288 799 3470 854 gyrum
3503 785 3714 854 disposito

2209 897 2228 928 ι
2261 880 2605 950 oppugnabat
2629 894 2775 944 eam,
2805 897 2824 931 ι
2854 887 2962 933 etc.
2986 875 3204 931 Utinam
3223 873 3369 944 digni
3387 887 3607 928 essemus
3623 875 3716 942 qni-

2203 968 2306 1023 bus
2335 969 2594 1024 Dominus
2615 967 2772 1024 Jesus
2798 966 3063 1038 sapientia
3090 979 3186 1018 sua
3215 962 3391 1017 aulam
3414 962 3656 1030 panderet,
3673 971 3718 1016 et

2204 1056 2575 1112 introduceret
2593 1072 2692 1112 nos
2717 1056 2858 1110 intra
2889 1056 3174 1109 thesauros
3206 1051 3475 1122 sapientia:
3510 1058 3559 1103 et
3579 1051 3715 1104 scien-

2206 1148 2295 1203 tia:
2322 1163 2451 1211 suae,
2477 1155 2532 1203 et
2554 1162 2650 1203 eas
2668 1148 2735 1203 de
2756 1146 2954 1216 quibus
2973 1157 3116 1200 nunc
3139 1141 3461 1213 pedetentim
3485 1155 3712 1201 conamur,
3811 1185 3814 1188 .

2205 1245 2462 1307 tauquam
2489 1251 2587 1307 per
2628 1236 2907 1308 speculum
2950 1243 3010 1289 et
3044 1234 3101 1288 in
3147 1232 3448 1301 aenigmate,
3476 1229 3630 1299 aliqua
3665 1245 3714 1283 ex

2203 1335 2359 1398 parte
2383 1326 2628 1382 contueri
2657 1333 2711 1381 et
2730 1325 2997 1395 inspicere
3023 1322 3244 1393 ﬁguras,
3278 1319 3478 1391 plenius
3500 1318 3632 1373 nobis
3653 1333 3717 1373 re-

2206 1433 2414 1482 serare,
2459 1427 2515 1472 et
2556 1416 2860 1487 perfectius
2915 1416 3233 1486 dignaretur
3273 1412 3493 1481 aperire.
3538 1409 3718 1464 Videres

2205 1511 2477 1579 quomodo
2498 1511 2653 1565 nobis
2678 1509 3022 1573 claresceret,
3042 1505 3197 1574 cujus
3222 1504 3542 1575 potissimum
3563 1517 3619 1557 ex
3634 1502 3717 1571 spi-

2207 1600 2456 1654 ritalibus
2489 1599 2737 1655 hostibus
2776 1599 2864 1653 his
2897 1597 2988 1668 qui
3038 1611 3183 1650 nunc
3233 1596 3530 1664 impugnant
3568 1591 3718 1655 Israel,

2207 1690 2503 1760 spiritalem
2541 1691 2769 1762 ﬁguram
2806 1692 2981 1745 tenuit
3020 1689 3135 1758 ipse
3160 1687 3407 1757 princeps
3431 1685 3492 1740 de
3521 1682 3717 1745 Maeotia,

2209 1791 2265 1836 et
2289 1782 2375 1837 ille
2399 1783 2466 1838 de
2488 1782 2709 1846 Lachis,
2738 1790 2796 1838 et
2836 1782 2924 1837 ille
2954 1782 3021 1836 de
3062 1781 3266 1843 Lebna,
3307 1787 3396 1833 aut
3433 1775 3572 1845 cujus
3606 1776 3719 1829 intra

2210 1873 2587 1943 memetipsum
2621 1873 2740 1927 vitii
2763 1872 2850 1927 vel
2869 1872 3071 1928 erroris
3093 1871 3294 1940 quibus
3329 1869 3493 1923 anima
3518 1865 3719 1936 implies-

2205 1972 2318 2028 tur,
2341 1962 2577 2018 formam
2596 1970 2787 2047 tenent
2810 1962 3007 2032 singuli
3047 1963 3250 2031 quique
3276 1961 3459 2016 horum
3482 1973 3601 2026 quos
3620 1954 3719 2011 Jesu

2207 2059 2343 2111 duce
2367 2055 2625 2123 interficit
2654 2053 3003 2125 populus‘Dei
3035 2071 3050 2107 :
3083 2053 3141 2107 hi
3174 2052 3416 2107 videlicet
3437 2049 3521 2119 qui
3538 2047 3721 2101 audiunt

2206 2144 2463 2199 mandata
2491 2142 2629 2212 ejus,
2661 2151 2718 2199 et
2736 2151 3064 2213 praeceptum
3090 2140 3418 2205 custodiunt,
3442 2138 3611 2207 quibus
3630 2136 3721 2204 ipse

2036 2259 2107 2300 εει,
2208 2234 2399 2289 tribuit
2426 2232 2736 2290 facultatem
2763 2232 3005 2288 calcandi
3056 2246 3224 2300 super
3256 2239 3519 2299 serpentes
3534 2235 3582 2281 et
3601 2240 3720 2280 seor-

2207 2324 2416 2394 piones,
2445 2332 2502 2379 et
2523 2340 2686 2394 super
2706 2337 2923 2378 omnem
2952 2328 3280 2391 potestatem
3303 2317 3511 2373 inimici.
3538 2314 3720 2370 Oremus

2207 2432 2339 2488 ergo
2358 2425 2420 2471 ut
2439 2423 2494 2474 et
2518 2417 2687 2471 nostri
2716 2415 2883 2486 pedes
2930 2413 3064 2468 tales
3100 2412 3234 2477 sint,
3264 2419 3369 2465 tam
3396 2406 3615 2478 speciosi,
3634 2412 3720 2456 tam

2209 2507 2390 2572 validi,
2421 2506 2512 2577 qui
2542 2507 2754 2577 possint
2776 2504 2987 2560 calcare
3013 2503 3260 2559 cervices
3304 2499 3628 2559 inimicorum,
3650 2491 3720 2562 qui

2207 2598 2420 2668 possint
2460 2598 2536 2652 ita
2585 2596 2797 2651 calcare
2830 2602 2994 2664 caput
3041 2590 3335 2663 serpentis,
3379 2596 3435 2644 ut
3463 2586 3721 2643 calcaneutn

2210 2702 2453 2748 nostrum
2480 2692 2729 2748 mordere
2764 2704 2873 2745 non
2899 2687 3091 2759 possit.
3123 2685 3229 2752 Qui
3257 2684 3398 2741 enim
3435 2686 3613 2752 pugnat
3643 2674 3722 2732 sub

2208 2785 2334 2841 Jesu
2363 2785 2499 2839 duce
2519 2783 2780 2837 adversus
2798 2777 3102 2835 contrarias
3120 2780 3431 2847 potestates,
3443 2771 3582 2827 debet
3594 2765 3721 2820 etiam

2211 2875 2341 2931 illud
2364 2873 2667 2945 promereri
2693 2870 2839 2941 quod
2864 2868 2932 2924 de
2965 2867 3245 2937 prioribus
3279 2860 3597 2919 bellatoribus
3618 2854 3721 2910 scri-

2208 2966 2357 3021 bitur
2387 2982 2401 3018 :
2444 2981 2463 3015 t
2504 2963 2574 3018 Et
2605 2975 2858 3016 reversus
2885 2965 3002 3024 est,
3046 2957 3257 3025 inquit,
3297 2953 3553 3008 universus
3589 2960 3721 3016 popu-

2220 3075 2238 3107 t
2273 3055 2357 3110 lus
2380 3054 2448 3108 ad
2472 3053 2657 3108 Jesum
2680 3048 2988 3112 incolumis,
3018 3054 3075 3102 et
3099 3061 3209 3100 non
3237 3042 3442 3099 mutivit
3467 3039 3657 3109 quisque
3673 3032 3723 3086 de

2220 3165 2238 3196 t
2277 3145 2402 3200 ﬁliis
2431 3142 2595 3199 Israel
2644 3141 2697 3194 in
2741 3139 2921 3209 lingua
2949 3152 3066 3193 sua.
3102 3155 3123 3188 ι
3162 3134 3326 3188 Vides
3352 3145 3474 3202 ergo
3514 3127 3619 3198 quia
3653 3122 3722 3191 qui

2214 3235 2313 3290 sub
2335 3232 2462 3288 Jesu
2486 3232 2717 3286 militant
2745 3229 3039 3284 incolumes
3066 3225 3270 3281 debent
3298 3222 3465 3278 redire
3487 3219 3544 3274 de
3563 3213 3721 3286 pneliot

2213 3338 2315 3378 nec
2359 3336 2597 3389 unquam
2648 3319 2844 3373 debent
2868 3332 2935 3372 ex
2978 3313 3177 3383 iaculis
3224 3310 3436 3381 maligni
3461 3305 3617 3378 ignitis
3642 3299 3725 3353 Vlli~

2215 3430 2317 3472 nus
2352 3414 2617 3485 accipere,
2668 3428 2774 3466 non
2819 3411 2875 3465 in
2910 3409 3075 3465 corde
3115 3407 3308 3477 pollui,
3346 3419 3446 3460 non
3488 3402 3534 3457 in
3567 3396 3724 3466 cogita-

2216 3504 2362 3561 tione
2401 3502 2682 3566 maculari,
2710 3516 2813 3558 non
2843 3514 2941 3570 per
2971 3499 3130 3563 iram,
3164 3513 3272 3552 non
3307 3508 3398 3567 per
3417 3490 3722 3561 cupiditatem,

2216 3612 2322 3654 non
2348 3610 2447 3665 per
2465 3594 2625 3649 aliam
2662 3590 2959 3662 quamlibet
2994 3589 3339 3645 occasionem
3380 3584 3541 3639 locum
3575 3578 3723 3633 daemo-

2217 3663 2364 3743 uicis
2376 3685 2687 3740 vulneribus
2730 3683 2881 3736 dare.
2914 3679 3067 3747 Quod
3089 3687 3271 3734 autem
3300 3675 3492 3733 addidit
3510 3670 3616 3741 quia
3637 3663 3726 3720 nul-

2217 3780 2301 3834 lus
2327 3777 2539 3832 mutivit
2581 3775 2635 3829 in
2665 3774 2846 3845 lingua
2891 3786 3008 3833 sua,
3039 3770 3142 3825 hoc
3184 3769 3317 3827 mihi
3344 3766 3538 3820 videtur
3562 3752 3725 3814 ostendi

2217 3871 2342 3940 quia
2367 3868 2436 3924 de
2464 3866 2691 3923 victoria
2728 3880 2788 3920 se
2813 3879 2972 3920 nemo
2987 3861 3237 3931 iactavit,
3263 3875 3416 3916 nemo
3442 3853 3602 3911 virtuti
3625 3862 3723 3909 sur.

2220 3960 2345 4028 quia
2391 3957 2686 4028 superavit,
2709 3956 2932 4011 ascribit
2962 3973 2974 4011 :
3000 3956 3092 4010 sed
3120 3955 3354 4009 scientes
3378 3951 3494 4021 quia
3518 3944 3649 3999 Jesus
3665 3944 3726 3994 est

2218 4053 2311 4122 qui
2354 4050 2639 4105 victoriam
2676 4048 2896 4113 tribuit,
2948 4046 3046 4116 ipsi
3096 4045 3151 4105 in
3192 4046 3369 4114 lingua
3404 4056 3501 4096 non
3525 4034 3721 4092 mutiunL

2219 4120 2371 4210 Quod
2392 4141 2526 4196 bene
2556 4139 2861 4210 intelligens
2881 4137 3159 4208 apostolus
3180 4135 3375 4191 Paulus
3398 4130 3585 4186 dicebat
3607 4138 3619 4175 :
3638 4120 3723 4210 Non

2217 4248 2318 4304 ego
2354 4240 2555 4295 autem,
2585 4230 2677 4285 sed
2699 4207 2871 4301 gratia
2900 4228 2998 4284 Dei
3022 4242 3142 4297 quae
3169 4226 3225 4280 in
3244 4239 3331 4280 me
3351 4229 3432 4277 est
3455 4217 3499 4289 (1
3520 4215 3621 4269 Cor.
3639 4207 3723 4277 xv).

2218 4302 2352 4379 Puta
2390 4329 2569 4378 autem
2595 4319 2721 4390 quia
2754 4319 2819 4373 ad
2842 4319 2947 4374 hoc
2970 4316 3229 4388 respiciat
3254 4311 3379 4368 illud
3406 4302 3591 4365 Domini
3617 4311 3725 4352 man-

2220 4414 2401 4469 datum
2423 4427 2528 4480 quo
2559 4388 2635 4465 ait
2664 4408 2814 4480 (Luc.
2837 4405 2972 4477 xvn)
3002 4424 3017 4458 :
3042 4404 3178 4461 Cum
3210 4411 3388 4457 autem
3411 4391 3618 4451 feceritis
3639 4388 3724 4440 lucc

2220 4503 2419 4566 omnia,
2451 4501 2613 4558 dicite
2638 4473 2762 4570 quia
2792 4497 2933 4553 servi
2955 4473 3182 4551 inutiles
3218 4483 3420 4553 sumus,
3445 4483 3569 4557 quod
3588 4473 3724 4535 debui-

2222 4610 2343 4653 mus
2366 4594 2545 4649 facere
2568 4592 2825 4657 fecimus;
2850 4596 2906 4645 et
2932 4590 2988 4646 in
3012 4589 3117 4643 hoc
3144 4587 3292 4642 enim
3322 4580 3477 4640 simili
3511 4572 3643 4632 modo
3664 4581 3726 4620 re-

2221 4702 2343 4743 rum
2371 4701 2624 4757 prospere
2673 4692 2945 4753 gestarum
2991 4678 3297 4752 prohibere.
3323 4674 3524 4729 videtur
3564 4665 3726 4734 jactan-

2222 4779 2374 4834 tiam.
2401 4777 2508 4833 Sed
2550 4776 2809 4839 Marcion,
2834 4788 2900 4828 ac
2935 4771 3271 4834 Valentinus,
3301 4774 3356 4821 et
3381 4758 3625 4817 Basilides,

2223 4870 2436 4939 terique
2461 4882 2582 4921 cum
2604 4865 2757 4937 ipsis,
2784 4864 2910 4919 dum
2932 4863 3047 4917 hinc
3071 4859 3286 4923 nolunt,
3309 4856 3443 4911 sicut
3462 4853 3624 4906 sancto
3640 4834 3726 4905 Sil“

2225 4961 2331 5015 ritu
2383 4960 2600 5029 dignum
2624 4930 2758 5019 Vest,
2791 4954 3105 5024 intelligere,
3162 4948 3551 5006 declinaverunt
3582 4951 3607 4989 a
3632 4930 3724 5026 title.

2224 5058 2280 5109 et
2307 5048 2650 5102 inseruerunt
2675 5059 2732 5101 se
2784 5015 3150 5114 impietatibus
3174 5037 3374 5099 multis,
3405 5032 3553 5087 alium
3584 5015 3725 5077 Domi-

2224 5155 2353 5195 num
2400 5136 2556 5207 legis,
2583 5144 2639 5190 et
2684 5112 3075 5192 alium'mundi
3105 5137 3402 5185 creatorem
3446 5136 3505 5175 ac
3542 5112 3726 5187 judicent

2225 5228 2590 5300 proierentes;
2619 5224 2766 5280 velut
2791 5237 2887 5293 per
2918 5222 3035 5276 haec
3054 5235 3173 5290 quae
3201 5217 3397 5285 scripta
3435 5214 3545 5265 sunt
3584 5193 3728 5255 crude-

2228 5319 2334 5375 lem
2361 5317 2503 5387 quod
2543 5315 2757 5371 calcare
2783 5292 3014 5366 hostium
3059 5306 3296 5365 cervices
3329 5301 3582 5372 iubentur,
3606 5292 3728 5352 atque

2231 5410 2287 5464 in
2308 5409 2450 5480 ligno
2478 5405 2804 5474 suspendere
2829 5416 2986 5471 reges
3007 5408 3164 5453 terrm
3183 5396 3324 5450 illius
3351 5402 3500 5460 quam
3521 5377 3729 5480 “om?”

2232 5458 2509 5555 invadunt.
2534 5495 2709 5564 Atque
2732 5458 2938 5546 utinam
2963 5489 3221 5543 Dominus
3262 5458 3410 5537 meus
3444 5474 3581 5530 Jesus
3597 5458 3727 5564 Fille!

2232 5588 2326 5643 Dei
2353 5587 2498 5643 istud
2537 5546 2814 5647 coxicedat,
2842 5591 2897 5636 et
2923 5579 3133 5649 jubeat,
3158 5575 3379 5647 pedibus
3405 5566 3531 5624 meis
3559 5546 3728 5649 concul-

2234 5698 2360 5740 care
2392 5681 2641 5751 spiritum
2678 5673 3074 5738 fornicationis,
3106 5680 3160 5725 ct
3186 5669 3394 5722 calcare
3433 5668 3577 5729 super
3596 5638 3729 5704 (καῖ’
