4000 6186
261 333 405 390 1049

1188 332 1542 390 COMMENT.
1580 331 1648 386 IN
1687 331 1950 387 LIBRUM
1988 330 2222 389 JOSUE.
2263 362 2335 372 —-
2373 333 2502 388 LIB.
2544 334 2605 388 ιι.

3382 340 3403 393 Ι
3419 341 3524 394 050

258 465 354 506 ccs
381 449 606 520 spiritus
651 446 940 501 iracundize
987 453 1038 499 et
1077 445 1299 511 furoris,
1343 447 1553 501 calcare
1599 447 1840 500 avaritia:
1868 448 1917 505 Α
1944 460 2052 514 quo
2087 447 2362 502 destructo
2390 456 2552 516 atque
2571 447 2853 512 subverso,
2882 451 3223 517 postmodum
3266 451 3524 510 Israelita;

257 543 610 601 dmrnonium,
652 539 864 593 calcare
903 537 1242 606 jactantiam,
1296 548 1576 593 conterere
1622 537 1847 606 pedibus

256 631 532 702 superbiae
564 630 811 698 spirituum
847 647 860 681 :
892 639 1086 683 etcum
1127 629 1242 682 hmc
1271 627 1466 689 fecero,
1511 627 1688 696 operis
1711 625 1845 694 gesti

254 736 532 775 summam
557 736 661 773 non
685 719 817 773 mihi
840 719 932 772 scd
955 717 1102 772 cruci
1125 718 1240 786 ejus
1261 717 1592 786 appendere!
1616 729 1847 784 sequens

259 814 489 867 Paulum
516 812 804 874 dicentem,
837 810 959 878 quia
992 825 1090 878 per
1119 809 1292 877 ipsum
1315 807 1445 860 mihi
1471 808 1700 860 mundus
1719 820 1848 858 cru-

253 904 458 957 cifixus
510 912 592 956 est
617 901 758 965 (Gal.
788 901 894 972 vt);
923 909 976 954 et
1007 915 1068 953 ea
1100 914 1220 970 qum
1249 899 1494 968 superius
1529 896 1848 952 memoravi-

263 1013 404 1060 mus,
436 996 577 1066 quod
611 996 705 1058 ait,
740 993 854 1048 Non
891 1009 989 1064 ego
1016 1004 1216 1057 autem,
1250 994 1342 1047 sed
1373 992 1544 1061 gratia
1579 990 1694 1055 Dei,
1727 1007 1847 1060 qua:

265 1091 318 1142 in
353 1105 441 1143 me
482 1097 566 1142 est
591 1087 641 1157 (1
673 1085 794 1140 Cor.
829 1086 955 1154 xv);
982 1088 1122 1154 quod
1149 1087 1192 1141 si
1241 1087 1313 1140 ita
1349 1085 1527 1140 facere
1580 1100 1844 1148 meruero,

263 1180 458 1233 beatus
501 1193 614 1232 ero.
647 1177 712 1230 Et
747 1177 947 1231 dicitur
979 1176 1140 1230 etiam
1192 1176 1321 1230 mihi
1347 1177 1488 1245 quod
1513 1176 1723 1229 diccbat
1748 1190 1847 1227 an-

264 1272 434 1340 tiquis
455 1269 612 1324 Jesus
640 1268 816 1338 (Deut.
853 1276 1003 1334 xxxx)
1030 1285 1043 1321 :
1075 1268 1316 1322 Viriliter
1353 1268 1515 1336 agite,
1544 1276 1598 1321 et
1637 1265 1850 1320 confor-

265 1361 515 1414 taminia
563 1359 700 1413 facie
742 1373 952 1423 eorum,
980 1359 1104 1429 quia
1155 1358 1413 1412 Dominus
1449 1357 1588 1410 Deus
1629 1355 1848 1409 tradidit

259 1453 416 1507 vobis
436 1467 625 1506 omnes
647 1451 894 1504 inimicos
917 1459 1126 1505 vestros
1153 1449 1204 1502 in
1233 1464 1442 1503 manus.
1473 1446 1648 1520 (ῐιιιιι.)
1672 1465 1689 1497 ‹
1718 1445 1848 1501 Per-

267 1563 286 1596 ι
325 1545 499 1600 cussit
529 1545 709 1611 itaque
737 1541 900 1596 Josue
927 1556 1142 1595 omnem
1176 1549 1373 1594 terram
1413 1548 1746 1600 montanam,
1793 1525 1849 1592 et

267 1655 286 1687 ς
326 1636 716 1698 meredianam,
749 1641 912 1701 atque
954 1641 1333 1700 campestrem,
1369 1640 1424 1685 et
1453 1631 1690 1684 Asedoth
1723 1645 1846 1683 cum

268 1745 288 1776 ι
332 1726 546 1796 regibus
577 1724 708 1778 suis.
736 1722 850 1776 Non
875 1721 1078 1775 dimisit
1107 1721 1158 1774 in
1189 1721 1270 1775 eis
1291 1721 1426 1773 ullas
1455 1719 1727 1788 reliquias,
1753 1717 1847 1772 sed

1950 541 2298 609 regnantibus
2327 540 2394 593 ad
2447 539 2552 593 iter
2584 539 2840 608 perducta
2893 541 2963 593 sit
2997 551 3223 596 rectum.
3265 544 3525 601 Similiter

1949 639 2129 685 autem
2160 639 2213 685 et
2239 630 2476 693 Hebron,
2505 645 2666 698 quam
2709 629 3056 698 interpretari
3083 633 3278 686 dicitur
3301 638 3526 706 conjun-

1949 721 2180 775 ctionem
2211 721 2295 775 vel
2342 719 2668 788 conjugium.
2702 719 3023 788 Conjuuctio
3047 737 3177 774 vero
3206 725 3398 778 animm
3430 743 3527 779 no-

1949 818 2074 864 stra:
2113 809 2214 863 fuit
2263 811 2438 879 primo
2485 824 2608 863 cum
2638 809 2779 862 malo
2807 810 2944 873 viro,
2969 818 3023 863 et
3050 813 3248 865 marito
3291 817 3526 881 pessimo

1949 903 2162 956 diabolo
2193 919 2206 955 :
2235 918 2342 971 quo
2396 901 2670 956 destructo
2721 912 2777 956 et
2826 903 3116 967 exstincto,
3166 904 3390 958 liberata
3442 918 3528 962 est

1949 995 2129 1048 anima
2153 1011 2182 1048 a
2209 995 2323 1064 lege
2345 996 2542 1066 prioris
2568 1003 2624 1050 et
2651 997 2872 1064 pessimi
2896 998 3018 1061 viri,
3045 1005 3100 1051 et
3135 997 3418 1065 conjuncta
3447 1009 3530 1053 est

1949 1085 2066 1139 viro
2086 1085 2226 1141 bono
2253 1093 2307 1138 et
2334 1085 2596 1153 legitimo,
2622 1086 2696 1140 illi
2723 1086 2790 1140 de
2815 1102 2922 1155 quo
2947 1087 3076 1141 dicit
3099 1089 3373 1157 apostolus
3393 1089 3531 1144 Pau-

1951 1174 2074 1228 lus:
2107 1193 2126 1224 ‹
2159 1173 2335 1228 Statui
2379 1184 2560 1228 autem
2602 1190 2700 1229 vos
2739 1177 2829 1230 uni
2882 1177 2999 1230 viro
3031 1178 3291 1246 virginem
3321 1189 3528 1234 castam

1947 1265 2207 1319 exhibere
2253 1265 2470 1319 Christo
2503 1265 2589 1335 (II
2630 1266 2751 1320 Cor.
2777 1267 2837 1338 ι).
2879 1287 2896 1319 ι
2933 1267 3023 1322 Sic
3059 1270 3219 1322 etiam
3252 1271 3528 1325 nominum

1950 1355 2186 1422 ipsorum
2222 1354 2573 1424 intelligentia
2603 1355 2668 1409 ad
2697 1357 2986 1426 genuinum
3022 1359 3164 1412 hunc
3194 1360 3533 1429 uniuscujus-

1948 1461 2055 1514 que
2091 1445 2328 1500 civitatis
2378 1455 2639 1501 consonat
2689 1459 2906 1504 statum.
2937 1451 3047 1521 Ego
3093 1462 3222 1521 puto
3273 1455 3417 1523 quod
3451 1456 3532 1510 sic

1949 1534 2143 1589 melius
2171 1542 2254 1588 est
2279 1534 2502 1605 intelligi
2531 1536 2666 1590 bella
2694 1537 3006 1602 Israelitica,
3037 1549 3091 1593 et
3118 1542 3259 1610 quod
3289 1543 3367 1596 sic
3396 1559 3534 1612 pra:-

1950 1624 2071 1678 liari
2103 1622 2260 1678 Jcsus
2281 1633 2521 1693 putetur,
2560 1635 2614 1678 et
2637 1626 2916 1681 destruere
2939 1629 3100 1682 urbes
3125 1645 3189 1683 ac
3219 1645 3382 1701 regna
3406 1633 3536 1686 sub-

1949 1726 2180 1772 vertere.
2214 1716 2305 1771 Sic
2325 1718 2470 1771 enim
2513 1727 2568 1772 et
2597 1717 2726 1772 illud
2769 1719 2970 1774 dictum
3002 1720 3301 1790 religiosius
3342 1731 3397 1776 et
3429 1723 3535 1777 cle-

270 1835 288 1865 ι
330 1831 493 1869 omne
521 1813 666 1883 quod
697 1813 904 1882 spirare
932 1819 1148 1881 poterat
1171 1809 1460 1871 interfecit,
1483 1810 1624 1864 sicut
1647 1823 1844 1878 praeces
1877 1807 1924 1864 Β
1951 1810 2184 1864 mentius
2216 1809 2517 1879 apparebit,
2551 1810 2692 1878 quod
2739 1810 2936 1864 dicitur
2980 1811 3053 1864 ita
3107 1812 3435 1866 subvertissc
3480 1821 3535 1866 ct

270 1925 288 1956 ι
327 1913 482 1976 perat
512 1906 561 1958 ei
588 1903 848 1958 Dominus
873 1903 1014 1956 Deus
1047 1900 1243 1964 Israel,
1276 1920 1294 1952 ι
1323 1908 1380 1954 ει
1406 1899 1636 1969 reliqua.
1663 1898 1847 1952 Domi-

262 2011 370 2050 nus
398 2011 550 2049 meus
578 1993 734 2048 Jesus
764 1992 1032 2055 Christus,
1064 1991 1294 2045 bellator
1341 1991 1598 2044 adversus
1622 1989 1850 2042 virtutes

260 2085 603 2148 contrarias;
631 2091 688 2137 et
711 2083 868 2152 cjecit
896 2097 989 2136 eas
1019 2082 1085 2135 de
1115 2081 1427 2134 civitatibus
1449 2095 1584 2149 quas
1611 2079 1851 2147 posside-

262 2175 422 2240 bant,
446 2175 497 2228 id
523 2182 624 2238 est,
651 2173 718 2228 de
749 2173 1031 2226 animabus
1056 2171 1290 2234 nostris;
1318 2179 1374 2224 et
1400 2169 1671 2224 interfecit
1697 2181 1852 2239 reges

262 2267 359 2335 qui
411 2263 709 2335 regnabant
750 2264 802 2316 in
833 2261 1114 2316 animabus
1139 2261 1356 2325 nostris,
1386 2274 1455 2313 ne
1483 2259 1626 2313 ultra
1667 2267 1852 2328 regnet

263 2357 320 2410 in
351 2355 508 2410 nobis
551 2362 830 2424 peccatum
865 2367 879 2404 :
910 2360 969 2405 ut
996 2359 1349 2421 posteaquam
1387 2349 1723 2404 interemerit
1769 2362 1854 2402 re-

264 2463 389 2518 gem
439 2445 645 2516 peccati
673 2445 738 2498 de
763 2443 980 2497 civitate
1021 2443 1216 2496 animae
1267 2450 1486 2506 nostra),
1522 2440 1616 2494 fiat
1671 2440 1851 2494 anima

266 2547 456 2593 nostra
483 2538 674 2591 civitas
710 2535 824 2599 Dei,
857 2542 912 2589 et
940 2542 1131 2602 regnet
1161 2525 1214 2586 in
1245 2547 1308 2586 ea
1338 2532 1504 2597 Deus,
1548 2541 1605 2586 et
1643 2531 1855 2586 dicatur

264 2631 336 2684 ad
363 2645 462 2684 nos
511 2628 634 2698 quia
669 2641 890 2695 regnum
920 2625 1014 2679 Dei
1046 2625 1185 2678 intra
1227 2640 1324 2679 vos
1351 2632 1436 2678 est
1482 2622 1634 2695 (Luc.
1691 2620 1848 2692 xvu).

263 2723 366 2778 Est
389 2737 520 2793 ergo
543 2736 679 2789 opus
699 2734 923 2773 summa;
961 2715 1348 2771 misericordia:
1383 2716 1486 2769 hoc
1511 2715 1654 2784 quod
1683 2715 1853 2768 luere-

267 2814 362 2868 tici
383 2810 722 2866 crudelitatis
742 2816 1022 2872 accusant,
1039 2807 1182 2876 quod
1201 2806 1459 2860 Dominus
1484 2804 1641 2859 Jesus
1665 2805 1854 2859 adum-

266 2907 483 2960 bratam
509 2905 661 2974 prius
691 2918 721 2956 a
747 2901 856 2955 filio
879 2899 1026 2954 Nave
1051 2913 1153 2968 per
1179 2897 1420 2967 singulas
1452 2906 1696 2966 quasque
1723 2896 1854 2950 civi-

267 3005 435 3060 tates,
459 3011 602 3049 nunc
630 2996 683 3048 in
712 2993 944 3047 veritate
986 3005 1085 3060 per
1121 2988 1360 3059 singulas
1380 3001 1621 3058 quasque
1646 2987 1854 3041 animas

267 3087 606 3142 credentium
634 3084 898 3154 complet;
928 3092 990 3143 ut
1033 3098 1151 3152 quae
1174 3081 1591 3151 possidebantur
1627 3095 1658 3133 a
1699 3077 1855 3132 malis

1951 1908 2197 1954 vastasse
2242 1900 2484 1970 singulas
2517 1916 2759 1970 quasque
2783 1901 2962 1966 urbes,
2993 1911 3051 1956 ut
3077 1904 3208 1956 nihil
3240 1904 3290 1956 in
3319 1904 3398 1958 eis
3442 1920 3531 1957 re-

1951 1989 2286 2060 linqueretur
2314 1991 2458 2060 quod
2498 1991 2751 2060 spiraret,
2783 2007 2956 2061 neque
2989 1994 3078 2062 qui
3133 1994 3315 2048 salvus
3355 1995 3529 2058 fieret,

1953 2095 2127 2148 neque
2148 2081 2239 2150 qui
2267 2081 2544 2150 effugeret.
2578 2081 2794 2136 Utinam
2823 2083 2966 2136 enim
3012 2083 3270 2137 Dominus
3309 2083 3376 2137 de
3412 2085 3530 2138 ani-

1953 2172 2143 2224 mabus
2168 2171 2514 2225 credentibus
2535 2171 2656 2234 sibi,
2686 2180 2742 2224 et
2784 2187 2918 2240 quas
2948 2187 3045 2226 suo
3071 2172 3307 2226 vindicat
3340 2189 3531 2243 regno,

1951 2271 2008 2317 et
2033 2263 2100 2317 de
2129 2278 2248 2317 mea
2280 2261 2449 2332 ipsius
2478 2263 2653 2316 anima
2683 2263 2756 2316 ita
2786 2262 2966 2330 ejiciat
2991 2271 3047 2317 et
3075 2265 3382 2334 exstinguat
3417 2281 3538 2319 om-

1954 2354 2045 2407 nia
2073 2353 2256 2422 priora
2285 2352 2450 2414 mala,
2481 2360 2540 2406 ut
2569 2353 2748 2407 nullus
2774 2354 2828 2406 in
2859 2368 2946 2407 me
2989 2354 3211 2408 malitia:
3241 2371 3432 2409 sensus
3456 2356 3538 2409 ul-

1954 2454 2038 2499 tra
2067 2445 2320 2514 respiret,
2352 2444 2530 2497 nullus
2554 2446 3004 2514 concupiscentia:
3043 2445 3272 2513 alicujus
3301 2447 3456 2505 malae
3481 2448 3536 2500 in

1953 2551 2041 2591 me
2093 2536 2334 2591 salvetur
2381 2535 2627 2601 affectus,
2684 2537 2862 2591 nullus
2898 2539 3136 2606 supersit
3186 2539 3274 2606 qui
3319 2537 3542 2608 effugiat

1955 2645 2133 2685 sermo
2161 2629 2334 2684 malus
2365 2629 2432 2683 de
2458 2644 2555 2684 ore
2581 2644 2721 2683 meo.
2756 2629 2848 2683 Sic
2869 2630 3015 2683 enim
3048 2638 3258 2698 potero,
3281 2627 3410 2682 Jesu
3440 2631 3537 2682 du-

1955 2737 2036 2785 ce,
2074 2731 2332 2793 purgatus
2383 2722 2453 2776 ab
2487 2722 2738 2775 omnibus
2787 2721 3058 2790 prioribus
3095 2721 3272 2785 malis,
3303 2719 3439 2775 efiici
3480 2721 3533 2774 in

1955 2813 2263 2867 civitatibus
2292 2812 2521 2866 filiorum
2551 2812 2738 2876 Israel,
2767 2813 2834 2866 de
2886 2813 3080 2880 quibus
3109 2813 3369 2882 scriptum
3409 2820 3492 2866 est
3521 2829 3536 2864 :

1961 2922 1980 2953 ι
2011 2903 2445 2958 Aﬁdificabuutur
2489 2903 2738 2956 civitates
2783 2902 2952 2962 Iudae,
3012 2911 3067 2957 et
3111 2903 3431 2956 babitabunt
3483 2903 3538 2957 in

1956 2995 2037 3049 eis
2059 2993 2230 3067 (Psal.
2258 2995 2466 3065 vam).
2501 3015 2520 3046 ι
2555 2995 2769 3048 Etenim
2812 3013 2956 3051 nunc
2983 2996 3406 3067 uniuscujusque
3436 3015 3538 3052 no-

1959 3095 2130 3140 strum
2167 3088 2400 3141 animam
2449 3085 2605 3140 Jesus
2652 3087 2883 3142 destruit
2925 3096 2979 3143 et
3019 3089 3268 3142 mdificat.
3301 3090 3366 3142 Et
3400 3089 3542 3142 sicut

266 3188 326 3234 et
340 3177 594 3250 pessimis
615 3176 853 3245 regibus,
869 3174 1163 3229 secundum
1184 3171 1480 3241 principem
1505 3169 1648 3223 aeris
1667 3168 1852 3222 mundi

1956 3179 2267 3232 dicebamus
2297 3186 2424 3232 tunc
2451 3193 2570 3231 cum
2602 3193 2764 3247 super
2795 3176 3085 3233 Jeremiam
3121 3178 3537 3242 dissereremus,

269 3269 432 3338 hujus
463 3268 702 3338 spiritus,
726 3267 815 3336 qui
843 3280 987 3319 nunc
1015 3272 1270 3333 operatur
1292 3264 1344 3316 in
1373 3262 1497 3315 ﬁliis
1521 3260 1851 3323 difﬁdentim,

268 3363 510 3434 expulsis
537 3361 622 3415 his
646 3369 702 3415 et
730 3357 1045 3429 peremptis,
1074 3355 1252 3409 facere
1284 3369 1378 3408 eas
1424 3354 1674 3423 dignetur
1699 3351 1854 3406 babi-

271 3456 510 3510 taculum
538 3453 632 3507 Dei
659 3460 714 3507 et
744 3451 978 3520 Spiritus
1008 3449 1178 3504 sancti
1207 3447 1480 3516 templum,
1514 3454 1574 3499 ut
1611 3445 1851 3500 membra

270 3563 395 3616 quae
420 3546 720 3599 servierant
743 3541 844 3595 sub
875 3554 1002 3611 rege
1025 3539 1210 3607 iniquo
1232 3536 1498 3606 iniquitati
1527 3535 1592 3588 ad
1623 3536 1852 3588 immun-

216 3679 221 3684 -
271 3638 486 3700 ditiam,
513 3650 655 3688 nunc
685 3632 927 3686 serviant
975 3629 1199 3697 iustitia:
1227 3628 1294 3682 ad
1349 3625 1852 3681 sanctificationem.

271 3727 366 3782 Sic
387 3741 515 3796 ergo
541 3725 778 3794 intellige
820 3723 963 3792 quod
1007 3719 1277 3774 interfecit
1318 3731 1498 3786 regem
1529 3713 1768 3778 Jericbo,
1799 3722 1856 3768 et

271 3831 452 3889 regem
481 3815 606 3877 Abi,
636 3821 691 3867 et
712 3827 893 3882 regem
921 3810 1124 3871 Lebna,
1154 3815 1210 3861 et
1231 3821 1412 3876 regem
1439 3805 1654 3866 Lacbis,
1685 3811 1740 3858 et
1764 3818 1852 3857 re-

271 3922 393 3978 gem
419 3903 657 3966 Hebron,
682 3910 743 3955 ut
771 3900 860 3954 isti
889 3913 1078 3953 omnes
1104 3896 1195 3965 qui
1220 3903 1344 3949 ante
1373 3895 1471 3948 sub
1496 3893 1710 3963 regibus
1734 3907 1856 3962 pes-

273 3997 427 4052 simis
455 3995 662 4065 peccati
693 3993 864 4062 lcgem
897 3991 1164 4053 colebant,
1197 4003 1339 4042 nunc
1385 3988 1483 4041 sub
1517 3986 1611 4040 Dei
1650 3985 1856 4055 legibus

274 4095 456 4159 agant.
507 4085 613 4141 Sed
643 4093 700 4138 et
727 4084 792 4137 de
820 4082 950 4151 ipsis
993 4077 1528 4148 interpretationibus
1578 4077 1854 4132 nominum

275 4180 320 4233 si
351 4176 622 4233 curiosius
650 4190 714 4228 ac
743 4171 1050 4241 diligentius
1093 4177 1518 4238 perscrutemur,
1554 4168 1858 4222 invenietur

275 4266 637 4339 significantia
659 4263 935 4317 nominum
961 4275 1103 4314 nunc
1115 4260 1181 4314 ad
1203 4260 1330 4313 mali
1354 4260 1521 4328 regni,
1537 4258 1856 4312 nuncetiam

277 4360 345 4415 ad
369 4358 494 4412 boni
522 4353 930 4424 intelligentiam
957 4366 1118 4421 posse
1145 4350 1402 4404 conferri.
1428 4350 1497 4405 Ut
1521 4358 1647 4419 puta
1675 4348 1853 4403 Lebna

278 4449 487 4505 candor
513 4448 898 4514 interpretatur
928 4441 1168 4496 :candor
1203 4449 1382 4494 autem
1411 4441 1624 4494 diverse
1664 4438 1857 4492 intelli-

280 4543 447 4613 gitur,
485 4545 571 4592 cst
597 4535 741 4590 enim
792 4532 994 4588 candor
1025 4531 1206 4601 lepras,
1253 4538 1310 4584 et
1343 4538 1428 4584 est
1471 4531 1671 4585 candor
1699 4529 1853 4584 lucis.

279 4629 542 4687 Possibile
558 4642 686 4696 ergo
705 4631 790 4678 est
817 4624 982 4678 etiam
1007 4621 1240 4675 nominis
1268 4621 1427 4690 hujus
1455 4621 1857 4690 interpretatio-

281 4737 404 4776 nem
433 4717 714 4786 utriusque
751 4721 952 4770 stratus
979 4710 1312 4766 dilferentias
1359 4711 1615 4776 indicare,
1648 4721 1708 4766 ut
1733 4727 1862 4766 cau-

282 4815 466 4868 dorem
489 4809 706 4878 quidem
730 4806 891 4874 lepra:
911 4803 1162 4861 habuerit
1185 4802 1365 4856 Lebna
1392 4802 1492 4856 sub
1513 4803 1730 4872 regibus
1753 4818 1861 4856 ma-

282 4905 378 4969 lis;
411 4916 519 4972 quo
548 4900 824 4954 destructo
867 4905 1030 4963 atque
1081 4893 1366 4958 subverso,
1396 4892 1463 4946 ad
1506 4892 1858 4947 Israeliticum

282 5008 509 5066 regnum
542 4989 790 5060 pervenit
821 4987 1026 5050 Lebna,
1065 4995 1122 5040 et
1149 4984 1438 5039 candorem
1478 4983 1615 5036 lucis
1645 4983 1861 5052 accipit,

281 5086 375 5156 qui
406 5084 609 5139 candor
657 5082 710 5135 iu
756 5077 1052 5147 Scripturis
1081 5085 1136 5131 et
1180 5075 1464 5131 laudabilis
1509 5085 1562 5130 et
1588 5074 1866 5144 culpabilis

283 5177 526 5247 ponitur.
578 5173 646 5226 Et
675 5172 870 5226 iterum
921 5168 1118 5223 Lacbis
1159 5167 1546 5235 interpretatur
1589 5166 1710 5221 iter.
1759 5164 1867 5220 lter

284 5275 466 5324 autem
492 5273 548 5319 ct
590 5261 856 5317 laudabile
893 5269 950 5316 et
992 5257 1256 5328 culpabile
1292 5258 1347 5313 in
1383 5258 1674 5327 Scripturis
1703 5258 1867 5312 haben

288 5364 399 5419 tur,
455 5353 599 5422 quod
634 5350 848 5407 dillicile
892 5365 998 5405 non
1046 5358 1130 5404 est
1172 5349 1424 5418 probare,
1471 5348 1612 5402 sicut
1650 5348 1784 5402 dixit
1811 5349 1864 5401 in

287 5443 498 5514 psalmo
530 5463 544 5498 :
575 5461 592 5493 ι
628 5442 698 5497 Ει
727 5443 831 5496 iter
875 5440 1162 5510 impiorum
1207 5438 1404 5508 peribit
1433 5435 1604 5506 (Paul.
1633 5437 1716 5507 ιι).
1757 5457 1775 5489 ι
1801 5437 1870 5493 Ει

288 5536 416 5591 alibi
445 5551 476 5590 e
516 5535 831 5591 contrario:
868 5551 886 5584 ι
921 5533 1027 5588 Iter
1052 5540 1260 5586 rectum
1306 5529 1469 5584 facite
1510 5529 1735 5598 pedibus
1771 5543 1866 5582 vc-

288 5629 420 5682 stris
461 5626 612 5699 (Isa.
645 5641 776 5686 LVII.
819 5623 946 5695 M).
982 5643 1000 5675 ι
1024 5622 1210 5677 Potest
1254 5637 1390 5692 ergo
1430 5619 1652 5689 intelligi
1702 5619 1865 5674 etiam

289 5718 434 5788 quod
457 5719 551 5774 hic
574 5718 678 5776 iter
706 5714 992 5785 impiorqu
1028 5712 1191 5768 fuerit
1219 5711 1394 5785 primo
1415 5712 1604 5769 civitas
1635 5709 1864 5770 Lacbis:

1881 4501 1934 4560 D

1955 3268 2044 3336 qui
2076 3277 2358 3336 acceperat
2387 3271 2551 3322 verba
2577 3271 2631 3324 in
2664 3285 2726 3324 os
2748 3285 2926 3333 suum,
2956 3270 3152 3338 quibus
3177 3269 3538 3333 subverteret,

1952 3355 2266 3422 tedificaret,
2293 3357 2568 3423 evelleret,
2591 3367 2646 3413 et
2672 3359 2944 3428 plantarct
2973 3373 2987 3410 :
3017 3359 3089 3412 ita
3117 3359 3278 3412 etiam
3305 3372 3447 3412 nunc
3484 3359 3540 3412 in

1953 3448 2039 3503 his
2085 3463 2204 3517 quae
2247 3447 2510 3503 habemus
2562 3449 2614 3503 iu
2648 3451 2900 3504 manibus
2951 3449 3351 3520 intelligendum
3389 3457 3540 3518 puto,

1953 3555 2060 3593 non
2104 3539 2400 3592 secundum
2443 3541 2725 3594 hmretieos
2752 3540 2835 3594 vel
2860 3540 3152 3593 secundum
3185 3537 3419 3603 Iudaeos,
3447 3540 3542 3594 sed

1953 3629 2094 3681 sicut
2121 3627 2192 3681 ibi
2221 3627 2287 3680 ad
2335 3625 2623 3681 Jercmiam
2651 3628 2850 3682 dictum
2879 3636 2965 3681 est
2995 3646 3007 3680 :
3048 3646 3066 3678 ι
3102 3628 3240 3680 Ecre
3289 3628 3541 3682 constitui

1953 3726 2007 3772 te
2045 3718 2205 3772 hodie
2253 3733 2417 3786 super
2463 3727 2651 3787 gentes
2697 3727 2751 3771 ct
2785 3733 2967 3787 regna,
3000 3718 3300 3782 cradicarc,
3332 3728 3384 3772 et
3414 3718 3543 3772 sub-

1953 3816 2190 3872 vertere,
2216 3817 2271 3862 et
2301 3808 2569 3877 perditum
2607 3808 2757 3870 dare,
2786 3817 2842 3860 et
2867 3817 2988 3876 post
3017 3809 3132 3862 hmc
3176 3808 3465 3870 aedificare,
3490 3815 3548 3861 et

1953 3897 2198 3965 plantare
2221 3898 2354 3966 (Jer.
2393 3897 2459 3967 1);
2497 3916 2515 3948 ι
2543 3898 2617 3951 ita
2645 3906 2700 3951 ει
2728 3898 2794 3950 de
2817 3898 2900 3951 his
2928 3913 3048 3966 quae
3075 3912 3169 3966 per
3193 3895 3376 3951 Iesum
3401 3897 3539 3950 scri-

1955 3986 2156 4041 buntur
2192 3995 2341 4057 gesta
2383 3985 2706 4041 credendum
2738 3994 2843 4052 est,
2871 3986 2978 4040 imo
3005 3987 3185 4055 potius
3217 3987 3280 4040 de
3313 3987 3396 4040 his
3424 4003 3544 4055 qua:

1955 4093 2054 4147 per
2096 4086 2341 4132 nostrum
2371 4077 2654 4130 Dominum
2681 4074 2863 4131 Jesum
2915 4077 3078 4132 etiam
3107 4092 3249 4130 nunc
3283 4083 3544 4146 geruntur

1958 4168 2012 4221 in
2039 4169 2213 4223 nobis.
2245 4167 2485 4221 Primum
2518 4183 2748 4236 namque
2785 4184 2920 4237 opus
2951 4169 3096 4221 verbi
3130 4168 3220 4220 Dei
3255 4176 3334 4220 cst
3363 4167 3542 4219 cradi-

1958 4273 2086 4310 care
2129 4258 2485 4326 przecedeutia
2515 4257 2675 4322 mala,
2703 4258 2886 4325 spinas
2919 4273 2983 4310 ac
3015 4257 3240 4310 tribulos
3271 4257 3541 4309 vitiorum.

1961 4347 2098 4400 Dum
2146 4347 2289 4400 enim
2331 4347 2448 4400 ista:
2493 4347 2649 4399 mala:
2697 4345 2908 4400 radices
2951 4327 3270 4414 occupatam
3306 4347 3549 4400 detinent

1960 4452 2186 4505 terram,
2216 4457 2322 4495 non
2345 4449 2521 4509 potest
2548 4441 2753 4495 semina
2781 4441 2917 4494 bona
2944 4448 2999 4494 et
3035 4448 3222 4492 sancta
3250 4440 3543 4507 suscipere.

1961 4530 2336 4586 Necessarium
2367 4545 2498 4599 ergo
2530 4539 2586 4584 et
2612 4531 2844 4600 primum
2871 4531 2972 4584 hoc
3010 4544 3145 4598 opus
3172 4529 3321 4582 verbi
3349 4528 3439 4583 Dei
3465 4538 3548 4583 est

1961 4622 2172 4692 plantas
2197 4621 2479 4676 cradicare
2520 4621 2748 4688 peccati,
2771 4629 2825 4673 et
2856 4635 3070 4674 omuern
3110 4619 3350 4688 plantam
3385 4636 3548 4688 quam

1960 4727 2067 4766 non
2090 4709 2358 4780 plantavit
2381 4708 2543 4763 Pater
2569 4708 2826 4771 caelestis,
2855 4707 3082 4762 evellere
3105 4708 3323 4779 ignique
3358 4725 3551 4766 consu-

1962 4815 2130 4858 mere.
2182 4798 2418 4854 Secundi
2459 4796 2574 4867 jam
2617 4797 2798 4868 operis
2843 4806 2927 4851 cst
2969 4797 3235 4866 plantarc.
3282 4797 3420 4864 Quid
3468 4807 3553 4854 est

1961 4891 2104 4962 quod
2149 4891 2358 4960 plantat
2397 4889 2573 4943 Deus?
2620 4887 2830 4957 Moyses
2879 4887 3032 4952 dicit,
3083 4889 3207 4957 quia
3243 4907 3261 4940 ‹
3291 4889 3552 4958 plantavit

1967 4983 2109 5037 Deus
2154 4980 2466 5051 paradisum
2513 4975 2664 5049 (Cen.
2709 4975 2793 5048 ιι).
2848 4997 2866 5029 ι
2904 4976 3010 5033 Sed
3051 4989 3106 5034 et
3151 4996 3295 5036 nunc
3345 4981 3552 5051 plantat

1965 5075 2128 5138 Deus,
2151 5081 2206 5127 et
2228 5070 2470 5142 quotidie
2493 5069 2699 5137 plantat
2727 5068 2779 5120 in
2810 5069 3094 5124 animabus
3120 5071 3472 5124 credentium.
3494 5068 3550 5127 lu

1967 5163 2145 5216 anima
2191 5162 2335 5217 enim
2381 5161 2447 5215 de
2493 5175 2597 5229 qua
2645 5159 2846 5214 excidit
2891 5161 3046 5224 iram,
3084 5161 3550 5218 mansuetudinem

1967 5251 2204 5322 plantat;
2234 5263 2286 5306 et
2313 5253 2378 5306 de
2404 5267 2507 5318 qua
2533 5249 2733 5303 excidit
2763 5251 3096 5320 superbiam,
3119 5251 3326 5320 plantat
3377 5248 3551 5302 Immi-

1968 5345 2209 5408 litatem;
2243 5343 2308 5397 de
2331 5358 2434 5411 qua
2455 5341 2694 5394 cradicat
2723 5341 3020 5401 lasciviam,
3059 5340 3370 5408 pudicitiam
3399 5339 3550 5408 plau-

1970 5443 2077 5498 tat;
2107 5437 2172 5487 dc
2194 5450 2298 5504 qua
2325 5435 2586 5503 exstirpat
2620 5433 3002 5502 ignorantiam,
3033 5431 3224 5485 inserit
3243 5431 3547 5487 scientiam.

1971 5526 2086 5580 Non
2123 5524 2216 5577 tibi
2264 5524 2472 5578 videtur
2512 5524 2632 5578 talis
2682 5524 2881 5579 debere
2910 5536 3032 5577 esse
3077 5519 3341 5589 plantatio
3387 5535 3551 5590 quam

1968 5619 2174 5689 plantat
2195 5616 2354 5679 Deus,
2375 5616 2544 5685 magis
2567 5631 2728 5684 quam
2759 5612 3151 5669 insensibiliqu
3179 5618 3550 5666 terrenorum.

1970 5727 2072 5783 quc
2105 5709 2400 5783 lignorum!
2446 5708 2539 5765 list
2577 5707 2706 5765 item
2757 5706 2810 5761 in
2855 5703 3044 5778 primis
3075 5718 3212 5776 opus
3249 5701 3399 5758 verbi
3449 5699 3550 5759 Dei
