3996 6176
472 297 605 355 1051

1106 293 1166 348 Β.
1209 290 1464 348 RABANI
1503 288 1721 346 MAURI
1757 285 2082 345 ARCHIEP.
2126 285 2434 347 MOGUNT.
2475 286 2764 345 OPEBUH
2799 284 2981 357 PARS
3016 285 3061 343 l.

3582 294 3714 354 ωδε

468 415 749 471 destruere
1043 406 1243 464 diaboli
1269 420 1391 475 quae
1434 405 1488 459 in
1535 402 1717 458 anima
1751 398 2056 458 construxit
2082 400 2128 459 Α
2166 417 2184 449 ‹
2222 399 2277 453 in
2328 408 2513 455 monte
2556 417 2570 453 :
2613 407 2670 454 et
2714 398 2933 454 tradidit
2980 414 3075 454 eos
3130 398 3389 458 Dominus
3437 400 3493 457 in
3550 421 3724 463 manus

466 505 725 561 humana.
771 498 867 555 Ille
889 496 1090 554 etenim
1119 504 1296 550 turres
1324 492 1590 563 superbiae
1634 492 1690 546 in
1730 504 2053 560 unoquoque

466 606 716 653 nostrum
757 600 813 648 et
853 604 1041 648 muros
1077 586 1330 643 elationis
1371 585 1668 649 exstruxit;
1713 584 1832 639 hac
1868 596 2054 643 sermo

468 686 565 742 Dei
594 683 862 741 subvertit
882 691 940 736 et
979 678 1220 743 submit;
1253 685 1314 731 ut
1343 675 1538 731 merito
1577 674 1873 731 secundum
1910 671 2054 743 Apo-

466 774 664 831 stolum
691 769 832 829 silici
876 782 1186 824 mereamur
1223 764 1315 819 Dei
1363 763 1595 829 cultura,
1626 762 1722 819 Dei
1766 760 2054 817 aediﬁcatio

467 880 631 935 super
683 860 1092 921 fundamentum
1146 855 1517 926 apostolorum
1569 863 1624 911 et
1668 853 2050 924 prophetarum

464 956 646 1027 positi,
675 954 793 1022 ipso
818 944 1031 1011 summo
1059 947 1304 1019 angulari
1347 946 1524 1015 lapide
1561 943 1689 1000 Iesu
1715 943 1953 1010 Christo,
1984 957 2050 998 ex

463 1064 574 1123 quo
613 1047 866 1117 iunctura
918 1041 1127 1101 aediﬁcii
1178 1046 1389 1098 crescat
1441 1038 1496 1097 in
1544 1037 1802 1107 templum
1852 1035 1947 1090 Dei
1992 1035 2050 1090 in

464 1139 671 1210 Spiritu
717 1142 925 1199 sancto,
969 1141 1025 1188 et
1075 1132 1150 1190 ita
1197 1131 1412 1189 demum
1463 1127 1601 1187 efﬁci
1641 1141 1947 1182 mereamur
1994 1124 2055 1179 in‘

461 1229 777 1289 haereditate
803 1233 962 1281 terra:
987 1231 1190 1281 sanctae
1217 1222 1273 1279 in
1314 1228 1467 1290 parte
1496 1217 1816 1282 Israelitica,
1837 1215 2014 1271 exstin
2031 1244 2046 1255 -

461 1321 566 1377 etis
608 1317 861 1376 omnibus
899 1324 954 1370 et
994 1313 1289 1384 peremptis
1329 1311 1576 1367 hostibus
1604 1308 1833 1373 nostris;
1866 1307 1939 1362 ita
1986 1314 2051 1362 ut

460 1426 570 1471 nou
605 1409 984 1477 relinquantur
1011 1420 1079 1460 ex
1124 1404 1204 1460 eis
1242 1402 1348 1474 qui
1382 1400 1615 1472 respiret
1654 1399 1710 1453 in
1751 1398 1929 1463 nobis,
1952 1393 2046 1454 sed

460 1504 611 1562 solus
635 1500 867 1571 respiret
906 1500 961 1553 in
990 1497 1146 1555 nobis
1175 1495 1398 1564 spiritus
1422 1491 1628 1553 Christi
1673 1505 1771 1559 per
1802 1503 1968 1559 Opera
1993 1495 2049 1542 et

460 1608 760 1658 sermones,
789 1600 846 1647 et
870 1589 1152 1645 scientiam
1172 1585 1496 1657 spiritalem,
1523 1583 1818 1640 secundum
1844 1579 2048 1638 doctri-

459 1702 587 1743 nam
605 1685 734 1742 Iesu
755 1682 960 1740 Christi
980 1681 1193 1739 Domini
1221 1680 1414 1739 nostri.

1088 1812 1317 1870 CAPUT
1354 1810 1422 1866 ιν.

459 1912 537 1968 De
559 1910 719 1966 Jabin
749 1926 865 1980 rege
889 1909 1025 1962 Asor
1044 1915 1092 1961 et
1118 1905 1319 1959 caeteris
1347 1904 1554 1980 regibus
1579 1903 1669 1980 qui
1698 1910 2047 1958 convenerunt

526 1982 585 2037 in
610 1998 770 2035 unum
798 1973 853 2033 ut
891 1985 1180 2049 pugnarent
1208 1973 1416 2049 contra
1439 1973 1632 2049 Israel,
1660 1990 1789 2049 quos
1836 1988 2046 2043 percus-

528 2059 669 2107 serat
692 2050 858 2104 Iosue
892 2044 982 2102 ’ἐπ’
1005 2063 1095 2101 ore
1119 2044 1306 2117 gladii,
1329 2054 1377 2117 et
1419 2045 1743 2117 subnervavit
1773 2059 1932 2115 equos
1959 2058 2047 2101 e0-

528 2137 667 2188 rum,
698 2135 985 2190 currusque
1011 2115 1292 2172 combussit
1321 2115 1450 2186 igni.

529 2234 683 2307 (Car.
706 2233 809 2304 χι.)
839 2251 857 2283 ι
891 2232 1022 2299 Qua:
1044 2246 1168 2286 cum
1198 2227 1436 2285 audisset
1454 2225 1610 2285 Iabin
1643 2243 1737 2283 rex
1761 2224 1921 2292 Aser,
1941 2226 2045 2285 mi-

462 2346 482 2378 ι
517 2326 589 2382 sit
607 2326 676 2380 ad
701 2322 873 2380 Iobad
900 2336 1082 2394 regem
1110 2319 1326 2385 Madon,
1356 2326 1413 2375 et
1436 2318 1505 2375 ad
1542 2332 1724 2389 regem
1769 2316 2041 2383 Simeron,

463 2434 482 2467 ι
518 2422 683 2487 atque
715 2413 784 2468 ad
814 2426 996 2483 regem
1014 2410 1222 2479 Asaph,
1250 2409 1321 2465 ad
1343 2423 1499 2479 reges
1532 2422 1747 2479 quoque
1775 2406 2045 2477 aquilonis

462 2525 481 2556 ι
520 2507 613 2575 qui
655 2504 974 2559 habitabant
1015 2503 1069 2557 in
1112 2502 1406 2566 montanis,
1446 2510 1503 2557 et
1550 2501 1604 2555 in
1649 2500 1873 2570 planitie
1909 2515 2042 2556 eon-

461 2618 480 2649 ι
519 2607 601 2653 tra
640 2595 920 2652 meridiem
966 2593 1245 2649 Cinerotb.
1273 2592 1333 2647 In
1381 2591 1777 2662 campestribus
1803 2605 2041 2661 quoque,

461 2709 479 2741 ε
515 2698 574 2744 et
596 2689 651 2744 in
672 2687 981 2759 regionibus
1010 2685 1121 2740 Dor
1143 2683 1301 2754 juxta
1336 2698 1520 2748 mare;
1570 2683 2044 2753 Cliananaeumque

460 2798 479 2830 ι
516 2780 585 2834 ab
601 2778 816 2833 oriente
838 2784 896 2832 et
928 2775 1228 2840 occidente,
1255 2782 1313 2829 et
1333 2773 1729 2840 Amerrlueum,
1753 2781 1917 2844 atque
1936 2773 2045 2833 He-

461 2890 479 2922 c
516 2869 736 2934 thmum,
763 2881 826 2923 ac
849 2866 1208 2931 Pberezeum,
1233 2873 1288 2920 et
1315 2862 1626 2923 Jebuzatum
1655 2865 1709 2921 in
1734 2867 2039 2934 montanis;

460 2978 479 3012 ι
516 2958 769 3014 Ηθγωιιιη
800 2971 1019 3028 quoque
1044 2955 1139 3025 qui
1171 2954 1455 3013 habitabat
1478 2954 1546 3009 ad
1569 2955 1782 3015 radices
1803 2954 2040 3014 Hermon

460 3071 480 3104 ι
513 3053 571 3108 in
611 3060 759 3107 terra
797 3048 1040 3118 Maspha.
1079 3046 1404 3118 Egressique
1447 3061 1638 3107 omnes
1680 3062 1805 3105 cum
1849 3049 2042 3105 turmis

458 3163 479 3197 ι
515 3145 648 3210 suis,
688 3142 918 3214 populus
953 3141 1156 3198 multus
1200 3141 1380 3203 nimis,
1420 3141 1564 3199 sicut
1600 3155 1765 3196 arena
1794 3155 1915 3211 quae
1954 3148 2041 3196 est

456 3257 479 3292 ς
516 3240 572 3295 in
593 3239 774 3295 littore
802 3237 968 3293 maris
996 3254 1008 3290 :
1041 3235 1168 3305 equi
1196 3250 1411 3305 quoque
1435 3241 1493 3291 et
1540 3250 1733 3290 currus
1762 3234 2041 3290 immensa:

459 3350 480 3384 ι
515 3330 895 3387 multitudinis.
939 3328 1428 3397 Conveneruntque
1451 3341 1642 3382 omnes
1680 3339 1835 3395 reges
1860 3325 1948 3380 isti
1984 3325 2037 3381 in

458 3444 479 3478 ι
514 3440 683 3480 unum
740 3423 808 3479 ad
865 3437 1035 3493 aquas
1084 3421 1287 3477 Merum
1312 3462 1329 3488 ,
1379 3428 1442 3476 ut
1492 3426 1799 3491 pugnarent
1847 3426 2039 3474 contra

460 3535 480 3573 ι
516 3514 703 3572 Israel.
731 3513 987 3584 Dixitque
1003 3512 1264 3568 Dominus
1288 3512 1356 3566 ad
1376 3509 1572 3567 Iosue:
1595 3509 1674 3564 Ne
1694 3509 1887 3565 timeas
1906 3525 2003 3565 eos
2020 3528 2034 3563 :

460 3628 481 3668 ι
515 3624 641 3666 cras
663 3607 808 3665 enim
834 3608 937 3662 hac
961 3603 1151 3661 eadem
1172 3604 1306 3660 hora
1334 3618 1435 3675 ego
1460 3603 1672 3659 tradam
1698 3602 1831 3656 istos
1848 3614 2040 3656 omnes

459 3721 480 3765 ᾳ
514 3700 878 3758 vulnerandos
898 3699 952 3754 in
974 3704 1271 3766 conspectu
1292 3694 1479 3751 Israel.
1503 3695 1686 3764 Equos
1705 3706 1894 3748 eorum
1913 3692 2041 3747 sub-

459 3814 478 3848 ι
515 3792 784 3858 nervabis,
827 3798 882 3847 et
924 3804 1120 3845 currus
1168 3789 1293 3859 igne
1337 3787 1643 3852 combures,
1679 3805 1698 3837 ι
1726 3792 1832 3841 etc.
1865 3802 1884 3835 ι
1919 3782 2040 3839 Alia

450 3895 636 3944 autem
676 3883 842 3939 editio
867 3882 1013 3936 hunc
1039 3881 1216 3936 locum
1242 3879 1315 3933 ita
1360 3880 1524 3934 habet
1549 3896 1561 3932 :
1592 3896 1612 3928 ι
1643 3876 1717 3933 Ut
1740 3884 1920 3931 autem
1950 3891 2044 3930 au-

456 3975 612 4039 divit,
642 3993 662 4026 ι
695 3971 891 4042 inquit,
924 3988 943 4020 ι
975 3968 1131 4024 Iabin
1154 3985 1251 4025 rex
1276 3967 1469 4032 Assur,
1497 3967 1644 4021 misit
1667 3967 1734 4021 ad
1762 3964 1931 4021 Iubae
1949 3981 2039 4021 re-

462 4085 480 4125 t
520 4081 641 4137 gem
668 4062 1131 4124 Amorrhteorum,
1167 4067 1223 4114 et
1250 4060 1318 4114 ad
1358 4073 1540 4129 regem
1589 4056 1841 4113 Simeron
1873 4065 1929 4113 et
1972 4057 2041 4113 ad

460 4176 479 4214 ι
518 4170 699 4227 regem
729 4152 904 4217 Bazae,
932 4158 989 4206 et
1011 4150 1079 4204 ad
1105 4164 1259 4219 reges
1282 4148 1372 4219 qui
1396 4155 1552 4201 erant
1589 4148 1733 4203 circa
1782 4146 2042 4202 Sidonem

461 4264 482 4303 ι
515 4258 793 4317 magnam,
823 4249 880 4297 et
915 4256 1013 4312 per
1053 4248 1335 4303 montana;
1389 4244 1446 4292 et
1490 4237 1545 4291 in
1582 4236 1780 4292 Arabia
1809 4251 1931 4308 qum
1957 4246 2044 4292 est

460 4354 481 4389 ε
514 4342 702 4391 contra
724 4331 1014 4391 Cenereth,
1045 4338 1101 4385 et
1124 4329 1192 4384 ad
1218 4342 1460 4398 campos,
1485 4335 1539 4381 et
1570 4327 1625 4382 in
1654 4327 1965 4394 Fanendor,
1986 4336 2044 4384 et

2165 508 2183 539 ι
2220 490 2405 556 Israel,
2427 497 2483 546 et
2506 489 2763 545 cadentes
2795 502 2890 543 eos
2910 488 3181 558 persecuti
3207 497 3335 545 sunt
3376 505 3546 560 usque
3572 494 3631 546 ad
3648 494 3725 549 Si-

2165 600 2185 631 c
2218 581 2416 637 donem
2444 596 2716 652 magnam,
2740 588 2797 635 et
2822 594 2994 649 usque
3038 579 3093 635 in
3122 578 3419 636 Masscseth
3454 581 3522 637 ad
3547 598 3722 652 aquam

2164 691 2181 723 ι
2222 688 2453 739 maram,
2490 680 2547 727 et
2575 687 2746 742 usque
2768 672 2837 727 ad
2880 687 3101 743 campos
3131 671 3308 730 Masse
3345 683 3535 729 contra
3564 678 3723 732 orien-

2164 780 2183 813 ‹
2223 770 2360 829 tem;
2389 771 2445 819 et
2474 762 2881 821 trucidaverunt
2902 777 3017 827 eos,
3041 777 3325 835 usquequo
3359 778 3467 820 non
3497 781 3717 837 superes-

2163 873 2182 903 ι
2220 862 2306 909 set
2351 869 2419 908 ex
2447 854 2529 908 eis
2580 853 2671 923 qui
2702 853 2975 908 evaderet.
3005 852 3076 908 Et
3117 853 3249 909 fecit
3287 854 3367 910 eis
3396 853 3556 911 Iesus
3601 858 3723 913 sicut

2162 966 2180 996 ι
2218 955 2551 1017 praeceperat
2571 946 2621 1000 ei
2654 946 2936 1001 Dominus.
2952 945 3135 1017 Equos
3158 962 3348 1004 eorum
3374 949 3718 1017 subnervavit,

2161 1055 2180 1089 ‹
2220 1047 2275 1094 et
2308 1054 2504 1094 currus
2544 1053 2733 1093 eorum
2785 1038 2997 1094 exussit
3044 1038 3174 1111 igni.
3208 1039 3277 1093 Et
3319 1055 3609 1097 conversus
3650 1052 3722 1097 est

2161 1147 2180 1181 ι
2215 1128 2377 1185 Iesus
2422 1129 2475 1184 in
2506 1130 2623 1200 ipso
2656 1140 2919 1201 tempore,
2945 1142 3003 1185 et
3024 1132 3313 1202 occupavit
3336 1132 3529 1200 Assur,
3562 1144 3615 1189 et
3648 1152 3720 1190 re—

2159 1240 2178 1273 c
2214 1237 2335 1293 gem
2376 1222 2495 1292 ejus
2533 1220 2807 1289 interfecit
2838 1221 3035 1294 gladio.
3068 1242 3087 1275 ι
3113 1220 3279 1279 Vides
3305 1233 3508 1295 quanta
3551 1226 3719 1281 adver-

2153 1329 2247 1370 sus
2289 1312 2475 1369 Iesum
2518 1321 2574 1368 et
2629 1312 2986 1369 Israeliticum
3043 1313 3301 1384 populum
3343 1316 3716 1373 contrariarum

2149 1406 2414 1463 virtutum
2432 1413 2489 1460 et
2506 1405 2866 1477 pessimorum
2888 1406 3194 1462 daemonum
3219 1408 3560 1464 concitentur
3576 1409 3714 1464 bella.

2150 1496 2244 1552 Isti
2280 1510 2471 1552 omnes
2496 1496 2766 1551 daemones
2810 1504 2937 1551 ante
2963 1497 3256 1553 adventum
3278 1497 3494 1553 Domini
3526 1506 3579 1555 et
3616 1497 3717 1554 Sal-

2149 1586 2358 1645 vatoris
2388 1587 2581 1654 nostri,
2610 1586 2778 1657 quieti
2800 1596 2858 1642 et
2885 1588 3063 1642 securi
3088 1588 3357 1646 humanas
3378 1589 3588 1646 animas
3611 1604 3719 1658 pos-

2150 1679 2412 1743 sidentes,
2435 1680 2489 1734 in
2509 1694 2697 1735 earum
2725 1678 2984 1735 membris
3009 1678 3393 1749 mentibusque
3419 1679 3716 1752 regnabant.

2075 1750 2124 1809 B
2153 1770 2260 1826 Sed
2289 1770 2377 1825 ubi
2404 1770 2458 1824 in
2485 1769 2646 1824 terris
2667 1769 2919 1839 apparuit
2944 1768 3120 1841 gratia
3136 1775 3196 1825 et
3222 1750 3591 1826 misericordia
3613 1768 3719 1825 su-

2148 1860 2354 1917 vatoris
2404 1858 2576 1916 nostri
2607 1858 2724 1924 Dei,
2755 1858 2956 1913 docens
3002 1873 3100 1913 nos
3128 1866 3191 1911 ut
3235 1859 3325 1927 pie
3350 1867 3409 1914 et
3450 1872 3627 1915 sancte
3669 1859 3717 1917 in

2150 1953 2252 2008 hoc
2272 1951 2493 2016 mundo,
2523 1959 2580 2006 et
2602 1949 2869 2020 segregati
2896 1948 2966 2005 ab
2985 1950 3133 2004 omni
3160 1951 3367 2023 peccati
3391 1951 3717 2023 contagione,

2144 2042 2420 2106 vivamus;
2460 2039 2846 2096 etlibertatem
2892 2054 3048 2097 suam
3097 2048 3261 2111 atque
3286 2041 3575 2114 imaginem
3612 2043 3715 2109 Dei,

2148 2134 2201 2189 iu
2229 2148 2334 2204 qua
2378 2147 2445 2191 es
2469 2132 2622 2189 initio
2650 2140 2834 2189 creata
2878 2139 2986 2198 est,
3032 2133 3214 2189 anima
3245 2149 3578 2206 unaquaque
3601 2137 3717 2191 reci-

2146 2227 2259 2296 piat
2287 2244 2300 2283 :
2334 2226 2436 2282 ista
2463 2227 2529 2283 de
2559 2239 2723 2283 causa
2743 2226 2812 2283 ab
2853 2224 2961 2281 illis
2990 2225 3191 2296 iniquis
3223 2227 3503 2284 veteribus
3527 2243 3716 2300 posses-

2145 2318 2359 2374 soribus
2386 2332 2595 2379 earum,
2621 2330 2813 2387 pugnae
2835 2317 3158 2377 exoriuntur
3177 2327 3235 2374 et
3258 2319 3469 2389 praelia.
3484 2319 3549 2374 Et
3571 2321 3612 2374 si
3632 2334 3713 2389 op-

2144 2409 2450 2479 primantur
2493 2407 2678 2479 primi,
2726 2407 2897 2469 multo
2940 2407 3124 2478 plures
3166 2422 3468 2480 exsurgant
3501 2421 3714 2483 postmo-

2144 2500 2293 2565 dum,
2318 2506 2483 2569 atque
2515 2499 2568 2553 in
2595 2513 2760 2555 unum
2785 2509 3059 2559 coeuntct
3080 2502 3400 2572 conspirant
3434 2502 3487 2558 in
3512 2503 3710 2568 malum,

2143 2593 2237 2664 qui
2270 2606 2486 2662 semper
2504 2591 2766 2649 dissident
2796 2606 2828 2646 a
2856 2592 3000 2653 bono
3045 2592 3114 2652 Et
3140 2592 3184 2649 si
3208 2594 3452 2651 secundo
3471 2595 3592 2651 victi
3613 2592 3715 2648 fue-

2144 2686 2276 2751 rint,
2303 2686 2498 2743 iterum
2525 2685 2686 2741 tertio
2709 2684 2829 2741 alite
2850 2686 3078 2745 virtutes
3102 2686 3397 2757 nequiores
3417 2668 3711 2758 exsurgeat;

2143 2786 2200 2833 et
2223 2776 2270 2832 si
2293 2775 2541 2834 fortassis
2568 2786 2770 2845 quanto
2797 2775 2973 2846 magis
3001 2785 3233 2848 augetur
3273 2780 3505 2848 populus
3536 2777 3644 2842 Dei,
3665 2784 3716 2834 ά

2144 2867 2314 2924 multo
2339 2867 2460 2939 plus
2487 2868 2687 2925 crescit
2713 2878 2771 2923 et
2809 2867 3226 2938 multiplicatur,
3257 2875 3417 2926 tanto
3457 2869 3529 2925 illi
3554 2869 3715 2941 plures

2143 2958 2211 3012 ad
2254 2958 2674 3029 oppugnandum
2721 2957 3057 3027 conspirant.
3112 2956 3219 3014 Sed
3246 2966 3540 3019 tentemus.
3576 2967 3712 3031 prout

2145 3048 2288 3104 Deus
2324 3048 2566 3113 dederit,
2621 3047 2894 3104 discutere
2947 3047 3190 3118 singulos
3224 3063 3475 3120 quosque
3525 3049 3714 3105 adversi

2145 3138 2419 3194 exercitus
2444 3151 2615 3207 reges,
2639 3146 2693 3192 et
2713 3153 2812 3207 pro
2838 3137 3219 3206 signiﬁcandis
3246 3140 3527 3196 nominum
3552 3142 3713 3195 unius-

2141 3228 2403 3299 cujusque
2422 3229 2587 3287 etiam
2608 3242 2745 3298 opus
2767 3229 2912 3298 quod
2938 3240 3076 3299 gerit
3103 3230 3309 3286 malitia
3355 3231 3709 3307 contemplari.

2141 3323 2356 3402 Primus
2377 3323 2645 3388 omnium,
2672 3322 2763 3392 qui
2789 3330 2848 3378 et
2868 3332 3061 3379 auctor
3087 3324 3213 3380 belli
3242 3325 3408 3392 hujus
3433 3327 3711 3383 nominatus

2139 3424 2246 3482 est,
2273 3430 2608 3486 congregans
2632 3424 2860 3472 caeteros
2902 3424 2956 3473 et
2986 3414 3053 3473 ad
3086 3416 3521 3484 conjurationem
3561 3417 3710 3473 scele-

2139 3508 2219 3564 ris
2243 3507 2500 3572 invitans,
2531 3503 2691 3563 Jabin
2738 3505 3071 3568 nominatur,
3097 3507 3187 3574 qui
3235 3518 3351 3561 erat
3398 3523 3495 3563 rex
3528 3507 3709 3563 Assur:

2141 3602 2258 3672 ipse
2295 3599 2548 3655 estcnim
2581 3599 2672 3667 qui
2712 3597 2876 3654 etiam
2905 3597 3107 3655 dicitur
3137 3606 3363 3656 caeteros
3386 3609 3707 3654 eonvocasse.

2138 3692 2299 3749 Iahin
2345 3702 2525 3747 autem
2576 3691 2963 3761 interpretatur
3016 3705 3211 3747 sensus
3261 3691 3377 3746 sive
3432 3692 3706 3763 prudentia.

2140 3783 2276 3851 Quis
2299 3792 2386 3839 est
2412 3791 2591 3838 autem
2622 3781 2726 3836 istc
2769 3796 2963 3837 sensus
3005 3780 3121 3836 sive
3165 3783 3476 3851 prudentia.
3513 3781 3610 3838 nisi
3635 3779 3710 3835 ille

2140 3891 2302 3947 quem
2349 3874 2487 3930 dixit
2534 3873 2704 3928 Isaias
2741 3872 3005 3943 propheta
3061 3886 3283 3929 sensum
3324 3874 3608 3944 magnum?
3644 3872 3710 3924 ait

2141 3969 2286 4024 enim
2314 3984 2329 4021 :
2361 3985 2380 4018 ι
2411 3966 2479 4022 Ει
2512 3966 2762 4020 inducam
2792 3978 2957 4034 super
2984 3974 3037 4020 te
3060 3978 3279 4023 sensum
3311 3980 3565 4038 magnum
3586 3963 3710 4035 priu-

2142 4060 2318 4129 cipem
2346 4057 2715 4128 Assyriorum,
2745 4055 2836 4126 qui
2867 4054 3046 4111 dixit:
3074 4055 3190 4112 Mea
3224 4056 3428 4115 virtute
3452 4059 3705 4121 [πίθηκοι

2141 4146 2410 4218 sapientia
2438 4161 2635 4202 sensus
2684 4145 2789 4201 mei
2813 4145 3058 4201 auferam
3087 4146 3223 4203 lines
3247 4146 3514 4217 gentium.
3540 4158 3592 4203 et
3610 4145 3702 4199 vir-

2141 4248 2310 4295 tutem
2335 4252 2524 4293 eorum
2545 4238 2898 4307 depraedabor
2927 4237 3064 4309 (Isa.
3088 4237 3166 4308 ι).
3197 4258 3218 4291 ι
3244 4237 3353 4295 Iste
3374 4254 3507 4311 ergo
3530 4250 3607 4296 est
3628 4237 3703 4307 qui

2143 4332 2216 4389 ibi
2247 4332 2466 4403 quidem
2491 4330 2692 4387 dicitur
2729 4344 2922 4387 sensus
2942 4345 3192 4403 magnus,
3223 4346 3317 4387 rex
3363 4332 3701 4404 Assyriorum.

461 4447 481 4491 ς
516 4428 584 4483 ad
603 4426 938 4482 Cbananmos
969 4422 1060 4494 qui
1097 4431 1256 4478 erant
1280 4422 1335 4476 in
1376 4420 1667 4478 maritimis
1696 4422 1764 4479 ab
1806 4422 2038 4491 oriente,
2066 4444 2123 4507 D
2148 4425 2246 4481 llic
2273 4434 2455 4480 autem
2482 4423 2641 4480 Iabin
2670 4439 2866 4480 sensus
2910 4432 2968 4480 et
3017 4425 3325 4494 prudentia.
3356 4426 3566 4482 Etenim
3603 4439 3702 4479 ser-

461 4539 483 4576 ι
518 4528 572 4577 et
593 4519 661 4578 ad
685 4518 1032 4581 Amorrbazos
1061 4515 1154 4591 qui
1178 4515 1412 4571 erantin
1432 4516 1743 4581 maritimis,
1766 4523 1823 4572 et
1848 4517 1917 4573 ad
1937 4516 2040 4573 Ce-

461 4629 481 4665 ι
520 4608 704 4672 thaeos,
730 4617 787 4662 et
810 4606 1142 4671 Pheresaeos,
1170 4614 1227 4661 et
1245 4606 1312 4662 ad
1357 4603 1636 4663 Iebusaaos
1662 4605 1754 4676 qui
1795 4615 1953 4662 erant
1980 4609 2037 4664 in

463 4720 480 4759 ε
518 4697 824 4761 maritimis,
851 4697 904 4753 in
950 4696 1241 4762 montanis,
1277 4705 1332 4752 et
1374 4696 1444 4752 ad
1488 4696 1714 4755 IIevaaos
1743 4700 1835 4771 qui
1883 4710 2041 4759 erant

462 4808 482 4842 ι
519 4789 620 4845 sub
644 4790 860 4845 deserto
884 4788 1143 4845 Mosoma.
1174 4788 1242 4845 Et
1263 4789 1516 4847 exierunt
1536 4790 1638 4862 ipsi
1667 4798 1724 4845 et
1771 4805 1924 4863 reges
1946 4808 2040 4848 eo-

463 4901 481 4936 ι
520 4895 640 4936 rum
664 4895 786 4943 eum
815 4880 965 4948 ipsis,
997 4879 1138 4935 sicut
1172 4890 1255 4936 est
1298 4896 1465 4936 arena
1507 4882 1673 4937 maris
1699 4882 1752 4937 in
1794 4884 2038 4940 multitu-

464 4994 482 5026 ι
523 4975 670 5040 dine,
695 4981 752 5028 et
788 4974 912 5041 equi
937 4981 993 5027 et
1016 4973 1293 5044 quadriga:
1322 4974 1502 5029 multa:
1532 4974 1715 5031 nimis.
1746 4974 1816 5029 Et
1845 4991 2038 5033 conve-

465 5085 483 5116 ι
522 5071 718 5121 uerunt
743 5076 935 5127 omnes
963 5077 1118 5133 rcges
1142 5063 1254 5128 isti,
1302 5072 1359 5120 et
1405 5064 1652 5119 coierunt
1695 5066 1747 5118 iu
1778 5081 1943 5120 unum
1970 5069 2040 5123 ad

464 5175 482 5214 ι
520 5170 716 5227 aquam
737 5168 944 5209 maram
982 5170 1221 5227 pugnare
1246 5163 1434 5211 contra
1462 5155 1646 5211 Israel.
1670 5155 1817 5213 Dixit
1857 5167 2039 5219 autem

423 5233 433 5241 ’
464 5266 483 5308 ι
522 5248 783 5303 Dominus
808 5246 875 5301 ad
903 5245 1086 5302 Iesum
1119 5265 1131 5301 :
1163 5245 1280 5311 Non
1302 5248 1544 5303 verearis
1585 5246 1776 5304 faciem
1801 5249 2035 5316 illorum,

463 5356 485 5393 ι
521 5339 649 5410 quia
672 5337 912 5393 crastina
940 5337 1027 5395 die
1051 5338 1118 5392 ad
1162 5337 1303 5394 hanc
1328 5337 1519 5392 horam
1564 5351 1664 5407 ego
1687 5340 1898 5395 tradam
1946 5356 2041 5397 eos

463 5444 486 5482 ι
523 5429 793 5485 sauciatos
845 5437 970 5483 ante
1000 5426 1195 5483 faciem
1242 5428 1424 5484 Israel.
1457 5428 1640 5500 Equos
1684 5446 1872 5488 eorum
1915 5434 2044 5489 sub-

463 5534 486 5572 t
522 5519 796 5581 nervabis,
839 5526 893 5572 et
929 5532 1122 5572 currus
1166 5531 1351 5573 eorum
1393 5518 1505 5590 igni
1550 5535 1765 5578 exures.
1804 5522 1874 5577 Et
1896 5523 2046 5579 venit

464 5625 490 5665 ι
521 5606 680 5664 Iesus
701 5619 757 5664 et
791 5610 971 5666 omnis
1002 5608 1216 5683 pupulis
1253 5608 1573 5666 bellatorum
1618 5626 1740 5667 cum
1771 5627 1837 5668 eo
1882 5628 2044 5685 super

468 5718 493 5765 ‹
530 5701 675 5782 ipsos
698 5703 766 5757 ad
790 5716 982 5782 aquam
1020 5717 1253 5771 marum,
1276 5712 1331 5758 et
1369 5703 1547 5759 subito
1576 5703 1732 5769 irruit
1761 5720 1923 5777 super
1948 5721 2042 5763 eos

2145 4532 2279 4588 pens
2300 4516 2469 4572 fuisse
2501 4515 2556 4570 in
2586 4517 2836 4586 paradiso
2861 4516 3119 4575 scribitur
3140 4518 3464 4586 prudentior
3492 4515 3702 4571 omnium

2144 4609 2441 4666 bestiarum
2486 4623 2607 4679 quae
2629 4616 2787 4665 erant
2818 4622 2986 4679 super
3029 4616 3249 4663 terram.
3290 4609 3399 4665 Sed
3442 4618 3497 4665 et
3523 4608 3703 4663 villicus

2146 4700 2450 4771 iniquitatis
2503 4701 2798 4769 prudenter
2839 4698 3036 4755 fecisse
3077 4699 3279 4756 dicitur
3308 4701 3400 4758 illa
3448 4714 3563 4773 qua:
3594 4697 3700 4752 fecit

2147 4790 2301 4863 (Luc.
2333 4790 2468 4863 xvi).
2492 4791 2593 4847 llic
2640 4791 2804 4863 igitur
2826 4789 2986 4846 Jabin
3020 4806 3114 4846 rex
3138 4801 3223 4847 est
3241 4792 3432 4848 Assur.
3461 4793 3697 4861 Interpre-

2145 4892 2293 4939 tatur
2334 4881 2506 4940 Assur
2531 4882 2654 4937 aula
2681 4900 2696 4936 :
2721 4889 2807 4938 est
2845 4896 2976 4952 ergo
3024 4882 3203 4939 omnis
3241 4890 3388 4937 terra
3422 4882 3541 4936 aula
3567 4880 3701 4949 hujus

2146 4976 2316 5045 regis,
2346 4976 2439 5045 qui
2462 4976 2627 5030 totius
2652 4982 2811 5031 terrae
2829 4973 2975 5030 velut
3001 4974 3139 5030 auls
3172 4975 3333 5031 unius
3349 4976 3552 5033 obtinet
3576 4973 3701 5044 prino

2146 5066 2404 5134 cipatum,
2453 5064 2547 5134 qui
2576 5073 2662 5119 est
2705 5063 2968 5120 diabolus.
3000 5064 3096 5120 Vis
3138 5074 3319 5120 autem
3370 5066 3549 5121 videre
3588 5076 3701 5133 quo-

2147 5157 2293 5213 niam
2322 5155 2444 5210 aula
2492 5154 2662 5224 ipsius
2697 5163 2784 5211 est
2826 5155 3009 5210 terra?
3050 5154 3108 5209 In
3138 5155 3441 5227 Evangeliis
3467 5154 3699 5224 scriptum

2146 5257 2231 5304 est
2258 5245 2410 5319 (Luc.
2436 5244 2540 5318 xl),
2571 5246 2696 5316 quia
2722 5245 2877 5301 fortis
2897 5246 2952 5304 in
2980 5245 3104 5300 aula
3124 5261 3222 5302 sua
3257 5261 3482 5302 securus
3502 5243 3696 5307 dormit.

2145 5354 2428 5409 usquequo
2451 5338 2634 5392 veniat
2656 5337 2867 5403 fortior,
2891 5338 2984 5408 qui
3013 5346 3069 5393 et
3100 5337 3277 5409 ipsum
3302 5338 3483 5409 alliget
3507 5343 3561 5393 et
3595 5345 3697 5404 qua

2143 5431 2384 5500 possedit
2406 5428 2634 5485 auferat.
2667 5429 2764 5484 Est
2804 5443 2937 5499 ergo
2964 5444 3058 5485 rex
3102 5429 3239 5484 aula:
3269 5429 3518 5499 princeps
3558 5425 3697 5494 hujus

2144 5520 2350 5576 mundi.
2373 5519 2479 5575 Iste
2502 5519 2667 5574 mittit
2699 5520 2766 5573 ad
2791 5518 2983 5585 Iubae;
3018 5520 3134 5589 ipse
3152 5526 3239 5575 est
3266 5519 3408 5575 enim
3443 5516 3532 5587 qui
3554 5510 3698 5569 mittit

2144 5614 2210 5668 ad
2239 5628 2429 5668 omnes
2457 5621 2643 5684 gentes
2665 5619 2722 5669 et
2746 5612 2939 5668 invitat
2969 5613 3038 5667 ad
3063 5611 3328 5683 prndium,
3354 5609 3515 5665 mittit
3535 5607 3601 5663 ad
3624 5618 3697 5660 re-

2145 5720 2263 5779 gem
2296 5705 2518 5762 Μαι-(ιω.
2551 5703 2717 5766 Iobac
2757 5712 2937 5761 autem
2982 5703 3366 5779 interpretatum
3398 5696 3691 5763 inimicitia
