4000 6186
278 320 423 383 I055

1202 313 1556 389 CQMMEN'I‘.
1595 312 1663 368 IN
1702 314 1963 389 LIBRUM
1997 313 2229 397 IOSIlE.
2268 345 2337 356 --
2372 316 2505 371 LIB.
2543 316 2605 372 ll.

3410 319 3544 376 ίῧόι

278 432 490 487 Marem
530 438 712 486 autem
745 426 1152 485 amaritudines.
1184 426 1348 483 Mittit
1374 441 1503 498 ergo
1525 424 1768 483 diabolus
1793 426 1859 481 ad
1888 436 1940 493 Α
1967 428 2015 481 vi
2040 438 2094 482 et
2123 443 2188 483 ex
2212 429 2411 497 apertis
2442 429 2953 499 impngnationibus,
2988 432 3081 486 sed
3127 433 3437 504 improvisis
3465 434 3549 489 iu-

278 522 445 578 aliam
476 522 734 576 virtutem
776 519 1073 589 inimicam,
1098 533 1166 575 ex
1193 519 1398 589 angelis
1446 518 1565 574 sine
1595 518 1758 574 dubio
1781 534 1868 572 re-

275 613 443 685 fugis,
469 627 590 682 quat
611 611 781 665 virtus
807 610 1228 665 amaritudinum
1251 625 1342 664 rex
1371 617 1455 664 est
1480 626 1491 663 :
1517 624 1623 678 quo
1650 617 1870 664 auctore

273 704 491 759 scilicet
509 713 566 756 et
590 717 807 775 operam
834 701 997 756 dante
1025 716 1214 756 omnes
1243 701 1298 755 in
1320 700 1424 756 hoc
1451 701 1650 756 mundo
1671 702 1871 759 arueri—

280 795 501 849 tudines
533 802 587 848 et
626 792 947 862 asperitates
972 807 1092 860 qua:
1140 791 1355 846 miseris
1383 791 1698 847 mortalibus
1727 791 1869 847 inlli-

280 892 487 953 guntur
506 881 779 936 eveniunt.
813 879 951 936 Sunt
976 881 1119 935 enim
1150 878 1359 935 diversa
1389 896 1588 953 genera
1615 882 1825 951 peccati
1853 900 1865 936 :

281 987 463 1043 neque
511 973 654 1027 enim
706 973 942 1027 amarius
994 970 1194 1040 aliquid
1238 978 1418 1039 potest
1463 985 1583 1026 esse
1626 981 1866 1040 peccato,

281 1062 497 1116 etiamsi
524 1061 768 1130 quaedam
797 1059 971 1114 dulcia
995 1059 1281 1115 videantur
1303 1060 1354 1112 in
1379 1058 1587 1129 primis,
1615 1060 1755 1115 sicut
1776 1058 1870 1115 Sa-

280 1154 465 1208 lomon
492 1153 710 1217 scribit;
742 1152 834 1206 sed
868 1169 887 1202 ‹
919 1151 972 1205 in
1022 1151 1354 1215 novissimis,
1387 1150 1582 1223 inquit,
1630 1152 1871 1209 amarius

279 1244 409 1302 felle
449 1245 592 1315 quod
620 1245 776 1299 dulce
815 1244 869 1298 in
900 1242 1070 1297 initiis
1091 1243 1393 1308 videbatur,
1422 1250 1480 1299 et
1517 1243 1731 1298 acutius
1754 1244 1871 1303 acie

281 1335 445 1406 gladii
472 1332 653 1405 (Prov.
680 1331 757 1403 v).
791 1352 810 1384 ι
843 1330 1074 1386 Iustitia:
1093 1347 1225 1387 vero
1248 1340 1441 1389 natura
1470 1332 1743 1388 contraria
1766 1342 1867 1388 est.

264 1430 338 1496 ,lu
385 1428 554 1483 initiis
597 1427 810 1482 videtur
838 1425 959 1480 felle
1009 1426 1264 1491 amarior,
1296 1426 1347 1480 in
1391 1427 1701 1485 novissimis
1741 1443 1871 1483 vero

280 1520 445 1575 melle
493 1518 704 1575 dulcior
737 1518 1027 1581 invenitur,
1063 1533 1185 1572 cum
1236 1517 1453 1573 virtutis
1487 1516 1696 1573 fructus
1734 1526 1874 1572 attu-

280 1611 430 1666 lerit.
463 1606 610 1667 Misit
635 1624 763 1678 ergo
792 1608 1037 1664 diabolus
1063 1608 1130 1663 ad
1168 1606 1333 1667 Jobac
1362 1608 1639 1664 inimicum
1670 1609 1871 1665 amari-

284 1702 492 1765 tudinis
527 1716 729 1774 regem.
770 1700 933 1756 Mittit
960 1700 1124 1756 etiam
1173 1699 1241 1753 ad
1271 1716 1449 1770 regem
1481 1700 1753 1762 Simeron.
1779 1699 1872 1769 qui

283 1795 679 1863 interpretatur
729 1792 1006 1849 exauditio
1051 1808 1065 1844 :

283 1885 595 1950 exauditio;
639 1883 925 1954 aliquando
948 1881 1165 1952 quidem
1197 1882 1249 1936 iu
1277 1882 1473 1937 bonam
1496 1890 1728 1951 partem,
1750 1896 1872 1937 cum

282 1976 507 2032 exaudit
549 1975 820 2031 hominem
852 1975 1015 2038 Deus,
1053 1972 1348 2027 secundum
1377 1974 1520 2041 quod
1560 1979 1616 2026 et
1654 1971 1876 2027 Simeon

283 2082 428 2122 unus
473 2082 538 2121 ex
574 2065 897 2136 patriarchis
946 2079 1142 2121 nomen
1184 2064 1410 2132 accepit,
1443 2063 1875 2133 quandoquidem

286 2159 610 2215 exaudierat
634 2157 775 2212 Deus
799 2171 1015 2235 precem
1037 2156 1230 2212 matris
1255 2154 1399 2224 ejus;
1424 2156 1621 2211 dicitur
1645 2160 1825 2211 autem
1846 2170 1878 2211 e

285 2251 567 2308 contrario
593 2249 887 2313 exauditio,
912 2250 1126 2317 quando
1152 2249 1275 2317 quis
1305 2248 1526 2302 exaudit
1548 2256 1875 2317 praeceptum

288 2341 515 2399 diaboli.
548 2339 698 2396 Solet
731 2340 875 2395 enim
914 2338 1095 2394 dicere
1118 2338 1401 2397 diabolus:
1431 2356 1449 2388 ί
1491 2337 1549 2393 Si
1595 2338 1879 2408 procidens

287 2431 607 2488 adoraveris
632 2445 739 2495 me,
771 2429 865 2486 tibi
908 2429 1049 2484 dabo
1094 2429 1210 2483 hmc
1256 2429 1437 2483 omnia
1469 2426 1686 2499 (Matth.
1722 2426 1815 2496 Iv).
1854 2446 1872 2478 ι

290 2522 403 2580 Sed
445 2532 501 2578 tu
523 2522 567 2577 si
596 2519 779 2576 Iesum
818 2520 1084 2590 sequeris,
1114 2517 1249 2574 dicis
1278 2519 1329 2574 ei
1355 2537 1368 2572 :
1399 2517 1683 2572 Dominum
1709 2515 1878 2570 Deum

287 2629 470 2672 meum
497 2612 762 2679 adorabo,
788 2620 846 2667 et
872 2610 948 2665 illi
1001 2610 1100 2665 soli
1147 2609 1378 2667 serviam
1410 2606 1605 2679 (lbid.,
1642 2605 1729 2677 χ).
1770 2605 1880 2659 Au-

286 2704 448 2760 diunt
474 2692 653 2758 autem
684 2701 831 2756 illum
861 2700 954 2770 qui
981 2705 1107 2755 sunt
1140 2713 1206 2753 ex
1250 2704 1402 2768 parte
1428 2696 1615 2766 ipsius,
1660 2694 1800 2749 sicut
1825 2700 1880 2746 et

287 2807 440 2848 nunc
467 2789 593 2845 fecit
639 2790 740 2845 iste
770 2786 1038 2850 Simeron,
1070 2785 1219 2840 illum
1249 2784 1475 2839 audiens
1502 2783 1653 2839 venit
1679 2783 1746 2837 ad
1776 2797 1879 2852 pu-

288 2894 456 2952 gnam
500 2885 690 2933 contra
735 2874 940 2931 Iesum.
968 2873 1131 2929 Mittit
1180 2881 1362 2936 autem
1400 2872 1465 2927 ad
1517 2886 1697 2943 regem
1743 2870 1877 2925 Zife.

290 2970 412 3029 Zife
451 2973 629 3024 autem
675 2968 1065 3039 interpretatur
1114 2964 1382 3037 quomodo
1410 2963 1562 3018 ﬂuit?
1593 2962 1738 3017 velut
1780 2961 1881 3015 ad-

290 3065 544 3123 mirantis
574 3076 844 3128 sermone,
869 3061 998 3130 quia
1018 3074 1084 3116 eo
1106 3073 1292 3113 revera
1312 3057 1616 3115 mirandum
1638 3063 1721 3111 est
1741 3070 1880 3126 quo-

1116 1790 1210 1846 sed
1255 1792 1452 1861 duplex
1498 1792 1712 1847 videtur
1754 1806 1875 1847 esse
1902 1779 1950 1839 B

1971 518 2122 573 sidiis
2144 517 2459 589 callidisque
2487 520 2776 589 decipiant,
2818 521 2955 576 forte
2978 522 3165 591 quales
3213 534 3337 579 sunt
3379 534 3435 579 et
3473 526 3550 580 illi

1971 608 2037 664 de
2066 609 2261 680 quibus
2288 610 2552 679 Propheta
2577 610 2706 666 dicit
2730 627 2745 664 :
2777 630 2795 662 ‹
2814 610 3102 668 lusidiatur
3127 614 3178 669 in
3200 616 3412 672 occulto
3442 616 3551 671 sie-

1972 712 2031 755 ut
2067 702 2151 757 leo
2196 703 2249 757 in
2279 702 2439 758 cubili
2469 716 2597 768 suo;
2630 703 2917 759 insidiatur
2952 713 3011 759 ut
3054 707 3228 775 rapiat
3254 723 3545 776 pauperem

1973 789 2147 861 (Ρεαι,
2176 791 2250 863 x).
2282 811 2301 843 ι
2336 791 2444 849 Sed
2474 793 2519 847 si
2562 794 2685 864 quis
2712 793 2833 850 talis
2858 803 2943 849 est
2965 794 3142 865 qualis
3170 794 3387 861 Paulus,
3417 814 3548 853 con-

1975 884 2204 940 ﬁdenter
2221 885 2398 940 dicit:
2434 904 2451 936 ‹
2480 885 2595 941 Non
2638 887 2782 941 enim
2811 886 3125 957 ignoramus
3173 887 3400 942 astutias
3436 888 3554 957 ejus

1975 975 2024 1047 (Ι
2050 975 2174 1031 Cor.
2207 976 2290 1047 ιι).
2324 997 2343 1030 ι
2377 978 2540 1033 Mittit
2567 987 2621 1034 et
2662 979 2715 1032 in
2743 977 3035 1034 Cenereth.
3066 978 3332 1034 Ceuereth
3372 990 3555 1035 autem

1973 1065 2127 1133 quasi
2154 1065 2386 1121 lucorum
2410 1067 2690 1137 dicuntur;
2715 1083 2822 1123 non
2862 1068 3112 1130 lucerna},
3146 1068 3241 1123 sed
3263 1068 3417 1137 quasi
3468 1068 3553 1122 lu-

1974 1170 2172 1211 cernae.
2202 1155 2361 1234 Aliud
2392 1167 2475 1212 est
2497 1157 2736 1227 lucerna,
2770 1157 2913 1213 aliud
2939 1158 3092 1228 quasi
3122 1157 3359 1213 lucerna.
3390 1157 3556 1214 Ioan-

1974 1262 2072 1302 nes
2118 1246 2334 1303 lucerna
2380 1257 2500 1302 erat
2546 1248 2762 1317 ardens,
2795 1250 2919 1319 quia
2954 1257 3074 1305 erat
3122 1249 3344 1320 angelus
3393 1249 3553 1304 lucis.

1975 1342 2141 1411 Quasi
2169 1344 2389 1401 lucerna
2421 1353 2600 1399 autem
2641 1355 2725 1401 est
2766 1344 2855 1401 ille
2895 1345 2987 1415 qui
3014 1343 3368 1415 transfigurat
3414 1358 3473 1399 se
3500 1344 3558 1400 in

1976 1436 2222 1506 angelum
2268 1435 2421 1490 lucis.
2471 1435 2536 1489 Et
2565 1435 2610 1490 si
2640 1436 2723 1491 vis
2762 1435 2938 1491 adhuc
2979 1434 3280 1495 evidentius
3331 1448 3559 1491 noscere

1976 1523 2308 1581 diﬂ'erentias
2336 1523 2681 1579 lucernarum
2709 1533 2766 1587 et
2803 1523 2959 1593 quasi
2988 1523 3330 1577 lucernarum
3358 1537 3479 1591 quae
3500 1521 3557 1575 in

1976 1620 2244 1683 Cenereth
2273 1628 2421 1685 sunt,
2453 1620 2577 1679 audi
2616 1620 2948 1683 salvatorem
2989 1620 3259 1677 dicentem
3302 1617 3369 1671 ad
3395 1615 3559 1670 disci—

1978 1710 2133 1781 pulos
2158 1725 2322 1765 suos;
2360 1728 2378 1759 ι
2411 1708 2531 1764 Sint
2558 1708 2724 1763 lumbi
2751 1700 2915 1762 vestri
2955 1704 3251 1775 prmcincti,
3282 1712 3337 1758 et
3378 1701 3555 1757 lucer-

1975 1813 2060 1853 ure
2104 1807 2301 1854 vestra:
2331 1798 2584 1853 ardentes
2610 1794 2762 1866 (Luc.
2813 1796 2933 1865 xu).
2969 1814 2987 1846 ›
3018 1793 3157 1849 Sunt
3201 1806 3329 1864 ergo
3366 1804 3558 1846 eorum

1976 1892 2068 1962 qui
2098 1890 2151 1945 in
2177 1890 2415 1945 Ecclesia
2448 1887 2606 1944 tidem
2652 1886 2976 1942 catholicam
3020 1886 3235 1947 docent,
3265 1889 3320 1937 et
3346 1881 3555 1952 plebem

1976 1982 2070 2039 Dei
2099 1983 2264 2038 verbo
2285 1980 2530 2035 veritatis
2550 1978 2875 2039 illuminant,
2908 1976 3144 2030 lucerna:
3173 1973 3459 2035 ardentes;
3499 1969 3556 2024 hi

1977 2089 2108 2131 vero
2153 2074 2245 2143 qui
2275 2071 2529 2126 haeretica
2549 2071 2800 2138 dogmata
2834 2083 2901 2122 ex
2923 2066 3219 2133 Scriptura:
3247 2069 3448 2118 sancta:
3480 2068 3557 2115 te-

1977 2165 2247 2222 stimoniis
2294 2163 2445 2217 falsis
2492 2159 2880 2216 assertionibus
2924 2157 3138 2220 docent,
3174 2169 3275 2223 pro
3319 2167 3384 2206 eo
3414 2147 3558 2219 quod

1979 2256 2290 2326 Scripturas
2316 2253 2519 2323 legunt,
2552 2250 2804 2307 videntur
2831 2246 3124 2302 accendere
3153 2244 3424 2307 lucernas,
3464 2239 3563 2295 sed

1978 2349 2103 2420 quia
2133 2346 2286 2402 falsis
2305 2343 2696 2399 assertionibus
2719 2346 2964 2402 utuntur,
2995 2352 3103 2391 non
3134 2341 3259 2390 sunt
3301 2332 3562 2395 lucerutc,

1979 2439 2072 2494 sed
2118 2436 2259 2508 ιιιεεί
2288 2436 2542 2491 lucerna}.
2575 2432 2722 2487 Misit
2753 2431 2915 2486 etiam
2960 2427 3026 2482 ad
3058 2441 3314 2496 campos:
3343 2435 3566 2481 necesse

1980 2531 2126 2586 enim
2152 2536 2272 2584 erat
2295 2536 2355 2581 ut
2383 2528 2438 2582 in
2483 2526 2800 2582 societatem
2840 2537 2993 2578 suam
3021 2527 3242 2575 vocaret
3258 2517 3422 2572 etiam
3469 2529 3566 2570 eos

1980 2621 2072 2690 qui
2109 2621 2164 2674 in
2195 2619 2404 2689 campis
2429 2627 2557 2673 sunt
2594 2624 2650 2670 et
2696 2612 2917 2686 humilia
2962 2610 3180 2682 sapiunt
3212 2624 3278 2665 ac
3325 2617 3561 2661 terrena.

1984 2710 2130 2767 Misit
2169 2721 2224 2765 et
2270 2708 2324 2763 in
2369 2707 2673 2771 Feuendor,
2706 2705 2797 2774 qui
2837 2703 3230 2771 interpretatur
3257 2695 3562 2759 conversio,

1980 2808 2037 2855 et
2065 2799 2349 2855 conversio
2376 2796 2572 2866 duplex
2602 2794 2941 2865 intelligitur.
2972 2791 3071 2846 Est
3093 2789 3237 2845 enim
3283 2785 3566 2843 conversio

1982 2905 2089 2960 qua
2109 2889 2233 2962 quis
2255 2888 2333 2963 ad.
2349 2886 2638 2942 Dominum
2663 2882 3019 2945 convertitur,
3040 2879 3126 2934 vel
3148 2894 3179 2933 a
3202 2878 3312 2932 Deo
3332 2882 3415 2930 est
3435 2889 3564 2930 cou-

1981 2995 2173 3036 versus
2220 2978 2290 3033 ad
2337 2979 2513 3041 bona;
2541 2982 2627 3029 est
2674 2982 2852 3028 autem
2884 2980 2939 3025 et
2968 2969 3070 3025 alia
3122 2966 3426 3025 conversio.
3458 2979 3566 3034 qua

1981 3089 2075 3130 rex
2102 3072 2284 3135 Iabin,
2314 3071 2368 3125 id
2414 3077 2499 3125 est
2512 3065 2787 3141 diabolus,
2816 3063 2883 3119 ad
2930 3078 2990 3117 se
3034 3060 3245 3114 animas
3275 3054 3562 3118 convertit,

293 3157 458 3218 ωοάο
481 3154 654 3211 “unm
682 3153 867 3209 omnia
895 3167 1016 3223 (ωδε
1037 3158 1165 3207 sum
1198 3150 1356 3221 hujus
1385 3148 1573 3205 mundi
1618 3147 1874 3209 carnalia»
1907 3129 1952 3192 Ο
1983 3129 2127 3217 sicut
2159 3169 2217 3217 et
2261 3129 2326 3215 de
2353 3131 2604 3215 Simeron
2648 3168 2808 3222 supra
2834 3150 3182 3221 exposuimus
3213 3166 3226 3200 :
3255 3144 3432 3217 qualis
3468 3159 3567 3219 pu-

290 3261 350 3309 et
371 3252 642 3325 quomodo
683 3249 825 3307 fluxa
847 3258 972 3305 sunt
1001 3254 1058 3303 et
1097 3247 1297 3302 caduca
1323 3260 1442 3314 quae
1468 3242 1610 3323 apud
1638 3241 1883 3298 infideles

295 3342 546 3403 homines
585 3339 959 3410 permanentia
1007 3338 1331 3409 deputantur
1373 3344 1429 3391 et
1474 3344 1754 3406 perpetua.
1781 3334 1883 3403 Qui

295 3444 480 3496 autem
524 3449 702 3490 rerum
748 3433 1060 3491 considerat
1112 3429 1410 3492 rationem,
1464 3435 1514 3483 et
1550 3427 1675 3482 vita:
1724 3424 1883 3494 hujus

294 3541 422 3599 quae
446 3532 705 3594 putantur
732 3522 868 3579 bona
897 3529 1189 3579 contuetur
1207 3517 1475 3589 quomodo
1521 3531 1737 3586 semper
1762 3531 1885 3570 mu-

297 3627 486 3675 tentur
503 3625 559 3673 et
593 3622 894 3681 transeant,
924 3614 1026 3670 iste
1056 3612 1204 3679 dicit,
1237 3610 1516 3679 Quomodo
1542 3608 1688 3665 ﬂuit!
1715 3607 1887 3667 Vocat

299 3717 483 3765 autem
529 3719 716 3763 contra
758 3707 898 3763 filios
943 3703 1107 3765 Israel
1149 3701 1414 3764 diabolus,
1465 3699 1628 3753 etiam
1665 3712 1760 3753 eos
1792 3696 1885 3766 qui

297 3803 447 3858 circa
470 3799 725 3856 Sidouem
746 3813 1000 3869 maguum
1032 3802 1159 3852 sunt
1185 3808 1233 3846 ιι.
1265 3793 1380 3867 Ego
1420 3792 1636 3862 quidem
1679 3805 1803 3845 cum
1830 3790 1884 3858 in

298 3892 437 3949 locis
484 3889 701 3947 Sidonis
752 3888 1038 3960 aliquoties
1081 3886 1390 3941 demoratus
1437 3884 1560 3948 sim,
1608 3895 1886 3951 nunquam

301 3982 544 4051 comperi
565 3982 698 4041 duas
728 3994 847 4035 esse
877 3977 1127 4043 Sidonas,
1156 3989 1321 4031 unam
1348 3988 1616 4047 magnam,
1647 3980 1702 4027 et
1724 3971 1887 4026 aliam

301 4087 549 4148 parvam,
571 4081 833 4144 quantum
868 4066 938 4123 ad
959 4076 1235 4123 terrenum
1280 4064 1515 4135 pertinet
1541 4062 1739 4122 locum.
1779 4061 1888 4119 Sed

301 4167 348 4220 si
375 4165 443 4219 ad
472 4161 974 4232 interpretationem
1001 4156 1234 4216 nominis
1254 4156 1496 4221 redeant,
1536 4155 1678 4231 quod
1717 4153 1887 4225 signi-

301 4257 433 4321 ficat
464 4253 793 4313 venatricem
836 4248 922 4305 vel
948 4243 1254 4312 venatores,
1275 4246 1430 4300 video
1457 4245 1603 4323 quod
1640 4244 1889 4299 adversa-

304 4347 513 4405 riarum
539 4344 825 4407 virtutum,
863 4339 919 4397 in
948 4338 1146 4411 quibus
1191 4334 1371 4392 multa;
1390 4342 1525 4393 sunt
1551 4332 1883 4397 differentiae.

300 4438 525 4511 quidam
550 4437 660 4493 sint
691 4440 977 4491 venatores
1012 4430 1066 4485 iu
1092 4428 1296 4500 parvis,
1324 4435 1379 4481 et
1421 4425 1639 4495 quidam
1667 4433 1890 4485 venato-

303 4528 468 4586 resin
492 4526 736 4598 magnis;
760 4524 815 4579 id
840 4530 924 4578 est
944 4520 1085 4593 quod
1112 4518 1201 4573 alii
1225 4532 1322 4588 per
1340 4530 1506 4587 parva
1532 4523 1755 4585 peccata
1775 4515 1893 4569 ani-

305 4634 450 4684 mas,
497 4617 587 4675 alii
627 4631 723 4685 per
761 4628 959 4685 magna
1008 4609 1282 4681 decipiunt
1310 4625 1322 4666 :
1348 4606 1498 4664 verbi
1538 4605 1733 4676 gratia,
1767 4620 1890 4663 cum

308 4711 366 4766 in
388 4707 753 4780 voluptatibus
798 4702 979 4763 saeculi
1009 4709 1065 4757 et
1095 4699 1275 4756 carnis
1301 4697 1508 4755 deliciis
1542 4697 1726 4758 anima
1754 4696 1893 4751 deci-

305 4801 474 4877 pitur,
506 4799 559 4853 in
600 4812 767 4868 parvo
795 4802 951 4869 capta
977 4791 1200 4851 dicenda
1228 4798 1345 4853 est;
1390 4803 1515 4845 cum
1557 4801 1688 4845 vero
1718 4786 1893 4857 provi-

307 4891 545 4949 dentiam
582 4896 764 4961 negat,
792 4894 888 4942 aut
932 4885 1202 4940 dannones
1227 4880 1381 4957 quasi
1425 4880 1711 4941 Dominum
1738 4878 1891 4942 colit,

308 4985 430 5051 lucc
455 4983 509 5043 in
530 4996 723 5054 magno
742 4976 979 5052 putanda
994 4985 1079 5030 est
1104 4988 1225 5033 esse
1249 4972 1491 5040 decepta.
1510 4969 1578 5027 Et
1600 4969 1724 5026 ideo
1749 4983 1895 5027 nunc

309 5075 483 5141 mittit
504 5073 574 5129 ad
597 5072 853 5133 Sidonem
878 5083 1150 5139 magnam,
1173 5066 1265 5137 qui
1286 5065 1443 5135 quasi
1462 5064 1529 5118 ad
1553 5064 1893 5119 venationem

310 5166 641 5236 conveniant
668 5172 862 5220 contra
884 5161 1023 5215 ﬁlios
1052 5158 1237 5221 Israel.
1262 5155 1424 5213 Mittit
1446 5164 1501 5211 et
1518 5155 1586 5210 ad
1611 5162 1889 5213 montana.

313 5260 569 5323 Montane
602 5254 944 5326 intelligenda
988 5259 1115 5313 sunt
1138 5249 1317 5306 omnis
1341 5261 1537 5303 sensus
1566 5244 1661 5319 qui
1684 5241 1895 5299 extollit

314 5360 373 5409 et
411 5349 574 5421 erigit
615 5349 875 5405 adversus
902 5343 1184 5401 scientiam
1231 5337 1348 5394 Dei.
1387 5336 1549 5395 Mittit
1588 5342 1643 5390 et
1671 5333 1723 5389 in
1751 5332 1892 5393 Ara»

319 5443 485 5498 bium.
532 5440 922 5510 Interpretatur
958 5444 1136 5493 autem
1184 5430 1384 5492 Arabia
1426 5428 1653 5487 insidiae.
1699 5425 1897 5485 Invitat

317 5550 449 5605 ergo
471 5534 698 5589 virtutes
721 5528 1105 5588 insidiatrices.
1128 5538 1247 5594 quae
1270 5524 1535 5581 humanas
1552 5518 1762 5575 animas
1788 5530 1894 5573 non

1913 4475 1967 4539 D

1985 3253 2144 3313 tanda
2173 3258 2260 3307 est
2287 3259 2342 3306 et
2366 3249 2460 3304 illa
2487 3244 2773 3305 conversio
2801 3256 2919 3312 quae
2941 3239 3147 3297 Calatis
3183 3236 3475 3297 acciderat,
3502 3233 3569 3289 de

1984 3360 2091 3414 qua
2122 3343 2336 3399 dicebat
2357 3337 2646 3409 Apostolus
2677 3349 2692 3389 :
2727 3353 2745 3385 ι
2779 3331 3094 3390 Currebatis
3122 3330 3282 3392 bene,
3311 3325 3431 3404 quis
3472 3337 3569 3378 vos

1984 3435 2264 3508 impedivit
2289 3430 2431 3504 (Gal.
2467 3428 2547 3501 v),
2578 3448 2597 3481 ι
2629 3429 2732 3482 hoc
2751 3432 2855 3489 est,
2883 3421 3153 3479 convertit
3175 3436 3205 3477 a
3235 3433 3399 3474 cursu
3428 3415 3569 3475 bono

1984 3536 2040 3579 et
2064 3504 2262 3580 itinere
2291 3521 2474 3576 recto?
2499 3519 2662 3574 Mittit
2682 3524 2738 3571 et
2762 3517 2831 3570 ad
2868 3530 2961 3568 eos
2983 3513 3074 3582 qui
3098 3510 3333 3571 erantin
3356 3504 3568 3561 mariti-

1987 3616 2091 3671 mis
2111 3613 2268 3679 locis,
2294 3611 2363 3665 ad
2392 3609 2598 3663 vicinos
2625 3605 2883 3663 fluctuum
2905 3602 3264 3663 Chananazos,
3288 3596 3379 3667 qui
3412 3595 3572 3649 inter-

1984 3713 2269 3776 pretantur
2300 3701 2448 3757 velut
2475 3696 2753 3761 commoti,
2787 3694 2838 3749 id
2875 3701 2982 3755 est,
3014 3690 3104 3761 qui
3135 3701 3349 3755 semper
3375 3685 3429 3739 in
3455 3697 3571 3738 lno-2

1990 3773 2131 3852 tibus
2153 3804 2208 3850 et
2242 3791 2493 3847 fluctibus
2519 3790 2902 3865 permoverent
2931 3789 3147 3838 cuncta.
3179 3778 3247 3832 Et
3272 3776 3339 3831 ad
3363 3773 3573 3829 maritis

1987 3903 2106 3945 mos
2129 3884 2493 3942 Amorrhzeos.
2539 3877 2841 3937 Amorrhaei
2889 3877 3315 3947 interpretantur
3362 3879 3575 3923 amares

1988 3984 2223 4042 scentes,
2248 3974 2341 4045 qui
2370 3980 2494 4027 sunt
2520 3968 2726 4028 similes
2751 3966 2857 4025 illis
2883 3965 2948 4020 de
2974 3962 3171 4034 quibus
3192 3957 3440 4030 superius
3463 3953 3572 4010 dis-

1988 4068 2277 4127 seruimus.
2314 4063 2463 4120 Talis
2496 4062 2659 4132 igitur
2707 4066 2791 4114 est
2842 4055 3120 4127 catalogus
3168 4051 3334 4109 totius
3362 4045 3571 4103 militia:

1989 4158 2339 4222 invisibilium
2377 4156 2617 4213 hostium
2663 4153 2753 4225 qui
2804 4156 3200 4222 congregantur
3245 4158 3343 4216 per
3390 4155 3573 4211 regem

1987 4251 2146 4308 Iabin
2169 4259 2230 4305 ut
2250 4255 2556 4321 expugnent
2602 4261 2702 4300 nos
2726 4244 2815 4313 qui
2844 4241 3123 4311 sequimur
3164 4234 3344 4290 Iesum
3378 4232 3574 4289 durem

1989 4353 2046 4401 et
2087 4318 2423 4397 Salvatorem
2466 4343 2735 4392 nostrum.
2784 4331 2889 4385 Sed
2921 4327 3047 4397 quid
3098 4323 3229 4379 dicit
3273 4318 3577 4376 Dominus?

1997 4454 2015 4496 ς
2053 4434 2133 4490 Ne
2159 4432 2421 4496 verearis,
2461 4426 2659 4497 inquit,
2692 4440 2723 4479 a
2761 4422 2897 4478 facie
2926 4433 3134 4479 eorum,
3162 4416 3289 4487 quia
3333 4412 3579 4472 crastino

1994 4527 2049 4580 in
2076 4526 2179 4581 hac
2216 4524 2350 4579 hora
2372 4521 2582 4576 tradam
2602 4533 2698 4572 eos
2727 4516 2780 4573 in
2803 4527 2995 4577 manus
3019 4520 3158 4569 tuas.
3193 4526 3212 4561 ι
3241 4506 3409 4561 Video
3433 4502 3577 4578 quod

1994 4615 2155 4671 hodie
2174 4628 2281 4669 non
2309 4625 2597 4683 possumus
2620 4621 2809 4670 omnes
2831 4604 2949 4658 illos
2973 4601 3300 4672 opprimere,
3322 4609 3423 4654 nec
3444 4608 3577 4655 CIIII-1

1995 4714 2112 4762 ctos
2160 4702 2497 4765 interficere;
2545 4698 2640 4754 sed
2690 4693 2928 4752 crastino
2967 4692 3320 4762 perimentur,
3364 4685 3419 4743 id
3469 4690 3580 4755 est,

1995 4804 2117 4871 post
2155 4792 2674 4853 consummationem
2721 4785 2883 4859 hujus
2923 4782 3124 4842 saeculi.
3169 4781 3321 4838 Tunc
3373 4776 3579 4837 etenim

1996 4889 2172 4947 omnis
2200 4886 2373 4944 virtus
2416 4881 2690 4939 contraria
2740 4878 3068 4938 destruetur,
3117 4879 3172 4930 et
3204 4879 3334 4926 tunc
3360 4870 3584 4940 penitus

1993 4978 2255 5042 vincetur,
2284 4990 2408 5032 cum
2436 4973 2637 5028 videris
2679 4969 2765 5031 his
2801 4966 2895 5043 qui
2926 4981 2957 5020 a
2987 4962 3224 5025 sinistris
3268 4968 3393 5025 sunt
3418 4959 3522 5015 dici
3560 4975 3577 5023 ξ

2001 5085 2020 5119 ι
2056 5066 2135 5126 Ite
2171 5066 2226 5124 in
2253 5066 2429 5136 ignem
2455 5073 2740 5125 aeternum,
2760 5071 2922 5127 quem
2957 5051 3281 5126 praeparavit
3302 5051 3443 5104 Deus
3462 5046 3578 5100 dia-9

1996 5156 2119 5217 bolo
2141 5164 2197 5211 et
2223 5154 2429 5225 angelis
2450 5151 2567 5221 ejus
2585 5148 2801 5223 (Matth.
2823 5145 2975 5217 xxv).
3005 5164 3024 5203 ι
3049 5143 3199 5198 Tunc
3216 5141 3358 5196 enim
3380 5147 3435 5225 et
3454 5150 3576 5203 nos,

1996 5243 2042 5299 si
2071 5222 2378 5306 vicerimus.
2405 5249 2460 5301 et
2480 5222 2723 5296 obtinere
2750 5234 3047 5307 poterimus
3070 5236 3359 5301 sequentes
3388 5222 3574 5288 Iesum

2000 5332 2211 5395 ducem,
2256 5328 2617 5401 percipiemus
2646 5338 2869 5395 regnum
2899 5318 3041 5392 quod
3067 5312 3391 5401 praeparavit
3415 5311 3578 5401 Pater

2001 5421 2202 5478 sanctis
2245 5420 2375 5486 suis,
2400 5426 2451 5477 ct
2479 5418 2565 5475 his
2592 5415 2685 5486 qui
2713 5412 2967 5475 mandata
2994 5408 3109 5480 ejus
3139 5415 3192 5462 et
3209 5400 3452 5480 justitias
3482 5400 3554 5467 in)

2000 5509 2291 5585 pleveriut.

392 5681 417 5710 α
447 5665 688 5726 Notanda
733 5664 852 5719 haec
893 5652 1342 5736 peregrinationis
1388 5647 1618 5714 mentio,
1671 5645 1737 5702 de
1786 5657 1893 5717 qua
1930 5638 2063 5704 nihil
2105 5637 2259 5700 alias.
