3996 6176
500 318 522 371 Ι
533 312 638 374 055

1168 319 1230 374 Β.
1270 319 1525 375 RABANI
1563 318 1781 376 MAURI
1819 316 2139 373 ARCHIEP.
2181 317 2489 374 MOGUNT.
2530 319 2818 378 OPEBUM
2856 320 3035 378 PARS
3072 323 3112 379 I.

3585 329 3701 385 i056

571 430 747 499 (iam)
784 448 801 480 ι
832 430 1019 499 Itaque
1064 431 1332 500 percussit
1370 447 1462 485 eos
1491 447 1681 486 omnes
1711 430 1892 491 Iosue,
1924 430 1997 485 ita
2020 439 2079 484 ut
2110 437 2157 494 Α
2182 446 2378 488 currus
2407 433 2643 505 Ephrem
2664 445 2720 491 ct
2756 453 2955 508 equum
2986 453 3054 493 ex
3081 436 3373 495 Ierusalem
3405 451 3492 497 :et
3529 444 3631 499 ideo
3648 448 3705 502 vi-

523 541 537 565 ι
552 520 726 573 nullas
746 535 809 574 ex
829 520 909 573 eis
929 521 1229 574 dimitteret
1250 520 1526 589 reliquias.
1554 520 1700 575 Fecit
1723 521 1864 575 sient
1885 535 2084 589 ιιι-ξιξερ-

503 629 524 661 ι
553 617 708 680 perat
735 611 785 663 ei
819 611 1077 664 Dominus
1112 629 1123 663 :
1157 625 1325 681 equos
1351 626 1536 666 eorum
1567 611 1934 673 subnervavit,
1967 625 2086 663 cur-

504 720 526 751 ‹
559 716 757 769 rusque
775 701 1071 755 combussit
1122 702 1263 771 igni;
1316 716 1671 771 reversusque
1704 701 1888 755 statim
1941 699 2084 768 cepit

506 808 526 840 ι
553 792 712 856 Asor,
756 800 809 844 et
836 807 1015 861 regem
1045 792 1162 862 ejus
1190 793 1458 863 percussit
1479 792 1676 863 gladio.
1714 810 1735 844 ι
1771 792 2084 847 Mandatum

499 883 702 936 dicitur
725 898 754 935 a
784 883 892 936 Deo
921 882 1106 936 datum
1136 883 1203 937 ad
1239 881 1424 938 Iesum
1451 890 1513 937 ut
1536 890 1887 953 posteaquam
1910 897 2083 952 expu-

499 981 721 1043 gnasset
741 987 930 1027 omnes
950 974 1134 1029 hostes
1163 975 1412 1043 superius
1435 983 1782 1039 memoratos,
1810 974 1940 1028 nulli
1961 989 2087 1043 par-

500 1065 796 1126 ceret,-sed
844 1080 1013 1134 equos
1069 1081 1257 1119 eorum
1301 1067 1678 1121 subnervaret.
1731 1065 1886 1121 Unde
1939 1064 2086 1119 velut

501 1157 814 1211 mandatum
852 1156 1064 1210 Domini
1097 1156 1325 1227 implens
1357 1157 1536 1224 Iesus,
1568 1157 1698 1212 fecit
1720 1156 1859 1211 sicut
1884 1171 2085 1226 prace-

499 1247 581 1316 pit
607 1247 657 1301 ei
700 1246 978 1300 Dominus.
1025 1245 1085 1300 In
1127 1262 1234 1316 quo
1263 1248 1439 1318 primo
1464 1248 1707 1303 omnium
1757 1247 1986 1302 dicimus
2015 1247 2084 1301 ad

501 1352 598 1391 eos
625 1338 716 1405 qui
738 1336 927 1391 volunt
953 1339 1251 1393 secundum
1271 1338 1507 1394 litteram
1532 1346 1741 1393 tantum
1777 1339 1892 1393 haec
1930 1339 2087 1394 intel-

502 1424 613 1497 ligi,
635 1425 762 1495 quia
787 1425 832 1479 si
862 1425 1079 1494 quidem
1111 1426 1466 1497 superfuisset
1498 1428 1694 1498 aliquis
1720 1444 1785 1483 ex
1814 1429 2081 1493 hostibus,

484 1532 837 1586 consequens
862 1516 1147 1572 videbatur
1167 1534 1336 1589 equos
1365 1520 1708 1585 subnervari,
1744 1534 1815 1574 ne
1841 1528 2085 1575 uteretur

496 1609 580 1662 eis
607 1609 698 1677 qui
727 1624 785 1663 se
826 1609 1094 1662 convertit
1122 1610 1191 1664 ad
1224 1609 1425 1680 fugam.
1456 1609 1607 1665 Nunc
1634 1624 1765 1664 vero
1790 1625 1915 1665 cum
1938 1611 2085 1666 dica-

500 1708 590 1752 tur
624 1700 803 1754 nullus
826 1700 1044 1754 relictus
1072 1715 1193 1755 esse
1228 1703 1318 1771 qui
1343 1704 1578 1773 spiraret
1604 1704 1658 1757 in
1689 1704 1956 1767 hostibus,
1986 1720 2084 1759 cur

2189 526 2385 580 dentur
2422 528 2551 582 mihi
2582 529 2718 583 asini
2750 530 2990 600 quidem,
3021 539 3082 585 ut
3106 532 3355 598 diximus,
3396 534 3601 604 ﬁguram
3625 554 3711 593 scr-

2182 633 2315 672 vare
2338 634 2526 674 eorum
2550 623 2639 691 qui
2669 638 2736 677 ex
2773 623 3022 692 gentibus
3044 626 3286 689 credunt,
3319 641 3472 696 super
3504 643 3623 696 quos
3644 646 3708 685 se-

2185 710 2330 766 disse
2371 712 2625 767 scribitur
2652 715 2929 768 Dominus.
2962 714 3099 784 Equi
3133 730 3261 770 vero
3288 716 3377 786 qui
3402 720 3709 774 exterminan-

2186 808 2291 865 tur,
2318 810 2374 856 et
2400 818 2613 868 currus,
2637 804 2862 874 figuram
2892 814 3077 860 tenere
3097 806 3290 861 horum
3312 808 3423 877 qui,
3446 807 3496 861 in
3515 808 3710 864 ctelesti-

2183 892 2285 948 bus
2312 893 2493 963 positi,
2522 911 2620 964 per
2663 895 2941 950 lasciviam
2991 905 3047 950 et
3083 896 3383 965 superbiam
3421 898 3707 964 deciderunt,

2184 985 2400 1053 quando
2426 985 2512 1038 vel
2540 985 2607 1039 ad
2630 985 2767 1039 filias
2792 985 3070 1040 hominum
3097 988 3535 1056 concupiscendas
3555 1001 3710 1044 semet-

2184 1075 2331 1145 ipsos
2385 1075 2692 1131 incentores
2724 1078 3092 1147 pmebuerunt,
3124 1088 3178 1133 et
3228 1079 3397 1134 secuti
3439 1091 3553 1135 sunt
3591 1081 3707 1136 illum

2184 1166 2277 1237 qui
2302 1167 2437 1221 dixit
2467 1187 2479 1221 :
2518 1187 2537 1219 ι
2574 1167 2778 1222 Ponam
2828 1184 2991 1239 super
3028 1171 3223 1225 nubem
3250 1171 3426 1225 sedem
3466 1189 3638 1236 meam.
3666 1183 3708 1227 ct

2183 1274 2281 1315 ero
2324 1261 2515 1315 similis
2550 1260 2832 1316 Altissimo
2861 1261 2995 1334 (lsa.
3029 1261 3160 1333 xiv).
3194 1284 3211 1315 ι
3245 1263 3371 1318 Inde
3397 1262 3619 1318 fortassis
3643 1274 3707 1319 est

2184 1350 2327 1420 quod
2357 1359 2411 1403 et
2438 1349 2707 1420 Propheta
2733 1351 2864 1406 dicit
2893 1366 2908 1406 :
2939 1372 2958 1404 ι
2985 1352 3177 1407 Falsus
3202 1361 3286 1407 est
3312 1369 3475 1424 equus
3502 1354 3561 1409 ad
3596 1354 3709 1410 salu-

2186 1453 2292 1496 tem
2322 1439 2494 1512 (ιζεαΙ.
2538 1441 2731 1513 xxxu).
2767 1463 2785 1495 ι
2821 1443 2890 1497 Et
2923 1444 3118 1497 iterum
3166 1444 3299 1498 dicit
3348 1444 3411 1498 de
3450 1445 3529 1498 bis
3565 1445 3640 1512 qui
3666 1445 3706 1498 in

2184 1531 2517 1587 diemonibus
2563 1532 2907 1587 confidebant
2936 1552 2949 1587 :
2984 1552 3002 1583 ι
3046 1533 3110 1587 Hi
3165 1535 3219 1588 in
3251 1533 3487 1589 curribus
3514 1544 3563 1589 ct
3599 1536 3641 1589 hi
3666 1535 3706 1588 in

2183 1621 2359 1689 cquis,
2382 1637 2483 1676 nos
2513 1632 2691 1676 autem
2724 1622 2778 1677 in
2829 1623 3048 1677 nomine
3088 1623 3300 1678 Domini
3348 1624 3437 1678 Dei
3474 1625 3621 1678 nostri
3647 1624 3709 1677 in.

2181 1711 2491 1766 vocabimus
2547 1709 2739 1783 (Psal.
2798 1712 2946 1784 XIX).
2983 1733 3002 1765 ι
3056 1712 3243 1782 Neque
3290 1713 3427 1768 enim
3468 1729 3634 1768 currus
3668 1721 3710 1767 ct

494 1788 661 1842 etiam
703 1789 827 1858 equi
868 1790 1185 1845 subuervari
1222 1790 1501 1859 jubentur,
1530 1794 1621 1864 qui
1647 1794 1834 1864 utique
1870 1794 1990 1848 usui
2029 1802 2085 1849 et
2113 1784 2159 1842 Β
2186 1820 2357 1874 equus
2410 1804 2518 1858 Deo
2575 1804 2894 1860 contulisset
2957 1813 3220 1873 quantum
3283 1804 3348 1859 ad
3406 1805 3710 1859 invocantium

498 1877 801 1933 ministerio
827 1888 1077 1947 poterant
1102 1895 1222 1935 esse
1252 1882 1584 1938 victoribus?
1612 1884 1705 1940 Vis
1739 1893 1919 1940 autem
1942 1885 2085 1941 scire

494 1984 623 2037 quia
649 1969 823 2023 solent
851 1969 1104 2025 Israelitze
1130 1971 1288 2040 hujus
1318 1975 1393 2028 rei
1417 1982 1473 2028 et
1493 1976 1739 2032 utilitatis
1765 1978 1965 2032 habere
1990 1992 2085 2031 cu-

496 2074 635 2123 ram,
682 2068 737 2114 et
777 2061 1002 2116 devictis
1048 2062 1313 2129 hostibus,
1346 2065 1413 2119 ad
1451 2082 1578 2121 suos
1623 2083 1754 2123 usus
1803 2082 2085 2123 reservare

492 2148 767 2218 jumenta;
801 2151 853 2204 in
882 2151 1132 2207 Numeris
1159 2154 1384 2222 legimus
1414 2156 1673 2226 scriptum
1703 2173 1717 2212 :
1752 2178 1771 2209 ι
1808 2158 1908 2224 Qui
1958 2174 2081 2214 cum

499 2255 565 2294 ex
597 2251 864 2310 prtecepto
886 2242 981 2297 Dei
1008 2245 1400 2312 processissent
1430 2263 1667 2317 pugnare
1689 2249 1952 2303 adversus
1973 2250 2089 2303 Ma-

493 2330 749 2397 dianitas,
778 2334 1004 2389 devictis
1053 2336 1317 2402 hostibus,
1347 2339 1552 2408 aliquot
1603 2341 1768 2396 millia
1808 2343 2082 2396 asinorum

498 2422 566 2475 de
598 2423 777 2492 przeda
808 2424 1046 2479 hostium
1067 2438 1441 2495 reservarunt,
1463 2432 1584 2486 suis
1629 2433 1813 2487 usibus
1838 2433 2085 2503 profutu-

500 2526 593 2564 ros
631 2510 822 2582 (Num.
854 2515 1037 2585 xxx-1);
1072 2532 1173 2571 nec
1220 2522 1441 2575 omnino
1471 2520 1708 2577 refertur
1733 2525 1804 2578 ibi
1847 2526 1972 2594 quia
2003 2526 2082 2580 in-

498 2601 817 2657 terfecerint
841 2606 1046 2672 asinos,
1080 2608 1325 2665 hostibus
1345 2613 1631 2682 superatis.
1651 2613 1762 2669 Nos
1780 2630 1908 2685 ergo
1930 2617 2082 2671 Seri-

498 2701 714 2777 pturam
744 2704 987 2751 sanctam
1021 2698 1340 2771 sibimetipsi
1380 2702 1743 2770 conferentes,
1778 2714 1834 2761 et
1861 2708 2082 2777 spirita-

496 2770 639 2839 libus
688 2787 949 2856 spiritalia
997 2770 1398 2861 comparantes,
1448 2796 1790 2865 requiramus
1838 2770 1965 2868 quid
2013 2800 2085 2854 sit

498 2874 642 2943 quod
673 2876 738 2929 de
768 2877 937 2932 asinis
991 2880 1207 2948 quidem
1239 2899 1342 2937 non
1372 2892 1457 2938 est
1506 2886 1766 2958 scriptum
1794 2889 1918 2957 quia
1951 2889 2084 2944 sub-

498 2965 708 3018 nervati
736 2975 880 3032 sunt,
911 2985 1011 3024 nec
1058 2970 1470 3029 Madianitarum
1520 2978 1690 3047 spolia
1734 2989 1788 3035 et
1822 2980 2080 3036 animalia

2184 1904 2501 1965 exspectat;
2544 1896 2639 1950 sed
2681 1897 2867 1966 utique
2910 1898 3013 1951 hoc
3048 1897 3290 1951 ostendit
3328 1896 3447 1967 quia
3484 1897 3606 1951 sicut
3633 1912 3736 1969 nos.

2186 1986 2501 2041 invocamus
2548 1987 2717 2041 Deum
2764 2002 2971 2051 verum,
3002 1987 3077 2041 ita
3120 1994 3178 2040 et
3218 1987 3292 2041 illi
3339 1987 3568 2041 invocant
3607 2002 3709 2039 cur-

2184 2094 2281 2133 rus
2335 2087 2389 2132 et
2441 2093 2630 2147 equos,
2681 2078 2732 2132 id
2780 2085 2883 2143 est,
2926 2076 3224 2142 daemones,
3271 2093 3402 2147 quos
3434 2077 3710 2132 invocabant

2185 2178 2373 2239 gentes
2429 2169 2533 2223 illae
2589 2183 2710 2239 quae
2779 2169 3064 2223 adversum
3124 2167 3293 2224 Israel
3358 2168 3540 2224 bellum
3588 2183 3709 2239 gere—

2183 2261 2337 2314 bant.

2257 2347 2432 2415 (ῐιιιιι.)
2484 2367 2502 2397 ‹
2537 2347 2678 2403 Asor
2708 2348 2850 2402 enim
2884 2348 3186 2417 antiquitus
3214 2349 3353 2404 inter
3379 2349 3545 2403 omnia
3575 2363 3707 2419 regna

2191 2458 2209 2490 ι
2272 2440 2386 2493 haec
2434 2439 2795 2509 principatum
2845 2441 3082 2495 tenebat.
3137 2440 3508 2510 Percussitque
3553 2452 3708 2493 omnes

2190 2548 2208 2579 ι
2256 2532 2467 2583 animus
2504 2547 2623 2600 qua:
2666 2530 2737 2585 ibi
2781 2531 3153 2585 morabantur.
3200 2531 3315 2586 Non
3354 2531 3539 2586 dimisit
3563 2531 3607 2584 in
3645 2530 3709 2585 eis

2190 2641 2210 2670 ι
2249 2621 2382 2674 ullas
2415 2621 2687 2690 reliquias,
2717 2623 2811 2677 sed
2845 2637 3017 2691 usque
3049 2622 3118 2676 ad
3177 2623 3576 2684 internecionem
3615 2619 3710 2673 uni-

2189 2730 2208 2764 ι
2257 2729 2409 2768 versa
2453 2714 2727 2783 vastavit,
2768 2714 3051 2785 ipsamque
3109 2716 3305 2771 urbem
3345 2713 3613 2771 combussit
3645 2713 3708 2765 in-

2191 2823 2209 2855 (
2255 2805 2469 2869 condio,
2518 2810 2574 2859 et
2600 2820 2791 2861 omnes
2817 2822 2914 2877 per
2953 2806 3246 2862 circuitum
3276 2808 3528 2867 civitates.
3564 2818 3707 2874 reges-

2189 2914 2208 2947 ι
2251 2912 2356 2965 que
2384 2912 2569 2950 earum
2600 2897 2774 2967 cepit,
2807 2904 2860 2951 et
2894 2905 3108 2952 czetera.
3147 2918 3167 2951 ι
3207 2896 3362 2953 Iabin
3386 2912 3503 2953 vero
3527 2912 3603 2951 rex
3629 2894 3706 2949 fuit

2182 2984 2375 3051 Assur,
2404 2985 2577 3040 Assur
2601 2996 2780 3042 autem
2832 2987 2953 3043 aula
2990 2989 3397 3059 interpretatur,
3426 2989 3552 3044 sicut
3576 3001 3705 3056 supra

497 3055 818 3128 interempta
855 3060 1126 3129 dicuntur,
1174 3066 1266 3119 scd
1316 3067 1585 3137 profuisse
1615 3072 1925 3129 Israeliticis
1971 3076 2082 3130 usi-
2114 3136 2150 3149 Α
2176 3074 2289 3141 jam
2312 3083 2589 3129 ostensum
2611 3083 2714 3130 est.
2741 3074 2866 3131 Haec
2887 3086 2970 3132 est
2996 3086 3178 3132 autem
3202 3078 3373 3134 Assur
3386 3093 3495 3149 quae
3513 3076 3707 3131 omnium

495 3146 617 3201 bus.
645 3148 721 3203 De
750 3151 870 3206 istis
912 3164 1091 3209 autem
1138 3158 1229 3227 qui
1280 3136 1384 3214 non
1420 3159 1692 3218 habebant
1736 3168 1941 3232 asinos,
1984 3168 2077 3222 sed
2108 3136 2150 3197 C
2176 3136 2377 3218 horum
2405 3180 2693 3234 regnorum
2719 3166 2966 3221 obtinere
3005 3168 3208 3222 dicitur
3235 3136 3605 3239 principatum:
3634 3162 3707 3232 qui

496 3251 696 3304 equos,
727 3242 971 3312 praecipit
1019 3245 1134 3314 ipse
1164 3247 1419 3303 Dominus
1460 3259 1516 3305 et
1552 3252 1724 3307 dicit:
1757 3255 1938 3323 Equos
1990 3272 2081 3311 co-

497 3344 616 3382 rum
638 3332 1000 3399 subnervatis,
1026 3337 1168 3403 quoi
1191 3337 1435 3402 etIesus,
1462 3339 1602 3395 sicut
1622 3357 1651 3395 a
1675 3343 1904 3399 Domino
1927 3361 2081 3400 man-

497 3419 747 3487 dabatur,
796 3424 1049 3495 explevit.
1077 3426 1336 3485 Putamus
1379 3432 1495 3486 inec
1518 3435 1781 3491 accidisse
1828 3436 2079 3504 fortuitu,

498 3518 560 3563 ut
579 3512 702 3579 equi
725 3513 948 3570 hostiles
969 3515 1430 3585 interimerentnr,
1460 3530 1515 3577 et
1539 3526 1675 3580 asini
1702 3522 2083 3584 servarentur?

495 3610 554 3653 et
600 3601 652 3654 in
685 3606 968 3674 praeceptis
1011 3608 1104 3662 Dei
1129 3607 1353 3665 fortuita
1402 3612 1581 3684 aliqua
1630 3617 1964 3673 arbitramur
2005 3621 2084 3674 in-

495 3691 715 3747 cidere?
734 3693 816 3748 An
840 3696 1053 3766 dignius
1077 3699 1292 3755 videtur
1312 3710 1372 3756 ut
1396 3713 1649 3773 putemus
1697 3708 1869 3778 magis
1912 3710 1964 3764 in
1998 3713 2083 3767 his

502 3782 841 3856 Scripturam
870 3792 1154 3862 mysticum
1189 3794 1392 3865 aliquid
1433 3799 1707 3855 indicare?
1746 3802 1986 3873 Denique
2026 3814 2084 3860 ct

501 3872 593 3927 filii
625 3874 787 3930 Israel
815 3894 1090 3948 nunquam
1120 3883 1277 3953 equis
1313 3887 1396 3941 usi
1444 3886 1611 3943 fuisse
1642 3872 1982 3957 referuntur;
2029 3903 2085 3950 ct

499 3962 583 4017 lex
614 3963 745 4018 nihil
778 3965 845 4021 de
864 3969 1037 4051 equis,
1067 3972 1159 4025 sed
1183 3973 1249 4029 de
1274 3976 1442 4031 asinis
1467 3980 1707 4046 mandat,
1738 3990 1799 4036 ut
1822 3991 1946 4051 pote
1967 3986 2083 4038 ani-

500 4052 732 4109 malibus
757 4071 877 4125 qua:
921 4046 993 4112 ad
1015 4060 1281 4118 humanos
1305 4064 1521 4122 labores
1541 4069 1810 4138 juvandos
1839 4082 1894 4128 et
1916 4091 2081 4131 onera

499 4159 687 4198 eorum
739 4149 1002 4215 portanda
1047 4149 1298 4207 videntur
1340 4155 1613 4211 existere:
1645 4160 1769 4229 equi
1800 4177 1930 4217 vero
1967 4181 2085 4219 ma-

499 4234 581 4305 gis
626 4234 692 4288 ad
736 4237 1013 4292 hominum
1057 4242 1448 4311 perditionem;
1486 4247 1586 4301 hoc
1617 4251 1761 4303 enim
1808 4261 1894 4306 est
1939 4256 2091 4324 quod

499 4341 598 4397 per
624 4342 718 4383 eos
760 4328 813 4383 in
863 4330 1064 4400 pmeliis
1107 4335 1334 4402 geritur,
1365 4337 1547 4393 lascivi
1596 4351 1773 4397 motus
1801 4345 1998 4399 animal
2028 4356 2085 4404 et

500 4418 749 4485 superbze
775 4421 1008 4477 cervicis
1035 4424 1319 4495 accipitur.
1346 4427 1485 4482 Sunt
1504 4444 1633 4501 ergo
1657 4434 1796 4489 asini
1826 4434 2081 4508 frequen-

499 4519 584 4565 ter
618 4510 671 4565 in
704 4512 984 4585 Scriptura
1017 4517 1150 4573 etin
1191 4528 1318 4591 typo
1359 4523 1599 4591 gentium
1638 4528 1819 4597 positi,
1858 4531 1998 4585 sicut
2024 4540 2080 4586 et

499 4602 748 4657 Salvator
794 4608 1028 4662 ostendit
1076 4624 1240 4680 super
1289 4612 1503 4667 asinum
1538 4617 1754 4682 sedens,
1802 4635 2075 4689 nunquam

496 4699 678 4746 autem
723 4710 862 4764 equo
883 4698 1077 4752 sedens
1118 4699 1370 4757 refertur.
1397 4702 1503 4759 Sed
1533 4714 1588 4761 et
1631 4722 1753 4762 eum
1785 4709 2079 4779 discipulos

497 4786 663 4840 mittit
688 4790 755 4843 ad
786 4789 1096 4847 solvendam
1119 4796 1326 4851 asinam
1355 4808 1413 4852 et
1441 4799 1646 4869 pullum
1674 4803 1857 4865 asinae,
1890 4803 2077 4862 dicens

494 4876 578 4932 eis
609 4894 623 4930 :
659 4896 678 4928 ι
713 4878 769 4933 Si
793 4881 914 4949 quis
949 4899 1045 4939 vos
1095 4885 1534 4961 interrogaverit,
1559 4893 1721 4950 dicite
1749 4896 1875 4964 quia
1900 4896 2078 4954 Domi-

2181 3254 2498 3325 intelligitur
2527 3255 2776 3326 princeps
2810 3256 2969 3326 hujus
3022 3259 3233 3323 mundi,
3256 3273 3478 3330 regnans
3514 3258 3561 3312 in
3584 3254 3708 3311 aula.

2182 3343 2235 3397 id
2266 3351 2349 3398 est
2375 3358 2538 3412 super
2567 3351 2768 3398 terram
2790 3386 2804 3411 ,
2835 3346 2940 3410 vel,
2971 3347 3114 3416 quod
3161 3348 3340 3417 magis
3366 3355 3464 3412 est,
3507 3346 3555 3399 in
3594 3341 3708 3396 vitiis

2181 3433 2396 3498 carnis;
2428 3435 2524 3489 sed
2547 3443 2603 3489 et
2627 3436 2868 3490 omnium
2901 3436 3115 3492 illorum
3142 3453 3355 3509 regum,
3394 3451 3596 3509 quorum
3620 3433 3707 3487 vim

2183 3527 2479 3582 secundum
2519 3529 2802 3584 nominum
2833 3544 3053 3585 suorum
3105 3530 3586 3601 interpretationem
3619 3526 3708 3596 jam

2182 3625 2310 3673 ante
2334 3619 2704 3689 exposuimus,
2744 3628 2801 3675 ct
2827 3621 2918 3691 qui
2944 3620 3013 3675 ab
3036 3621 3166 3678 Iesu
3198 3624 3446 3679 dicuntur
3466 3616 3708 3676 interfecti.

2183 3708 2425 3775 Quorum
2453 3726 2553 3766 nos
2582 3710 2652 3782 (si
2685 3720 2832 3766 recte
2858 3713 2958 3768 sub
2979 3711 3107 3768 Iesu
3139 3715 3282 3770 duce
3307 3708 3594 3779 militamus)
3635 3706 3712 3761 de-

2182 3801 2374 3856 bemus
2422 3801 2476 3855 in
2506 3801 2910 3871 nobismetipsis
2960 3802 3245 3859 abscidere
3277 3804 3426 3868 vitia,
3455 3809 3505 3856 et
3529 3803 3711 3866 accepto

2183 3889 2413 3959 spiritali
2435 3889 2637 3959 gladio,
2668 3890 2999 3945 subnervare
3025 3907 3247 3948 omnem
3277 3894 3557 3964 equitatum
3579 3888 3708 3941 istum

2181 3978 2539 4049 pessimorum
2591 3978 2875 4044 vitiorum;
2921 3982 3018 4036 sed
3053 3990 3109 4037 et
3155 3998 3355 4038 currus
3380 3982 3610 4038 debemus
3653 3974 3715 4028 in-

2183 4070 2431 4133 cendere,
2469 4070 2522 4125 id
2559 4077 2676 4135 est,
2702 4084 2917 4126 omnem
2955 4087 2987 4126 a
3026 4073 3187 4128 nobis
3224 4072 3533 4144 arrogantiae
3551 4076 3599 4123 et
3624 4064 3715 4120 ela-

2184 4161 2348 4216 tionis
2376 4161 2624 4230 spiritum
2654 4177 2927 4229 resecare,
2954 4171 3012 4218 ct
3056 4165 3201 4220 ultra
3227 4181 3336 4221 non
3382 4166 3434 4220 in
3461 4161 3614 4233 equis,
3636 4171 3707 4211 ηδ

2183 4266 2288 4321 que
2338 4252 2392 4305 in
2439 4253 2640 4317 armis,
2670 4255 2763 4309 sed
2818 4254 2873 4308 in
2917 4256 3137 4312 nomine
3187 4257 3396 4312 Domini
3445 4253 3595 4310 nostri
3635 4246 3707 4302 1)θὲ

2183 4342 2515 4398 invocemus.
2551 4343 2830 4410 Quomodo
2856 4355 3035 4401 autem
3064 4347 3120 4402 in
3157 4344 3547 4417 nbbismetipsis
3595 4353 3710 4397 com-

2181 4430 2420 4501 plebitur
2439 4439 2492 4486 et
2521 4434 2626 4489 hoc
2652 4436 2796 4502 quod
2826 4435 3064 4491 dicitur:
3099 4456 3118 4487 ι
3155 4436 3274 4493 Νοη
3294 4439 3578 4493 dimittatur
3599 4430 3710 4485 ullus

2183 4522 2274 4593 qui
2303 4524 2569 4594 respiret?
2604 4544 2623 4577 ι
2658 4526 2959 4582 Videndum
2998 4530 3202 4599 est'qui
3248 4531 3319 4585 sit
3346 4529 3435 4599 qui
3470 4542 3533 4583 ne
3576 4519 3709 4590 τεθρί-

2185 4629 2308 4670 rare
2333 4616 2552 4685 quidem
2578 4633 2677 4688 per
2716 4628 3043 4687 praeceptum
3082 4620 3296 4676 Domini
3321 4622 3547 4691 jubetur.
3580 4611 3708 4669 Verbi

2183 4720 2370 4773 causa,
2411 4707 2457 4763 si
2489 4707 2568 4761 ira
2608 4710 2914 4764 ascenderit
2946 4710 2998 4764 in
3051 4725 3147 4765 cor
3188 4726 3389 4776 meum,
3419 4712 3581 4780 potest
3616 4698 3707 4756 fieri

2181 4807 2243 4853 ut
2267 4814 2432 4870 opera
2460 4798 2676 4870 quidem
2702 4800 2994 4855 iracundia:
3023 4817 3131 4856 non
3176 4801 3444 4871 impleam,
3475 4796 3551 4851 vel
3592 4798 3706 4848 metu

2182 4888 2496 4954 deterritus,
2523 4890 2608 4944 vel
2636 4892 2801 4945 etiam
2824 4890 3195 4964 futurijudicii
3227 4894 3417 4947 timore
3449 4886 3704 4945 cohibitus;

494 4985 601 5030 nus
626 4984 762 5040 opus
789 4986 851 5026 ea
886 4973 1051 5030 habet
1103 4976 1317 5048 (Manli.
1343 4983 1491 5053 m);
1528 5003 1547 5036 ι
1572 4992 1629 5039 et
1678 4986 1871 5041 sedens
1917 5003 2082 5060 super
2181 4981 2276 5037 sed
2313 4997 2444 5048 non,
2487 4982 2683 5050 inquit,
2716 4982 2820 5037 hoc
2860 4980 3055 5038 sume"
3087 5000 3101 5037 ε
3148 4983 3413 5054 agendum
3438 4978 3528 5070 tibi
3564 4971 3706 5070 Ροίξξιδ

495 5074 616 5115 eam
648 5060 947 5131 ingreditur
973 5062 1294 5134 Ierusalem,
1340 5079 1395 5125 et
1433 5088 1707 5143 nunquam
1744 5089 1941 5146 equum
1988 5059 2079 5134 se-
2178 5078 2262 5125 est
2289 5078 2557 5140 quatenus
2580 5086 2647 5125 ne
2700 5071 2816 5141 ipsa
2863 5071 3082 5142 quidem
3129 5071 3419 5128 commotio
3460 5059 3705 5122 ἰηευηάίκ

493 5150 632 5208 dens
657 5152 934 5229 ingressus
961 5170 1080 5212 esse
1107 5159 1324 5215 dicitur.
1357 5161 1461 5217 Sed
1487 5171 1543 5219 et
1578 5166 1838 5234 propheta
1870 5169 1935 5223 de
1961 5169 2079 5241 ipso
2178 5162 2356 5219 locum
2379 5163 2576 5219 habeat
2599 5163 2744 5219 intra
2773 5173 2857 5232 te;
2907 5165 2952 5221 si
3007 5166 3154 5220 enim
3195 5162 3492 5220 eﬂ'ervescit
3532 5157 3706 5214 animus

493 5242 567 5298 ita
591 5245 1057 5314 pronuntiaverat,
1095 5249 1237 5319 quod
1262 5251 1457 5306 sedens
1482 5252 1635 5308 asino
1662 5254 1873 5310 veniret
1899 5257 1965 5311 ad
1990 5256 2079 5312 Ie-
2177 5263 2234 5310 et
2272 5250 2649 5322 conturbattlr,
2689 5257 2904 5312 etiamsi
2936 5273 3044 5312 non
3080 5257 3425 5328 compleverit
3451 5265 3590 5323 opus,
3613 5247 3704 5316 ίιιει

493 5336 750 5401 tusalem,
781 5336 965 5392 dicens
991 5354 1004 5391 :
1039 5356 1057 5388 ι
1096 5339 1234 5394 Ecce
1264 5356 1358 5394 rex
1384 5350 1505 5397 tuus
1526 5355 1859 5411 mansuetus,
1883 5349 2076 5406 sedens

492 5437 656 5493 super
689 5424 966 5497 subjugale
1007 5426 1194 5499 (Zach.
1238 5429 1337 5502 ιιι).
1374 5451 1391 5483 ι
1435 5433 1499 5486 Et
1537 5432 1739 5503 pullum
1770 5437 1936 5493 asinae
1977 5455 2075 5495 no-

492 5512 710 5577 vellum,
739 5523 796 5568 et
837 5517 1224 5572 exterminabit
1261 5534 1455 5576 currus
1496 5521 1751 5590 Ephrem,
1779 5533 1834 5581 et
1873 5542 2073 5597 equum

491 5616 559 5658 cx
586 5603 905 5660 Ierusalem.
940 5607 1103 5664 Vides
1134 5624 1265 5682 ergo
1293 5611 1418 5680 quia
1455 5614 1750 5670 secundum
1796 5620 2070 5687 propheta:

492 5696 854 5763 sententiam.
891 5699 983 5769 qui
1032 5716 1193 5776 super
1237 5703 1450 5761 asinum
1488 5707 1640 5767 sedet
1686 5711 2069 5771 exterminavit

2178 5352 2360 5401 tamen
2381 5348 2718 5416 perturbatio
2742 5349 2998 5404 indecens
3030 5360 3115 5405 est
3135 5352 3183 5406 ei
3206 5351 3298 5420 qui
3320 5349 3417 5404 sub
3438 5345 3555 5402 Iesu
3596 5335 3703 5395 mili-

2176 5445 2258 5492 tat
2307 5437 2462 5492 duce.
2525 5437 2789 5494 Similiter
2834 5449 2890 5494 et
2925 5441 2991 5495 de
3028 5439 3471 5511 concupiscentia:
3495 5432 3630 5493 vitio,
3659 5430 3702 5479 εί

2175 5530 2243 5586 de
2271 5530 2503 5586 tristitiae
2548 5532 2865 5603 caeterisque
2913 5536 3153 5590 omnium
3182 5531 3505 5589 sentiendum
3523 5532 3621 5585 est:
3647 5517 3699 5572 de

2173 5623 2369 5694 quibus
2397 5626 2609 5681 cunctis
2646 5627 2720 5681 ita
2761 5628 3027 5695 agendum
3075 5637 3160 5684 est
3200 5624 3452 5697 discipulo
3490 5619 3620 5676 Iesu.
3652 5617 3696 5664 ut

2173 5714 2305 5773 nihil
2335 5714 2528 5770 horum
2556 5717 2775 5774 omnino
2797 5718 2849 5774 in
2872 5719 2990 5789 ejus
3016 5720 3180 5776 corde
3205 5717 3457 5792 respiret;
3487 5726 3548 5766 ne
3583 5706 3692 5764 forte
