4000 6186
284 333 417 391 I057

1197 319 1548 378 COMMENT.
1592 318 1659 374 IN
1696 319 1961 376 LIBRUM
1998 317 2233 374 JOSUE.
2270 347 2340 358 -—
2377 316 2503 371 LIB.
2546 315 2608 369 II.

3395 315 3537 372 1058

275 448 324 503 si
352 447 511 516 μσιι-γί
534 439 821 507 cujuslibet
845 435 957 488 vitii
983 441 1077 487 aut
1099 433 1433 488 consuetudo
1471 442 1565 487 aut
1599 432 1855 503 cogitatio
1881 448 1927 506 Α
1965 450 1991 480 ι
2029 437 2150 484 erat
2195 428 2389 483 civitas
2425 441 2547 496 qua:
2582 440 2692 479 non
2725 434 2843 479 erat
2883 423 3080 479 tradita
3114 423 3236 479 liliis
3264 424 3450 481 Israel.
3505 447 3529 480 ι

276 536 621 605 relinquatur
645 532 698 585 in
731 529 915 593 corde,
944 541 1199 598 processu
1223 524 1478 595 temporis
1496 522 1855 586 eonvaleécat,

276 635 336 683 et
360 623 623 696 paulatim
646 623 791 675 vires
826 617 1089 673 latitando
1118 616 1426 684 conquirat,
1453 624 1615 683 atque
1642 612 1710 666 ad
1734 611 1861 666 ulti—

274 729 430 770 mum
454 720 782 766 revocetnos
808 707 872 762 ad
899 706 1155 761 vomitum
1184 713 1445 768 nostrum,
1462 714 1519 758 et
1538 703 1669 756 liant
1691 701 1862 756 homi-

280 804 370 859 nis
383 802 548 866 illius,
563 800 652 855 cui
669 798 770 853 hoc
781 795 1057 859 acciderit,
1074 792 1360 849 novissima
1374 792 1556 862 pejora
1568 789 1857 862 prioribus.

356 891 537 965 (111111.)
574 909 593 941 1
628 887 962 956 Omnemque
996 884 1233 954 praedam
1282 883 1507 939 istarum
1534 880 1750 935 urbium
1799 892 1864 933 ac

289 1001 310 1035 1
345 982 596 1052 jumenta
641 976 942 1033 diviserunt
967 973 1070 1028 sibi
1104 972 1199 1026 lilii
1228 970 1414 1036 Israel,
1441 970 1650 1024 cunctis
1691 966 1863 1022 homi-

291 1092 311 1125 1
359 1089 402 1127 11
417 1072 521 1126 bus
567 1065 889 1123 interfectis.
925 1085 944 1117 1
980 1063 1089 1136 (Ea:
1122 1062 1459 1134 Augustino.)
1502 1061 1729 1130 Propter
1758 1060 1862 1113 hoc

284 1163 440 1218 nullo
467 1144 628 1217 modo
654 1159 890 1230 putanda
915 1166 998 1211 est
1036 1159 1135 1210 ista
1163 1155 1472 1219 crudelitas,
1497 1154 1637 1222 quod
1657 1152 1862 1206 nullum

284 1255 471 1308 vivum
517 1251 570 1305 in
613 1247 926 1308 civitatibus
971 1244 1075 1299 sibi
1118 1244 1326 1297 traditis
1353 1242 1657 1296 dimittebat
1684 1240 1862 1304 Jesus,

284 1343 415 1412 quin
438 1339 698 1394 Dominus
723 1337 828 1390 hoc
845 1334 1099 1405 iusserat.
1136 1333 1239 1399 Qui
1265 1341 1443 1386 autem
1480 1331 1867 1385 existimabant

286 1436 421 1490 hinc
454 1433 621 1488 Deum
653 1429 826 1498 ipsum
850 1425 1016 1480 fuisse
1059 1423 1356 1488 crudelem,
1403 1430 1458 1475 et
1498 1428 1718 1490 propter
1763 1419 1867 1473 hoc

288 1524 509 1580 Veteris
546 1516 880 1575 Testamenti
919 1530 1108 1569 verum
1155 1513 1324 1567 Deum
1373 1509 1539 1566 fuisse
1590 1518 1866 1565 auctorem

287 1616 488 1671 nolunt
515 1611 757 1675 credere,
797 1616 903 1661 tam
934 1620 1190 1676 perverse
1215 1604 1279 1659 de
1304 1602 1558 1673 operibus
1582 1600 1677 1654 Dei
1704 1613 1867 1669 quam

290 1704 363 1758 de
383 1698 623 1772 peccatis
649 1696 924 1751 hominum
945 1693 1214 1763 judicant.
1238 1691 1539 1745 nescientes
1560 1687 1690 1759 quid
1722 1687 1870 1756 quis-

1948 523 1979 577 ν(
2013 520 2097 575 Ea:
2137 516 2499 591 Augustino.)
2557 516 2827 584 Quaeritur
2879 517 3149 584 quomodo
3199 517 3301 570 hoc
3347 534 3535 574 verum

1959 613 2069 677 sit,
2131 626 2254 665 cum
2314 623 2415 664 nec
2463 606 2797 678 temporibus
2852 614 3040 675 postea
3090 606 3329 676 judicum
3358 646 3375 673 ,
3434 624 3537 665 nec

1962 702 2294 773 temporibus
2323 716 2531 771 regum,
2568 712 2757 754 omnes
2785 698 3006 751 omnino
3060 697 3271 751 illarum
3325 708 3537 769 septem

1959 793 2199 863 gentium
2259 791 2510 846 civitates
2563 802 2759 857 capere
2806 787 3083 858 potuerint
3134 786 3368 843 Hebraei.
3430 788 3539 845 Sed

1960 889 2056 937 aut
2104 882 2184 936 sic
2232 880 2636 950 intelligendum
2684 887 2767 932 est
2805 877 2946 945 quod
2987 878 3055 932 ad
3096 876 3298 931 nullam
3353 878 3541 932 civita-

1963 979 2074 1027 tem
2125 971 2374 1026 bellando
2431 969 2664 1023 accessit
2717 965 2872 1021 Jesus
2917 982 3079 1035 quam
3137 983 3246 1021 non
3295 970 3540 1038 ceperit;

1963 1074 2058 1117 aut
2082 1071 2229 1118 certe
2254 1062 2395 1116 nulla
2417 1076 2524 1114 non
2551 1069 2709 1129 capta
2735 1067 2841 1123 est,
2871 1060 2964 1112 sed
2993 1073 3177 1112 earum
3206 1076 3326 1128 qua:
3351 1060 3407 1114 in
3454 1077 3540 1115 re—

1962 1153 2214 1224 gionibus
2241 1167 2405 1221 supra
2442 1152 2883 1206 commemoratis
2910 1148 3147 1204 fuerunt.
3196 1151 3540 1205 Enumerata:

1964 1250 2091 1301 sunt
2117 1243 2258 1296 enim
2285 1255 2474 1296 omnes
2496 1242 2741 1310 regiones
2771 1242 2826 1294 in
2858 1241 3052 1309 quibus
3088 1240 3305 1295 fuerunt
3351 1242 3545 1294 civita-

1966 1342 2048 1387 tes
2067 1332 2133 1385 de
2158 1330 2354 1400 quibus
2375 1329 2516 1385 facta
2538 1340 2622 1386 est
2646 1331 2749 1384 ista
2776 1330 3053 1385 conclusio
3079 1348 3090 1382 :
3119 1329 3186 1382 Et
3209 1347 3385 1384 omnes
3411 1332 3546 1401 cepit

1965 1424 2018 1476 in
2059 1421 2211 1476 bello.
2259 1420 2368 1493 (Ea:
2405 1420 2766 1493 Adamantio.)
2807 1420 2924 1475 Non
2963 1420 3100 1474 dixit
3154 1421 3281 1488 quia
3336 1422 3551 1491 accepit

1964 1512 2121 1568 .lesus
2144 1513 2354 1582 aliquos
2392 1513 2446 1567 in
2476 1511 2635 1577 bello,
2668 1521 2722 1583 ct
2748 1511 2955 1581 aliquos
3005 1526 3111 1564 non
3153 1511 3400 1579 accepit;
3448 1511 3544 1565 sed

1967 1622 2155 1662 omnes
2191 1606 2420 1676 accepit,
2464 1606 2519 1660 id
2557 1616 2642 1659 est
2667 1619 2855 1659 omnes
2884 1604 3043 1673 cepit,
3072 1611 3127 1658 et
3176 1618 3364 1667 omnes
3417 1618 3543 1672 pcr-

1968 1698 2117 1752 emit.
2146 1696 2345 1753 Omnes
2370 1696 2572 1751 etenim
2601 1696 2808 1765 species
2833 1696 3043 1764 peccati
3083 1694 3401 1763 cxpurgavit
3441 1694 3547 1748 Do»

290 1807 402 1865 que
421 1791 531 1862 pali
559 1790 751 1859 dignus
773 1786 863 1849 Sil,
885 1792 940 1838 ει
969 1797 1221 1851 magnum
1248 1789 1498 1852 Ρυιὶὶηιεε
1523 1779 1722 1833 malum
1747 1793 1866 1833 cum
1895 1800 1944 1859 Β
1972 1791 2150 1843 minus
2182 1787 2359 1853 Jesus,
2403 1802 2703 1856 omnesque
2754 1785 3038 1841 destruxit.
3069 1785 3260 1840 Cuncti
3314 1801 3548 1854 namque

290 1897 488 1939 casura
543 1876 909 1945 dejiciuntur,
955 1871 1320 1941 mortalesque
1373 1870 1698 1924 moriuntur.
1762 1866 1869 1939 (Ea:

290 1969 656 2040 Adamantio.)
690 1986 708 2019 1
740 1967 938 2021 Beatus
960 1964 1054 2035 qui
1076 1963 1295 2028 tenebit,
1322 1970 1378 2018 et
1414 1961 1596 2015 allidet
1619 1958 1870 2031 parvulos

291 2073 417 2118 tuos
445 2061 511 2115 ad
546 2067 757 2128 petram
795 2051 967 2127 (Psat.
994 2053 1237 2125 cxxxvr).
1276 2072 1295 2105 1
1337 2050 1626 2122 Babylonis
1665 2048 1871 2103 scilicet

288 2151 571 2225 parvulos,
600 2148 691 2219 qui
712 2147 842 2202 nulli
875 2145 965 2199 alii
989 2143 1358 2212 intelliguntur
1382 2143 1487 2197 nisi
1519 2141 1872 2211 cogitationes

291 2244 471 2309 malae,
499 2257 619 2312 qua:
640 2254 736 2295 cor
768 2246 1011 2293 nostrum
1054 2232 1389 2290 confundunt
1413 2242 1469 2288 et
1498 2232 1823 2288 conturbant
1854 2247 1869 2283 :

292 2337 399 2389 hoc
429 2332 574 2388 enim
621 2331 1010 2399 interpretatur
1046 2324 1304 2396 Babylon.
1337 2323 1468 2391 Qua:
1519 2321 1873 2392 cogitationes

292 2441 421 2480 cum
450 2420 687 2493 parvulae
732 2426 939 2474 suntet
987 2415 1140 2470 initia
1191 2415 1411 2480 habent,
1453 2412 1695 2467 tenendae
1747 2418 1874 2464 sunt

293 2526 353 2570 et
397 2511 681 2568 allidendae
716 2510 784 2564 ad
811 2517 1045 2579 petram,
1088 2521 1207 2575 qua:
1238 2513 1323 2559 est
1347 2503 1618 2566 Christus,
1659 2511 1716 2555 et
1758 2499 1875 2568 ipso

289 2605 520 2676 jubente
536 2600 865 2673 jugulandm,
891 2606 951 2652 ut
971 2595 1107 2651 nihil
1135 2597 1189 2649 in
1237 2593 1395 2649 nobis
1447 2591 1683 2647 resideat
1732 2590 1876 2660 quod

296 2695 550 2767 respiret.

371 2784 551 2857 (11110.)
587 2802 605 2834 1
640 2781 794 2837 Sicut
832 2787 1163 2852 praeceperat
1205 2777 1464 2832 Dominus
1500 2775 1674 2846 Moysi
1720 2790 1877 2829 servo

305 2897 324 2927 1
373 2891 490 2940 suo,
521 2875 597 2929 ita
639 2872 896 2943 praecepit
942 2869 1153 2941 Moyses
1196 2867 1378 2932 Iosue,
1409 2876 1463 2921 et
1492 2867 1582 2922 ille
1626 2867 1878 2920 universa

305 2992 324 3023 1
373 2970 662 3042 complevit
696 2986 711 3022 :
741 2982 850 3023 non
891 2966 1154 3038 prateriit
1184 2966 1251 3020 de
1278 2964 1548 3018 universis
1575 2961 1875 3027 mandatis,

303 3086 324 3119 1
370 3081 441 3120 ne
477 3079 642 3119 unum
678 3062 895 3133 quidem
919 3063 1164 3127 verbum,
1196 3058 1340 3131 quod
1356 3058 1596 3128 jusserat
1622 3057 1881 3113 Dominus

1969 1894 2183 1934 eramus
2213 1878 2494 1943 insensati,
2524 1876 2807 1942 increduli,
2832 1886 3097 1939 errantes,
3124 1877 3420 1931 servientes
3458 1877 3551 1929 de-

1969 1968 2181 2024 sideriis
2210 1968 2398 2033 variis,
2426 1968 2481 2021 in
2506 1966 2716 2020 malitia
2740 1976 2798 2020 et
2818 1965 3019 2019 invidia
3042 1975 3261 2037 agentes
3278 2006 3292 2031 ,
3321 1965 3549 2020 odibiles

1968 2060 2285 2113 etodientes
2312 2058 2564 2123 invicem,
2604 2064 2661 2110 et
2698 2071 2858 2110 omne
2901 2054 3031 2110 illud
3067 2057 3426 2125 quodcunque
3465 2066 3549 2110 est

1968 2148 2177 2217 peccati
2203 2162 2374 2218 genus
2396 2148 2541 2216 quod
2560 2146 2834 2200 invenitur
2851 2145 2905 2199 in
2927 2146 3237 2201 hominibus
3258 2155 3546 2216 antequam

1971 2242 2214 2297 credant.
2256 2240 2402 2296 Bene
2430 2254 2560 2310 ergo
2584 2239 2717 2293 dicit
2759 2238 2887 2308 quia
2933 2254 3124 2293 omnes
3149 2238 3347 2293 occidit
3390 2236 3553 2293 Jesus

1970 2332 2063 2403 qui
2089 2331 2340 2386 exierunt
2377 2331 2446 2385 ad
2486 2330 2709 2396 bellum,
2736 2329 2880 2384 nulla
2908 2331 3051 2383 enim
3082 2330 3293 2399 species
3336 2329 3551 2398 peccati

1974 2431 2125 2476 tanta
2156 2432 2240 2476 est
2282 2436 2389 2490 qua
2425 2435 2532 2474 non
2582 2419 2653 2473 sit
2691 2420 2935 2488 superior
2956 2417 3136 2481 Iesus,
3163 2419 3257 2488 qui
3291 2427 3373 2473 est
3419 2419 3553 2473 Ver—

1972 2515 2100 2570 bum
2127 2523 2182 2568 et
2203 2513 2467 2584 sapientia
2499 2513 2613 2568 Dei.
2643 2512 2837 2568 Omnia
2862 2512 3007 2566 enim
3037 2519 3254 2581 supcrat
3275 2519 3330 2566 et
3363 2512 3551 2567 vincit.

1971 2605 2054 2660 An
2087 2622 2190 2660 non
2221 2607 2295 2660 ita
2337 2606 2609 2661 credimus
2637 2606 2763 2675 quia
2790 2619 2950 2660 omne
2977 2619 3147 2675 genus
3174 2605 3382 2673 peccati
3434 2619 3561 2658 cum

1976 2698 2043 2752 ad
2072 2699 2307 2754 salutare
2333 2699 2606 2753 lavacrum
2659 2697 2905 2753 venimus
2952 2696 3230 2751 aufertur?
3262 2696 3375 2751 Hoc
3410 2696 3555 2750 enim

1975 2798 2031 2844 et
2054 2789 2344 2859 Apostolus
2366 2789 2630 2856 designat,
2652 2789 2744 2858 qui
2771 2805 2894 2843 cum
2931 2790 3183 2842 universa
3211 2795 3559 2857 peccatorum

1979 2896 2175 2952 genera
2226 2881 2644 2947 dinumerasset,
2686 2880 2836 2934 addit
2877 2889 3001 2949 post
3048 2880 3252 2945 omnia,
3295 2887 3352 2934 et
3382 2878 3555 2934 dicit:

1985 2991 2004 3024 1
2040 2973 2109 3029 Et
2147 2974 2263 3028 haec
2288 2972 2504 3043 quidem
2525 2972 2814 3042 aliquando
2842 2973 3040 3038 fuistis,
3069 2972 3165 3028 sed
3190 2971 3358 3027 abluti
3400 2971 3557 3038 estis,

1980 3064 2077 3119 sed
2095 3063 2415 3119 sanctilicati
2454 3062 2586 3119 estis
2626 3063 2680 3116 in
2711 3063 2928 3119 nomine
2972 3062 3187 3117 Domini
3216 3062 3387 3118 nostri
3429 3060 3558 3118 Jesu

306 3179 326 3209 ι
377 3157 568 3228 Moysi,
604 3176 622 3208 1
657 3164 713 3210 et
739 3162 955 3210 czetera.
991 3153 1088 3207 llic
1116 3151 1327 3222 Moyses
1366 3165 1546 3206 sermo
1594 3138 1710 3219 ipse
1744 3148 1880 3219 legis
1907 3145 1952 3207 C
1983 3155 2184 3212 Christi
2206 3155 2257 3229 (I
2288 3155 2411 3211 Cor.
2453 3160 2551 3228 vr).
2596 3176 2615 3208 1
2661 3155 2774 3210 Hoc
2799 3170 2930 3226 ergo
2952 3154 3112 3209 modo
3139 3169 3328 3211 omnes
3352 3154 3562 3228 cepisse

299 3248 641 3321 appellatur,
686 3248 826 3303 sicut
873 3255 930 3302 et
967 3245 1023 3300 in
1053 3243 1343 3315 Evangelio
1384 3242 1558 3297 dicit:
1596 3261 1615 3293 1
1670 3241 1884 3298 Habent

305 3339 530 3410 Moysen
583 3346 638 3392 et
689 3337 1006 3408 prophetas,
1053 3334 1277 3388 audiant
1315 3332 1435 3387 illos
1474 3330 1624 3404 (Luc.
1678 3332 1813 3403 xw).
1857 3351 1876 3384 1

302 3431 420 3486 Lex
470 3445 600 3499 ergo
647 3427 903 3500 prmeepit
949 3425 1107 3480 nobis
1154 3424 1460 3479 interﬁcere
1497 3439 1685 3479 omnes
1730 3438 1884 3493 reges

302 3520 515 3591 peccati
541 3519 631 3589 qui
674 3533 774 3573 nos
822 3524 1119 3586 provocant
1160 3516 1228 3570 ad
1259 3524 1558 3587 peccatum,
1592 3516 1732 3569 sicut
1756 3514 1888 3568 fecit

302 3611 486 3678 Jesus,
512 3620 567 3666 et
592 3626 697 3665 non
725 3616 810 3664 est
840 3617 1184 3679 trangressus
1215 3607 1507 3678 quidquam
1535 3622 1601 3661 ex
1636 3606 1887 3661 omnibus

304 3717 428 3771 qua:
475 3700 755 3754 constituit
779 3699 828 3752 ei
860 3697 1091 3769 Moyses.
1135 3697 1383 3751 Diximus
1423 3696 1663 3766 quidem,
1693 3711 1887 3751 secun-

304 3793 435 3844 dum
462 3789 697 3859 priorem
717 3787 1070 3858 expositionis
1095 3786 1360 3852 ordinem,
1389 3785 1514 3855 quia
1555 3800 1888 3856 quaecunque

303 3884 394 3937 lex
449 3882 563 3947 Dei,
617 3896 737 3951 qua:
761 3894 905 3935 nunc
952 3878 1167 3951 Moyses
1212 3876 1532 3948 appellatur,
1585 3876 1886 3942 constituit,

306 3971 498 4042 implet
543 3969 700 4026 Jesus
746 3970 801 4024 in
830 3969 1017 4035 nobis;
1060 3978 1116 4023 et
1141 3966 1257 4039 ipse
1284 3976 1369 4022 est
1402 3967 1494 4037 qui
1532 3967 1795 4023 interimit
1833 3966 1887 4021 in

309 4063 470 4117 nobis
510 4062 663 4127 vitia,
691 4070 747 4116 et
789 4060 1121 4130 nequissima
1155 4059 1364 4130 peccati
1403 4073 1566 4128 regna
1597 4057 1886 4113 subvertit.

309 4152 498 4206 Potest
552 4159 734 4205 tamen
788 4149 955 4205 etiam
994 4148 1060 4204 de
1087 4149 1205 4220 ipso
1233 4148 1460 4204 Domino
1508 4155 1564 4203 et
1610 4149 1890 4204 Salvatore

308 4250 501 4297 nostro
524 4241 649 4307 dici,
664 4239 790 4310 quia
812 4239 994 4295 omnia
1016 4255 1136 4309 qua:
1156 4240 1412 4309 praecepit
1435 4238 1644 4310 Moyses
1667 4240 1721 4293 in
1747 4238 1887 4311 lege,

309 4333 445 4388 fecit
467 4329 643 4393 Jesus,
683 4339 738 4385 et
761 4346 866 4385 non
895 4338 978 4385 est
1007 4339 1378 4401 transgressus
1411 4330 1724 4399 quidquam.
1748 4327 1890 4395 Quo-

309 4422 460 4475 niam
488 4421 703 4490 quidem
735 4418 867 4473 dicit
904 4418 1211 4489 Apostolus,
1253 4437 1272 4469 1
1309 4417 1434 4487 quia
1479 4432 1602 4472 cum
1651 4417 1889 4471 venisset

307 4509 589 4582 plenitudo
623 4516 944 4578 temporum,
971 4507 1119 4561 misit
1162 4505 1305 4561 Deus
1354 4505 1551 4559 Filium
1603 4520 1760 4559 suum
1809 4505 1891 4558 fa-

310 4611 461 4656 ctum
516 4616 583 4656 ex
636 4600 881 4666 muliere,
918 4599 1116 4654 factum
1158 4600 1259 4654 sub
1284 4599 1399 4669 lege
1452 4595 1594 4670 (Cal.
1631 4597 1726 4669 ιν).
1768 4617 1787 4650 1
1833 4597 1893 4653 Si

312 4705 445 4762 ergo
475 4689 649 4747 factus
670 4699 754 4745 est
777 4691 878 4744 sub
904 4689 1042 4760 lege,
1068 4704 1189 4744 cum
1219 4688 1332 4761 lege
1361 4689 1525 4742 etiam
1550 4689 1732 4743 omnia
1772 4705 1893 4759 qua:

314 4779 403 4833 lex
428 4779 719 4833 mandabat
739 4778 1001 4849 implevit,
1031 4787 1090 4833 ut
1110 4794 1207 4833 nos
1231 4779 1524 4833 redimeret
1554 4795 1583 4833 a
1611 4780 1895 4836 maledicto

314 4868 470 4941 legis.
498 4868 605 4924 Sed
643 4878 697 4923 et
748 4869 863 4938 ipse
892 4870 957 4923 de
985 4884 1043 4923 se
1069 4868 1242 4923 dicit:
1282 4887 1299 4918 1
1344 4868 1460 4924 Νο11
1519 4872 1636 4926 veni
1687 4873 1895 4927 solvere

316 4960 514 5032 legem,
544 4962 637 5016 sed
660 4960 952 5031 adimplere
979 4960 1193 5031 (Matth.
1224 4961 1301 5034 v).
1335 4982 1352 5013 1

940 5070 1164 5128 CAPUT
1194 5073 1281 5129 VI.

321 5158 399 5213 De
427 5177 486 5214 eo
514 5161 647 5231 quod
685 5162 849 5217 Josue
876 5177 1053 5216 omnes
1089 5179 1230 5231 reges
1276 5161 1531 5218 Chanaan
1572 5174 1621 5219 et
1666 5166 1900 5221 civitates

393 5246 573 5315 eorum
592 5231 873 5315 pugnando
898 5232 1049 5302 cepit,
1084 5233 1275 5302 absque
1306 5231 1557 5287 Hevaaum
1581 5237 1672 5305 qui
1695 5236 1903 5289 habita-

392 5301 480 5354 bat
506 5303 562 5355 in
592 5302 830 5355 Gubaon.

395 5412 572 5485 (111111.)
629 5432 646 5463 1
685 5414 849 5469 Multo
908 5424 1148 5485 tempore
1191 5417 1451 5486 pugnavit
1494 5416 1658 5472 Josue
1711 5426 1901 5473 contra

327 5521 348 5556 1
386 5521 544 5574 rcges
566 5505 718 5561 istos.
755 5505 872 5561 Non
899 5506 1000 5561 fuit
1026 5509 1218 5563 civitas
1261 5525 1379 5579 qua:
1406 5524 1465 5564 se
1494 5511 1731 5564 traderet
1778 5510 1901 5565 [iliis

328 5612 350 5648 ι
392 5596 572 5662 Israel,
599 5609 794 5670 przeter
823 5599 1074 5655 Hevaeum
1099 5601 1190 5670 qui
1224 5600 1505 5656 habitabat
1548 5603 1603 5656 in
1642 5602 1898 5669 Gabaon;

330 5707 351 5741 ¢
396 5705 585 5748 omnes
624 5694 869 5750 bellando
902 5693 1060 5762 cepit.
1117 5713 1135 5745 1
1191 5693 1584 5765 Septuaginta:
1629 5720 1644 5747 ι
1684 5695 1751 5750 Et
1791 5711 1897 5750 non

1982 3251 2038 3306 in
2065 3249 2253 3319 praelio
2279 3248 2499 3313 dicitur,
2526 3257 2583 3303 et
2599 3262 2790 3303 omnes
2814 3247 3130 3317 peremisse.

2057 3340 2232 3412 (IBID).
2265 3357 2284 3390 1
2322 3339 2539 3395 Domini
2567 3339 2713 3394 enim
2752 3337 3017 3393 sententia
3043 3337 3224 3391 fuerat
3246 3343 3304 3391 ut
3340 3335 3563 3390 indura-

1992 3450 2010 3479 ι
2056 3440 2244 3484 rentur
2269 3430 2434 3484 corda
2478 3444 2685 3491 eorum,
2714 3436 2769 3483 et
2809 3437 3115 3500 pugnarent
3143 3438 3330 3483 contra
3379 3428 3565 3491 Israel,

1991 3539 2010 3568 1
2055 3528 2112 3573 et
2132 3518 2406 3579 caderent,
2437 3527 2621 3572 etnon
2641 3527 2983 3572 mererentur
3005 3518 3169 3572 ullam
3196 3518 3567 3579 clementiam,

1991 3628 2011 3661 1
2056 3624 2119 3664 ac
2166 3609 2430 3679 perirent,
2462 3608 2602 3662 sicut
2639 3616 2974 3677 praeceperat
3017 3608 3274 3663 Dominus
3303 3609 3492 3678 Moysi.
3541 3629 3563 3660 1

1952 3772 1953 3775 η
1989 3699 2097 3772 (Ea:
2123 3697 2461 3770 Augustino.)
2489 3696 2796 3753 Secundum
2828 3697 3180 3769 Septuaginta
3206 3713 3333 3753 vero
3376 3699 3449 3751 ita
3484 3697 3566 3752 le—

1986 3789 2173 3861 gitur:
2213 3806 2232 3839 1
2268 3787 2403 3855 Quia
2450 3803 2548 3857 per
2580 3786 2867 3842 Dominum
2917 3787 3121 3842 factum
3146 3796 3230 3842 est
3274 3786 3570 3843 confortari

1993 3899 2013 3933 1
2056 3895 2150 3935 eor
2178 3894 2384 3942 eorum,
2412 3889 2472 3933 ut
2515 3878 2728 3933 obviam
2772 3879 2913 3934 irent
2960 3879 3027 3934 ad
3058 3879 3259 3939 bellum
3283 3880 3350 3935 ad
3377 3879 3569 3947 Israel,

1994 3989 2014 4022 1
2055 3980 2110 4026 et
2131 3970 2647 4036 exterminarentur,
2673 3969 2749 4025 ita
2777 3977 2837 4025 ut
2860 3984 2968 4025 non
2996 3971 3218 4025 daretur
3244 3972 3325 4026 eis
3356 3970 3571 4025 miseri-

1996 4079 2015 4113 1
2060 4062 2265 4128 cordia,
2281 4062 2375 4117 sed
2395 4071 2454 4116 ut
2472 4061 2983 4127 exterminarentur,
3000 4061 3291 4117 sicutdixit
3308 4060 3573 4115 Dominus

1997 4172 2017 4205 1
2063 4154 2130 4208 ad
2160 4152 2396 4225 Moysen.
2435 4173 2453 4205 1
2494 4153 2572 4207 Ita
2620 4153 2823 4209 dictum
2864 4161 2948 4208 est
2992 4154 3096 4207 hoc
3141 4166 3237 4221 per
3275 4152 3568 4206 Dominum

1955 4314 1959 4319 τ
1993 4243 2197 4297 factum
2227 4242 2522 4299 confortari
2546 4258 2642 4297 eor
2680 4257 2891 4307 eorum,
2918 4242 3020 4296 hoc
3047 4249 3164 4305 est,
3190 4241 3450 4296 obdurari
3479 4256 3578 4295 cor

1994 4349 2205 4399 eorum,
2250 4336 2391 4387 sicut
2433 4334 2500 4387 de
2539 4333 2821 4388 Pharaone
2869 4350 2883 4385 :
2921 4332 3064 4401 quod
3118 4331 3302 4386 divino
3356 4331 3577 4400 altoque

1988 4424 2191 4493 judicio
2209 4425 2352 4493 juste
2380 4424 2495 4478 ﬁeri
2521 4422 2742 4477 minime
2764 4422 3115 4477 dubitandum
3142 4430 3244 4486 est,
3272 4437 3394 4476 cum
3421 4422 3578 4478 dese-

1997 4517 2068 4572 rit
2090 4517 2232 4571 Deus
2256 4525 2311 4570 et
2338 4516 2578 4586 possidet
2602 4514 2870 4569 inimicus.
2904 4514 3055 4580 Quod
3086 4514 3166 4568 sic
3199 4513 3576 4583 accipiendum

1994 4617 2078 4664 est
2098 4608 2547 4678 quemadmodum
2580 4615 2635 4661 et
2660 4606 2753 4660 ibi.
2793 4606 2899 4661 Sel
2929 4606 3020 4661 hic
3048 4604 3190 4659 aliud
3224 4617 3423 4671 movet,
3443 4622 3579 4675 quo-

1997 4701 2157 4753 modo
2202 4698 2403 4752 dictum
2437 4697 2529 4762 sit,
2566 4696 2635 4751 ad
2666 4697 2769 4752 hoc
2793 4697 2872 4751 eis
2900 4694 3263 4768 confortatum
3303 4712 3425 4752 esse
3459 4713 3579 4761 eor,

1999 4800 2056 4845 ut
2090 4797 2447 4858 exsurgerent
2478 4788 2530 4841 in
2553 4786 2753 4842 bellum
2780 4787 3040 4841 adversus
3073 4784 3255 4852 Israel,
3286 4795 3340 4841 et
3372 4787 3443 4843 ob
3476 4787 3581 4843 hoc

1999 4883 2078 4937 eis
2121 4896 2227 4936 non
2257 4881 2564 4951 praeberent
2612 4877 3064 4941 misericordiam,
3100 4877 3252 4945 quasi
3290 4877 3583 4947 praabenda

1997 4981 2144 5029 esset
2194 4972 2237 5027 si
2289 4986 2395 5026 non
2431 4970 2720 5034 bellarent;
2759 4984 2881 5024 cum
2931 4969 3074 5023 Deus
3102 4970 3422 5039 praeceperit
3450 4969 3583 5023 nulli

1998 5078 2187 5118 eorum
2235 5077 2356 5117 esse
2404 5060 2774 5131 parcendum:
2819 5068 2873 5114 et
2898 5060 2967 5114 ob
2999 5060 3099 5114 hoc
3124 5060 3445 5116 Gabaonitis
3483 5074 3580 5127 pe-

1999 5151 2290 5220 percerim,
2326 5150 2449 5219 quia
2487 5166 2544 5205 se
2588 5150 2655 5204 de
2698 5150 2987 5220 longinqua
3040 5160 3182 5205 terra
3214 5150 3427 5203 venisse
3483 5147 3582 5200 liu-

2000 5251 2206 5316 gentes,
2235 5256 2422 5297 eorum
2451 5240 2776 5308 jurationem
2812 5251 3110 5296 tenuerant.
3168 5239 3276 5293 Sed
3325 5237 3585 5316 quoniam

2001 5314 2323 5403 quibusdam
2382 5330 2526 5385 ultro
2570 5332 2917 5400 praebuerunt
2961 5330 3218 5385 Israelita:
3270 5314 3585 5382 misericor-

2001 5424 2165 5488 diam,
2190 5422 2435 5491 quamvis
2466 5434 2656 5477 contra
2682 5422 2777 5477 Dei
2799 5424 3109 5477 mandatum
3127 5458 3142 5483 ,
3172 5419 3240 5472 ad
3259 5418 3359 5473 hoc
3381 5417 3588 5472 dictum

2002 5531 2121 5572 esse
2144 5515 2549 5586 intelligendum
2576 5525 2682 5581 est,
2714 5516 2847 5570 istos
2896 5516 2969 5569 ita
3009 5512 3240 5567 bellasse
3267 5524 3324 5564 ut
3350 5526 3456 5564 non
3506 5512 3590 5565 eis

2003 5614 2338 5676 parceretur,
2378 5621 2477 5660 nec
2520 5607 2589 5660 ab
2620 5607 2701 5661 eis
2728 5606 2859 5676 ipsis
2893 5602 3167 5667 Israelitae,
3197 5601 3447 5670 neglecto
3488 5601 3588 5655 Dei

2006 5697 2280 5763 mandato,
2325 5695 2390 5751 ad
2419 5695 2846 5751 misericordiam
2882 5693 3248 5748 ﬂecterentur.
3279 5692 3432 5760 Quod
3464 5692 3589 5762 qui-
