3996 6176
459 388 601 447 1059
1110 378 1172 433 Β.
1214 369 1468 429 RABANI
1509 365 1730 425 MAURI
1768 357 2087 419 ARCHIEP.
2130 354 2442 414 MOGUNT.
2482 348 2771 411 OPERUM
2805 347 2989 404 PARS
3028 347 3069 402 l.
3586 345 3738 400 l060

450 504 572 560 dem
602 499 736 554 duce
761 493 910 559 Jesu,
938 490 1027 562 qui
1049 489 1233 546 omnia
1257 486 1544 557 diligenter
1561 480 1743 538 divina
1769 481 2037 548 praecepta
2065 473 2119 532 Α
2142 471 2350 539 species
2394 485 2492 540 pro
2533 476 2688 539 parte
2729 465 3044 528 sollicitent,
3094 461 3244 516 solus
3291 458 3440 514 velut
3494 463 3743 514 omnium

753 549 860 639 non
987 576 1317 635 credendum
1347 549 1464 628 fieri
1501 569 1763 641 potuisse.
1810 564 2042 619 Verum-
2142 561 2450 632 principum
2476 560 2615 625 dux,
2643 568 2698 613 et
2729 558 2895 612 totius
2929 552 3174 610 nefanda:
3226 550 3437 606 militiae
3472 549 3747 620 magister

456 647 638 739 tamen
669 647 768 733 nec
816 677 931 747 ipse
972 673 1106 728 istos
1134 679 1243 726 tam
1286 667 1394 722 cito
1424 662 1731 722 delevisset,
1765 655 1870 712 nisi
1914 668 2043 708 con-
2143 655 2400 726 exagitet.
2433 652 2598 723 Cujus
2620 653 2846 723 figuram
2875 667 2999 707 cum
3028 650 3094 706 de
3117 647 3275 704 Jabin
3318 647 3740 712 discuteremus,

457 736 854 843 spirantissime
889 762 1246 822 contrairent,
1286 764 1448 826 atque
1486 754 1559 808 ita
1590 750 1709 805 fieri
1753 753 1939 818 posset
1983 752 2044 797 ut
2143 756 2244 815 pro
2271 758 2442 816 parvo
2490 742 2857 814 intelligentim
2887 751 3091 796 nostra:
3135 746 3315 808 captu,
3361 736 3417 791 in
3449 736 3744 806 superiori-

457 827 538 917 eis
571 860 639 913 ab
668 856 758 912 illo
804 854 1028 909 minime
1063 846 1366 906 debellatis.
1406 842 1497 913 qui
1527 840 1622 896 Dei
1648 844 1916 909 praecepta
1946 835 2047 888 itu-
2147 835 2299 889 ribus
2335 832 2710 905 patefecimus.
2742 831 2942 887 Beatus
2961 844 3092 901 ergo
3127 838 3212 884 est
3250 828 3342 898 qui
3370 827 3748 881 indesinenter

460 958 607 1027 plere
636 952 882 1013 curabat,
912 944 1301 1001 remansissent
1328 939 1396 994 ad
1422 937 1551 992 illud
1591 942 1802 1002 tempus
1831 927 2047 999 quando
2149 926 2452 997 spiritalem
2506 925 2835 979 machaeram
2886 932 3098 984 tenens,
3141 930 3249 973 non
3313 916 3493 972 aufert
3539 933 3661 972 eam
3711 933 3743 971 a

460 1009 539 1104 eis
567 1051 787 1116 possent
816 1009 1037 1112 parcere
1066 1041 1188 1105 post
1215 1040 1445 1087 mortem
1475 1025 1622 1089 Jesu,
1647 1022 1737 1095 qui
1770 1036 1875 1075 non
1900 1026 2047 1073 tanta
2150 1015 2453 1071 cervicibus
2470 1016 2665 1071 borum
2688 1013 2926 1068 hostium
2953 1010 3021 1066 de
3043 1011 3241 1080 quibus
3266 1009 3518 1079 superius
3538 1022 3752 1062 memo—

463 1095 1009 1193 curavi—)eivmandata
1041 1095 1328 1180 faciebant.
1360 1119 1498 1174 Nam
1546 1125 1603 1172 et
1643 1114 1819 1169 adhuc
1857 1110 2050 1165 eodem
2153 1107 2413 1162 ravimus.
2448 1103 2601 1160 Sicut
2629 1112 2684 1159 et
2725 1100 2992 1157 Jeremias
3020 1100 3287 1169 propheta
3314 1098 3486 1152 dicit:
3523 1115 3542 1147 ι
3585 1095 3752 1150 Male—

2155 1197 2331 1252 dictus
2357 1196 2523 1251 homo
2567 1192 2660 1262 qui
2710 1190 2842 1247 facit
2881 1202 3046 1260 opera
3078 1189 3175 1244 Dei
3227 1188 3568 1258 negligenter
3611 1182 3754 1255 (λεν.

2156 1287 2374 1360 XLVIII),
2415 1308 2433 1339 ι
2471 1295 2526 1342 et
2553 1285 2732 1341 aufert
2760 1285 3085 1340 machteram
3113 1296 3268 1337 suam
3297 1297 3328 1336 a
3357 1279 3621 1351 Sanguine
3651 1279 3760 1332 ini-

2158 1382 2444 1435 micorum.
2478 1379 2593 1434 Hoc
2630 1378 2676 1433 si
2717 1377 3016 1432 secundum
3063 1374 3301 1428 litteram
3355 1371 3756 1441 intelligamus,

2161 1484 2381 1525 necesse
2415 1469 2522 1524 erit
2547 1482 2646 1522 nos
2694 1467 3063 1521 indesinenter
3107 1463 3425 1535 sanguinem
3473 1461 3756 1516 fundere:

2160 1563 2305 1633 quod
2325 1560 2496 1617 Judazi
2547 1568 2820 1631 putantes,
2851 1558 2943 1627 qui
2973 1572 3039 1612 ex
3088 1556 3301 1626 integro
3341 1567 3473 1609 caro
3525 1560 3659 1607 sunt
3705 1558 3763 1605 et

463 1227 716 1286 vivente,
764 1218 1086 1292 quibusdam
1127 1214 1202 1268 illi
1249 1214 1640 1283 pepercerunt,
1681 1200 2053 1258 tantummodo

466 1333 561 1373 eos
612 1314 803 1371 ditioni
857 1327 968 1367 suae
1013 1307 1422 1377 subjungentes,
1469 1301 1733 1372 quosdam
1775 1307 1906 1350 vero
1955 1306 2056 1347 nec

467 1408 686 1463 vincere
717 1407 1029 1475 potuerunt.
1071 1396 1275 1452 Verum
1306 1394 1423 1448 haec
1466 1402 1574 1445 non
1616 1389 1708 1443 illo
1744 1387 1879 1441 duce
1912 1381 2052 1437 facta

470 1508 618 1564 sunt,
650 1496 745 1553 sed
774 1509 896 1549 eum
923 1492 1036 1563 jam
1082 1496 1247 1544 senex
1291 1491 1514 1539 vacaret
1547 1497 1578 1535 a
1607 1478 1766 1541 bello,
1819 1482 2059 1530 tantum-

472 1563 634 1645 modo
662 1588 742 1642 eis
773 1594 950 1639 terras
990 1580 1233 1636 dividens
1258 1584 1359 1643 ;-ut
1385 1571 1616 1645 ipsijam
1673 1569 1763 1625 illo
1792 1580 1901 1622 non
1945 1563 2059 1619 bel-

473 1642 640 1742 lante,
671 1676 875 1731 divisas
899 1672 998 1728 sibi
1032 1679 1209 1724 terras
1247 1642 1443 1735 partim
1486 1662 1599 1731 iam
1656 1661 1814 1715 hoste
1858 1668 2063 1711 vacuas
2163 1652 2408 1724 sanguis,
2461 1650 2710 1706 crudeles
2759 1654 2815 1703 et
2866 1645 3237 1718 implacabiles
3288 1642 3458 1710 fiunt,
3510 1643 3766 1698 dicentes

474 1734 748 1831 tenerent,
778 1763 976 1835 partim
1004 1758 1291 1831 pugnando
1325 1761 1603 1823 caperent.
1650 1749 1718 1804 Et
1753 1746 1897 1817 quod
1941 1744 2063 1797 vin-
2165 1744 2601 1803 maledictionem
2650 1741 2958 1813 impositam
3003 1753 3124 1794 esse
3177 1737 3264 1791 his
3296 1737 3449 1807 quia
3492 1734 3767 1807 sanguine

476 1872 602 1914 cere
632 1825 843 1924 aliquos
866 1825 1102 1907 minime
1118 1853 1431 1917 potuerunt,
1474 1840 1827 1913 ριόνὶὀθηιὶω
1865 1835 2063 1891 diVinae
2093 1845 2141 1906 Β
2165 1833 2490 1893 effundendo
2513 1830 2848 1888 cessaverint
2876 1846 2892 1884 :
2922 1836 2978 1885 et
3007 1829 3128 1883 ideo
3148 1828 3311 1899 pedes
3336 1841 3523 1882 eorum
3547 1825 3770 1881 veloces

476 1948 649 2002 fuisse
676 1987 690 2011 ,
721 1915 1057 2015 oppportune
1108 1915 1513 2007 Scripturarum
1572 1931 1737 1988 certis
1789 1927 2069 2000 apparebit
2171 1938 2297 1985 sunt
2321 1926 2386 1983 ad
2416 1923 2796 1981 effundendum
2842 1920 3180 1991 sanguinem.
3229 1916 3337 1973 Sed
3363 1916 3471 1971 illis
3501 1915 3768 1985 hujusce—

2170 2018 2315 2074 modi
2341 2014 2715 2087 intelligentia,
2747 2012 2873 2083 quia
2899 2026 3025 2066 caro
3048 2019 3103 2066 et
3136 2009 3357 2081 sanguis
3385 2016 3534 2074 sunt,
3579 2008 3775 2062 videa-

2174 2118 2291 2175 tur;
2322 2106 2454 2162 mihi
2488 2113 2669 2160 autem
2694 2111 2913 2173 praestet
2941 2098 3083 2157 Deus
3109 2114 3386 2170 nunquam
3430 2098 3775 2170 negligenter

2170 2214 2336 2270 opera
2373 2196 2585 2252 Domini
2611 2210 2792 2266 agere,
2825 2208 2925 2248 nec
2957 2190 3174 2247 auferre
3203 2189 3504 2261 spiritalem
3525 2189 3775 2259 gladium

2170 2290 2324 2346 verbi
2382 2287 2480 2343 Dei
2532 2302 2564 2342 a
2620 2285 2885 2357 sanguine
2934 2283 3333 2340 contrariarum
3384 2281 3681 2343 virtutum,
3720 2290 3778 2334 et

2173 2377 2504 2436 mortificare
2526 2392 2620 2432 eas
2638 2376 2692 2431 In
2715 2390 3039 2445 unoquoque
3066 2373 3396 2429 auditorum.
3425 2370 3779 2426 lnterficiun-

2174 2482 2267 2529 tur
2294 2478 2474 2526 autem
2518 2468 2573 2524 in
2600 2468 2758 2524 nobis
2799 2476 2854 2522 et
2882 2465 3000 2535 ipsa
3030 2466 3331 2520 daemonum
3359 2478 3578 2534 genera,
3605 2462 3659 2515 si
3693 2462 3779 2516 his

2177 2560 2378 2618 auditis
2398 2577 2587 2617 eorum
2621 2574 2787 2630 Opera
2814 2572 2924 2611 non
2960 2570 3206 2628 agamus.
3249 2554 3457 2609 Dicitur
3484 2560 3677 2607 autem
3722 2552 3780 2605 in

2178 2650 2531 2721 sequentibus
2559 2648 2687 2717 quia
2716 2645 2928 2714 accepit
2952 2643 3111 2699 Jesus
3138 2657 3356 2698 omnem
3378 2648 3604 2707 terram,
3634 2641 3783 2696 sicut

2178 2740 2458 2796 mandavit
2482 2739 2744 2795 Dominus
2776 2737 2965 2808 Moysi.

2786 2844 3017 2904 CAPUT
3055 2844 3163 2901 Vll.

2180 2967 2260 3024 De
2286 2984 2345 3022 eo
2365 2966 2527 3039 ‘quod
2557 2964 2873 3039 Josue_c_epit
2898 2976 3105 3016 omnem
3137 2971 3351 3039 terrent,
3388 2961 3528 3039 sicut
3565 2959 3782 3014 locutus

2252 3048 2329 3091 est
2356 3032 2611 3091 Dominus
2660 3036 2729 3088 ad
2758 3032 2996 3103 Moysen,
3020 3043 3069 3086 et
3090 3032 3308 3086 tradidit
3334 3047 3450 3084 eam
3481 3032 3537 3103 in
3566 3048 3782 3099 posses-

2255 3109 2455 3162 sionem
2474 3107 2599 3171 ﬁliis
2630 3102 2801 3158 Israel
2823 3100 3108 3158 secundum
3128 3110 3303 3174 partes
3328 3111 3375 3154 et
3400 3100 3594 3165 tribus,
3640 3104 3788 3173 quie—

480 2038 634 2094 locis.
677 2035 784 2109 (Ea:
810 2029 1172 2099 Adamantio.)
1198 2028 1419 2098 Mystice
1441 2036 1621 2080 autem
1657 2036 1754 2094 per
1779 2021 2066 2077 Dominum

483 2128 686 2183 factum
715 2133 798 2181 est
820 2136 877 2179 ut
903 2121 1261 2178 invaleseeret
1285 2132 1381 2174 cor
1399 2128 1609 2179 eorum,
1641 2121 1695 2168 et
1717 2117 2072 2168 occurrerent

483 2220 537 2274 in
566 2216 810 2288 praelium
861 2221 1051 2269 contra
1096 2208 1263 2266 Israel
1302 2215 1362 2263 ut
1388 2205 1899 2261 exterminarentur.
1932 2201 2070 2255 Dum

485 2310 630 2364 enim
656 2322 762 2362 non
787 2305 1012 2362 veniunt
1038 2302 1272 2357 inimicm
1298 2299 1526 2353 virtutes
1555 2310 1676 2367 qua:
1699 2300 1918 2364 peccata
1945 2304 2072 2362 ope-

481 2408 674 2456 rantur
695 2399 748 2452 in
770 2397 944 2461 nobis,
962 2410 1061 2451 nec
1076 2399 1372 2464 prOVocant
1394 2405 1494 2445 nos
1510 2388 1576 2443 ad
1594 2386 1950 2459 peccandum,
1971 2390 2073 2438 nec

486 2491 763 2546 lacessunt
808 2486 877 2541 ad
900 2485 1284 2546 dimicandum,
1314 2478 1544 2537 interfici
1569 2490 1678 2533 non
1701 2482 1931 2546 possunt
1976 2486 2076 2528 nec

490 2578 865 2635 exterminari.
893 2575 1016 2630 Ideo
1047 2588 1177 2646 ergo
1205 2572 1406 2628 dicitur
1428 2571 1570 2626 Deus
1598 2568 1938 2639 permittere,
1966 2566 2076 2620 imo

490 2680 547 2726 et
578 2670 805 2725 incitare
830 2667 1219 2738 propemodum
1239 2705 1252 2731 ,
1286 2662 1628 2719 adversarios
1670 2660 1902 2714 virtutes
1924 2657 2078 2713 exire

492 2760 754 2814 adversus
775 2772 873 2811 nos
902 2756 957 2810 in
979 2755 1249 2826 praelium,
1276 2762 1338 2808 ut
1363 2760 1419 2808 et
1448 2767 1548 2807 nos
1573 2749 1858 2805 victoriam
1887 2747 2076 2816 capia-

490 2865 637 2914 mus,
666 2857 722 2904 et
756 2847 861 2902 illae
884 2846 1161 2900 interitum
1192 2850 1616 2913 consequantur.
1653 2839 1808 2896 Unde
1832 2837 1963 2894 mihi
2000 2836 2079 2891 vi-

489 2937 650 2995 detur
676 2951 798 2993 esse
826 2936 1069 2992 infinitus
1115 2935 1335 3005 quidam
1373 2947 1634 2989 numerus
1679 2928 2079 2985 contrariarum

491 3031 778 3093 virtutum,
816 3042 915 3098 pro
952 3041 1019 3082 eo
1051 3027 1196 3097 quod
1238 3040 1338 3097 per
1370 3023 1611 3095 singulos
1637 3036 1777 3093 pene
1831 3018 2081 3075 homines

502 3128 631 3176 sunt
674 3118 897 3190 spiritus
923 3118 1089 3188 aliqui
1127 3117 1344 3173 diversa
1383 3115 1438 3170 in
1477 3115 1561 3169 his
1600 3120 1950 3184 peccatorum
1989 3124 2081 3181 ge-

491 3228 624 3269 nera
655 3212 966 3276 molientes;
998 3209 1150 3265 verbi
1173 3224 1357 3275 causa,
1389 3220 1477 3263 est
1492 3204 1685 3277 aliquis
1706 3201 2083 3260 fornicationis
2110 3196 2156 3260 C
2255 3179 2429 3248 "5"?“
2472 3178 2613 3229 ιενδτα
2642 3194 2675 3229 α
2698 3175 2917 3245 Ρνωίίίσο

490 3308 741 3378 spiritus,
753 3316 901 3360 estet
917 3306 1012 3359 irtc
1021 3304 1264 3374 spiritus,
1281 3302 1420 3357 alius
1433 3298 1789 3361 cstavaritize,
1805 3295 1947 3350 alius
1956 3308 2086 3349 vero

497 3395 766 3465 superbiae
793 3412 807 3447 :
838 3402 893 3448 et
918 3393 963 3448 si
990 3392 1233 3447 evenerit
1262 3406 1383 3446 esse
1413 3389 1648 3458 aliquem
1684 3386 1962 3442 hominem
1991 3382 2085 3454 qui

496 3487 584 3541 his
607 3483 859 3541 omnibus
886 3482 1042 3538 malis
1064 3484 1321 3553 agitetur,
1351 3489 1446 3535 aut
1481 3490 1671 3534 omnes
1698 3477 1798 3532 hos
1831 3475 2082 3548 spiritus,

503 3576 585 3632 vel
615 3575 779 3631 etiam
805 3574 988 3645 plures
1014 3573 1065 3626 in
1093 3588 1151 3627 se
1174 3571 1375 3627 habere
1400 3569 1648 3625 inimicos
1679 3567 1948 3639 putandus
1969 3572 2081 3622 est:

494 3668 640 3723 unde
668 3675 722 3723 et
751 3680 849 3736 per
872 3665 1113 3736 singulos
1150 3664 1331 3733 plures
1370 3676 1492 3718 esse
1517 3660 1772 3716 credendi
1806 3667 1933 3714 sunt
1977 3657 2089 3728 spi-

502 3759 645 3814 ritus
660 3798 675 3820 ,
698 3757 825 3827 quia
847 3771 952 3810 non
979 3756 1191 3830 singula
1214 3752 1408 3823 singuli
1436 3752 1637 3807 habent
1663 3749 1911 3804 homines
1932 3749 2083 3810 vitia,

497 3849 587 3903 vel
631 3851 857 3919 peccata
899 3846 1263 3905 committunt,
1313 3843 1407 3898 sed
1447 3842 1602 3913 plura
1649 3842 1719 3896 ab
1759 3852 2087 3909 unoquoque

495 3939 753 3995 videntur
780 3936 1015 3991 admitti.
1052 3936 1119 3991 Et
1146 3936 1343 3991 iterum
1366 3950 1475 3988 non
1509 3942 1593 3988 est
1616 3931 1913 4002 putandum
1941 3930 2087 4001 quod

504 4044 649 4085 unus
683 4027 1059 4083 fornicationis
1099 4027 1321 4096 spiritus
1342 4025 1567 4079 seducat
1593 4037 1719 4077 eum
1765 4022 1860 4091 qui
1909 4020 2086 4093 (verbi

499 4118 686 4190 causa)
712 4118 765 4172 in
786 4116 1089 4170 Britanniis
1114 4113 1433 4177 fornicatur,
1462 4122 1518 4168 et
1543 4111 1693 4166 illum
1716 4110 1884 4180 quiin
1912 4109 2081 4174 India,

502 4209 588 4265 vel
624 4209 678 4263 in
727 4208 854 4263 aliis
892 4205 1058 4269 locis;
1114 4214 1291 4274 neque
1326 4217 1494 4257 unum
1535 4216 1656 4257 esse
1706 4202 1801 4255 ine
1834 4200 2087 4270 spiritum

504 4299 600 4370 qui
647 4296 881 4354 diversis
910 4295 964 4350 in
994 4294 1131 4350 locis
1158 4295 1407 4350 diversos
1451 4292 1701 4347 homines
1747 4291 1912 4362 agitet
1946 4308 1958 4344 :
1991 4288 2087 4345 sed

495 4400 630 4462 puto
686 4388 858 4457 magis
907 4386 1205 4457 principem
1259 4385 1477 4456 quidem
1505 4384 1877 4439 fornicationis
1921 4398 2088 4437 unum

500 4497 649 4546 esse,
672 4482 988 4537 innumeros
1018 4495 1147 4535 vero
1173 4494 1294 4535 esse
1343 4478 1436 4549 qui
1464 4478 1518 4532 in
1545 4478 1648 4533 hoc
1675 4478 1724 4533 ei
1764 4475 1944 4532 ofIicio
1992 4490 2089 4546 pa-

2259 3286 2435 3360 (ltno.)
2473 3306 2490 3337 ι
2528 3284 2686 3356 Cepit
2715 3298 2844 3356 ergo
2890 3281 3056 3339 Josue
3107 3294 3324 3338 onmem
3375 3290 3582 3338 terram
3642 3284 3785 3339 sicut

2193 3397 2212 3430 ι
2259 3377 2472 3433 locutus
2507 3385 2592 3431 est
2621 3376 2880 3430 Dominus
2910 3375 2977 3430 ad
3005 3373 3244 3446 Moysen,
3293 3381 3347 3427 et
3379 3373 3602 3428 tradiJit
3664 3389 3784 3427 eam

2192 3490 2212 3525 ι
2260 3472 2312 3526 in
2344 3470 2744 3542 possessionem
2791 3467 2917 3523 filiis
2955 3465 3120 3522 lsrael
3153 3466 3450 3522 secundum
3488 3473 3686 3535 partes
3732 3476 3785 3521 et

2194 3581 2213 3614 ι
2260 3563 2436 3617 tribus
2463 3575 2608 3625 suas,
2651 3559 2965 3630 quievitque
2992 3568 3134 3614 terra
3163 3574 3195 3612 a
3220 3557 3419 3629 praeliis
3449 3559 3585 3612 suis.
3630 3580 3653 3610 ι
3695 3557 3784 3612 Ille

2186 3654 2345 3713 Jesus
2393 3650 2537 3710 filius
2565 3651 2713 3707 Nave
2771 3667 2883 3706 non
2927 3651 3086 3706 video
3122 3649 3265 3721 quod
3313 3650 3519 3720 ceperit
3553 3659 3780 3705 terram.

2188 3753 2462 3821 Quantum
2481 3749 2627 3805 enim
2649 3755 2809 3804 terra:
2830 3746 2975 3818 cepit
2999 3746 3093 3817 qui
3114 3743 3356 3800 Iudaeam
3380 3744 3554 3800 tenuit
3573 3744 3786 3799 solam!

2192 3843 2391 3898 Noster
2430 3846 2614 3896 autem
2647 3839 2909 3895 Dominus
2948 3834 3128 3902 Jesus,
3162 3835 3276 3906 ipse
3315 3835 3460 3905 cepit
3490 3850 3625 3889 vere
3671 3851 3783 3890 om-

2188 3949 2314 3989 nem
2353 3939 2556 3987 terram
2585 3929 2640 3984 in
2667 3943 2732 3983 eo
2762 3928 2905 3998 quod
2932 3943 2998 3983 ex
3027 3927 3173 3981 omni
3202 3935 3347 3982 terra.
3373 3934 3535 3995 atque
3559 3940 3629 3980 ex
3665 3941 3780 3980 om-

2188 4026 2350 4081 nibus
2395 4022 2705 4078 nationibus
2731 4020 2797 4074 ad
2826 4034 2950 4074 eum
2979 4018 3259 4074 concurrit
3282 4016 3618 4071 credentium
3654 4013 3784 4069 mul-

2189 4115 2382 4172 titudo.
2411 4113 2642 4169 Additur
2674 4111 2838 4166 etiam
2860 4118 2984 4181 post
3003 4111 3139 4176 haec,
3177 4117 3536 4180 posteaquam
3561 4122 3781 4162 omnem

2192 4220 2392 4265 terram
2431 4208 2574 4279 cepit
2602 4204 2778 4271 Jesus,
2807 4212 2861 4261 et
2892 4216 2919 4256 ‹’
2944 4202 3236 4274 requievit,
3277 4223 3296 4255 ι
3331 4201 3524 4271 inquit,
3572 4220 3591 4251 ε
3640 4209 3783 4254 terra

2191 4314 2222 4355 a
2256 4298 2477 4370 prmliis.
2525 4317 2544 4350 ι
2615 4295 2730 4352 Hoc
2777 4294 3048 4365 quomodo
3091 4308 3219 4350 vere
3274 4292 3549 4349 videbitur
3576 4291 3688 4347 dici
3720 4292 3783 4345 de

2190 4388 2301 4445 filio
2329 4387 2498 4454 Nave,
2524 4387 2651 4458 quia
2675 4385 2905 4442 cessavit
2935 4393 3079 4440 terra
3103 4400 3134 4439 a
3162 4383 3335 4448 bellis,
3356 4398 3476 4453 qua:
3502 4395 3781 4452 nunquam

2192 4494 2320 4535 vere
2372 4478 2705 4551 temporibus
2755 4475 2874 4545 ejus
2914 4475 3149 4530 cessavit
3192 4490 3223 4528 a
3271 4472 3458 4528 bellis?
3512 4469 3627 4526 Sed
3685 4471 3783 4525 hoc

503 4584 679 4637 reant,
705 4582 762 4629 et
784 4588 881 4643 per
916 4571 1159 4642 singulos
1180 4585 1422 4641 quosque
1452 4570 1698 4625 homines
1726 4567 1927 4623 diversi
1975 4566 2086 4636 spi-
2112 4550 2166 4610 D
2193 4570 2493 4643 completur
2520 4570 2575 4624 in
2612 4568 2728 4624 solo
2764 4566 2995 4622 Domino
3024 4581 3164 4622 meo.
3206 4565 3263 4621 Si
3291 4565 3437 4621 enim
3470 4562 3782 4619 consideres

504 4666 644 4720 ritus
673 4666 773 4720 sub
801 4678 866 4719 eo
892 4662 1137 4733 principe
1164 4662 1479 4726 militantes,
1503 4661 1571 4715 ad
1591 4657 1963 4728 hujuscemodi
1990 4670 2085 4710 eos

501 4766 722 4827 peccata
744 4756 1055 4812 sollicitent.
1095 4754 1358 4810 Similiter
1397 4762 1453 4809 et
1499 4752 1789 4808 iracundiae
1834 4750 2085 4821 spiritum

501 4849 802 4919 principem
830 4863 950 4902 esse
975 4862 1141 4902 unum
1169 4846 1420 4909 arbitror,
1453 4846 1764 4899 innumeros
1796 4857 1924 4897 vero
1968 4857 2089 4898 esse

501 4937 604 4993 sub
626 4938 742 5007 ipso
764 4946 1004 5009 agentes,
1042 4938 1135 5008 qui
1165 4950 1259 5008 per
1295 4936 1536 5007 singulos
1563 4948 1805 5005 quosque
1841 4933 2088 4990 homines

508 5027 885 5098 hujuscemodi
924 5028 1041 5082 vitii
1076 5036 1299 5097 peccata
1353 5028 1704 5083 succendant.
1740 5024 2002 5083 Similiter
2034 5036 2091 5080 et

507 5120 751 5176 avaritia:
776 5133 942 5174 unum
967 5133 1088 5174 esse
1116 5119 1439 5190 principem,
1470 5117 1609 5173 sicut
1634 5126 1691 5174 et
1716 5119 1984 5190 superbize
2035 5129 2092 5173 et

506 5220 830 5268 cancrorum
863 5209 1146 5264 malorum.
1178 5210 1246 5265 Et
1269 5211 1389 5265 ideo
1416 5224 1524 5263 non
1570 5224 1710 5264 unus
1755 5209 2093 5281 principatus

507 5319 630 5363 esse
656 5304 856 5361 dicitur
882 5304 937 5358 in
966 5303 1254 5359 contrariis
1274 5302 1566 5357 virtutibus
1590 5301 1659 5356 ab
1705 5302 1961 5372 Apostolo
1998 5304 2092 5358 sed

502 5403 710 5471 plures,
755 5399 1042 5454 adversum
1090 5411 1227 5467 quos
1268 5396 1369 5451 sibi
1402 5410 1639 5466 pugnam
1687 5411 1807 5451 esse
1831 5403 1885 5449 et
1937 5395 2095 5451 nobis

504 5489 759 5546 omnibus
799 5489 989 5545 scribit
1014 5485 1175 5561 (Eph.
1208 5486 1319 5559 vi);
1352 5493 1408 5540 et
1453 5498 1574 5540 esse
1624 5492 1803 5539 tamen
1851 5486 2091 5542 omnium

508 5579 700 5634 borum
749 5578 1047 5650 principem
1098 5575 1247 5632 velut
1275 5575 1690 5630 eminentiorem
1719 5577 2006 5646 quemdam
2037 5576 2091 5631 in

512 5669 749 5736 nequitia
773 5671 907 5726 etin
942 5669 1147 5727 scelere
1173 5668 1475 5734 celsiorem,
1498 5668 1591 5738 qui
1629 5676 1801 5723 totum
1832 5667 2091 5722 mundum

522 5769 667 5825 mem
694 5759 785 5813 isti
811 5758 878 5812 ad
897 5769 1117 5829 peccata
1149 5758 1344 5829 singuli
1371 5759 1571 5828 quique
1616 5770 1715 5830 per
1740 5768 2088 5827 peccatorum

2193 4671 2267 4728 te,
2311 4660 2404 4732 qui
2433 4659 2628 4715 venisti
2677 4657 2746 4713 ad
2771 4656 2988 4723 Jesum,
3026 4663 3080 4712 et
3115 4670 3214 4727 per
3269 4655 3498 4727 gratiam
3530 4652 3779 4725 baptismi

2192 4751 2510 4822 missionem
2555 4756 2882 4805 consecutus
2910 4762 2972 4803 es
3014 4756 3383 4817 peccatorum,
3414 4746 3584 4801 etiam
3629 4745 3687 4799 in
3730 4752 3780 4797 te

2195 4859 2301 4899 non
2334 4850 2542 4915 pugnat
2578 4856 2709 4896 caro
2744 4840 3002 4895 adversus
3023 4840 3296 4910 spiritum,
3327 4847 3385 4894 et
3419 4837 3649 4909 spiritus
3690 4836 3779 4907 ad-

2192 4950 2386 4991 versus
2422 4948 2668 4998 carnem,
2716 4930 2952 4987 cessavit
2976 4938 3123 4986 terra
3143 4938 3235 4985 tua
3266 4945 3298 4984 a
3328 4928 3502 4985 bellis.
3536 4928 3598 4984 Si
3630 4927 3772 4985 Chri-

2194 5034 2339 5081 stum
2363 5023 2548 5079 Jesum
2576 5023 2630 5079 in
2661 5034 2890 5093 corpore
2921 5032 3012 5077 tuo
3059 5021 3430 5087 circumferas,
3462 5023 3535 5076 ita
3579 5028 3638 5077 et
3669 5034 3778 5075 ces-

2193 5116 2438 5173 santibus
2464 5115 2519 5169 in
2554 5122 2609 5170 te
2632 5114 2885 5170 omnibus
2938 5111 3139 5184 pfazliis
3194 5111 3443 5168 ellicieris
3490 5110 3776 5182 pacificus.

2194 5217 2251 5264 et
2275 5207 2420 5264 illius
2448 5204 2545 5261 Dei
2601 5204 2905 5260 vocaberis.
2962 5203 3070 5259 Sed
3125 5204 3231 5260 hoc
3293 5203 3387 5259 fiet
3429 5210 3777 5272 posteaquam

2196 5298 2330 5355 bella
2397 5297 2701 5362 transieris,
2752 5304 2808 5351 et
2861 5295 3201 5350 adversarios
3247 5294 3478 5360 viceris;
3532 5302 3662 5348 tunc
3690 5292 3777 5346 libi

2198 5390 2415 5446 dabitur
2444 5388 2681 5459 requies,
2710 5394 2767 5440 ut
2797 5386 3111 5456 requiescas
3148 5385 3249 5440 sub
3276 5384 3388 5441 vite
3415 5395 3526 5448 tua,
3557 5397 3679 5454 quas
3701 5389 3779 5436 est

2198 5481 2469 5546 Christus,
2492 5487 2548 5535 et
2574 5477 2810 5549 Spiritus
2852 5485 3094 5542 sanctus,
3119 5485 3181 5531 ut
3206 5476 3283 5531 ita
3324 5474 3533 5546 gratias
3578 5471 3778 5529 referas

2200 5574 2428 5631 Domino
2455 5571 2607 5627 Patri
2645 5563 3003 5641 omnipotenti
3053 5570 3106 5625 in
3132 5568 3248 5639 ipso
3275 5566 3495 5624 Christo
3521 5564 3651 5621 Jesu
3676 5562 3778 5620 Du-

2199 5665 2347 5720 miuo
2374 5671 2577 5719 nostro.
2996 5663 3009 5670 ’
3047 5663 3071 5672 ’
3126 5666 3132 5672 ’
3186 5663 3197 5669 ’
