4000 6186
474 293 609 351 I063
1102 286 1166 340 B.
1203 282 1457 339 RABANI
1497 282 1717 341 MAURI
1757 281 2075 337 ARCHIEP.
2115 279 2427 336 MOGUN'I‘.
2466 278 2753 336 OPERUM
2792 279 2970 336 PARS
3009 280 3052 337 1.
3579 284 3718 342 1064

473 422 601 467 tem.
641 413 696 460 et
734 410 919 473 pergat
970 400 1072 453 iter
1117 398 1364 468 justitiaa,
1404 398 1547 467 quod
1581 395 1729 452 ducit
1768 398 1835 451 ad
1874 396 2041 451 vitam
2069 403 2117 460 Α
2148 408 2280 461 tum,
2309 399 2412 452 hoc
2451 405 2557 463 est,
2584 395 2776 459 Afcch,
2819 393 3012 457 Saron,
3047 392 3238 447 Madon
3293 400 3348 445 et
3401 397 3558 457 Aser,
3606 398 3724 450 suis

472 507 747 554 aeternam.
800 493 943 547 Inter
1002 492 1116 546 haec
1160 505 1376 559 quoque
1428 488 1824 557 compunctioni
1867 488 2043 542 cordis
2142 489 2679 560 interpretationibus
2700 489 2882 543 omnia
2912 487 2986 540 ita
3016 487 3229 541 docent.
3257 484 3413 540 Omni
3445 486 3725 558 diligent-ia

391 585 396 589 ’
471 601 691 656 operam
737 584 856 646 det,
906 583 1034 635 dum
1084 579 1362 651 cognoscit
1409 594 1468 634 se
1513 580 1565 632 in
1614 577 2044 649 peregrinatione
2142 580 2410 635 custodiat
2452 594 2549 633 cor
2596 593 2777 640 suum,
2814 577 2958 647 quod
3008 574 3270 630 Semeron
3328 575 3539 640 innuit;
3571 585 3626 630 et
3670 578 3721 632 in

472 678 630 734 istius
677 676 800 729 vitae
833 673 1217 736 constitutum,
1254 679 1308 724 et
1337 669 1404 723 ad
1453 669 1802 724 festivitatem
1853 667 2045 722 futura:
2144 674 2396 743 Achsaph
2425 672 2642 728 nomine
2668 672 2841 726 discat
2879 685 3121 739 quaerere
3149 667 3602 723 medicamentum
3635 687 3722 724 sa-

474 770 662 840 patriaz
686 783 783 838 per
812 766 909 819 Dei
955 764 1185 834 gratiam
1222 760 1623 832 percipiendam
1652 769 1765 814 toto
1795 760 1914 814 nisu
1944 775 2043 812 an—

474 861 640 924 helet,
666 876 786 929 qua:
836 859 889 913 in
932 858 1097 928 Eglon
1154 855 1416 910 vocabulo
1465 856 1741 924 designata
1792 866 1895 909 εει.
1944 852 2049 906 Per

474 948 650 1003 Gazer
675 961 802 1016 ergo
828 943 1293 1015 significationem.
1321 942 1578 1011 praecidat
1600 940 1784 995 carnis
1819 935 2051 993 delecta-

478 1037 698 1097 tionem,
745 1049 809 1087 ac
850 1032 1075 1101 dissipet
1114 1031 1353 1085 hostium
1402 1029 1690 1100 malignam
1750 1028 2052 1098 suggestio.

478 1140 620 1179 nem.
652 1120 930 1191 Loquatur
953 1128 1095 1172 recta
1113 1158 1127 1182 ,
1156 1118 1296 1187 quod
1317 1117 1450 1171 Abir
1471 1134 1567 1171 suo
1595 1115 1852 1170 vocabulo
1875 1123 2047 1180 notat,

481 1219 773 1285 timeatque
823 1212 1056 1266 futuram
1116 1210 1503 1264 discussionem
1549 1208 1765 1277 superni
1810 1207 2047 1274 judicis,

480 1307 604 1376 quia
634 1318 791 1358 omne
830 1302 1051 1355 verbum
1098 1300 1329 1352 otiosam
1354 1297 1495 1366 quod
1520 1297 1683 1351 locuti
1717 1295 1917 1349 fuerint
1953 1297 2050 1350 ho-

478 1398 651 1452 mines
679 1410 841 1463 super
871 1402 1093 1456 terram,
1129 1391 1218 1444 red
1243 1394 1350 1443 ient
1379 1390 1639 1443 rationem
1680 1387 1744 1441 de
1769 1403 1834 1441 eo
1879 1388 1932 1441 in
1964 1386 2051 1442 die

476 1486 691 1557 iudicii;
718 1484 1029 1551 muniatque
1060 1499 1115 1535 se
1145 1481 1263 1534 lidei
1292 1496 1472 1539 muro,
1498 1479 1637 1533 sicut
1662 1478 1834 1532 Gazcr
1861 1479 2047 1542 docet;

479 1586 535 1631 et
560 1576 772 1631 abdicet
812 1573 1025 1627 diabolo
1074 1584 1233 1639 atque
1266 1570 1518 1639 operibus
1549 1569 1665 1638 ejus
1708 1568 2053 1623 anathemate

480 1675 759 1738 perpetuo,
793 1664 933 1733 quod
961 1664 1120 1716 Erma
1151 1662 1423 1714 admonet.
1459 1659 1656 1727 Sicque
1686 1667 1807 1727 post
1832 1659 2053 1713 descen-

2147 781 2364 819 crarum
2394 765 2798 834 Scripturarum
2833 780 2845 816 :
2879 772 3041 831 atque
3090 777 3186 831 per
3213 760 3437 814 Thanab
3481 762 3728 816 admoni-

2146 864 2253 919 tus,
2276 855 2477 923 ubique
2503 863 2681 909 servet
2708 852 3096 916 humilitatem;
3120 860 3489 922 agnoscatque
3508 853 3729 908 nomine

2148 943 2406 1014 Mageddo
2459 941 2691 996 fructum
2723 942 3003 1003 virtutum,
3035 948 3091 995 et
3138 939 3281 992 norit
3319 940 3731 1009 contemplatio-

2148 1035 2234 1089 nis
2293 1041 2545 1102 appetere
2600 1032 2986 1086 sublimitatem
3022 1047 3035 1083 :
3069 1030 3255 1099 sicque
3285 1032 3351 1083 ad
3381 1031 3727 1085 sanctitatem

2147 1123 2416 1178 veraciter
2455 1122 2753 1192 perveniet,
2786 1120 2928 1190 quod
2976 1118 3221 1189 designat
3271 1119 3478 1183 Tedes,
3520 1130 3577 1174 et
3611 1120 3730 1189 plu-

2148 1217 2318 1271 rimus
2347 1214 2538 1268 adesse
2566 1222 2621 1269 ct
2671 1213 2930 1284 prodesse
2986 1212 3207 1282 poterit,
3258 1219 3319 1265 ut
3372 1210 3611 1266 Lakauze
3634 1228 3728 1267 sua

2150 1303 2507 1376 appellatione
2556 1303 2910 1356 demonstrat.
2969 1299 3279 1355 Contemnit
3324 1310 3556 1353 mortem
3607 1301 3732 1368 quia

2152 1395 2427 1451 damnavit
2454 1394 2582 1448 vitia
2605 1434 2619 1459 ,
2643 1392 2783 1447 sicut
2808 1391 3007 1446 Ermeli
3047 1388 3343 1461 ﬁguraliter
3368 1391 3612 1445 ostendit
3638 1410 3651 1443 :
3679 1400 3735 1445 et

2152 1487 2205 1541 in
2236 1486 2345 1539 Dor
2372 1483 2769 1553 nuncupatione
2817 1480 3183 1552 generationis
3222 1479 3421 1534 divina:
3460 1480 3734 1549 particeps

2149 1575 2408 1638 existens,
2446 1574 2570 1642 quia
2606 1571 2810 1641 pacifici
2845 1570 2937 1624 ﬁlii
2968 1569 3061 1623 Dei
3092 1569 3447 1623 vocabuntur.
3476 1567 3586 1623 Per
3614 1571 3735 1623 Gal-

2152 1667 2235 1737 gal
2260 1674 2430 1720 rotam
2456 1665 2740 1735 praesentis
2779 1663 2900 1717 vita:
2926 1677 3157 1731 superna
3188 1661 3515 1715 revelatione
3545 1670 3733 1715 trans-

484 1774 601 1812 sum
636 1756 887 1810 vitiorum
909 1795 923 1818 ,
972 1760 1265 1822 consurgat
1317 1750 1370 1803 in
1416 1764 1597 1803 arcem
1639 1749 1917 1813 virtutum,
1949 1748 2050 1801 hoc
2078 1752 2124 1810 B
2151 1768 2397 1817 currens,
2430 1753 2483 1806 in
2513 1751 2718 1805 Thersa
2748 1751 2962 1804 nomine
3012 1751 3065 1803 in
3095 1749 3202 1803 ﬁne
3219 1748 3331 1816 jam
3362 1750 3646 1820 cognoscit
3680 1766 3737 1804 se

456 1848 630 1899 .enim
693 1845 859 1898 Areth
912 1860 1006 1897 sua
1054 1841 1453 1910 nuncupatione
1509 1839 1788 1903 hortatur;
1854 1846 1909 1891 et
1956 1852 2056 1907 per

484 1936 700 1990 Lcmna:
720 1942 775 1988 et
799 1933 996 1988 Odollre
1019 1932 1257 1995 nomina,
1299 1929 1621 1982 testimoniis
1653 1927 2053 1996 Seripturarum

482 2024 786 2086 institutus,
842 2022 1131 2075 candorem
1180 2018 1315 2072 lucis
1374 2017 1619 2071 intendat
1669 2028 1899 2070 aeternae.
1953 2014 2060 2070 Per

480 2114 699 2168 Maeeala
731 2124 944 2182 quoque
972 2118 1148 2163 ortum
1170 2109 1304 2163 lucis
1328 2122 1467 2162 verte
1497 2106 1766 2170 induatur,
1790 2116 1845 2159 et
1869 2115 2061 2159 exurat

484 2203 724 2258 hostium
764 2201 1197 2255 machinamenta
1238 2208 1401 2267 atque
1432 2195 1675 2255 consilia,
1706 2203 1765 2247 ut
1790 2195 1843 2247 in
1871 2191 2056 2248 Betbel

484 2301 690 2354 nostra,
720 2291 860 2360 quod
888 2298 973 2343 est
1001 2297 1185 2343 sancta
1214 2287 1306 2341 Dei
1337 2286 1597 2347 Ecclesia,
1629 2292 1892 2353 perpetuo
1938 2298 2056 2336 ma-

486 2397 614 2435 nere
643 2381 840 2449 possit;
897 2379 1097 2448 ibique,
1126 2377 1421 2431 secundum
1474 2374 1603 2427 Afer
1648 2372 2050 2442 interpretatio-

486 2485 632 2532 nem,
662 2470 715 2522 in
743 2483 905 2523 carne
932 2484 1028 2523 sua
1050 2467 1256 2522 laboret
1282 2474 1340 2518 ut
1367 2463 1663 2518 secundum
1690 2462 1873 2515 Dafuae
1902 2461 2059 2515 intel-

485 2561 682 2615 lectum
732 2559 937 2613 fructus
987 2559 1249 2629 percipiat
1294 2557 1418 2611 vita:
1466 2556 1823 2624 sempiterna.
1858 2551 2060 2606 Habeat

489 2649 894 2713 continentiam,
926 2647 1219 2703 confundat
1242 2646 1537 2716 principem
1562 2644 1812 2706 tristitiae,
1835 2644 1934 2697 hoc
1956 2651 2061 2708 est,

489 2738 793 2804 diabolum;
825 2739 1159 2794 contradicat
1194 2737 1308 2807 ejus
1338 2736 1698 2799 suasionibus,
1730 2734 1911 2789 divino
1940 2733 2060 2788 illu-

487 2836 690 2883 stratus
716 2827 938 2884 lumine.
972 2829 1096 2883 Hmc
1121 2817 1334 2898 quoque
1362 2834 1590 2897 quatuor
1620 2825 1835 2880 nomina
1873 2824 2063 2879 civita-

500 2966 622 2987 .——.

2153 1842 2489 1912 complacere
2539 1839 2841 1901 Altissimo,
2875 1855 2997 1892 cum
3038 1839 3362 1892 transfertur
3401 1840 3467 1891 de
3495 1839 3736 1893 incolatu

2154 1932 2310 1986 istius
2335 1930 2517 1983 mundi
2547 1930 2612 1982 ad
2643 1944 2866 1999 regnum
2897 1928 3116 1982 caeleste
3150 1937 3204 1981 et
3230 1929 3297 1982 ad
3337 1929 3604 1983 visionem
3648 1930 3739 1984 Dei

2156 2028 2491 2089 perpetuam,
2519 2017 2675 2086 juxta
2706 2018 2834 2071 illud
2863 2015 3162 2072 Psalmistte
3198 2017 3340 2087 quod
3382 2019 3455 2072 ait
3486 2035 3499 2071 :
3539 2037 3559 2069 ι
3620 2018 3740 2072 Pla-

2157 2110 2291 2165 cebo
2311 2123 2493 2164 coram
2522 2108 2749 2162 Domino
2780 2107 2835 2161 in
2865 2105 3067 2161 lumine
3093 2107 3387 2161 viventium
3416 2106 3594 2177 (Ρωι.
3628 2108 3736 2175 Lv).

2160 2199 2228 2254 Et
2279 2198 2497 2252 iterum.
2535 2216 2553 2248 ι
2605 2196 2834 2252 Placebo
2868 2195 3097 2252 Domino
3144 2197 3198 2250 in
3243 2198 3464 2266 regione
3489 2198 3738 2251 vivorum

2163 2285 2333 2359 (Psal.
2375 2287 2543 2358 cxrv).
2585 2307 2602 2339 ι
2644 2286 2769 2341 Hzec
2822 2302 2952 2357 ergo
2996 2287 3236 2341 breviter
3288 2288 3567 2351 adnotavi,
3634 2302 3737 2341 non

2160 2379 2415 2448 exposui;
2445 2388 2505 2433 nt
2554 2380 2691 2433 sciat
2719 2378 2889 2432 lector
2919 2393 3039 2447 qua:
3074 2377 3380 2433 sublimitas
3405 2386 3491 2431 est
3519 2380 3740 2447 sapien-

2162 2470 2251 2522 tia:
2281 2469 2473 2523 divina:
2508 2468 2561 2522 in
2605 2467 2903 2537 Scriptnris
2932 2468 3125 2532 sacris,
3157 2478 3208 2523 et
3238 2468 3381 2536 quod
3404 2469 3591 2521 omnia
3625 2483 3742 2537 qua

2163 2559 2234 2612 ibi
2253 2559 2596 2628 reperiuntur
2617 2559 2684 2612 ad
2707 2559 3114 2614 aedificationem
3137 2574 3289 2612 suam
3315 2560 3418 2612 rite
3445 2559 3742 2612 transferre

2160 2655 2363 2716 potest,
2398 2648 2490 2717 qui
2528 2662 2675 2702 sanae
2703 2646 2827 2701 ﬁdei
2864 2647 3022 2702 oculo
3046 2661 3166 2701 eam
3195 2647 3489 2716 inspicere,
3514 2648 3747 2716 diliget.-

2163 2744 2249 2792 ter
2280 2738 2529 2793 meditari
2561 2752 2667 2793 non
2697 2738 3013 2808 neglexerit.

1672 3077 1972 3154 LIBER
2047 3078 2527 3156 TERTIUS.

999 3294 1227 3351 CAPUT
1267 3294 1555 3351 PRIMUM.

569 3387 645 3442 De
674 3394 932 3440 senectute
952 3383 1115 3438 Iosue
1142 3394 1191 3437 et
1218 3401 1451 3439 sermone
1476 3384 1683 3439 Domini
1723 3386 1792 3439 ad
1819 3385 1987 3439 illum.

569 3498 587 3529 ι
633 3476 791 3533 Iosue
832 3491 961 3532 vero
1014 3491 1178 3531 senex
1216 3484 1586 3546 provectazque
1633 3477 1807 3532 anatis
1853 3487 1990 3532 erat.
2038 3497 2056 3529 ι

494 3570 800 3640 Presbyteri
832 3569 916 3621 vel
954 3568 1193 3622 seniores
1231 3583 1335 3621 non
1377 3583 1441 3623 eo
1471 3570 1685 3624 nomine
1727 3569 2064 3640 appellantur

494 3661 638 3729 quod
669 3658 964 3727 longmvam
991 3657 1244 3712 duxerint
1267 3658 1464 3722 vitam;
1506 3660 1599 3714 sed
1626 3676 1722 3729 pro
1754 3661 2065 3715 maturitate

493 3764 685 3803 sensus
715 3749 1053 3817 etgravitate
1078 3748 1402 3802 veneranda:
1430 3748 1553 3802 vita:
1582 3750 1682 3803 hac
1712 3749 2066 3818 appellatioae

492 3840 835 3903 decor-antur,
883 3840 1115 3892 maxime
1158 3855 1283 3894 cum
1332 3840 1548 3895 additur
1587 3841 1654 3896 ad
1693 3843 2063 3913 presbyterum

491 3941 671 3982 sermo
734 3927 835 3981 iste
881 3927 972 3996 qui
1030 3928 1319 3995 sequitur:
1358 3946 1376 3978 ι
1416 3927 1609 3983 Plenus
1667 3929 1897 3983 dierum.
1946 3948 1964 3980 ι
2010 3927 2068 3983 Si

491 4016 637 4071 enim
678 4015 777 4069 aevi
816 4016 1123 4083 prolixitate
1168 4016 1516 4085 appellandus
1554 4018 1645 4086 qui
1673 4020 1956 4089 presbyter
1984 4017 2071 4072 vel

491 4105 674 4159 senior
717 4104 947 4168 videtur,
997 4118 1155 4172 quem
1210 4105 1380 4173 magis
1428 4105 1589 4159 alium
1632 4109 1918 4176 oportebat
1967 4108 2070 4161 hoc

490 4195 710 4250 nomine
757 4192 990 4258 censeri,
1040 4207 1203 4263 quam
1246 4194 1480 4263 primum
1524 4193 1718 4260 Adam,
1779 4196 1865 4250 vel
1921 4204 2069 4250 certe

489 4284 871 4349 Mathusalem,
924 4292 1020 4337 aut
1063 4282 1195 4348 Noe,
1246 4284 1336 4352 qui
1387 4286 1573 4354 utique
1618 4288 1865 4357 pluribus
1907 4303 2068 4357 quam

2092 3304 2136 3366 C
2168 3308 2452 3370 peccatore
2490 3298 2595 3354 dici
2641 3313 2747 3353 non
2785 3305 3018 3367 poterat,
3062 3297 3188 3366 quia
3233 3306 3491 3366 peccator
3528 3314 3644 3353 non
3669 3314 3745 3356 est

2163 3402 2452 3463 provectus
2481 3394 2710 3448 dierum.
2754 3391 2870 3445 Non
2911 3390 3054 3446 enim
3086 3407 3144 3445 se
3168 3392 3412 3446 extendit
3446 3392 3500 3446 in
3532 3409 3598 3447 ea
3630 3410 3744 3464 qum

2166 3484 2350 3539 inante
2397 3491 2554 3550 sunt,
2606 3482 2932 3537 obliviscens
2974 3496 3036 3535 ea
3083 3497 3202 3551 qua:
3253 3493 3400 3536 retro
3448 3493 3610 3549 sunt,
3659 3486 3743 3539 sed

2170 3588 2383 3643 semper
2443 3582 2588 3627 retro
2637 3573 2989 3635 convertitur,
3052 3580 3110 3625 et
3162 3572 3230 3625 ad
3274 3574 3535 3627 vomitum
3591 3590 3743 3629 suum

2168 3651 2372 3727 reddit,
2415 3672 2470 3717 et
2510 3661 2630 3716 ideo
2668 3676 2774 3715 non
2809 3670 2892 3715 est
2926 3668 3082 3730 aptus
3116 3675 3281 3730 regno
3314 3661 3601 3715 crelorum.
3648 3663 3743 3729 Qui

2170 3761 2348 3807 autem
2392 3766 2605 3821 semper
2639 3751 2705 3805 ad
2745 3750 2925 3821 priora
2955 3749 3284 3813 extenditur,
3325 3752 3427 3805 iste
3455 3764 3747 3821 provectus

2170 3850 2253 3897 est
2283 3842 2337 3895 in
2365 3841 2551 3895 diebus
2580 3841 2709 3895 suis.

2246 3949 2263 3979 ι
2304 3930 2369 3984 Et
2393 3930 2530 3985 dixit
2557 3929 2814 3983 Dominus
2840 3929 2908 3983 ad
2932 3943 3056 3984 eum
3085 3947 3098 3983 :
3125 3928 3363 3985 Senuisti
3391 3940 3448 3987 et
3472 3931 3743 4004 longaevus

2176 4040 2194 4071 ι
2239 4036 2319 4086 es,
2356 4029 2411 4075 et
2442 4030 2583 4074 terra
2613 4020 2874 4075 latissima
2917 4020 3171 4077 derelicta
3215 4030 3317 4085 est,
3347 4038 3470 4092 quae
3512 4027 3739 4080 necdum

2176 4131 2193 4163 ι
2238 4120 2322 4166 est
2362 4120 2509 4166 sorte
2546 4114 2734 4177 divisa,
2775 4133 2793 4165 ι
2846 4124 2903 4169 et
2944 4123 3155 4169 caetera.
3199 4114 3391 4172 Nescio
3429 4134 3563 4190 ergo
3607 4121 3655 4174 si
3691 4120 3739 4173 in

2171 4202 2275 4258 hoc
2331 4202 2451 4257 loco
2523 4203 2654 4257 illud
2708 4212 2885 4273 potest
2926 4204 3131 4271 videri;
3189 4206 3314 4275 quia
3370 4206 3475 4262 hoc
3529 4210 3742 4264 dicebat

2172 4294 2431 4349 Dominus
2475 4295 2543 4349 ad
2587 4293 2772 4350 Iesum
2818 4310 2919 4365 pro
2966 4304 3123 4350 aetate
3166 4295 3284 4365 ejus
3325 4298 3501 4360 senili,
3555 4314 3742 4354 omnes

489 4377 671 4430 caeteri
703 4375 859 4428 annis
887 4375 941 4428 in
973 4375 1074 4429 hoc
1103 4377 1302 4428 mundo
1327 4375 1525 4431 vixisse
1553 4378 1910 4433 declarantur.
1954 4376 2061 4433 Sed
2088 4367 2139 4427 D
2163 4387 2437 4451 videbam,
2468 4402 2656 4441 omnes
2690 4396 2972 4442 ηονεηηι,
3010 4388 3075 4441 ει
3099 4404 3220 4456 qua:
3248 4397 3377 4442 sum
3406 4397 3516 4444 tam
3548 4408 3737 4461 magna

492 4483 636 4521 tiuiic
668 4466 912 4519 videmus
939 4465 1082 4533 quod
1120 4465 1336 4534 quidem
1375 4480 1440 4519 ex
1475 4467 1575 4522 illis
1613 4469 1788 4523 nullus
1833 4467 2063 4522 refertur

490 4570 520 4607 a
560 4554 839 4622 Scriptura
877 4554 1161 4625 presbyter
1197 4554 1283 4608 vel
1326 4557 1508 4610 senior
1549 4558 1832 4627 appellari;
1880 4558 1975 4611 sed
2018 4559 2064 4611 is

487 4645 579 4712 qui
614 4644 770 4710 longe
794 4645 1057 4699 brevioris
1085 4646 1343 4714 temporis
1368 4647 1532 4701 vitam
1566 4648 1738 4711 duxit,
1764 4648 1970 4717 primus
2007 4648 2062 4700 in

491 4730 785 4798 Scripturis
838 4732 1040 4785 sanctis
1088 4733 1360 4787 Abraham
1411 4736 1690 4804 presbyter
1737 4735 1821 4788 vel
1881 4736 2065 4789 senior

491 4820 792 4890 appellatur
819 4819 972 4890 (Gen.
1005 4822 1173 4893 xxw).
1214 4823 1424 4877 Dictum
1453 4835 1535 4879 est
1558 4826 1719 4879 etiam
1751 4825 1816 4879 ad
1844 4826 2061 4897 Moysen

491 4925 522 4964 a
550 4910 777 4963 Domino
814 4932 825 4962 ;
872 4911 1022 4981 Elige
1055 4912 1151 4966 tibi
1192 4914 1260 4967 ab
1289 4914 1435 4968 omni
1474 4916 1668 4984 populo
1696 4916 2060 4986 presbyteros,

489 5012 628 5068 quos
670 5006 724 5050 tu
756 5000 871 5067 ipse
909 5000 1074 5065 nosti,
1105 5002 1196 5069 qui
1239 5003 1392 5071 probi
1438 5012 1566 5056 sunt
1595 5000 1791 5073 (Exod.
1824 5004 1926 5075 ιιι).
1956 5004 2064 5059 Sed

487 5091 714 5144 observa
764 5088 928 5141 etiam
975 5097 1055 5154 tu,
1104 5106 1138 5145 ο
1189 5092 1423 5156 auditor,
1473 5093 1528 5145 in
1578 5093 1724 5146 omni
1756 5092 2060 5163 Scriptura,

486 5180 657 5235 sicubi
685 5178 928 5233 inVenire
953 5190 1105 5249 potes
1129 5181 1540 5252 appellationem
1565 5184 1723 5249 hanc,
1753 5204 1772 5236 ι
1805 5185 1987 5239 senior
2007 5194 2064 5241 et

487 5271 677 5339 plenus
703 5271 935 5336 dierum,
962 5292 980 5323 ι
1009 5273 1236 5341 positam
1262 5286 1424 5342 super
1449 5274 1678 5342 aliquem
1701 5285 2058 5343 peccatorem.

490 5359 639 5415 hunc
686 5376 816 5429 ergo
865 5363 1039 5416 sancti
1093 5361 1325 5430 Spiritus
1369 5376 1469 5417 vox
1513 5370 1616 5429 est,
1668 5367 2063 5433 pronuntiantis

484 5448 669 5504 Iesum
720 5453 1096 5521 presbyterum
1153 5451 1237 5505 vel
1305 5453 1571 5507 seniorem
1634 5466 1944 5524 provectum
2005 5459 2060 5513 in

488 5541 717 5594 diebus:
760 5541 834 5594 ita
879 5542 1023 5595 enim
1075 5541 1308 5607 dixerat,
1360 5542 1551 5612 inquit,
1584 5545 1738 5602 Iesus
1783 5549 2062 5618 presbyter

488 5629 571 5681 \cl
621 5630 822 5695 senior,
873 5642 1161 5700 provectus
1207 5633 1416 5688 dierum
1471 5653 1484 5690 :
1542 5638 1684 5707 quod
1746 5639 1928 5706 utique
1993 5639 2061 5693 de

2167 4474 2267 4529 ista
2311 4475 2493 4529 divina
2543 4489 2829 4544 responsa,
2879 4492 2999 4545 qua:
3048 4478 3292 4531 homines
3338 4478 3641 4544 disserunt,
3686 4491 3737 4534 ut

2163 4563 2344 4617 dicant
2390 4564 2594 4618 homini
2645 4566 2800 4629 seni,
2849 4565 2975 4634 quia
3024 4581 3187 4621 senex
3233 4582 3313 4632 es,
3362 4569 3506 4635 quod
3554 4586 3739 4625 omnes

2163 4654 2417 4707 videbant
2466 4661 2522 4706 et
2575 4667 2763 4709 omnes
2820 4664 3102 4709 noverant.
3184 4655 3290 4711 Sed
3349 4658 3483 4712 mihi
3528 4660 3739 4714 videtur

2163 4757 2418 4809 magnum
2469 4742 2686 4811 aliquod
2739 4744 3104 4798 testimonium
3158 4760 3188 4799 a
3223 4746 3450 4800 Domino
3500 4763 3599 4817 per
3643 4752 3737 4804 hoc

2165 4831 2280 4885 dari
2316 4829 2463 4884 Nave
2510 4831 2639 4894 ﬁlio,
2686 4847 2809 4886 cum
2852 4834 2902 4886 ei
2948 4834 3165 4899 dicitur,
3223 4854 3241 4886 ι
3278 4837 3406 4905 quia
3452 4851 3736 4906 provectus

2163 4919 2370 4974 dierum
2418 4934 2497 4975 es.
2534 4939 2553 4971 ›
2604 4921 2674 4975 Et
2715 4930 2975 4989 quantum
3022 4924 3238 4992 quidem
3287 4924 3537 4995 proloqui
3588 4930 3735 4982 uobis

2163 5008 2248 5063 vel
2288 5009 2498 5077 aperire
2539 5010 2737 5064 divinis
2772 5005 3049 5080 mysteriis
3081 5012 3163 5067 fas
3201 5022 3315 5077 est,
3359 5030 3460 5086 ego
3505 5018 3735 5072 arbitror

2163 5100 2307 5169 quod
2351 5100 2492 5155 sicut
2528 5100 2610 5154 sol
2652 5101 2755 5156 iste
2794 5102 2936 5156 diem
2971 5103 3101 5157 facit
3144 5106 3345 5161 mundo
3388 5108 3535 5171 huic,
3575 5108 3650 5162 ita
3685 5121 3734 5162 et

2165 5190 2258 5245 Sol
2286 5191 2513 5260 justitite
2550 5190 2683 5246 facit
2707 5192 2914 5261 aliquos
2946 5194 3061 5249 dies
3089 5195 3379 5263 spiritales,
3410 5200 3507 5267 qui
3535 5200 3734 5269 fulgore

2163 5281 2412 5336 veritatis
2436 5291 2493 5336 et
2527 5283 2774 5351 lampade
2813 5284 3089 5351 sapientia:
3122 5283 3479 5340 illustrentur.
3520 5288 3579 5342 Si
3617 5288 3732 5358 quis

2163 5383 2294 5439 ergo
2341 5369 2396 5422 in
2428 5372 2713 5439 przcceptis
2737 5372 2830 5426 Dei
2856 5372 3026 5425 vitam
3070 5374 3210 5427 banc
3244 5386 3594 5443 pnesentem,
3620 5391 3731 5445 qu:

2162 5461 2303 5515 sicut
2325 5458 2494 5514 Iacob
2521 5460 2755 5526 dicebat,
2787 5481 2806 5511 ι
2834 5477 3128 5531 paucorum
3157 5473 3213 5518 et
3239 5466 3503 5521 malorum
3530 5470 3717 5523 dierum

2171 5566 2190 5598 ι
2222 5559 2307 5603 est
2338 5546 2489 5619 (Gen.
2520 5552 2711 5620 XLVII),
2730 5570 2748 5603 ι
2787 5552 3125 5621 transegerit,
3159 5563 3214 5608 et
3245 5554 3647 5611 immaculatum
3674 5573 3730 5609 se

2168 5638 2234 5693 ab
2262 5639 2365 5694 hoc
2395 5639 2594 5695 mundo
2622 5641 2957 5708 custodierit,
3003 5651 3163 5710 atque
3188 5658 3376 5698 omnes
3397 5647 3728 5704 adversarios
