4000 6186
302 313 438 374 I065

1224 297 1579 358 COMMENT.
1619 295 1699 352 IN.
1726 292 1987 351 LIBRUM
2025 290 2259 349 JOSUE.
2298 321 2368 330 —
2404 290 2530 344 LIB.
2572 291 2656 346 III.

3421 286 3557 341 1066

297 438 354 484 et
391 428 579 482 hostes
622 434 750 477 suos
788 416 1085 488 subegerit,
1123 412 1382 484 spiritalis
1417 411 1486 466 ab
1533 409 1654 464 istis
1691 406 1881 478 paucis
1911 410 1958 468 Α
1984 402 2390 466 resistentibus,
2438 408 2493 455 et
2537 401 2722 455 multis
2779 400 3023 456 hostibus
3090 400 3558 471 iiupugnantibus.

300 529 354 576 et
387 515 547 572 malis
589 512 779 567 diebus
822 508 1163 580 provehitur,
1201 514 1258 560 et
1284 508 1634 573 promovetur
1664 500 1732 555 ad
1770 498 1888 553 illos

301 611 419 665 dies
463 614 697 661 aeternos
739 612 795 657 et
835 601 1005 656 bonos
1051 597 1240 663 aeterni
1288 596 1416 651 solis
1462 594 1580 649 luce
1625 593 1886 662 signatos.

304 698 452 752 Talis
480 710 609 766 ergo
640 686 871 762 quodam
904 689 1090 744 ordine
1135 687 1514 757 intelligendus
1542 692 1626 740 est
1653 694 1706 738 et
1733 683 1891 738 Iesus

306 806 373 844 ex
410 788 608 842 divinis
643 785 914 854 responsis
954 790 1239 852 provectus
1285 780 1494 835 dierum
1525 778 1886 848 pronuntiari.

309 878 509 932 Verum
543 874 798 943 quoniam
835 872 1165 926 instituimus
1194 885 1313 940 qua).
1352 869 1417 923 de
1450 866 1575 933 Iesu
1616 864 1889 928 dicuntur,

305 965 468 1019 etiam
496 964 563 1017 ad
582 963 869 1017 Dominum
897 959 1232 1013 Salvatorcm
1265 965 1508 1012 nostrum
1537 954 1747 1017 referri,
1773 953 1895 1023 quis

307 1053 380 1106 ita
400 1052 683 1121 presbyter
706 1057 760 1103 et
780 1049 981 1110 senior,
1004 1053 1293 1116 provectus
1318 1046 1525 1100 dierum
1552 1042 1893 1112 intelligitur,

307 1142 450 1197 sicut
498 1141 614 1210 ipse
657 1139 748 1208 qui
785 1149 869 1191 est
905 1136 1248 1207 principium,
1288 1134 1676 1204 primogtnitus
1717 1132 1895 1186 omnis

306 1232 606 1288 creatur-.e?
628 1231 694 1285 Et
719 1229 841 1283 ideo
872 1227 1101 1283 fortasse
1129 1227 1242 1295 ipse
1269 1226 1416 1280 solus
1447 1240 1571 1278 vere
1603 1234 1656 1278 et
1686 1224 1896 1292 integer

316 1326 603 1397 presbyter
637 1323 860 1388 dicitur,
902 1329 1026 1375 ante
1061 1334 1221 1389 quem
1251 1334 1409 1373 nemo
1437 1325 1540 1372 est.
1582 1317 1748 1388 Igitur
1794 1315 1894 1370 etsi

308 1426 437 1473 sunt
475 1416 567 1485 qui
599 1416 851 1469 dicuntur
898 1414 951 1466 in
995 1410 1294 1481 Scripturis
1323 1407 1651 1479 presbyteri,
1688 1405 1773 1461 vel
1812 1421 1896 1461 se-

308 1509 513 1570 niores,
547 1504 629 1559 vel
665 1504 966 1575 pontilices,
1001 1512 1179 1556 tamen
1207 1500 1465 1554 Dominus
1487 1498 1644 1553 Jesus
1680 1498 1730 1551 in
1756 1511 1894 1565 pon-

312 1598 551 1663 tiﬁcibus
576 1596 891 1665 pontificum
923 1594 1208 1664 princeps;
1242 1600 1299 1646 et
1324 1590 1464 1646 sicut
1508 1590 1562 1644 in
1590 1589 1896 1660 pastoribus

310 1689 566 1760 princeps
595 1694 873 1758 pastorum
907 1696 1012 1749 est,
1043 1685 1116 1738 ita
1152 1692 1210 1738 et
1252 1682 1305 1736 in
1332 1680 1663 1752 presbyteris
1698 1678 1780 1733 vel
1812 1691 1897 1732 se-

1990 492 2127 547 bcllo
2175 502 2229 546 et
2277 490 2444 545 armis
2496 488 2864 543 luereditatem
2911 498 3071 544 terra:
3120 490 3560 560 repromissionis

1989 588 2279 658 accipiunt.
2309 586 2443 643 Cum
2469 601 2598 641 vero
2618 601 2685 638 ex
2712 593 3031 640 necessnate
3055 587 3175 656 quis
3201 586 3363 642 fuerit
3392 588 3568 658 subje-

1991 686 2134 740 ctus,
2167 687 2293 731 tunc
2321 677 2536 743 quando
2570 677 2734 751 etiam
2769 676 3119 752 novissimum
3153 677 3429 732 inimicum
3475 679 3567 736 de-

1992 768 2126 821 strui
2165 782 2389 822 necesse
2412 775 2496 821 est
2525 774 2775 831 mortem,
2808 783 2912 820 non
2938 765 3169 834 eritjam
3197 768 3250 820 in
3281 769 3454 838 gratia
3483 769 3572 825 his

1991 861 2085 930 qui
2118 859 2494 929 subjiciuntur.

2062 950 2213 1025 (CAP.
2241 949 2382 1021 xm.)
2403 949 2521 1020 (ΑΔ
2550 949 2827 1007 meridiem
2858 965 2989 1004 vero
3021 959 3144 1003 sunt
3167 949 3367 1015 Iievaci,
3395 951 3574 1006 omnis

1998 1059 2029 1110 (κ
2067 1050 2209 1096 terra
2234 1041 2513 1106 Chanaan,
2544 1049 2600 1095 ct
2621 1040 2800 1095 Maara
2823 1039 3189 1106 Sidoniorum,
3217 1056 3385 1110 usque
3410 1040 3577 1095 Afeca

1999 1152 2017 1183 (
2064 1142 2119 1189 et
2167 1134 2427 1189 terminos
2470 1132 2789 1199 Amorrhmi,
2817 1131 3040 1203 ejusque
3087 1133 3337 1188 conﬁnia.
3385 1134 3577 1189 Libani

2002 1240 2022 1273 ο
2067 1237 2281 1291 quoque
2332 1223 2481 1305 regio
2532 1232 2722 1279 contra
2781 1224 3044 1278 orientem
3095 1240 3127 1279 a
3174 1224 3427 1295 Baalgatli
3478 1227 3578 1282 sub

2002 1333 2020 1365 ι
2069 1322 2250 1370 monte
2273 1314 2526 1385 llegrmon,
2554 1318 2722 1371 donec
2742 1317 3062 1388 ingrediaris
3088 1316 3299 1372 Emath.
3323 1318 3575 1377 Omnium

2004 1425 2021 1457 ι
2065 1407 2159 1477 qui
2186 1406 2433 1461 habitant
2470 1407 2524 1464 in
2564 1417 2766 1473 monte,
2806 1424 2837 1462 a
2871 1409 3074 1463 Libano
3108 1425 3281 1478 usque
3315 1410 3381 1464 ad
3410 1426 3579 1480 aquas

2004 1516 2023 1549 ι
2071 1497 2432 1568 Miserephod,
2484 1499 2834 1570 universique
2876 1500 3103 1555 Sidonii.
3158 1502 3271 1573 Ego
3320 1519 3437 1558 sum
3487 1507 3580 1574 qui

2004 1609 2023 1640 ι
2070 1588 2259 1645 delebo
2285 1606 2378 1645 eos
2406 1606 2437 1644 a
2464 1590 2602 1646 facie
2630 1590 2861 1645 ﬁliorum
2908 1590 3092 1647 Israel.
3129 1592 3320 1646 Veniat
3348 1606 3481 1663 ergo
3524 1595 3579 1648 in

2006 1699 2026 1731 ς
2070 1689 2279 1750 partem
2325 1679 2653 1736 hwreditatis
2697 1680 2885 1745 Israel,
2935 1681 3075 1736 sicut
3121 1682 3351 1751 prwccpi
3401 1682 3518 1736 tibi.
3557 1702 3575 1733 ι

314 1751 561 1835 hiorihus
593 1779 843 1848 princeps
871 1777 1312 1848 presbyterorum
1339 1773 1609 1844 putandus
1633 1779 1736 1836 est,
1754 1779 1810 1825 et
1839 1770 1893 1825 in
1924 1751 1971 1811 Β
2000 1769 2134 1825 Cum
2166 1772 2569 1825 enumeraverit
2594 1771 2852 1840 plurimas
2878 1780 3084 1842 gentes,
3110 1772 3174 1826 de
3189 1770 3426 1827 Sidoniis
3452 1772 3583 1828 solis

313 1870 585 1942 episcopis
611 1868 863 1938 princeps
891 1866 1287 1935 episcoporum.
1336 1862 1403 1919 Et
1428 1877 1588 1917 oume
1613 1859 1895 1941 quodcun-

315 1975 422 2030 que
457 1956 776 2015 bonorabile
816 1971 1015 2033 nomen
1042 1963 1145 2025 est,
1176 1954 1409 2023 primum
1449 1953 1501 2007 in
1532 1953 1635 2007 hoc
1664 1960 1719 2008 et
1746 1950 1897 2021 prin-

317 2051 497 2121 cipem
525 2065 644 2104 esse
671 2047 1006 2103 credentium
1035 2054 1089 2100 et
1114 2043 1471 2107 Salvatorem,
1502 2043 1626 2113 quia
1662 2042 1775 2112 ipse
1818 2049 1901 2096 est

316 2142 564 2198 omnium
591 2148 768 2209 caput.
799 2137 937 2192 Audi
967 2146 1145 2191 autem
1174 2134 1242 2190 ad
1272 2136 1386 2189 hmo
1416 2149 1733 2205 responsum
1762 2133 1900 2187 divi-

317 2250 451 2289 num
493 2233 638 2303 quod
672 2232 839 2287 dicit:
886 2247 904 2280 (
949 2228 1029 2283 Tu
1073 2234 1362 2298 provectus
1400 2240 1459 2280 cs
1506 2226 1560 2279 in
1599 2224 1805 2285 diebus,
1847 2231 1903 2276 et

317 2334 472 2387 terra
526 2322 712 2387 relicta
760 2329 842 2375 est
892 2319 1059 2373 multa
1115 2317 1286 2372 valde.
1353 2337 1371 2369 ι
1429 2315 1484 2373 1η
1530 2314 1904 2384 superioribus

320 2413 665 2475 dicebantur,
696 2411 836 2465 sicut
878 2408 1305 2470 observavimus,
1334 2406 1461 2475 quia
1495 2404 1726 2460 cessavit
1760 2412 1905 2457 terra

321 2501 393 2556 ab
424 2501 550 2565 illis,
581 2510 635 2554 et
666 2501 801 2571 quia
829 2490 1044 2553 omnem
1086 2506 1287 2549 terram
1316 2492 1476 2550 Jesus
1521 2493 1692 2564 cepit;
1734 2501 1789 2546 et
1817 2493 1909 2547 hic

322 2593 488 2649 modo
544 2593 806 2665 scriptum
864 2601 949 2645 cst
998 2589 1123 2659 quia
1184 2597 1328 2643 terra
1377 2584 1564 2642 relicta
1610 2594 1693 2641 est
1740 2584 1909 2640 multa

260 2697 269 2700 ’
327 2682 812 2760 valde?‘Putasne
861 2681 1137 2737 contraria
1181 2679 1282 2733 ‘sibi
1328 2678 1685 2735 contineant?
1737 2678 1910 2732 hocne

324 2775 522 2831 leviter
569 2775 952 2846 suspicandum
985 2773 1101 2827 est?
1151 2771 1255 2826 Sed
1288 2771 1573 2835 redeamus
1610 2770 1677 2824 ad
1719 2768 1912 2825 intelli-

328 2868 566 2941 gentiam
606 2865 926 2941 spiritalem,
959 2872 1014 2919 et
1054 2863 1106 2917 in
1145 2879 1208 2918 ea
1236 2862 1367 2917 nihil
1398 2863 1607 2941 invenis
1634 2876 1755 2917 esse
1782 2875 1911 2915 con-

332 2936 585 3013 trarium.
638 2936 855 3010 Intuere
902 2954 1115 3008 nomini
1158 2962 1212 3009 et
1242 2936 1538 3009 Salvatoris
1579 2951 1912 3029 nostrilpri-

329 3066 479 3106 mum
506 3050 724 3121 quidem
754 3048 1040 3102 adventum
1058 3046 1223 3113 ,cum
1252 3046 1399 3100 venit
1430 3046 1697 3111 seminare
1725 3060 1909 3100 semen

329 3159 488 3199 suum
516 3120 569 3196 in
594 3141 779 3197 orbem
809 3148 984 3203 teme,
1009 3136 1277 3208 quomodo
1300 3120 1443 3211 cepit
1467 3150 1681 3191 omnem
1709 3144 1907 3190 terram

331 3234 449 3290 solo
487 3224 709 3289 seminis
741 3216 1019 3298 jactu,'et
1061 3216 1331 3298 quomodo
1378 3226 1716 3282 adversarius
1762 3235 1916 3296 pote-

332 3333 506 3380 states
534 3338 600 3377 ex
625 3336 689 3376 ea
715 3329 771 3376 et
797 3319 1018 3390 angelos
1045 3318 1258 3397 refugas
1283 3318 1373 3388 qui
1400 3317 1676 3390 gentilium
1706 3328 1917 3372 mentes

332 3414 662 3485 obsederant
696 3410 970 3483 eﬁ‘ugavit,
1014 3416 1068 3464 et
1110 3410 1325 3469 interim
1364 3410 1652 3464 seminavit
1688 3410 1917 3466 verbum

335 3510 501 3572 atque
547 3501 819 3555 Ecclesias
861 3498 1177 3570 propagavit
1218 3517 1232 3552 :
1282 3499 1393 3553 lucc
1442 3508 1525 3554 est
1570 3498 1746 3569 prima
1801 3495 1918 3565 ejus

338 3592 505 3647 totius
539 3594 697 3645 terra:
740 3589 1034 3661 possessio.
1084 3588 1323 3659 Sequere
1371 3597 1572 3654 autem,
1624 3589 1915 3654 oauditor,

334 3699 435 3756 per
460 3682 685 3738 subtiles
726 3668 895 3739 lineas
928 3678 1182 3745 verbi,'ct
1208 3681 1489 3735 ostendam
1522 3679 1618 3735 tibi
1650 3681 1919 3749 quomodo

336 3775 502 3830 etiam
534 3771 771 3829 secundo
797 3772 940 3841 cepit
975 3778 1176 3825 terram
1207 3770 1370 3834 hanc,
1397 3785 1518 3839 qua:
1550 3772 1692 3824 nunc
1723 3770 1920 3824 dicitur

338 3865 410 3919 ab
440 3863 567 3919 Jesu
608 3848 776 3917 multa
814 3875 935 3917 esse
973 3860 1233 3915 derelicta
1281 3871 1447 3915 terra.
1479 3860 1619 3915 Audi
1655 3861 1722 3915 de
1747 3853 1920 3915 ea'di-

338 3964 557 4011 centem
578 3936 847 4008 Paulum:
891 3972 909 4004 ι
946 3952 1173 4023 Oportet
1209 3968 1333 4007 eum
1364 3967 1593 4022 regnare
1623 3952 1793 4007 donec
1825 3967 1921 4021 po-

339 4054 436 4100 nat
486 4059 674 4100 omnrs
728 4044 978 4098 inimicos
1035 4058 1161 4097 suos
1206 4041 1499 4097 scabellum
1546 4040 1741 4111 pedum
1791 4057 1920 4095 suo-

341 4152 463 4191 rum
517 4133 674 4207 (Ileb.
727 4133 807 4206 x).
867 4154 885 4187 ι
944 4132 1068 4187 llaec
1114 4148 1245 4204 ergo
1297 4140 1383 4187 est
1422 4142 1570 4187 terra
1612 4147 1733 4202 quae
1779 4148 1921 4186 nunc

342 4228 511 4282 multa
538 4226 735 4282 dicitur
761 4240 879 4280 esse
905 4224 1181 4289 derelicta,
1211 4218 1384 4278 donec
1407 4238 1594 4279 omnes
1624 4222 1924 4277 subdantur

343 4318 567 4390 pedibus
608 4317 744 4386 ejus,
776 4324 831 4372 et
868 4332 963 4387 per
993 4317 1105 4370 hinc
1137 4315 1189 4369 in
1220 4315 1535 4387 hwreditajte
1583 4315 1761 4384 capiat
1804 4313 1922 4366 uni-

341 4426 551 4467 versos.
603 4409 671 4464 Et
699 4411 814 4464 haec
841 4418 947 4476 est,
975 4409 1171 4478 inquit,
1201 4416 1345 4461 terra
1376 4420 1496 4475 quae
1525 4407 1777 4462 derelicta
1814 4415 1918 4472 est,

348 4519 367 4552 ι
413 4502 613 4557 Omnes
652 4499 785 4553 ﬁnes
814 4498 1173 4561 Philisthiim,‘
1201 4516 1219 4548 ι
1275 4506 1329 4550 et
1372 4497 1476 4550 alia
1522 4496 1918 4567 quamplurima

343 4606 464 4661 quae
512 4598 831 4660 sequuntur.
884 4580 1047 4640 Multa
1094 4586 1270 4641 adhuc
1316 4594 1628 4655 supersunt,
1659 4594 1919 4655 quantum

346 4681 411 4735 ad
460 4689 645 4734 nostra
696 4689 940 4748 tempora
987 4687 1215 4746 spectat,
1244 4694 1365 4748 quae
1405 4677 1649 4732 videmus
1684 4680 1921 4733 nondum

345 4774 569 4846 pedibus
594 4773 722 4829 Jesu
761 4773 1006 4843 subjecta
1043 4788 1185 4837 csse,
1216 4789 1334 4842 qua:
1372 4788 1596 4829 necesse
1625 4786 1707 4830 est
1739 4775 1923 4844 utique

345 4868 527 4922 omnia
570 4867 833 4921 obtinere.
881 4865 1067 4935 Neque
1111 4865 1255 4920 enim
1282 4864 1410 4942 ﬁnis
1447 4881 1567 4920 esse
1591 4867 1791 4935 poterit
1835 4883 1921 4922 re-

350 4977 489 5025 rum,
520 4960 623 5014 nisi
650 4960 807 5030 prius
837 4960 1041 5014 fuerint
1075 4967 1267 5014 cuncta
1315 4958 1577 5028 subjecta.
1656 4958 1745 5014 Sic
1779 4961 1922 5014 enim

346 5060 401 5108 et
427 5054 689 5123 propheta
718 5052 849 5106 dicit
879 5050 1062 5124 (Zach.
1096 5050 1196 5123 ιχ),
1225 5050 1351 5120 quia
1380 5065 1569 5105 omnes
1596 5060 1784 5121 gentes
1813 5066 1926 5106 scr-

348 5142 558 5197 vientcs
605 5157 635 5195 a
685 5142 883 5215 ﬁnibus
926 5140 1206 5196 ﬂuminum
1255 5155 1426 5210 usque
1473 5141 1542 5195 ad
1592 5141 1728 5199 ﬁnes
1778 5145 1926 5199 orbis

348 5243 508 5289 terra:
552 5232 608 5286 in
654 5239 944 5301 conspectu
993 5229 1127 5300 ejus.
1182 5230 1486 5301 Procedunt
1526 5229 1809 5302 Ethiopcs
1858 5234 1925 5289 dc

351 5330 501 5376 trans
527 5322 673 5391 ripas
701 5321 979 5377 ﬂuminum
1002 5340 1012 5375 :
1049 5320 1330 5392 .EthiOpes
1358 5321 1585 5376 offerent
1624 5323 1941 5391 sacriﬁcia;.

352 5416 492 5470 unde
521 5423 734 5470 constat
762 5417 903 5486 quod
938 5415 991 5472 in
1023 5415 1257 5470 secundo
1286 5415 1516 5469 adventu
1550 5416 1689 5471 hanc
1723 5424 1922 5472 terram

353 5505 600 5570 multam,
649 5522 769 5575 qua:
813 5513 1077 5575 superest,
1116 5504 1379 5560 obtinebit
1404 5503 1578 5560 Jesus.
1636 5505 1742 5561 Sed
1780 5507 1922 5563 beati

352 5605 480 5651 sunt
517 5595 601 5673 illi
621 5598 712 5668 qui
739 5598 916 5669 primo
955 5597 1071 5667 ejus
1099 5598 1328 5652 adventu
1370 5599 1573 5653 obtenti
1615 5609 1771 5667 sunt;
1822 5602 1925 5671 ipsi

350 5689 495 5743 enim
530 5705 659 5744 vere
704 5691 757 5745 in
795 5690 970 5761 gratia
1010 5699 1191 5755 erunt,
1231 5692 1320 5761 qui
1373 5691 1554 5746 multis
1600 5693 1931 5753 adversariis.

671 5784 946 5846 PATBOL.
992 5782 1210 5845 CVIII.

2000 1860 2139 1915 dixit
2167 1879 2179 1914 :
2217 1878 2235 1911 ι
2273 1861 2339 1914 Ει
2364 1860 2837 1917 omnesSidonios
2863 1876 2962 1930 ego
2989 1861 3359 1915 exterminaho
3387 1878 3417 1916 a
3447 1861 3587 1917 facie

2003 1952 2236 2006 ﬁliorum
2288 1951 2473 2005 Israel.
2532 1970 2551 2004 ι
2617 1948 2900 2008 Nominati.
2950 1944 3075 2005 Sunt
3141 1959 3196 2005 et
3252 1952 3581 2021 Chanauzci,

2005 2042 2271 2097 nominati
2302 2050 2430 2096 sunt
2458 2050 2511 2096 et
2538 2041 2595 2095 hi
2621 2042 2713 2111 qui
2759 2051 2885 2096 sunt
2922 2058 2986 2097 ex
3016 2042 3212 2098 ﬁnibus
3241 2042 3487 2099 Accaron
3532 2053 3589 2098 et

2006 2149 2036 2186 a
2064 2132 2298 2188 sinistris
2317 2134 2564 2201 partibus
2592 2131 2900 2197 fluminum,
2933 2142 2989 2187 et
3024 2136 3143 2197 alia:
3176 2134 3588 2204 quamplurima:

2010 2231 2228 2294 gentes;
2264 2232 2319 2276 ct
2346 2223 2411 2278 de
2440 2223 2573 2278 solis
2600 2221 2839 2279 Sidoniis
2867 2222 3003 2279 dixit
3032 2223 3291 2281 Dominus
3322 2224 3467 2294 quod
3492 2239 3588 2280 eos

2006 2328 2296 2368 eversurus
2350 2313 2439 2367 sit.
2492 2312 2701 2368 Sidonii
2747 2324 2931 2368 autem
2972 2311 3243 2380 dicuntur,
3291 2314 3432 2370 sicut
3473 2314 3590 2386 jam

2008 2403 2264 2476 disirnus,
2294 2412 2600 2461 venatores.
2649 2403 2752 2470 Qui
2794 2404 3168 2476 intelliguntur
3210 2406 3299 2461 isti
3326 2406 3453 2461 mali
3492 2423 3588 2463 ve-

2009 2503 2228 2549 natores
2253 2510 2390 2565 quos
2415 2495 2676 2550 Dominus
2716 2496 3065 2562 exterminat,
3095 2496 3197 2551 nisi
3236 2497 3341 2551 illan
3367 2498 3594 2555 virtutes

2011 2586 2297 2653 contrariae
2340 2587 2406 2641 de
2448 2587 2647 2656 quibus
2667 2587 2794 2641 dicit
2836 2587 3124 2658 prepbcta,
3154 2588 3280 2659 quia
3318 2607 3336 2638 (
3366 2605 3593 2665 parave-

2014 2685 2140 2731 runt
2175 2676 2397 2747 laqueos
2442 2678 2541 2733 sub
2587 2678 2812 2747 pedibus
2857 2679 2993 2734 meis
3032 2676 3204 2750 (Psal.
3249 2680 3381 2750 LVI),
3422 2700 3441 2732 ι
3477 2682 3597 2750 qui-

2012 2768 2114 2823 bus
2166 2768 2375 2837 scilicet
2402 2779 2668 2824 venentur
2713 2778 2770 2823 et
2804 2770 3079 2840 decipiant
3124 2770 3334 2826 animas
3365 2786 3594 2841 peccan-

2016 2858 2183 2911 tium?
2209 2857 2347 2913 Istos
2374 2874 2502 2929 ergo
2530 2860 2855 2913 exterminat
2879 2860 3156 2915 Dominus.
3183 2859 3317 2915 Cum
3345 2861 3435 2917 isti
3462 2861 3597 2918 tales

2016 2948 2322 3004 interierint
2361 2960 2668 3016 venatores,
2698 2966 2822 3005 cum
2854 2948 2968 3018 jam
3000 2967 3159 3006 nemo
3196 2951 3358 3007 fuerit
3386 2955 3478 3022 qui
3519 2953 3597 3008 la-

2017 3054 2185 3109 queos
2213 3039 2398 3094 tendat
2426 3049 2479 3094 et
2526 3041 2662 3095 retia
2688 3049 2748 3093 ut
2772 3041 3004 3111 decipiat
3034 3042 3242 3118 animas
3268 3059 3322 3096 m
3351 3053 3598 3114 peccato,

1936 3123 1981 3186 C
2015 3138 2141 3186 tunc
2188 3130 2492 3201 requiescet
2544 3132 2910 3215 unusquisque
2957 3133 3057 3188 sub
3106 3134 3219 3189 vite
3256 3150 3353 3189 sua
3389 3143 3444 3189 et
3493 3151 3596 3192 suo

2018 3223 2121 3280 ﬁcu
2149 3241 2265 3280 sua.

2122 3298 2125 3301 λ
2634 3336 2862 3393 CAPUT
2912 3336 2975 3391 ιι.

2019 3452 2095 3505 De
2126 3450 2564 3525 divisioneterrre
2592 3466 2695 3525 per
2719 3449 3157 3525 singulas_tribus
3172 3451 3361 3525 Israel,
3383 3463 3432 3507 et
3461 3454 3600 3525 quod

2089 3520 2249 3592 tribui
2284 3520 2407 3592 Levi
2441 3536 2547 3592 non
2574 3519 2719 3592 dedit
2755 3519 3169 3592 possessionem;
3215 3523 3306 3575 sed
3332 3519 3600 3592 sacriﬁcia

2089 3601 2136 3643 et
2176 3590 2395 3644 victima:
2432 3589 2645 3644 Domini
2680 3589 2780 3642 Dei
2822 3589 2992 3643 Israel
3039 3592 3150 3660 ipsa
3196 3602 3268 3644 est
3312 3589 3594 3647 haereditas

2089 3677 2146 3712 ρο
2154 3675 2283 3712 rum.

2050 3818 2057 3827 .
2093 3771 2269 3846 (Imm)
2323 3790 2341 3823 ι
2377 3772 2446 3825 Ει
2473 3786 2615 3826 nunc
2649 3772 2828 3829 divide
2863 3780 3064 3827 terram
3108 3772 3160 3826 in
3199 3774 3597 3842 possessionem

2027 3882 2045 3917 (
2093 3879 2286 3923 novem
2324 3863 2589 3926 tribubus,
2616 3870 2672 3917 et
2700 3861 2940 3927 dimidiae
2971 3863 3134 3917 tribui
3164 3862 3444 3931 Manasse,
3472 3866 3602 3936 quia

2029 3974 2047 4004 ι
2094 3953 2282 4007 Ruben
2322 3962 2379 4007 et
2397 3950 2513 4008 Gad
2543 3954 2904 4027 possederunt
2934 3960 3133 4009 terram
3181 3969 3343 4025 quam
3382 3958 3608 4014 tradidit

2028 4066 2046 4099 (
2091 4047 2172 4103 eis
2205 4048 2416 4118 Moyses
2454 4045 2687 4107 famulus
2713 4046 2955 4112 Domini,
3008 4055 3159 4103 trans
3203 4047 3495 4107 Jordanem
3533 4052 3604 4108 ad

2027 4155 2046 4188 (
2092 4137 2412 4217 orientalem
2438 4136 2675 4208 plagam,
2707 4155 2726 4188 ι
2768 4145 2824 4193 et
2852 4148 3067 4193 caetera.
3112 4138 3336 4194 Lectum
3364 4149 3452 4195 est
3476 4140 3605 4210 quia

2022 4231 2234 4301 Moyses
2270 4229 2481 4286 dederit
2526 4229 2899 4285 haereditatem
2935 4231 3289 4298 quibusdam;
3336 4239 3467 4300 post
3491 4233 3609 4288 haec

2028 4338 2152 4376 vero
2183 4321 2379 4392 legitur
2406 4320 2531 4390 quia
2558 4328 2613 4375 et
2635 4318 2795 4373 Jcsus
2819 4320 3112 4374 secundum
3142 4329 3471 4390 praeceptum
3500 4321 3608 4379 Do-

2024 4412 2158 4467 mini
2199 4411 2475 4467 distribuit
2521 4409 2912 4465 hazreditatem.
2964 4409 3179 4474 Primus
3224 4424 3352 4480 ergo
3397 4410 3610 4483 Moyses

2027 4505 2299 4565 distribuit
2322 4504 2716 4569 hereditatem,
2748 4503 3017 4559 secundus
3046 4512 3224 4558 autem
3250 4502 3425 4560 Jesus.
3455 4504 3610 4563 Nunc

2028 4597 2227 4670 Moysis
2249 4597 2421 4667 legem
2452 4594 2710 4664 intellige.
2736 4592 2799 4647 Ili
2828 4608 2955 4663 ergo
2980 4593 3071 4663 qui
3111 4595 3404 4650 secundum
3433 4595 3607 4668 legem

2028 4689 2306 4751 vixerunt,
2358 4686 2518 4757 primi
2566 4693 2893 4754 acceperunt
2946 4684 3351 4752 haereditatem,
3398 4688 3494 4744 sed
3538 4704 3609 4745 ex

2030 4790 2173 4835 terra
2204 4776 2660 4848 repromissionis.
2715 4774 2865 4828 Tunc
2898 4775 3091 4829 deinde
3121 4791 3242 4831 cum
3272 4779 3613 4849 accepissent

2032 4880 2233 4925 terram
2266 4868 2599 4925 hatreditatis
2630 4884 2643 4918 :
2678 4882 2783 4921 non
2822 4867 2964 4921 enim
2991 4868 3289 4936 possident,
3322 4884 3495 4940 neque
3523 4872 3610 4929 di-

2033 4963 2251 5027 vidunt,
2311 4959 2405 5016 sed
2442 4967 2792 5028 exspectant,
2851 4973 3131 5028 usquequo
3176 4959 3256 5015 eis
3299 4976 3397 5030 per
3421 4961 3609 5017 Iesum

2032 5055 2390 5110 distribuatur
2411 5053 2465 5109 in
2495 5062 2716 5107 sortem.
2736 5051 2924 5107 Nonne
2945 5053 3049 5108 hoc
3063 5054 3341 5110 evidenter
3356 5068 3442 5111 est
3466 5058 3610 5126 quod

2032 5145 2319 5216 Apostolus
2359 5144 2509 5208 dicit,
2543 5143 2608 5197 ad
2636 5142 2891 5199 llebrazos
2935 5145 3178 5201 scribens
3229 5147 3295 5201 de
3338 5147 3612 5217 prioribus

2032 5235 2308 5305 patribus,
2357 5248 2492 5305 quos
2522 5232 2652 5286 dicit
2695 5233 2798 5289 ﬁde
2842 5234 3107 5304 placuisse
3134 5235 3264 5301 Deo,
3302 5244 3356 5291 et
3402 5236 3612 5293 addidit

2031 5331 2258 5384 dicens:
2300 5348 2317 5379 (
2354 5328 2419 5382 111
2451 5336 2631 5382 autem
2682 5344 2871 5384 omnes
2923 5330 3291 5385 testimonium
3346 5329 3613 5387 habentes

2029 5435 2126 5489 per
2151 5420 2329 5483 ﬁdem,
2366 5419 2603 5473 nondum
2646 5421 2923 5476 consecuti
2972 5430 3097 5476 sunt
3137 5420 3609 5491 repromissiones,

2033 5514 2143 5568 Deo
2190 5529 2287 5583 pro
2316 5513 2469 5567 nobis
2512 5512 2712 5582 aliquid
2757 5514 2948 5569 melius
2987 5511 3323 5584 providente,
3369 5514 3512 5569 utin
3542 5530 3611 5571 ea

2034 5606 2153 5659 sine
2200 5605 2355 5659 nobis
2387 5604 2610 5674 perfecti
2651 5603 3027 5660 efﬁcerentur?
3056 5624 3074 5657 ι
3123 5602 3308 5674 (Hebr.
3344 5604 3446 5676 XI.)
3498 5605 3613 5662 Ha-

2035 5698 2164 5753 bent
2206 5696 2369 5769 igitur
2399 5696 2870 5766 repromissionem
2917 5710 3092 5762 suam,
3119 5703 3173 5750 et
3201 5696 3610 5766 requieverunt,

3214 5786 3291 5848 3h
