3996 6176
388 342 411 393 ι
422 336 521 390 061

1023 324 1086 379 n.
1127 288 1386 378 RABANi
1422 298 1641 375 unum
1683 312 2001 372 menter.
2045 309 2358 369 nucum.
2403 303 2689 362 orsnun
2728 298 2908 357 rans
2941 299 2983 355 ι.

3511 296 3647 356 1068

382 459 439 506 et
467 443 618 516 digni
649 438 877 512 iudicati
908 444 1035 493 sunt
1070 450 1167 506 per
1188 433 1404 505 Moysen
1448 443 1646 501 capere
1687 425 1965 483 bmrcdita-
1995 431 2047 489 Α
2141 420 2320 496 (iam)
2354 437 2373 471 ι
2405 417 2594 473 Tribui
2632 422 2813 469 autem
2841 410 2970 467 Levi
3019 423 3124 464 non
3164 406 3312 464 dedit
3354 410 3653 480 possessio-

385 551 527 605 tcnt;
564 540 937 590 verumtamen
979 530 1158 585 adhuc
1192 535 1248 581 et
1284 525 1385 596 ipsi
1420 530 1681 595 pugnant,
1712 522 1765 576 in
1791 531 1970 575 certa-

384 632 531 689 mine
559 636 687 685 sunt
710 641 812 697 pro
842 623 926 679 bis
952 622 1046 693 qui
1074 621 1176 677 sub
1205 618 1332 674 Iesu
1362 617 1614 672 militant.
1646 613 1755 669 Sed
1784 621 1841 696 et
1886 626 1971 667 re-

386 721 561 793 quiris
584 717 676 789 qui
713 691 843 771 sunt
872 691 1266 784 qui'pugnent,
1297 717 1352 762 et
1387 721 1509 778 quae
1535 713 1619 759 est
1646 691 1825 774 pugna
1867 702 1972 756 ista

388 791 552 882 quam
582 808 656 863 illi
692 804 922 877 gerunt?
947 803 1059 875 Ego
1088 801 1167 856 sic
1193 798 1448 861 arbitror,
1476 794 1618 864 quod
1645 807 1835 848 omnes
1875 791 1972 856 illi,

390 903 482 975 qui
513 900 846 957 dormierunt
874 902 999 948 ante
1028 906 1146 955 nos,
1179 896 1363 961 patres
1404 890 1643 957 pugnent
1695 882 1974 937 nobiscum

392 969 449 1048 et
477 988 732 1058 adiuvent
756 1000 857 1039 nos
882 980 1222 1038 orationibus
1247 977 1380 1031 suis.
1417 976 1523 1030 lsta
1553 987 1789 1041 namque
1814 969 1976 1026 etiam

396 1084 685 1156 quemdam
726 1079 793 1134 de
828 1075 1135 1132 senioribus
1174 1068 1450 1140 magistris
1490 1066 1669 1121 audivi
1708 1065 1976 1119 dicentem

397 1153 453 1233 in
479 1191 544 1231 eo
570 1172 689 1228 loco
717 1171 770 1225 in
805 1184 913 1240 quo
938 1168 1201 1238 scriptum
1231 1171 1315 1217 est
1348 1161 1404 1215 in
1435 1156 1684 1213 Numeris
1722 1154 1872 1228 (Cap.
1902 1153 1978 1224 1v)

395 1267 521 1338 quia
568 1262 809 1331 ablinget
854 1270 1131 1330 synagoga
1178 1252 1266 1308 illa
1294 1253 1435 1307 hanc
1480 1261 1804 1320 synagogam
1841 1245 1983 1300 sicut

399 1334 627 1427 ablingit
652 1353 852 1407 vitulus
881 1349 1105 1404 herbam
1140 1345 1367 1398 viridem
1396 1341 1462 1396 de
1495 1352 1720 1408 campo;
1771 1334 1986 1389 dicebat

398 1450 543 1505 enim
556 1424 585 1499 γε
616 1442 801 1512 Quare
829 1437 1138 1510 huiusmodi
1180 1432 1472 1491 Similitndo
1504 1437 1716 1499 sumpta
1748 1434 1851 1489 est,
1878 1424 1984 1480 nisi

398 1539 528 1609 quia
564 1537 668 1591 hoc
700 1530 1105 1602 intelligendum
1148 1533 1234 1580 est
1278 1525 1333 1579 in
1373 1523 1492 1577 loco
1528 1519 1672 1590 quod
1704 1515 1987 1588 Synagoga

398 1626 637 1690 Domini,
664 1638 785 1694 qua:
822 1637 923 1676 nos
969 1616 1269 1691 praecessit,
1318 1614 1374 1668 in
1411 1612 1617 1668 sanctis
1653 1616 1792 1674 oret,
1831 1615 1887 1663 et
1932 1606 1987 1661 in

400 1718 584 1788 lingua
613 1705 1268 1768 eonsumet‘adver‘sarias
1294 1714 1617 1773 synagogas,
1647 1697 1701 1751 id
1726 1704 1834 1762 est,
1861 1709 1988 1749 ora-

2041 958 2066 1002 Χ

2076 532 2095 565 ι
2142 526 2305 579 nem;
2338 508 2431 566 sed
2461 506 2729 564 sacrificia
2758 514 2813 560 et
2845 502 3084 556 victimze
3118 499 3334 555 Domini
3362 499 3458 554 Dei
3492 498 3659 556 lsraci

2079 622 2097 655 ι
2143 604 2256 673 ipsa
2277 609 2361 657 est
2383 598 2501 669 ejus
2525 596 2833 659 hmreditas,
2861 593 3002 648 sicut
3044 591 3258 646 locutus
3281 597 3362 644 est
3392 589 3488 653 illi,
3504 609 3524 643 ι
3549 598 3657 645 etc.

2072 698 2277 755 Levitis
2302 709 2479 765 neque
2492 692 2699 764 Moyses
2722 685 3253 744 dedithaareditatem
3278 697 3459 752 neque
3480 681 3662 738 Iesus.

2074 794 2255 861 Quare
2281 788 2411 859 quid
2444 786 2592 840 aliud
2613 781 2971 852 sentiendum
2999 788 3101 843 est,
3135 775 3239 830 nisi
3264 774 3407 843 quod
3436 782 3565 828 sunt
3604 774 3665 829 in

2075 881 2315 940 Ecclesia
2343 876 2559 933 Domini
2594 873 2815 943 quidam
2850 869 2944 939 qui
2984 869 3182 922 virtute
3211 865 3376 920 animi
3418 872 3476 919 et
3501 863 3670 918 meri-

2054 967 2255 1027 ltorum
2292 968 2467 1041 gratia
2507 972 2733 1021 caeteros
2779 960 3033 1017 homines
3076 956 3417 1028 praecedunt,
3468 954 3673 1024 quibus

2079 1062 2195 1132 ipse
2221 1060 2481 1114 Dominus
2524 1070 2645 1110 esse
2687 1048 2976 1107 haereditas
3015 1048 3232 1104 dicitur.
3285 1046 3353 1101 Et
3387 1045 3437 1101 si
3472 1044 3558 1100 fas
3584 1050 3675 1100 est

2081 1150 2268 1205 audire
2309 1148 2363 1202 in
2395 1145 2617 1209 talibus,
2647 1150 2705 1197 et
2743 1140 2931 1196 arcani
2978 1138 3247 1194 reconditi
3294 1136 3501 1207 aliquid
3542 1150 3675 1206 ape.

2082 1243 2211 1305 rire,
2239 1241 2517 1295 videamus
2549 1251 2617 1291 ne
2665 1233 2807 1290 forte
2839 1233 2971 1289 illud
3015 1233 3088 1287 sit
3130 1231 3277 1303 quod
3322 1228 3676 1285 sacerdotum

2083 1346 2140 1394 et
2186 1337 2498 1392 Levitarum
2549 1331 2777 1403 ﬁguram
2831 1328 3063 1383 latenter
3111 1324 3385 1389 ostendit,
3439 1322 3569 1392 quia
3618 1321 3678 1376 in

2085 1430 2233 1486 omni
2264 1426 2483 1501 populo,
2514 1436 2703 1480 eorum
2735 1422 2855 1477 dico
2880 1420 2969 1490 qui
3013 1418 3314 1479 salvantur,
3343 1413 3520 1484 major
3557 1413 3680 1468 sine

2088 1522 2253 1578 dubio
2276 1535 2404 1592 pars
2430 1524 2515 1574 est
2550 1526 2606 1570 et
2634 1514 2792 1585 longe
2819 1509 3162 1566 numerosior
3207 1522 3394 1562 eorum
3423 1505 3517 1576 qui
3546 1504 3683 1571 sin)-

2088 1612 2303 1684 pliciter
2337 1608 2648 1671 credentes,
2694 1606 2747 1659 in
2782 1604 2977 1658 timore
3023 1600 3119 1655 Dei
3170 1614 3270 1669 per
3301 1595 3680 1668 Opera’bona,

2090 1683 2189 1773 per
2217 1703 2472 1758 honestos
2498 1710 2675 1751 mores
2703 1698 2759 1748 et
2784 1699 2937 1747 actus
2964 1688 3273 1762 probabiles
3302 1685 3531 1741 Domino
3554 1683 3685 1754 pla-

400 1806 641 1861 tionibus
677 1809 732 1856 et
768 1799 1023 1871 precibus
1074 1791 1415 1849 adversarios
1462 1796 1680 1843 nostros
1711 1782 1993 1840 absumet?
2021 1784 2068 1844 B
2095 1802 2248 1860 cem;
2289 1790 2446 1863 pauci
2487 1802 2620 1842 vero
2661 1791 2787 1841 sunt
2828 1791 2883 1836 et
2920 1780 3079 1835 valde
3124 1778 3237 1833 rari
3272 1775 3363 1847 qui
3398 1774 3689 1846 sapientize

404 1898 524 1954 Non
557 1909 687 1963 ergo
726 1892 781 1946 in
823 1888 992 1945 armis
1032 1881 1379 1958 pugnandum
1416 1891 1500 1935 est
1536 1877 1691 1933 nobis
1735 1874 1996 1931 adversus

402 1991 593 2045 hostes
634 1992 851 2038 nostros
888 1976 1212 2040 invisibiles,
1241 1971 1339 2028 sed
1365 1968 1705 2026 orationibus
1733 1973 1788 2021 et
1814 1963 1996 2019 verbis

404 2078 665 2143 Domini,
724 2069 1170 2129 meditationibus
1220 2073 1277 2120 et
1324 2061 1580 2133 operibus
1611 2072 1699 2143 Aac
1749 2056 1996 2112 sensibus

406 2169 572 2227 rectis
602 2185 616 2222 :
645 2138 725 2221 sic
758 2164 905 2218 enim
936 2158 1289 2214 armabantur
1325 2161 1380 2208 et
1405 2138 1625 2223 patres:
1640 2148 1744 2204 fide
1774 2155 1833 2203 et
1867 2161 1998 2216 ope-

407 2261 561 2316 n’bus
589 2258 902 2318 vincentes;
956 2251 1037 2306 sic
1080 2247 1286 2303 umbra:
1331 2253 1388 2300 et
1434 2240 1766 2312 exemplaria
1815 2238 1999 2293 deser-

408 2352 568 2407 viunt
617 2347 921 2404 cmlestium
963 2343 1020 2398 bi
1062 2340 1156 2412 qui
1200 2338 1373 2409 legem
1407 2334 1732 2404 suscipiunt,
1760 2344 1880 2400 quae
1915 2336 2000 2385 est

411 2442 559 2500 illius
593 2456 734 2496 vera:
770 2438 904 2509 legis
940 2435 1162 2499 umbra;
1199 2431 1275 2486 ita
1313 2437 1370 2485 et
1401 2426 1679 2497 exemplar
1720 2436 1776 2479 et
1804 2422 1999 2477 umbra

415 2541 813 2605 consequenter
855 2535 984 2583 sunt
1023 2523 1306 2580 divisionis
1351 2520 1593 2576 etelestis
1619 2518 1675 2572 hi
1703 2516 1796 2587 qui
1824 2515 1878 2570 in
1907 2514 2002 2569 Iu-

414 2631 527 2684 daea
557 2623 929 2681 haereditatem
960 2618 1207 2674 dividunt
1234 2624 1411 2670 terras.
1448 2612 1580 2666 Erat
1609 2624 1739 2681 ergo
1770 2607 1822 2662 in
1848 2606 2002 2662 C(Blis

415 2719 639 2782 veritas,
669 2713 864 2770 umbra
892 2725 1023 2766 vero
1048 2717 1110 2765 et
1129 2704 1412 2775 exemplar
1437 2701 1689 2758 veritatis
1722 2700 1779 2755 in
1805 2697 1999 2762 terris;

419 2819 474 2865 et
502 2810 674 2865 donec
702 2806 901 2861 umbra
932 2803 1050 2858 haec
1088 2797 1373 2855 constabat
1410 2795 1466 2851 in
1494 2795 1678 2859 terris,
1705 2802 1826 2849 erat
1847 2789 2005 2845 Ieru-

416 2901 587 2957 salem
620 2896 921 2961 terrestris,
946 2900 1067 2948 erat
1111 2889 1395 2962 templum,
1424 2895 1546 2943 erat
1590 2884 1779 2951 altare,
1808 2891 1864 2939 et
1887 2890 2007 2938 erat

422 2990 658 3046 visibilis
695 2988 896 3052 cultus,
926 2991 1085 3042 erant
1110 2978 1392 3054 pontifices
1420 2985 1477 3034 et
1512 2977 1842 3041 Sacerdotes,
1877 2990 2007 3030 con-

417 3080 637 3137 stabant
674 3077 840 3132 etiam
870 3074 1120 3130 civitates
1161 3079 1215 3126 et
1245 3068 1351 3124 vici
1376 3065 1550 3133 Iudae,
1582 3073 1643 3121 et
1670 3064 1852 3120 omnia
1890 3062 2007 3117 inec

418 3184 540 3241 qum
581 3182 723 3224 nunc
791 3167 845 3221 in
887 3164 1027 3219 libro
1066 3163 1171 3217 hoc
1212 3159 1483 3229 descripta
1524 3171 1646 3213 esse
1683 3155 2003 3211 recitantur.
2033 3126 2079 3196 Ο

418 3263 554 3316 Cum
580 3273 712 3313 vero
740 3257 794 3313 in
828 3255 1065 3311 adventu
1088 3251 1387 3308 Salvatoris
1415 3250 1508 3305 Dei
1560 3248 1736 3302 nostri
1766 3248 1833 3301 de
1856 3244 2008 3301 caelis

420 3348 836 3413 descendentis,
874 3346 1080 3399 veritas
1119 3344 1188 3399 de
1224 3342 1371 3396 terra
1413 3349 1537 3395 orta
1571 3347 1674 3404 est,
1708 3347 1766 3393 et
1799 3336 2008 3408 iustitia

422 3441 491 3497 de
517 3438 656 3495 coelo
678 3435 977 3508 prospexit,
999 3434 1207 3489 umbras
1229 3440 1286 3487 et
1309 3428 1637 3500 exemplaria
1663 3427 2009 3493 ceciderunt;

424 3529 627 3586 cecidit
673 3526 820 3582 enim
868 3522 1204 3587 Jerusalem,
1260 3519 1457 3576 cecidit
1504 3517 1793 3586 templum,
1839 3514 2010 3570 altare

424 3619 701 3675 sublatum
725 3624 836 3682 est,
862 3623 922 3669 ut
950 3626 1128 3682 neque
1154 3613 1210 3667 in
1237 3618 1422 3667 monte
1448 3607 1713 3674 Garizim,
1750 3621 1927 3677 neque
1955 3606 2011 3660 in

423 3711 727 3769 Jerusalem
773 3711 845 3765 sit
893 3707 1044 3763 locus
1075 3706 1166 3762 ubi
1202 3710 1417 3776 oportet
1460 3702 1720 3767 adorare;
1773 3699 1867 3755 sed
1898 3697 2014 3753 veri

428 3804 745 3859 adoratores
768 3800 860 3869 qui
889 3799 1120 3853 adorant
1140 3795 1376 3860 Patrem,
1405 3793 1461 3848 in
1486 3792 1680 3863 spiritu
1704 3800 1760 3848 et
1782 3790 2014 3846 veritate

431 3895 680 3950 adorent.
720 3890 814 3946 Sic
847 3905 978 3961 ergo
1002 3895 1270 3960 praesente
1294 3885 1525 3941 veritate
1561 3892 1719 3954 typus
1745 3891 1800 3937 et
1821 3880 2014 3936 umbra

432 3983 702 4048 cessavit;
755 3989 811 4036 et
855 3986 977 4034 cum
1016 3979 1231 4033 adesset
1273 3974 1531 4045 templum
1561 3972 1715 4039 illud,
1744 3971 1888 4042 quod
1916 3985 2016 4040 per

429 4072 697 4139 Spiritum
726 4070 825 4126 Dei
853 4078 908 4124 et
933 4069 1190 4123 virtutem
1217 4064 1480 4120 Altissimi
1511 4064 1565 4118 in
1595 4072 1753 4118 utero
1777 4060 2017 4133 Virginis

430 4160 752 4218 fabricatum
778 4167 884 4225 est,
909 4156 1151 4212 dirutum
1179 4163 1263 4210 est
1296 4151 1553 4223 templum
1567 4166 1632 4206 ex
1646 4148 1914 4221 lapidibus
1938 4146 2017 4204 fa-

429 4254 727 4309 bricatum:
745 4253 933 4307 aderat
956 4248 1195 4321 pontifex
1209 4247 1514 4302 futurorum
1532 4232 1821 4310 bonorum,
1832 4257 2014 4299 cessa-

2093 1899 2314 1959 0peram
2343 1882 2560 1944 dantes,
2602 1884 2658 1932 et
2700 1881 2936 1930 mentem
2980 1886 3135 1926 suam
3165 1883 3356 1941 puram
3396 1865 3692 1920 mundam-

2095 1953 2201 2046 que
2236 1980 2538 2034 servantes,
2570 1975 2734 2036 atque
2772 1964 2828 2019 in
2863 1961 3118 2017 omnibus
3155 1956 3432 2030 praeclaris
3468 1953 3693 2009 virtutie

2095 2068 2199 2123 bus
2238 2076 2367 2121 suas
2395 2062 2605 2116 animas
2637 2055 2968 2117 excolentes,
2999 2049 3214 2107 caneris
3258 2046 3692 2118 simplicioribus

2094 2174 2194 2231 per
2218 2154 2481 2213 doctrina:
2509 2150 2743 2223 gratiam
2770 2146 3077 2203 illuminant
3103 2144 3205 2199 iter
3228 2157 3337 2211 quo
3366 2137 3694 2211 gradiuntur

2096 2227 2152 2305 et
2173 2248 2396 2303 veniunt
2424 2243 2493 2298 ad
2522 2240 2772 2297 salutem.
2824 2234 2890 2290 Hi
2938 2233 3189 2289 fortassis
3237 2229 3340 2286 sub
3365 2227 3691 2283 Levitarum

2100 2348 2156 2395 et
2182 2336 2527 2392 sacerdotum
2554 2329 2770 2386 nomine
2796 2325 3168 2396 designantur,
3201 2336 3434 2392 quorum
3459 2316 3696 2373 haeredi—

2096 2441 2185 2487 tas
2218 2430 2335 2500 ipse
2371 2425 2634 2482 Dominus
2675 2427 2778 2484 est,
2808 2418 2901 2490 qui
2937 2424 3023 2472 est
3058 2414 3348 2487 sapientia,
3385 2425 3553 2481 quam
3579 2422 3697 2483 pne

2101 2499 2314 2576 caeteris
2350 2514 2603 2572 omnibus
2642 2506 2899 2565 dilexisse
2926 2505 3301 2579 perhibentur.
3352 2499 3577 2556 Invenio
3607 2506 3698 2552 ta-

2101 2625 2225 2667 men
2257 2608 2493 2678 aliquam
2521 2597 2883 2657 differentiam
2914 2597 2971 2650 in
2999 2595 3085 2650 his
3111 2609 3232 2664 qua:
3261 2590 3475 2662 Moyses
3504 2587 3699 2643 distri-

2100 2700 2220 2757 buit
2256 2707 2312 2754 et
2355 2697 2409 2752 in
2451 2694 2538 2750 his
2576 2708 2697 2762 qua:
2733 2690 2913 2747 Iesus.
2961 2686 3171 2756 Moyses
3208 2695 3443 2751 namque
3481 2679 3701 2734 duabus

2103 2800 2157 2848 et
2183 2791 2347 2848 semis
2393 2786 2642 2844 tribubus
2691 2794 2894 2841 terram
2942 2781 3278 2836 distribuens
3322 2776 3470 2833 ultra
3495 2772 3699 2829 Iorda-

2103 2900 2252 2951 nem,
2301 2897 2408 2938 non
2457 2878 2607 2935 dedit
2650 2875 2856 2932 Levitis
2900 2869 3193 2929 habitaculi
3238 2867 3547 2939 portionem
3579 2875 3745 2935 quar'

2105 2993 2201 3033 eos
2228 2971 2598 3043 contingebat.
2643 2965 2803 3022 Iesus
2849 2972 3029 3020 autem
3075 2961 3224 3016 dedit
3267 2974 3376 3013 non
3411 2956 3590 3012 solum
3617 2956 3705 3011 his

2106 3066 2355 3123 tribubus
2388 3076 2524 3132 quas
2548 3058 2668 3139 ipse
2697 3056 2996 3127 dispensat,
3036 3062 3229 3107 verum
3252 3049 3415 3104 etiam
3444 3046 3552 3101 illis
3579 3058 3707 3115 qua:

2109 3176 2142 3216 a
2169 3158 2350 3230 Moyse
2390 3166 2541 3211 trans
2566 3151 2854 3207 Iordanem
2894 3147 3114 3205 fuerant
3150 3143 3448 3201 collocata.
3480 3139 3706 3194 Habita-

2109 3252 2228 3308 eula
2256 3248 2457 3306 etenim
2472 3245 2676 3303 Levitis
2701 3240 2767 3299 in"
2784 3240 3010 3313 singulis
3034 3236 3283 3294 tribubus
3305 3235 3702 3295 decernuntur,

2108 3350 2250 3398 utet
2275 3338 2546 3412 permulto
2592 3332 3030 3406 magnificentius
3077 3326 3399 3401 mysterium
3443 3335 3707 3395 noscere-

2110 3450 2251 3490 mus.
2278 3409 2396 3488 iste
2427 3429 2575 3486 enim
2615 3428 2749 3482 ordo
2776 3423 3050 3480 Leviticus
3095 3426 3150 3474 et
3200 3412 3578 3477 sacerdotalis,
3610 3409 3709 3481 qui

2110 3528 2208 3583 Dei
2241 3523 2522 3595 sapientia:
2551 3532 2608 3577 et
2634 3516 2877 3575 scientia:
2900 3529 3123 3595 operam
3156 3507 3444 3582 impendit,
3471 3520 3583 3561 non
3609 3518 3711 3574 po-

2114 3617 2214 3674 tuit
2243 3632 2275 3670 a
2299 3590 2482 3685 Moyse
2508 3618 2711 3666 sortem
2744 3590 3101 3663 habitationis
3130 3614 3400 3671 accipere,
3432 3596 3565 3668 quia
3594 3610 3707 3665 non

2112 3717 2233 3764 erat
2258 3704 2469 3777 Moyses
2498 3700 2761 3766 veritatis,
2804 3697 2897 3754 sed
2925 3696 3133 3751 umbra:
3166 3689 3499 3760 exemplaris
3536 3686 3709 3742 mini-

2115 3809 2247 3856 ster.
2279 3794 2437 3851 Iesus
2470 3809 2602 3850 vero
2627 3791 2889 3846 Dominus
2926 3795 3131 3853 noster,
3158 3783 3251 3856 qui
3287 3789 3407 3837 erat
3438 3778 3712 3850 sapientia

2115 3890 2234 3954 Dei,
2272 3886 2389 3960 ipse
2417 3883 2728 3942 habitacula
2776 3880 3116 3953 sapientibus
3153 3874 3378 3950 praebet.
3411 3872 3532 3929 Non
3560 3872 3711 3928 enim

2115 3980 2294 4052 potuit
2340 3977 2523 4034 dicere
2565 3974 2810 4047 Moyses,
2873 3991 2891 4023 ‹
2936 3962 3104 4034 Vade,
3135 3968 3311 4024 vende
3353 3963 3536 4019 omnia
3588 3975 3713 4031 qua:

2118 4072 2309 4137 habes,
2351 4077 2408 4125 et
2448 4068 2516 4123 da
2560 4066 2908 4139 pauperibus,
2937 4072 2993 4118 et
3018 4060 3243 4117 habebis
3285 4053 3609 4117 thesaurum
3654 4053 3739 4108 in:

2118 4163 2302 4229 cmlis;
2334 4169 2390 4217 et
2415 4160 2560 4225 veni,
2598 4172 2828 4228 sequere
2858 4172 2945 4211 me
2990 4153 3208 4208 (Matth.
3235 4150 3377 4222 xix).
3412 4170 3433 4203 ι
3486 4147 3603 4203 Hoc
3626 4155 3711 4202 est

2118 4254 2263 4310 enim
2289 4263 2499 4325 partem
2530 4254 2659 4310 dare
2681 4252 2905 4307 Levitis.
2933 4248 3042 4305 Nec
3064 4249 3239 4319 potuit
3262 4247 3446 4307 dicere
3472 4242 3708 4314 Moyses,

428 4353 622 4400 verum
644 4342 929 4416 Ροθῑίίίαεδ
955 4350 1233 4396 taurorum
1257 4347 1313 4393 ει
1332 4338 1640 4404 hircorum;
1672 4335 2020 4407 VenilAHHUS
2121 4345 2249 4416 quia
2282 4364 2301 4395 ι
2337 4345 2428 4416 qui
2459 4360 2567 4398 non
2596 4342 2989 4399 renuntiaverit
3018 4339 3274 4395 omnibus
3303 4352 3423 4407 qua:
3446 4334 3707 4407 possidet.

433 4438 527 4493 Dei
560 4437 652 4507 qui
682 4436 820 4491 tollit
847 4442 1068 4505 peccata
1095 4432 1304 4498 mundi,
1331 4431 1538 4487 destitit
1564 4447 1737 4504 agnus
1760 4446 1828 4487 ex
1852 4447 2019 4501 pecu-

427 4531 586 4585 dibus
615 4541 943 4598 assumptus,
980 4535 1036 4583 et
1075 4526 1441 4598 nequidquam
1484 4533 1650 4596 atque
1684 4526 1918 4580 inaniter
1938 4533 2020 4580 tot

431 4622 645 4677 saaculis
665 4621 963 4694 jugulatus.
1000 4619 1254 4675 Refertur
1294 4630 1472 4674 autem
1499 4621 1675 4689 prima
1702 4620 1757 4674 et
1779 4618 2015 4674 secunda

436 4713 761 4768 nmreditatis
782 4711 924 4766 facta
952 4711 1178 4766 divisio:
1204 4711 1375 4782 prima
1402 4712 1617 4781 quidem
1646 4725 1744 4780 per
1764 4709 2013 4781 Moysen;

434 4804 670 4860 secunda
701 4818 852 4871 vero,
878 4821 1000 4876 qua
1027 4814 1082 4861 et
1108 4806 1377 4875 patentior
1401 4813 1506 4869 est,
1534 4819 1632 4875 per
1657 4801 1843 4859 Iesum
1872 4801 2016 4858 facta

438 4896 793 4952 describitur:
818 4904 872 4950 et
895 4897 1104 4967 Moyses
1128 4906 1278 4952 trans
1298 4895 1588 4952 Iordanem
1616 4895 1779 4951 tribui
1804 4895 2013 4960 Ruben,

435 4996 492 5045 et
522 4987 685 5043 tribui
711 4986 848 5053 Gad,
873 4996 928 5043 et
956 4988 1192 5044 dimidiae
1221 4989 1385 5044 tribui
1420 4987 1689 5052 Manasse,
1718 4985 2023 5056 possessio-

381 5104 385 5108 ·
437 5097 564 5138 nem
596 5082 869 5146 decernit;
909 5083 1091 5138 ueteri
1133 5098 1262 5138 vero
1287 5096 1480 5137 omnes
1513 5095 1612 5152 per
1632 5079 1816 5135 Iesum
1850 5080 2023 5134 susci-

429 5172 593 5241 piunt
637 5170 1032 5227 haereditatem.
1101 5170 1347 5227 Diximus
1392 5170 1509 5241 jam
1558 5170 1712 5240 prius
1748 5168 2020 5239 quomodo

434 5278 531 5335 per
555 5262 734 5336 legem
755 5263 1081 5335 placuerunt
1100 5262 1233 5328 Deo,
1258 5261 1627 5332 praecedentes
1656 5268 1898 5330 tempore
1925 5272 2019 5314 eos

435 5358 529 5429 qui
556 5372 645 5430 pet
677 5358 837 5414 fidem
859 5356 986 5413 Iesu
1016 5356 1084 5411 ad
1109 5355 1377 5426 promissa
1406 5353 1755 5424 perveniunt,
1781 5352 2019 5408 nondum

436 5462 501 5504 ea
533 5461 657 5519 qua
694 5447 938 5519 perfecta
990 5455 1116 5503 sunt
1164 5438 1612 5515 consequuntur:
1643 5452 2022 5513 exspectantes

435 5554 531 5594 eos
571 5541 665 5609 qui
708 5540 1060 5611 posteriores,
1102 5538 1318 5594 diverso
1363 5535 1582 5607 quidem
1629 5521 1893 5607 tempore,
1928 5535 2024 5592 sed

439 5647 545 5687 una
590 5631 697 5688 iide
738 5632 1049 5703 placebunt,
1098 5632 1238 5688 sicut
1260 5630 1552 5702 Apostolus
1575 5630 1761 5686 dixit:
1802 5629 2024 5686 Utinam

2124 4456 2231 4494 non
2262 4446 2438 4509 potest
2471 4450 2626 4493 meus
2669 4450 2790 4491 esse
2831 4431 3128 4504 discipulus
3158 4429 3315 4502 (Luc.
3340 4426 3477 4499 xiv).
3515 4444 3534 4477 ι
3592 4423 3713 4479 Non

2124 4531 2269 4586 enim
2313 4528 2491 4609 potuit
2523 4529 2703 4587 dicere
2732 4527 2943 4597 Moyses
2975 4543 2988 4578 :
3024 4541 3043 4574 ε
3074 4521 3269 4579 Omnis
3307 4518 3451 4576 enim
3480 4518 3577 4588 qui
3603 4532 3711 4571 non

2123 4623 2303 4678 oderit
2344 4630 2554 4691 patrem
2583 4620 2666 4674 vel
2707 4626 2963 4683 matrem,
2993 4623 3049 4671 et
3078 4614 3278 4669 fratres
3307 4623 3364 4668 et
3388 4624 3610 4689 sorores
3656 4614 3715 4661 et

2121 4719 2283 4783 ﬁlius,
2314 4727 2369 4773 et
2416 4718 2638 4787 insuper
2676 4715 2841 4769 etiam
2902 4712 3140 4767 animam
3171 4724 3353 4772 suam,
3394 4720 3504 4763 non
3530 4710 3709 4775 potest

2121 4825 2243 4865 esse
2272 4824 2425 4867 meus
2448 4806 2743 4879 discipulus
2770 4805 2933 4879 (Ibid.
2961 4821 3008 4859 υ.
3033 4803 3149 4874 26).
3182 4822 3201 4854 ι
3243 4799 3359 4855 Hoc
3387 4797 3600 4869 Moyses
3624 4792 3703 4848 fa-

2120 4919 2245 4959 cere
2283 4919 2390 4958 non
2425 4902 2620 4973 potuit.
2652 4900 2855 4956 idcirco
2894 4895 3203 4952 habitacula
3249 4891 3594 4948 sacerdotum
3623 4886 3706 4941 vel

2122 4993 2435 5049 chitarum
2474 4992 2790 5062 dispensare
2831 5003 2939 5044 non
2983 4986 3179 5057 potuit.
3222 4983 3422 5039 Beatus
3457 4993 3592 5051 ergo
3625 4984 3708 5031 est

2122 5086 2214 5155 qui
2247 5100 2307 5140 se
2335 5084 2554 5140 exhibet
2598 5081 2778 5144 talem,
2809 5091 2865 5135 et
2901 5077 2957 5133 in
2992 5078 3116 5133 istis
3145 5074 3396 5131 omnibus
3421 5084 3544 5141 qua:
3569 5081 3702 5138 pm-

2121 5175 2253 5246 cipit
2275 5174 2434 5229 Iesus
2472 5173 2750 5228 invenitur
2780 5185 2902 5225 esse
2934 5166 3228 5238 perfectus;
3254 5171 3317 5218 ut
3340 5162 3409 5216 ab
3431 5158 3565 5215 Iesu
3597 5172 3708 5213 sor»

2121 5274 2232 5321 tem
2278 5265 2517 5322 cmlcstis
2557 5261 2855 5319 mansionis
2894 5252 3128 5328 accipiat
3173 5258 3228 5311 in
3258 5252 3473 5315 futuro;
3501 5247 3571 5303 de
3602 5260 3708 5318 quo

2118 5358 2237 5429 ipse
2264 5357 2524 5412 Dominus
2562 5355 2675 5409 ait:
2706 5371 2725 5403 ‹
2759 5353 2943 5416 Pater,
2973 5350 3096 5405 volo
3134 5355 3195 5403 ut
3220 5346 3311 5402 ubi
3351 5357 3455 5415 ego
3482 5355 3625 5403 sum,
3653 5346 3708 5392 et

2124 5446 2213 5502 isti
2240 5448 2348 5503 sint
2380 5460 2591 5502 mecum
2618 5443 2802 5517 (Joan.
2832 5441 2990 5513 xvu).
3029 5460 3047 5493 ι
3081 5439 3149 5494 Et
3178 5457 3196 5489 α
3233 5435 3388 5491 Sicut
3418 5448 3519 5505 ego
3549 5431 3606 5484 in
3632 5440 3707 5493 te,

2125 5549 2181 5595 et
2204 5549 2260 5594 tu
2290 5540 2345 5594 in
2372 5554 2460 5595 me
2485 5553 2653 5593 unum
2682 5552 2892 5602 sumus,
2922 5545 2978 5591 et
3005 5534 3093 5590 isti
3134 5533 3190 5587 in
3222 5530 3381 5587 nobis
3405 5538 3576 5582 unum
3603 5523 3707 5579 sint

2126 5630 2291 5704 (Ibid.
2320 5648 2367 5686 υ.
2393 5626 2507 5698 ει).
2540 5650 2557 5683 ι
2592 5628 2747 5697 Quod
2774 5628 2821 5683 si
2851 5626 3077 5682 audiens
3101 5620 3471 5696 perfectorum
3495 5625 3554 5673 et
3579 5612 3701 5670 emi-

440 5722 557 5776 ⁸ί¹¹⁶
585 5722 741 5779 “bis
768 5722 1160 5793 Ρετῖοοῑὶοηοω
1204 5731 1671 5793 consequerentur
1697 5718 1749 5793 (ι
1767 5717 1892 5776 Cor.
1923 5721 2021 5793 tv).
2127 5720 2438 5778 nentiorum
2476 5718 2852 5775 haereditatem
2884 5712 3170 5772 Dominum
3210 5710 3350 5777 dici,
3394 5709 3617 5781 ignoras
3653 5707 3729 5757 et.
