4000 6186
357 328 498 386 I069

1278 329 1628 395 COMMENT.
1669 331 2036 391 INLIBRUM
2074 332 2310 392 JOSUE.
2347 364 2406 383 η-
2455 337 2581 393 LIB.
2621 338 2704 392 III.

3471 344 3607 401 I070

352 439 591 511 ambigis
629 439 758 508 quid
804 439 933 497 illud
978 442 1051 498 sit
1090 443 1232 512 quod
1266 444 1370 498 sub
1409 444 1509 499 hoc
1540 444 1759 501 nomine
1793 445 1934 500 desi-
1962 453 2009 512 Α
2045 464 2064 497 c
2107 460 2261 513 rum,
2300 462 2400 517 per
2444 449 2618 504 tribus
2666 451 2829 505 Israel
2876 462 3021 508 sorte
3063 457 3241 510 omnia
3274 458 3597 528 dividentes,

352 538 577 603 gnatur,
607 531 730 587 audi
759 530 885 600 quia
922 531 1184 589 Dominus
1230 534 1493 603 sapientia
1521 542 1624 588 est.
1675 533 1773 589 Cui
1800 550 1929 607 ergo

353 622 557 679 dicitur
588 622 890 677 ‘bzereditas
922 637 1044 679 esse
1091 624 1370 689 Dominus,
1407 625 1509 679 iste
1561 626 1930 685 haereditatem

353 716 634 786 sapientiae
659 717 823 786 capit.
877 717 1137 773 [Marinus
1171 720 1383 789 iustitia
1412 720 1630 777 dicitur.
1676 721 1774 778 Cui
1802 738 1932 794 ergo

355 807 615 867 Dominus
656 808 945 864 Iucreditas
983 818 1107 876 est,
1147 811 1249 866 ist:
1296 807 1667 868 hiereditatem
1707 813 1932 882 iustitiae

353 900 725 977 consequitur.
760 900 1020 956 Dominus
1057 916 1161 970 pax
1196 911 1301 967 est,
1331 904 1588 961 Dominus
1634 905 1930 975 redemptio

352 997 456 1053 est,
488 988 755 1045 Dominus
801 989 948 1049 salus
975 1000 1076 1056 est,
1107 1000 1164 1047 et
1190 992 1247 1046 in
1269 993 1496 1049 Domino
1521 1004 1648 1050 sunt
1690 996 1930 1053 thesauri

352 1079 632 1149 sapientia:
676 1089 732 1134 et
773 1080 1013 1137 scientiae
1079 1081 1379 1138 absconditi
1423 1099 1438 1137 :
1485 1085 1600 1140 haec
1647 1087 1828 1142 omnia
1873 1090 1929 1143 in

349 1171 723 1229 baereditatem
747 1173 1008 1242 percipiet
1031 1173 1185 1242 cujus
1211 1175 1503 1237 bzereditas
1526 1177 1785 1232 Dominus
1812 1176 1927 1234 fue-

348 1262 443 1316 rit.
494 1246 896 1318 Verumtamen‘
925 1271 982 1317 et
1029 1263 1119 1327 isti
1163 1265 1361 1334 quibus
1411 1265 1675 1334 sapientia
1725 1266 1843 1333 Dei,
1875 1275 1932 1323 et

346 1353 575 1407 verbum
604 1353 721 1418 Dei,
750 1361 808 1408 et
839 1354 1038 1409 veritas
1063 1363 1118 1409 et
1134 1354 1345 1423 iustitia
1377 1369 1497 1412 esse
1532 1356 1819 1423 haereditas
1847 1356 1929 1413 di-

348 1443 535 1508 citur,
587 1441 977 1501 habitationem
1043 1444 1258 1501 interim
1328 1460 1450 1500 cum
1505 1446 1612 1501 illis
1658 1445 1936 1515 accipiunt

349 1550 585 1604 quorum
623 1535 912 1590 haereditas
940 1536 1168 1590 habetur
1201 1553 1255 1595 tn
1289 1538 1468 1602 terris,
1501 1546 1559 1593 ut
1594 1554 1659 1594 ex
1692 1538 1928 1608 ipsorum

351 1626 628 1684 consortio
674 1628 728 1682 bi
786 1628 879 1698 qui
930 1643 1030 1698 per
1077 1630 1397 1701 semetipsos
1451 1631 1686 1686 nondum
1747 1630 1929 1685 valent

348 1717 641 1788 participes
687 1716 993 1775 elliciantur
1036 1719 1313 1789 sapientiae
1361 1730 1416 1775 et
1462 1721 1703 1777 scientia:
1728 1721 1845 1787 Dei,
1872 1728 1930 1776 et

2035 554 2057 587 ι
2100 533 2243 592 sicut
2274 546 2607 608 praeceperat
2628 538 2890 596 Dominus
2928 542 2983 597 in
3008 558 3171 599 manu
3199 547 3365 618 Moysi
3406 565 3597 607 novem

2036 645 2053 678 ι
2102 629 2370 694 tribubus,
2397 640 2454 685 et
2480 631 2717 687 dimidia:
2746 632 2930 687 tribui.
2981 634 3201 692 Duabus
3246 640 3389 694 enim
3424 643 3596 697 tribu-

2035 734 2053 766 e
2101 716 2201 771 bus
2249 726 2303 773 et
2351 719 2585 774 dimidia:
2631 718 2855 777 dederat
2897 721 3105 793 Moyses
3140 735 3289 782 trans
3309 726 3599 786 Iordanem

2032 826 2051 861 ι
2096 808 2522 877 possessionem:
2548 810 2751 879 absque
2766 810 2987 875 Levitis,
3002 813 3093 881 qui
3120 814 3253 868 nihil
3278 828 3601 886 acceperunt

2034 915 2051 949 ι
2099 899 2243 953 inter
2272 897 2473 953 fratres
2500 914 2646 966 suos,
2679 901 2771 956 sed
2801 901 2856 955 in
2888 917 3076 958 eorum
3112 915 3491 960 successerant
3527 907 3603 962 lo-

2035 1006 2053 1039 c
2099 1004 2245 1053 cum,
2276 1007 2294 1041 ι
2327 998 2434 1043 etc.
2488 990 2768 1049 Discamus
2812 1005 2877 1046 ex
2927 992 3043 1063 lege
3075 1009 3240 1063 quam
3296 999 3601 1052 necessarie

2027 1079 2229 1148 scripta
2269 1078 2340 1134 sit
2382 1088 2542 1134 terrae
2582 1079 2801 1147 divisio,
2849 1097 2970 1151 qua:
3009 1084 3187 1152 primo
3224 1094 3464 1155 tempore
3504 1102 3602 1156 per

2028 1169 2267 1241 Moysen,
2308 1172 2545 1227 secundo
2572 1188 2669 1241 per
2693 1169 2875 1229 Iesum
2912 1174 3053 1231 facta
3089 1187 3172 1233 est
3197 1194 3211 1232 :
3238 1193 3343 1233 non
3370 1187 3429 1233 ut
3456 1190 3604 1233 utra-

2027 1277 2133 1331 que
2160 1277 2467 1328 servemus,
2508 1265 2604 1319 sed
2631 1272 2690 1318 ut
2719 1266 2981 1321 rationem
3027 1269 3311 1339 utriusque
3338 1270 3596 1332 dicentes,

2028 1353 2175 1411 illam
2221 1353 2393 1410 solam
2440 1365 2719 1411 teneamus
2764 1374 2886 1427 qua:
2932 1359 3000 1413 ab
3026 1357 3151 1414 .Iesu
3194 1362 3349 1416 nobis
3372 1361 3601 1417 Dmnina

2029 1453 2215 1500 nostro
2249 1446 2497 1500 traditur.
2537 1445 2705 1517 Igitur
2726 1448 2878 1517 illam
2900 1458 3114 1504 terram
3146 1467 3270 1521 quae
3311 1460 3459 1507 trans
3481 1452 3603 1509 Jor‘

2030 1537 2223 1603 dapem
2251 1536 2461 1609 Moyses
2487 1538 2784 1604 distribuit,
2820 1541 2959 1595 hanc
2990 1542 3075 1596 his
3101 1556 3220 1611 qum
3248 1551 3333 1598 est
3371 1544 3425 1597 in
3454 1554 3600 1598 terra

2029 1635 2216 1684 sancta
2265 1634 2321 1683 et
2366 1637 2507 1683 terra
2552 1630 2694 1684 bona
2722 1630 2998 1686 distribuit
3023 1630 3191 1686 Jesus'
3211 1632 3462 1702 princeps
3510 1635 3604 1687 tri-

2029 1719 2193 1775 buum
2239 1718 2423 1775 Israel.
2492 1719 2657 1775 Vides
2703 1736 2832 1793 ergo
2863 1722 2989 1791 quia
3017 1738 3138 1778 cum
3168 1723 3236 1779 ab
3280 1738 3346 1778 eo
3373 1726 3602 1794 cmperit

347 1812 557 1869 Veritas
597 1808 714 1878 ejus
756 1824 822 1865 ac
865 1810 1056 1877 verbi;
1117 1818 1172 1866 et
1234 1811 1307 1865 ita
1354 1812 1515 1866 etiam
1560 1813 1629 1867 ad
1674 1813 1927 1869 minimos
1954 1814 2003 1883 Β
2028 1825 2155 1866 vera
2185 1810 2273 1864 illa
2304 1812 2593 1867 haereditas
2620 1822 2787 1867 teme
2803 1823 3022 1878 sancte,
3052 1815 3105 1869 id
3130 1824 3232 1880 est,
3265 1831 3294 1869 a
3321 1816 3601 1872 Salvatore

346 1915 589 1972 quosque
618 1901 950 1975 dispensatio
981 1901 1160 1957 divina
1197 1903 1490 1971 pertendit,
1520 1913 1580 1957 ut
1606 1903 1696 1971 qui
1724 1903 1929 1973 princi-_

343 1993 541 2064 paliter
574 2007 679 2048 non
705 2001 941 2062 possunt
961 1992 1156 2049 divinae
1189 1992 1380 2064 gratiae
1408 2008 1637 2064 capaces
1663 1994 1922 2060 existere,

346 2081 640 2137 illuminari
687 2099 755 2153 ex
799 2091 1116 2149 sanctorum
1164 2082 1440 2140 consortio
1493 2091 1824 2149 mereantur,
1868 2092 1931 2139 et

346 2160 689 2243 compleatur
709 2173 840 2229 illud
866 2174 1008 2243 quod
1034 2172 1324 2244 Apostolus
1365 2175 1494 2231 dicit
1521 2176 1590 2231 ad
1615 2174 1932 2232 Corinthios

343 2265 412 2321 de
441 2266 645 2322 sanctis
666 2263 1081 2337 Jerosolymitis,
1146 2285 1165 2318 ι
1200 2276 1257 2322 ιιι
1286 2275 1474 2330 nostra
1505 2268 1722 2337 quidem
1754 2269 1927 2323 abun-

343 2355 532 2411 dantia
576 2356 672 2411 ﬁat
718 2357 787 2412 ad
832 2340 1047 2413 illorum
1090 2357 1327 2427 inopiam
1360 2356 1447 2428 (ΙΙ
1476 2356 1599 2413 Cor.
1633 2358 1771 2430 vui),
1809 2378 1828 2411 ι
1865 2366 1926 2414 ιιι

341 2454 397 2503 et
426 2447 645 2503 illorum
691 2445 1143 2502 abundantialﬁat
1176 2449 1244 2504 ad
1273 2458 1509 2505 vestram
1552 2448 1812 2518 inepiam.
1845 2449 1923 2503 Ita

339 2554 472 2611 ergo
508 2546 566 2594 et
603 2554 746 2593 nunc
787 2537 1105 2594 cohabitare
1142 2536 1402 2607 iubentur
1429 2536 1631 2593 Levita:
1653 2546 1709 2593 et
1730 2554 1925 2594 sacer-

340 2631 526 2693 dotes,
587 2629 677 2699 qui
739 2644 847 2683 non
904 2628 1105 2685 habent
1158 2636 1391 2694 terram,
1443 2636 1504 2683 ut
1552 2629 1819 2698 percipiat
1854 2628 1923 2684 ab

340 2719 587 2777 Israelita
613 2720 869 2775 sacerdos
894 2730 946 2772 et
968 2718 1152 2774 Levita
1183 2728 1397 2774 terrena
1419 2734 1537 2788 quze
1560 2734 1667 2775 nou
1697 2718 1920 2784 habent,

340 2822 398 2867 et
429 2827 644 2867 rursum
691 2811 933 2867 Israelita
985 2811 1250 2882 percipiat
1295 2796 1922 2868 asacerdoteetLevita

342 2903 583 2965 cmlestia
631 2910 687 2957 et
735 2903 914 2958 divina
959 2918 1080 2972 quae
1125 2918 1234 2958 non
1279 2902 1462 2959 habet.
1496 2902 1608 2958 Lex
1651 2904 1795 2959 enim
1825 2902 1921 2959 Dei

339 2990 716 3051 sacerdotibus
762 2997 1051 3051 commissa
1098 3005 1184 3055 est
1230 3005 1293 3055 et,
1310 2995 1533 3063 Levitis,
1564 3006 1625 3053 ut
1664 2998 1792 3053 huic
1820 2996 1923 3053 soli

339 3100 564 3155 operam
591 3086 853 3155 tribuant,
879 3095 932 3141 et
963 3072 1128 3143 verbo
1156 3087 1253 3142 Dei
1279 3087 1485 3158 absque
1524 3088 1630 3143 ulla
1661 3088 1921 3144 sollicitu-

2027 1898 2297 1962 distribui,
2349 1914 2696 1957 assumentur
2732 1903 2895 1958 etiam
2932 1904 3207 1973 principes
3240 1906 3358 1960 veri
3404 1915 3458 1961 et
3496 1908 3603 1977 spi-

2027 1990 2213 2047 ritales
2246 1991 2431 2046 Israel.
2482 1990 2631 2060 Quos
2664 2003 2845 2048 autem
2891 2002 3142 2063 putamus
3169 2010 3288 2051 esse
3328 1997 3602 2066 principes

2026 2081 2265 2135 tribuum
2316 2091 2656 2148 nostrarum,
2705 2083 2793 2137 vel
2838 2083 3095 2139 Ecclesiae
3134 2086 3435 2155 principes,
3492 2088 3600 2141 nisi

2025 2180 2242 2226 sanctos
2288 2172 2581 2241 apostolos,
2631 2172 2701 2225 ad
2743 2187 2879 2241 quos
2924 2172 3058 2228 dicit
3105 2172 3372 2240 Salvator,
3418 2193 3436 2226 ι
3471 2177 3600 2245 quia

2024 2261 2283 2321 aedebitis
2305 2271 2359 2317 et
2385 2276 2479 2316 vos
2506 2277 2670 2333 super
2719 2263 3001 2318 duodecim
3028 2264 3271 2331 thronos,
3293 2265 3601 2334 iudicantes

2024 2350 2307 2406 duodecim
2364 2352 2538 2406 tribus
2584 2351 2752 2408 Israel
2798 2352 3013 2425 (Matth.
3044 2354 3182 2427 xxx).
3219 2375 3239 2408 ι
3291 2358 3603 2413 Assumitur

2023 2447 2206 2495 tamen
2244 2440 2311 2496 ad
2337 2440 2658 2497 divisionem
2687 2444 2853 2498 etiam
2899 2445 3172 2508 sacerdos,
3205 2446 3295 2516 qui
3322 2455 3407 2502 est
3447 2464 3601 2502 arca-

2023 2545 2125 2585 nus
2154 2540 2210 2587 et
2248 2531 2511 2602 mysticus
2549 2547 2729 2587 sermo
2757 2532 2853 2587 Dei
2884 2550 2898 2587 :
2945 2533 3026 2588 sic
3071 2536 3216 2590 enim
3272 2536 3422 2601 dicit,
3471 2538 3601 2608 quia

2030 2642 2049 2674 ι
2095 2639 2217 2680 cum
2246 2625 2458 2683 venerit
2493 2624 2674 2692 Jesus,
2703 2635 2760 2682 et
2782 2627 3010 2683 Eleazar
3055 2629 3214 2685 simul
3263 2631 3331 2687 ad
3360 2633 3603 2689 dividen-

2020 2715 2146 2770 dam
2172 2724 2394 2772 terram.
2428 2735 2449 2770 ι
2484 2718 2553 2773 Ει
2582 2718 2861 2776 videamus
2889 2720 3013 2789 quis
3038 2730 3120 2776 est
3147 2723 3239 2791 qui
3267 2724 3474 2793 primus
3503 2740 3593 2780 ac-

2024 2806 2554 2874 ccpithtereditatem
2580 2808 2648 2863 ab
2671 2808 2818 2863 Iesu.
2853 2827 2873 2860 ι
2902 2809 3088 2876 Caleb,
3124 2830 3143 2864 ι
3176 2813 3368 2881 inquit,
3407 2831 3424 2864 ι
3454 2813 3599 2871 Illius

2022 2896 2248 2974 Jeﬂ'one.
2285 2918 2305 2951 ι
2340 2898 2439 2954 llic
2466 2899 2610 2954 enim
2642 2900 2796 2968 petiit
2821 2908 2877 2956 et
2898 2903 3108 2973 accepit
3127 2904 3334 2973 primus
3362 2906 3596 2971 caeteris,

2023 2990 2344 3060 quibusdam
2372 2992 2672 3048 rationibus
2697 2996 2752 3048 et
2780 2993 2961 3049 verbis
2987 3010 3106 3064 qua:
3137 2997 3405 3066 descripta
3440 3007 3595 3054 sunt:

2023 3096 2145 3147 qua:
2172 3082 2341 3137 verba
2370 3081 2533 3141 etiam
2564 3096 2663 3151 nos
2686 3093 2912 3152 possunt
2951 3084 3219 3141 instruere
3247 3088 3313 3142 ad
3347 3087 3595 3144 salutem.

339 3176 469 3232 diue
495 3183 701 3232 vacent.
743 3176 848 3233 Sed
877 3178 1076 3233 iterum
1098 3187 1162 3232 ut
1182 3193 1379 3234 vacare
1402 3181 1633 3250 possint,
1655 3181 1919 3236 laioorum

2024 3170 2091 3224 Et
2115 3170 2595 3239 primus'omuium
2626 3171 2790 3229 Caleb
2827 3174 3170 3245 interpretari
3199 3178 3415 3245 dicitur,
3443 3182 3598 3251 quasi

338 3267 421 3320 uti
456 3266 776 3323 ministeriis
826 3267 1062 3324 debent.-
1091 3268 1134 3325 si
1170 3268 1316 3327 enim
1360 3268 1532 3327 laicus
1575 3284 1640 3326 ea
1668 3285 1789 3342 quae
1821 3286 1919 3329 ue-

340 3357 583 3413 cessaria
609 3367 733 3413 sunt
759 3374 869 3414 non
895 3359 1188 3429 prtebuerit
1215 3360 1588 3417 sacerdotibus
1612 3369 1668 3417 et
1690 3362 1914 3428 Levitis,

337 3438 589 3517 occupati
617 3448 694 3503 illi
721 3449 777 3504 in
807 3448 1026 3518 talibus,
1057 3450 1109 3506 id
1131 3459 1237 3515 est,
1265 3452 1321 3507 in
1348 3453 1720 3523 corporalibus
1747 3456 1914 3520 curis,

338 3541 521 3595 minus
551 3540 654 3612 legi
680 3541 771 3597 Dei
802 3544 1091 3598 vacabunt.
1120 3543 1230 3599 Illis
1254 3552 1434 3600 autem
1464 3560 1570 3601 non
1604 3547 1919 3602 vacantibus

339 3645 533 3699 neque
567 3645 784 3699 operam
834 3631 1089 3688 dantibus
1133 3632 1235 3701 legi
1282 3632 1404 3697 Dei,
1452 3642 1510 3687 tu
1554 3633 1915 3702 periolitabis;

337 3720 723 3775 obscurabitur
750 3720 897 3774 enim
938 3719 1031 3776 lux
1070 3721 1311 3776 scientiae
1350 3720 1470 3792 quae
1519 3721 1572 3776 in
1602 3719 1711 3776 illis
1733 3730 1837 3786 est,
1866 3731 1917 3777 te

337 3831 447 3870 non
494 3815 840 3871 ministrante
873 3814 1053 3870 oleum
1099 3813 1350 3880 lucerna),
1379 3823 1435 3869 et
1473 3814 1630 3884 culpa
1669 3822 1757 3869 tua
1786 3814 1918 3869 illud

336 3905 551 3961 eveniet
575 3907 718 3976 quod
743 3905 877 3959 dixit
907 3905 1188 3970 Dominus,
1218 3905 1345 3974 quia
1398 3922 1418 3957 ι
1450 3919 1627 3961 caecus
1653 3919 1796 3960 caeco
1821 3905 1920 3959 du-

337 4006 522 4050 catum
574 3997 845 4065 prmbens,
890 3996 1052 4051 ambo
1099 3996 1155 4050 in
1201 3994 1411 4051 foveam
1460 3997 1653 4051 cadent
1698 3995 1913 4067 (Matth.

336 4084 451 4156 xv).
485 4105 502 4137 ι
536 4084 641 4139 Sed
668 4092 722 4139 et
746 4085 876 4139 illud
904 4084 1262 4156 complebitur
1294 4085 1436 4156 quod
1463 4084 1721 4142 Dominus
1749 4086 1912 4142 dixit:

343 4196 363 4228 ‹
409 4177 468 4232 Si
497 4178 643 4233 enim
686 4178 773 4231 lux
805 4193 926 4247 quae
954 4184 1038 4233 est
1074 4178 1128 4231 in
1168 4185 1220 4233 te
1249 4177 1484 4233 tenebrat
1510 4186 1653 4244 sunt,
1682 4177 1916 4233 tenebrae

337 4270 467 4340 ipsa:
486 4279 702 4339 quanta:
722 4270 880 4325 sunt?
906 4289 924 4322 ι
955 4268 1167 4341 (Matth.
1192 4267 1291 4341 vr.)
1315 4268 1384 4324 Ut
1409 4278 1537 4340 ergo
1563 4268 1651 4321 lux
1678 4267 1917 4323 scientia:

337 4360 393 4415 in
440 4361 815 4419 sacerdotibus
847 4359 1070 4430 fulgeat,
1110 4359 1332 4415 lucerna
1367 4373 1558 4415 eorum
1604 4358 1677 4412 sit
1703 4372 1917 4427 semper

339 4467 604 4508 accensa:
641 4460 696 4506 tu
744 4452 907 4522 imple
953 4451 1212 4516 cilicium,
1262 4458 1315 4505 tu
1366 4450 1574 4518 comple
1601 4449 1911 4504 ataridatum

2020 3275 2134 3317 cor.
2160 3260 2299 3329 Quis
2334 3277 2466 3334 ergo
2507 3263 2665 3333 quasi
2702 3277 2821 3329 cor,
2866 3266 2972 3319 nisi
3019 3267 3066 3323 Is
3107 3268 3202 3337 qui
3250 3268 3304 3323 in
3348 3271 3600 3327 omnibus

2021 3351 2315 3409 intellectui
2344 3368 2565 3424 operam
2599 3353 2843 3409 ιιιίϋυίιὶ
2883 3355 3019 3423 Quia
3051 3372 3160 3413 non
3202 3358 3347 3414 aliud
3377 3360 3597 3432 aliquod

2019 3443 2324 3499 membrum
2363 3445 2608 3516 corporis
2634 3445 2889 3503 Ecclesia:
2929 3462 3050 3503 esse
3076 3448 3294 3515 dicitur,
3324 3451 3428 3507 nisi
3465 3452 3599 3508 illud

2018 3532 2163 3601 quod
2208 3540 2295 3587 est
2339 3535 2857 3604 nobis‘preelarius
2905 3553 3021 3603 cor,
3050 3539 3103 3592 id
3133 3548 3236 3606 est,
3274 3542 3367 3610 qui
3413 3545 3596 3598 omnia

2019 3636 2142 3677 cum
2189 3623 2400 3677 ratione
2470 3632 2527 3678 et
2568 3625 2906 3693 providentia
2961 3627 3118 3694 gerit,
3171 3637 3228 3683 et
3273 3629 3347 3698 ita
3400 3643 3594 3687 cuncta

2018 3710 2315 3780 dispensat,
2343 3713 2497 3781 quasi
2526 3726 2633 3767 non
2674 3713 2746 3768 sit
2790 3713 2949 3768 aliud
2976 3715 3080 3769 nisi
3112 3731 3225 3771 eor.
3261 3717 3594 3789 Interpreta-

2020 3808 2109 3855 tur
2139 3810 2320 3857 autem
2348 3811 2404 3857 et
2425 3802 2635 3859 Jetl‘one
2660 3813 2816 3873 pater
2843 3803 2959 3872 ejus
2993 3809 3294 3863 conversio.
3334 3809 3432 3866 llic
3461 3827 3594 3884 ergo

2018 3892 2185 3950 Caleb
2211 3894 2356 3950 filius
2377 3903 2462 3950 est
2490 3897 2881 3954 c0nversiouis.
2931 3897 3033 3965 Qui
3065 3901 3168 3956 nisi
3201 3902 3248 3957 is
3272 3904 3365 3973 qui
3394 3906 3459 3959 ad
3488 3904 3594 3960 Do-

2019 3984 2224 4039 minum
2256 4000 2552 4042 conversus
2581 3986 2741 4043 talem
2772 4004 2859 4042 ex.
2881 4004 2940 4045 se
2985 3990 3217 4047 fructum
3252 3994 3507 4066 proferet,
3537 4005 3592 4051 et

2017 4089 2114 4129 cor
2151 4073 2322 4128 lilium
2359 4078 2652 4146 generarit.
2709 4079 2808 4134 Est
2852 4094 2984 4151 ergo
3030 4083 3209 4138 omnis
3254 4085 3347 4153 qui
3395 4085 3592 4140 divinis

2017 4163 2268 4217 sensibus
2292 4173 2467 4230 vacat,
2498 4174 2557 4221 et
2583 4167 2879 4236 prudenter
2925 4179 3119 4223 cuncta
3152 4186 3217 4224 ac
3250 4173 3588 4227 rationabili-

2018 4263 2102 4307 ter
2127 4254 2258 4324 agit,
2285 4254 2469 4310 Caleb.
2495 4256 2595 4311 llic
2615 4258 2791 4327 primo
2812 4258 3030 4328 quidem
3050 4261 3301 4316 eruditus
3328 4276 3358 4317 ιι
3383 4262 3588 4335 Moyse,

2017 4347 2256 4402 secundo
2297 4362 2427 4402 vero
2472 4362 2503 4401 a
2531 4348 2657 4403 Jesu
2704 4350 2791 4404 cui
2829 4350 3139 4415 assistebat,
3190 4351 3416 4407 dicens:
3454 4371 3472 4404 ι
3508 4355 3590 4409 'I‘u

2018 4437 2161 4491 nosti
2190 4437 2414 4493 verbum
2446 4438 2592 4508 quod
2635 4438 2848 4494 locutus
2875 4450 2959 4496 est
2988 4441 3246 4497 Dominus
3277 4443 3345 4499 ad
3371 4443 3592 4515 Moysen

338 4544 433 4599 Dei
461 4560 590 4615 erga
614 4501 875 4614 obsequia
902 4501 1266 4600 sacerdotum.
1309 4541 1463 4609 Quod
1489 4501 1537 4595 si
1569 4540 1706 4596 forte
1730 4553 1913 4595 susce-
1939 4501 1992 4560 Β
2017 4526 2291 4581 hominem
2318 4527 2445 4593 Dei;
2478 4546 2499 4580 ι
2567 4536 2622 4583 lu
2649 4529 2757 4585 κίε
2782 4532 3003 4585 verbum
3041 4533 3187 4601 quod
3222 4533 3437 4590 locutus
3480 4544 3587 4591 est.

336 4636 449 4705 ptis
484 4651 513 4690 a
543 4644 596 4693 te
622 4650 743 4706 qua
779 4634 1088 4691 necessaria
1135 4641 1280 4698 sunt,
1322 4640 1377 4687 et
1410 4632 1489 4687 sic
1521 4646 1631 4687 non
1669 4630 1916 4700 sequaris

338 4726 772 4787 avaritiam.psed
795 4724 1225 4799 benedictionem
1253 4722 1540 4788 merueris,
1560 4721 1636 4775 illi
1668 4720 1917 4791 neglexe—

338 4816 448 4873 rint
467 4816 991 4886 eruditioniopera'm
1007 4815 1226 4878 dare,et
1247 4813 1413 4866 verbo
1436 4812 1527 4866 Dei
1554 4824 1769 4870 vacare,
1783 4820 1839 4863 et
1860 4810 1915 4863 in

338 4906 456 4979 lege
470 4906 563 4962 Dei
582 4905 834 4962 meditari
850 4906 937 4960 die
947 4920 1011 4959 ac
1024 4910 1198 4965 nocte,
1225 4902 1327 4972 ipsi
1356 4901 1615 4956 videbunt
1646 4898 1917 4969 quomodo

336 5012 437 5067 pro
477 4995 757 5051 animabus
787 4994 980 5051 vestris
1006 4992 1238 5049 reddant
1260 4991 1491 5046 Domino
1520 4989 1801 5059 rationein.

941 5101 1167 5158 CAPUT
1214 5099 1300 5154 III.

337 5216 415 5271 De
446 5233 503 5271 eo
524 5216 662 5287 quod
691 5231 866 5290 norem
893 5214 1055 5268 tribus
1086 5221 1135 5266 et
1161 5211 1379 5290 dimidia
1407 5219 1711 5290 acceperunt
1743 5221 1908 5290 series

406 5278 547 5341 suae
573 5303 664 5355 per
708 5286 1025 5356 Eleazarum
1067 5282 1387 5356 sacerdotem
1434 5290 1481 5334 et
1526 5278 1689 5333 Josue
1737 5278 1907 5356 ﬁliuni

410 5352 792 5421 Num-duabus
833 5354 1065 5408 tribubus
1104 5363 1150 5406 et
1177 5352 1397 5407 dimidia
1416 5359 1599 5421 partes
1628 5365 1749 5403 suas
1775 5352 1910 5402 acci-

404 5427 664 5501 pientibus
691 5441 781 5495 per
806 5423 1020 5499 Moysen
1046 5422 1184 5476 ultra
1205 5421 1510 5476 Iordanem.
1906 5504 1917 5511 ἦ

406 5540 558 5613 (ευ.
584 5537 720 5609 xiv.)
774 5556 793 5588 ι
822 5536 934 5591 Hoc
960 5545 1043 5591 est
1063 5535 1207 5605 quod
1232 5533 1592 5604 possederunt
1621 5530 1714 5586 lilii
1742 5528 1911 5587 Israel

344 5652 361 5682 ι
408 5633 641 5692 interra
666 5630 922 5685 Chanaan
939 5667 954 5689 ,
984 5642 1146 5696 quam
1181 5625 1448 5681 dederunt
1471 5623 1552 5677 eis
1575 5621 1799 5678 Eleaxar
1826 5636 1911 5675 sa-

347 5739 366 5771 α
409 5725 623 5787 cenios,
652 5732 707 5777 et
735 5722 896 5776 Josue
925 5719 1064 5775 ﬁlius
1088 5718 1230 5785 Non,
1275 5727 1329 5774 et
1360 5718 1632 5788 principes
1678 5715 1907 5771 familia-

2017 4617 2152 4684 Quis
2173 4617 2320 4673 enim
2366 4617 2505 4673 alius
2531 4626 2711 4689 potest
2743 4634 2904 4675 nosse
2934 4621 3157 4676 verbum
3182 4625 3331 4692 quod
3380 4624 3594 4683 locutus

2015 4717 2099 4763 est
2132 4708 2390 4766 Dominus
2431 4711 2499 4767 ad
2529 4710 2767 4782 Moysen,
2796 4711 2901 4767 nisi
2927 4711 3077 4767 solus
3096 4711 3290 4770 Iesus?
3316 4715 3486 4774 Nemo
3511 4720 3593 4775 sic

2016 4801 2282 4858 intellexit
2307 4803 2479 4874 legem
2506 4803 2653 4860 sicut
2666 4804 2851 4860 docuit
2875 4802 3033 4861 Iesus
3056 4824 3070 4858 :
3094 4806 3209 4877 ipse
3237 4810 3387 4865 enim
3408 4815 3590 4867 omnia

2017 4893 2202 4949 docuit
2247 4903 2303 4950 et
2342 4896 2572 4964 apemit,
2616 4895 2732 4965 ipse
2762 4894 3023 4950 revelavit
3060 4897 3246 4965 Paulo,
3301 4919 3321 4953 ι
3350 4903 3477 4972 quia
3504 4903 3590 4957 lex

2016 4985 2277 5053 spiritalis
2298 4993 2383 5041 est
2409 4983 2586 5057 (Rom.
2626 4984 2744 5049 vn).
2782 5004 2802 5038 ι

2630 5097 2858 5154 CAPUT
2893 5097 2980 5154 IV.

2014 5187 2091 5240 De
2120 5187 2378 5242 locutione
2408 5186 2662 5263 Caleb‘ad
2699 5191 2860 5245 Iosue
2884 5208 2978 5260 pro
3017 5174 3170 5246 terrai
3199 5193 3395 5258 Ebron,
3431 5208 3589 5263 quam

2513 5260 2611 5313 sibi
2639 5264 2918 5331 postulavit
2945 5263 3085 5318 dari.

2085 5349 2262 5418 truta.)
2304 5365 2323 5398 ε
2357 5346 2701 5425 Locutusqu
2736 5362 2822 5406 est
2846 5350 2915 5405 ad
2948 5367 3073 5408 eum
3116 5351 3281 5407 Caleb
3307 5350 3448 5406 illius
3472 5350 3587 5408 Jef-

2020 5456 2039 5488 ι
2085 5437 2233 5504 Ione,
2253 5436 2544 5493 Cenezmus
2562 5457 2575 5492 :
2595 5439 2742 5495 Nosti
2758 5442 2902 5509 quod
2924 5441 3136 5497 locutus
3153 5442 3222 5494 sit
3242 5440 3504 5495 Dominus
3519 5442 3587 5496 ad

2021 5546 2040 5579 ι
2084 5528 2305 5598 Moysen
2334 5527 2606 5587 hominem
2641 5529 2756 5595 Dei,
2782 5531 2850 5586 de
2874 5544 2963 5587 me
2982 5539 3039 5584 et
3067 5537 3118 5585 te
3142 5530 3198 5584 in
3221 5528 3584 5585 Gadesbarne.

2021 5639 2039 5671 ‹
2087 5619 2449 5691 Quadraginta
2499 5634 2765 5677 annorum
2823 5633 2973 5677 erant
3021 5620 3239 5689 quando
3295 5632 3383 5675 me
3439 5619 3587 5674 misit

2024 5732 2041 5763 ι
2080 5712 2298 5783 Moyses
2334 5709 2569 5767 tantulus
2593 5711 2800 5766 Domini
2832 5718 2897 5789 de
2925 5708 3285 5777 Cadesbarne,
3312 5717 3371 5765 ut
3402 5710 3584 5767 consi-
