3996 6176
442 321 588 377 1οἨ

1096 318 1155 372 B.
1199 316 1448 373 RABANI
1489 317 1706 375 MAUlll
1747 314 2069 371 ARClllEP.

2115 314 2421 371 MOGUNT.
2465 312 2752 371 OPERUM
2793 313 2973 369 PARS
3008 314 3044 369 l.
3558 316 3697 371 1073

456 457 475 486 ‹
517 437 766 490 derarem
810 442 1030 496 terram,
1060 432 1410 501 nuntiavique
1451 432 1499 485 ei
1533 433 1675 503 quod
1712 445 1897 485 verum
1934 431 2014 483 vi-
2044 435 2089 494 Α
2119 430 2188 483 ab
2227 429 2497 482 Abraham
2542 427 2852 497 patriarcha
2887 440 2952 480 ea
2982 434 3067 480 est
3096 425 3148 479 in
3178 434 3285 493 'qua
3314 424 3565 497 coniugia
3604 444 3700 498 pa-

454 548 471 578 ι
516 527 745 581 debatur
783 524 937 579 mihi.
978 522 1201 578 Fratres
1244 534 1424 578 autem
1467 524 1573 578 mei
1621 523 1713 592 qui
1754 521 2019 576 ascende-

455 638 471 667 ι
519 624 642 670 rant
689 627 918 679 mecum,
947 612 1309 669 dissolverant
1351 630 1447 670 cor
1474 614 1701 686 populi:
1733 622 1789 667 et
1829 612 2022 666 nihilo-

446 728 470 758 t
516 708 699 761 minus
727 720 829 776 ego
868 713 1090 760 secutus
1133 722 1251 759 sum
1296 705 1579 760 Dominum
1608 706 1775 760 Deum
1817 720 2015 759 meum.

453 817 473 849 ι
520 796 837 865 Juravitque
880 794 1092 866 Moyses
1138 796 1191 850 in
1223 795 1310 851 die
1360 796 1469 862 illo,
1519 794 1705 851 dicens
1741 812 1755 849 :
1796 795 2018 849 Terram

452 907 469 938 ι
514 902 677 955 qnam
714 886 947 940 calcavit
973 899 1070 954 pes
1110 892 1254 959 tuus,
1280 886 1383 938 erit
1414 886 1681 955 possessio
1717 894 1828 949 tua,
1859 892 1913 938 et
1956 882 2019 936 ﬁ—

451 999 469 1029 ι
518 980 711 1034 liorum
761 987 975 1034 tuorum
1023 981 1078 1030 in
1128 984 1479 1045 perpetuum,
1507 994 1525 1026 ι
1567 984 1621 1029 et
1671 974 1899 1043 reliqua.
1944 973 2019 1027 De

445 1086 548 1132 tne,
588 1070 782 1139 inquit,
813 1068 959 1123 etde
998 1074 1050 1121 te
1074 1065 1282 1119 locutus
1321 1074 1404 1118 cst
1444 1064 1688 1134 Moyses:
1725 1064 1789 1118 de
1822 1072 1872 1116 te
1898 1062 2021 1132 qni-

443 1162 586 1224 dem,
624 1161 853 1241 hoc’est
897 1156 1040 1227 quod
1081 1156 1219 1211 dixit
1250 1154 1509 1210 Dominus
1544 1156 1668 1224 quia
1704 1172 1723 1205 ι
1752 1155 1797 1208 si
1829 1155 2017 1208 crede—

441 1251 575 1304 retis
601 1247 802 1319 Moysi,
833 1245 1129 1303 crederetis
1160 1244 1347 1313 utique
1389 1251 1444 1297 et
1482 1243 1635 1306 mihi,
1666 1244 1733 1296 de
1759 1258 1842 1297 me
1870 1242 2015 1297 enim

440 1341 530 1395 ille
570 1338 787 1408 scripsit
815 1337 997 1408 (Joan.
1025 1335 1113 1405 v);
1140 1354 1158 1387 ι
1192 1336 1259 1390 de
1284 1350 1373 1388 me
1408 1348 1536 1388 vero
1568 1333 1697 1402 quid
1724 1332 1883 1397 dixit,
1915 1332 2018 1387 hoc

439 1441 523 1488 est
547 1433 612 1487 de
642 1430 827 1496 Caleb,
853 1429 946 1500 qui
972 1443 1069 1483 cor
1096 1428 1214 1481 est?
1241 1426 1460 1483 Certum
1490 1435 1573 1480 est
1598 1426 1727 1494 quia
1757 1425 1825 1479 de
1852 1425 2015 1480 corde

440 1522 657 1591 scripsit
684 1520 913 1590 Moyses,
939 1518 1035 1588 qui
1079 1517 1260 1572 omnia
1304 1516 1599 1586 prudenter
1639 1516 2017 1586 sapienterque

443 1611 787 1681 conscripsit.
829 1608 920 1663 Ait.
959 1623 1091 1679 ergo
1125 1606 1339 1673 :liodie
1385 1606 1538 1660 valeo
1580 1607 1721 1661 sicut
1747 1606 2013 1660 valebam.

442 1706 595 1761 Tunc
619 1710 842 1757 sanctus
869 1700 1068 1770 quippe
1102 1698 1353 1754 similiter
1379 1697 1521 1751 valet
1556 1699 1608 1751 in
1638 1697 2013 1766 praesentibus,

2119 529 2259 572 trum
2281 526 2336 573 ct
2359 517 2596 587 reliquiae
2620 531 2810 571 eorum
2829 515 3034 584 iacent,
3063 514 3115 568 id
3140 524 3242 579 est,
3270 515 3549 571 Abraham
3575 533 3697 573 cum

2118 606 2275 671 Sara,
2326 607 2475 662 Isaac
2508 622 2631 660 cum
2673 606 2941 669 Rebecca,
2990 603 3160 658 Jacoh
3191 620 3314 659 cum
3350 596 3464 658 Lia.
3502 604 3701 661 Meruit

2115 712 2246 768 ergo
2272 695 2432 752 Caleb
2463 704 2676 765 patrum
2721 694 2978 763 reliquias
3005 693 3060 747 in
3111 694 3481 748 haereditatem
3529 697 3702 750 susci—

2116 803 2262 858 pere,
2289 788 2405 843 sine
2431 787 2593 842 dubio
2618 786 2743 855 quia
2772 799 2870 854 per
2895 785 3215 854 sapientiam
3236 799 3365 853 quae
3395 786 3447 838 in
3480 801 3552 840 eo
3583 795 3702 840 erat

2116 881 2205 951 qui
2249 881 2497 950 vigebat,
2524 891 2579 934 et
2606 880 2708 934 sub
2738 878 2920 948 Moyse
2959 886 3016 932 et
3044 878 3146 933 sub
3187 878 3312 932 Jesu
3356 879 3700 936 intellexerat

2115 969 2509 1038 coniunctionis
2556 968 2723 1038 ipsius
2765 968 3134 1034 rationem,’et
3163 979 3525 1038 prospexerat
3570 972 3700 1040 quid

2116 1067 2260 1114 esset
2292 1075 2469 1114 causae
2497 1057 2642 1129 quod
2670 1072 2795 1111 cum
2823 1056 3097 1111 Abraham
3143 1057 3257 1112 sola
3305 1057 3439 1113 Sara
3459 1058 3698 1129 jaceret,

2117 1149 2208 1205 ubi
2253 1164 2431 1218 neque
2475 1148 2640 1219 Agar,
2674 1161 2850 1216 neque
2895 1144 3128 1201 Cethura
3171 1148 3220 1201 ei
3269 1150 3560 1204 meruisset
3603 1152 3698 1206 ad.

2109 1238 2299 1308 iungi:
2330 1237 2414 1293 vel
2443 1238 2575 1307 quid
2622 1245 2769 1292 esset
2810 1250 2988 1291 causae
3031 1237 3176 1305 quod
3217 1252 3338 1297 cum
3369 1236 3545 1295 Jacob
3585 1242 3698 1298 sola

2116 1328 2209 1382 Lia
2247 1328 2431 1397 jacere
2457 1328 2750 1392 videretur,
2778 1334 2834 1381 et
2859 1340 3034 1396 neque
3064 1326 3266 1383 Rachel
3301 1344 3421 1397 qua:
3458 1331 3698 1400 amplius

2116 1418 2295 1472 fuerat
2338 1417 2554 1481 dilecta,
2585 1430 2760 1486 neque
2806 1415 2986 1486 aliqua
3026 1432 3092 1472 ex
3133 1418 3473 1484 concubinis,
3520 1421 3579 1474 in
3609 1435 3698 1476 sc-

2117 1509 2302 1579 pulcro
2324 1508 2373 1563 ei
2402 1508 2581 1562 fuerat
2604 1506 2871 1578 COpulata.
2901 1507 3020 1577 Ipse
3045 1523 3178 1580 ergo
3208 1508 3261 1562 in
3295 1510 3582 1566 memoriis
3606 1526 3700 1581 pa-

2118 1610 2259 1656 trum
2297 1599 2663 1656 haereditatem
2707 1599 2854 1669 capit
2894 1599 3132 1667 prudens
3173 1608 3229 1654 et
3257 1601 3472 1670 sapiens
3509 1602 3697 1667 Caleb,

2119 1695 2219 1765 ipsi
2258 1693 2414 1749 Jesus
2444 1690 2825 1746 Enachitarum
2856 1692 3097 1763 gentium
3128 1695 3471 1764 metropolim
3505 1697 3697 1751 tribuit

438 1803 492 1847 et
520 1794 574 1847 in
602 1789 913 1861 praeteritis,
941 1796 997 1842 et
1024 1787 1077 1841 in
1104 1785 1435 1849 novissimis,
1460 1794 1516 1838 et
1549 1785 1605 1839 in
1633 1785 1931 1850 veteribus,
1961 1793 2016 1839 et
2051 1778 2093 1837 Β
2121 1784 2364 1845 chron,
2405 1790 2461 1837 et
2504 1780 2735 1836 eﬁicitur
2782 1781 2833 1834 ei
2881 1795 3001 1835 sors
3043 1797 3219 1852 usque
3272 1782 3326 1837 in
3373 1784 3697 1840 hodiernum

440 1887 495 1937 in
524 1880 849 1951 Evangeliis.
880 1886 938 1932 et
969 1878 1023 1932 in
1064 1876 1205 1948 lege.
1256 1875 1371 1931 Hoc
1417 1883 1499 1930 est
1538 1889 1670 1946 ergo
1697 1875 1840 1944 quod
1886 1875 2018 1930 dicit

439 1974 620 2029 valere
645 1988 704 2027 se
734 1971 896 2026 hodie
923 1970 1024 2024 sub
1050 1967 1177 2025 Jesu
1204 1968 1345 2023 sicut
1374 1975 1501 2023 tunc
1529 1968 1631 2022 sub
1662 1967 1860 2038 Moyse,
1891 1968 2017 2037 quia

443 2064 494 2115 in
531 2061 812 2130 utriusque
856 2057 1188 2114 Testamenti
1231 2057 1506 2128 mysteriis
1541 2071 1636 2111 eor
1673 2056 1900 2124 vigilans
1926 2072 2020 2110 va-

438 2154 530 2205 lel.
561 2151 668 2206 Sed
700 2150 981 2205 videamus
1019 2149 1185 2203 etiam
1228 2147 1541 2218 petitionem
1570 2146 1688 2217 eius
1729 2162 1892 2219 quam
1923 2164 2018 2219 po-

437 2245 538 2299 scit
567 2244 636 2298 ab
663 2241 788 2297 Jesu
824 2240 988 2297 Calch
1017 2240 1160 2295 ﬁlius
1187 2238 1394 2294 Jeﬁ'one
1419 2257 1432 2293 :
1466 2256 1485 2289 ι
1512 2237 1643 2293 Peto
1674 2245 1743 2304 te,
1766 2257 1784 2291 ›
1821 2239 2014 2309 inquit,

443 2354 462 2384 ι
496 2344 737 2388 montem
764 2334 928 2396 hunc,
952 2351 970 2384 ι
1004 2331 1145 2385 sicut
1189 2330 1324 2384 dicit
1353 2328 1655 2384 Dominus:
1687 2328 1745 2383 In
1783 2329 1870 2387 die
1898 2329 2012 2383 illa.

440 2425 584 2479 Nihil
615 2423 818 2478 humile
867 2422 950 2477 vel
997 2420 1264 2490 deiectum
1315 2429 1535 2475 sanctus
1578 2419 1835 2489 requirit,
1883 2419 2017 2473 nihil

436 2518 582 2585 quod
626 2516 679 2570 in
724 2514 988 2570 demersis
1032 2513 1371 2568 convallibus
1411 2510 1587 2579 jacet,
1636 2513 1729 2569 sed
1779 2520 2014 2567 montem

435 2607 631 2676 quierit
657 2605 952 2668 excelsum,
979 2612 1035 2658 et
1059 2613 1299 2661 montem
1322 2603 1376 2657 in
1405 2616 1514 2671 quo
1537 2602 1786 2657 civitates
1806 2617 2018 2672 magna:

435 2705 491 2750 et
527 2695 764 2751 munitae.
806 2694 873 2748 Et
905 2709 972 2748 ex
1002 2694 1106 2748 hoc
1150 2693 1266 2747 haec
1294 2693 1572 2762 poscebat,
1617 2692 1744 2760 quia
1789 2700 2016 2747 noverat

436 2788 779 2858 belligerare,
811 2786 954 2841 sicut
996 2785 1260 2853 scriptum
1284 2790 1368 2838 est
1393 2801 1405 2836 :
1447 2801 1465 2834 ι
1493 2782 1756 2838 Civitates
1780 2783 2013 2837 munitas

434 2876 721 2947 occupabit
768 2874 1005 2945 sapiens,
1044 2883 1100 2928 et
1146 2874 1386 2928 destruet
1431 2873 1783 2929 munitionem
1815 2873 1868 2928 in
1907 2889 2012 2944 qua

433 2969 773 3022 conﬁdebant
798 2966 944 3034 impii
964 2961 1144 3036 (Prov.
1163 2962 1297 3036 xxi).
1312 2983 1329 3015 ι
1346 2961 1511 3017 Putas
1524 2977 1647 3018 cum
1672 2964 1785 3018 haec
1806 2963 2013 3019 diceret

435 3060 688 3117 Salomon
712 3058 811 3111 hoc
833 3071 931 3111 nos
956 3054 1383 3109 volebatducere
1409 3053 1535 3123 quia
1559 3054 1773 3123 sapiens
1794 3063 2012 3124 caperet

434 3151 679 3204 civitates
700 3156 754 3202 et
779 3145 1107 3200 munitiones
1140 3145 1441 3199 destrueret
1480 3159 1545 3199 ex
1577 3143 1842 3214 lapidibus
1877 3158 2006 3198 con-

434 3241 687 3297 structis?
720 3238 805 3293 An
853 3238 983 3293 illud
1028 3236 1210 3307 potius
1251 3236 1451 3291 indicat
1492 3234 1633 3304 quod
1665 3235 1912 3290 civitates
1956 3242 2011 3287 et

441 3332 581 3385 muri
612 3338 737 3385 sunt
776 3330 1067 3400 impiorum
1110 3328 1383 3397 dogmata,
1411 3333 1467 3379 et
1501 3325 1792 3398 syllogismi
1833 3326 2009 3397 philo-

435 3422 745 3491 sophorum,
775 3419 970 3491 quibus
1004 3426 1254 3473 astruunt
1286 3416 1450 3485 impia
1480 3431 1706 3485 quaeque
1730 3424 1786 3471 et
1814 3417 2015 3473 divinae

434 3514 566 3582 legis
592 3512 862 3566 contraria
892 3525 1015 3580 qua:
1048 3508 1189 3579 apud
1218 3522 1458 3578 paganos
1502 3506 1586 3561 vel
1616 3506 1878 3563 barbaros
1910 3508 2008 3563 ob-

434 3602 747 3657 servantur?
782 3599 888 3655 Sed
917 3600 1006 3654 illa
1032 3600 1116 3654 bis
1142 3598 1447 3668 deputanda
1490 3606 1634 3665 sunt,
1665 3607 1721 3653 et
1762 3599 2009 3654 civitates

436 3692 671 3748 munitas
697 3706 817 3748 esse
846 3690 1086 3761 atquein
1114 3688 1388 3744 montibus
1413 3688 1725 3756 collocatas,
1752 3704 1871 3759 qua:
1897 3691 2014 3744 ha:-

436 3783 587 3838 retici
642 3781 1032 3837 assertionibus
1075 3778 1225 3833 velut
1265 3779 1320 3833 in
1355 3779 1482 3835 altis
1526 3781 1801 3834 montibus
1842 3779 2008 3835 collo-

434 3884 578 3928 cant.
617 3873 752 3927 Istas
789 3885 918 3940 ergo
962 3869 1211 3927 civitates
1254 3868 1473 3939 sapiens
1514 3869 1742 3938 quisque
1782 3868 2009 3924 verbum

437 3964 681 4019 veritatis
708 3961 1008 4033 praedicans
1035 3959 1286 4022 destruit,
1312 3968 1375 4014 et
1400 3961 1563 4013 urbes
1602 3958 1893 4016 mendaces
1916 3974 2011 4016 ve—

320 4063 337 4079 '
436 4055 615 4109 vitatis
635 4052 807 4107 ariete
831 4048 1129 4115 subvertit;
1154 4049 1296 4104 sicut
1318 4058 1372 4102 et
1396 4047 1596 4105 Paulus
1617 4048 1852 4116 dicebat,
1881 4065 1901 4100 ε
1922 4064 2012 4104 oo-

436 4145 727 4217 gitationcs
772 4141 1132 4205 destruentes,
1162 4146 1219 4193 et
1254 4152 1475 4193 omnem
1514 4137 1850 4193 altitudinem
1889 4153 2011 4209 qua:

436 4235 643 4292 extollit
671 4250 731 4291 se
756 4233 1043 4289 adversum
1069 4231 1353 4287 scientiam
1381 4231 1477 4287 Dei
1505 4230 1591 4304 (Il
1618 4228 1740 4285 Cor.
1769 4232 1824 4302 ι)
1842 4271 1857 4296 ,
1881 4250 1899 4283 ι
1935 4231 2007 4286 ita

434 4331 600 4386 etiam
645 4344 790 4384 nunc
832 4325 1264 4397 sapientissimus
1306 4324 1395 4379 hic
1437 4322 1602 4380 Caleb
1632 4323 1837 4379 assistit
1880 4331 2009 4378 ante

434 4424 638 4485 Iesum,
671 4429 725 4477 et
752 4418 1021 4491 promittit
1060 4432 1121 4474 se
1151 4417 1334 4472 valere
1365 4416 1433 4470 ad
1476 4415 1703 4482 bellum,
1724 4424 1779 4470 et
1824 4430 2008 4485 prom-

435 4527 589 4587 ptum
607 4530 726 4571 esse
754 4514 821 4569 ad
846 4510 1108 4583 praelium.
1135 4510 1202 4564 Et
1226 4509 1348 4564 ideo
1372 4507 1613 4577 deposcit
1637 4507 1876 4578 permitti
1900 4508 2005 4563 sibi

435 4608 521 4663 vel
549 4605 850 4677 dispensari
886 4602 1218 4665 facultatem,
1249 4609 1311 4653 ut
1333 4599 1710 4669 congrediatur
1740 4613 1862 4653 cum
1894 4597 2010 4652 dia-

441 4701 646 4757 lecticis
688 4697 899 4764 seetdi,
931 4712 1055 4753 cum
1099 4696 1186 4751 his
1215 4695 1305 4766 qui
1341 4708 1437 4765 pro
1466 4694 1607 4749 veris
1639 4692 1771 4747 falsa
1811 4690 2011 4747 conﬁr-

435 4798 618 4855 mant;
645 4798 706 4844 ut
737 4804 833 4844 eos
869 4785 1127 4851 confutet,
1154 4792 1209 4839 et
1234 4791 1471 4854 superet,
1503 4790 1560 4836 et
1586 4782 1865 4837 subvertet
1892 4794 2001 4834 om-

435 4884 527 4939 nia
562 4895 682 4950 qua:
709 4880 780 4935 illi
810 4878 958 4933 falsis
991 4876 1379 4948 assertionibus
1411 4881 1853 4930 construxerunt.
1881 4871 2005 4926 ideo

437 4975 668 5045 denique
714 4972 900 5025 videns
946 4970 1279 5025 alacritatem
1319 4969 1438 5040 eius
1469 4967 1659 5033 Jesus,
1694 4966 2003 5031 benedixit,

436 5067 641 5137 inquit,
678 5078 821 5126 eum,
855 5061 1060 5116 scilicet
1083 5061 1225 5129 quod
1262 5059 1389 5115 talia
1414 5061 1668 5129 deposcat
1695 5067 1752 5113 et
1793 5058 2002 5111 audiat.

437 5158 544 5214 Sed
582 5165 639 5214 et
666 5165 723 5211 tu
748 5154 792 5210 si
834 5153 916 5207 vis
950 5151 1081 5206 dare
1103 5164 1324 5220 operam
1355 5149 1566 5213 studiis,
1592 5156 1648 5203 et
1678 5147 1850 5218 legem
1879 5163 2005 5217 pru-
2042 5160 2045 5163 '

438 5251 626 5305 denter
652 5246 918 5310 meditari,
946 5256 1003 5299 et
1025 5241 1162 5298 edici
1188 5258 1287 5298 cor
1311 5242 1367 5296 in
1389 5241 1504 5313 lege
1531 5238 1662 5305 Dei,
1693 5248 1847 5309 potes
1874 5240 2006 5294 istas

438 5338 752 5407 magniﬁcas
789 5345 839 5392 et
904 5332 1138 5388 munitas
1184 5332 1375 5395 urbes,
1424 5314 1493 5383 id.
1525 5337 1640 5394 est,
1678 5329 2005 5383 assertiones

436 5433 749 5488 subvertere
790 5428 1075 5491 falsitatis,
1104 5433 1163 5480 ut
1190 5431 1249 5494 et_
1278 5431 1332 5476 tu
1360 5419 1619 5475 merearis
1652 5418 1897 5475 benedici
1941 5419 2010 5473 ah

435 5524 563 5603 Iesu
590 5533 645 5579 ct
687 5524 931 5593 accipere
976 5520 1209 5576 Hebron.
1253 5517 1643 5586 Interpretatur
1667 5525 1856 5571 .autem
1888 5514 2005 5570 lle-

436 5618 573 5671 hron
598 5614 902 5684 coniunctio
922 5612 1005 5667 vel
1032 5609 1338 5682 coniugium
1361 5624 1376 5663 :
1408 5624 1504 5678 per
1523 5609 1668 5679 quod
1694 5614 1870 5678 potest
1898 5607 2002 5662 for-

439 5716 585 5758 tasse
616 5704 739 5757 illud
767 5704 975 5759 ostendi
1006 5704 1147 5772 quod
1188 5703 1440 5775 spelunca
1471 5700 1663 5771 duplex
1688 5709 2001 5771 comparata

2033 4470 2086 4530 1)

2117 1876 2281 1930 diem.
2308 1873 2511 1929 Nomen
2541 1872 2756 1928 Hebron
2786 1881 2947 1928 antea
2973 1875 3269 1930 vocabatur
3299 1874 3694 1934 Cariatbarbe:

2116 1969 2287 2027 Adam
2317 1966 2585 2022 maximus
2613 1965 2688 2020 ibi
2731 1966 2785 2020 in
2836 1973 2980 2022 terra
3011 1966 3274 2022 Enacbim
3309 1970 3447 2024 situs
3481 1980 3569 2026 est
3590 2012 3607 2032 .
3643 1980 3698 2027 et

2116 2068 2263 2114 terra
2310 2057 2542 2113 cessavit
2583 2073 2615 2111 a
2656 2057 2878 2127 praeliis.
2924 2056 3280 2114 Carialharbe
3314 2075 3447 2132 ergo
3503 2062 3695 2117 civitas

2115 2157 2347 2220 quatuor
2372 2149 2797 2217 interpretatur:
2827 2155 2885 2203 et
2913 2146 3040 2205 licet
3084 2162 3340 2220 corrupte
3383 2150 3694 2208 inﬁmis

2116 2239 2390 2294 codicibus
2420 2237 2599 2295 Arboe
2635 2236 2924 2301 scribatur,
2965 2244 3146 2292 tamen
3190 2239 3244 2293 in
3280 2239 3528 2297 Hebraeis
3564 2242 3693 2314 legi-

2115 2328 2259 2398 gitur
2279 2326 2443 2391 Arhe,
2472 2326 2527 2381 id
2553 2334 2639 2382 est
2666 2334 2934 2396 quatuor:
2962 2340 3027 2380 ex
3066 2341 3133 2381 eo
3160 2329 3303 2397 quod
3344 2330 3420 2384 ibi
3449 2338 3564 2386 tres
3601 2346 3692 2402 pa-

2118 2418 2385 2484 triarchae,
2410 2416 2707 2482 Abraham,
2737 2416 2889 2471 Isaac
2912 2423 2968 2470 et
3004 2414 3194 2483 Jacob,
3232 2419 3425 2490 sepulti
3460 2430 3609 2486 sunt,
3639 2430 3692 2476 et

2113 2508 2283 2565 Adam
2312 2523 2562 2581 magnus,
2592 2508 2732 2563 sicut
2756 2507 2811 2561 in
2845 2506 2947 2562 hoc
2978 2506 3136 2573 libro,
3171 2510 3275 2565 hoc
3317 2520 3435 2576 est,
3469 2512 3530 2566 in
3567 2512 3690 2569 Jesu

2114 2599 2261 2655 Nave
2287 2600 2550 2669 scriptum
2594 2608 2705 2665 est;
2735 2598 2863 2655 licet
2904 2612 3026 2653 eum
3072 2601 3292 2670 quidam
3328 2603 3608 2659 conditum
3637 2605 3690 2659 in

2114 2693 2233 2747 loco
2261 2691 2520 2747 Calvariu:
2548 2692 2908 2760 suspicentur.
2939 2693 3065 2749 llaec
3104 2702 3285 2749 autem
3330 2696 3524 2750 eadem
3556 2697 3692 2751 Che-

2113 2785 2248 2839 bron
2294 2783 2425 2839 olim
2470 2784 2785 2853 metropolis
2812 2786 3278 2852 Philisthinorum,
3319 2796 3375 2841 et
3413 2787 3693 2846 habitacu-

2111 2875 2221 2928 lum
2270 2874 2578 2946 gigantum,
2628 2889 2959 2946 regnumque
3006 2885 3190 2946 postea
3243 2877 3413 2932 David
3458 2882 3519 2934 in
3552 2880 3690 2934 tribu

2111 2962 2246 3018 Juda
2287 2965 2477 3022 civitas
2517 2966 2868 3021 sacerdotalis
2906 2978 2964 3022 et
2996 2968 3345 3039 fugitivorum
3367 3010 3381 3035 ,
3420 2968 3591 3025 distat
3626 2972 3690 3027 ad

2112 3055 2468 3111 meridianam
2492 3056 2703 3128 plagam
2731 3058 2798 3114 ab
2830 3058 2942 3113 Elia
2991 3059 3313 3116 milliaribus
3356 3063 3581 3117 circiter
3610 3064 3685 3116 vi-

2036 3125 2083 3187 Ο
2108 3146 2247 3217 ginti
2275 3125 2511 3212 duobus;
2537 3125 2845 3217 et'quereus
2869 3149 3163 3214 Abraham,
3192 3165 3311 3219 qua:
3340 3158 3393 3204 et
3424 3150 3686 3215 Mamhre,

2109 3252 2281 3307 usque
2319 3238 2389 3294 ad
2430 3237 2734 3295 Constantii
2764 3241 2907 3310 regis
2936 3241 3224 3309 imperium
3255 3244 3681 3308 monstrabatur,

2109 3336 2166 3383 et
2194 3326 2524 3383 mausoleum
2554 3328 2672 3398 eius
2702 3330 2757 3382 in
2791 3331 3200 3399 praesentiarum
3228 3331 3493 3386 cernitur.
3533 3332 3688 3388 Cum-

2109 3432 2217 3488 que
2247 3434 2274 3472 a
2304 3419 2505 3473 nostris
2551 3418 2750 3475 ibidem
2775 3418 3004 3474 ecclesia
3038 3418 3152 3487 iam
3193 3430 3472 3476 exstructa
3519 3424 3592 3478 sit
3634 3423 3685 3477 in

2110 3509 2360 3572 circuitu,
2391 3525 2423 3565 a
2460 3510 2679 3565 cunctis
2740 3512 2988 3581 gentibus
3035 3511 3348 3567 Terebinthi
3394 3512 3554 3570 locus
3597 3530 3682 3569 su-

2106 3598 2415 3667 perstitiose
2441 3598 2656 3664 colitur,
2681 3614 2748 3654 eo
2777 3599 2920 3668 quod
2949 3600 3048 3655 sub
3071 3612 3136 3656 ea
3163 3601 3437 3656 Abraham
3461 3602 3680 3673 angelos

2109 3689 2381 3758 quondam
2440 3688 2676 3758 hospitio
2725 3692 3043 3760 susceperit.
3091 3690 3216 3746 Haec
3265 3706 3395 3763 ergo
3448 3693 3684 3761 primum

2107 3779 2271 3845 Arbe,
2303 3787 2488 3849 postea
2516 3794 2549 3832 a
2576 3779 2849 3845 Chebron,
2873 3795 2981 3836 uno
3015 3780 3247 3835 ﬁliorum
3274 3781 3463 3848 Caleb,
3493 3783 3680 3837 sortita

2109 3870 2433 3927 vocabulum
2453 3877 2555 3927 est.
2582 3870 2725 3943 Lege
2748 3869 2923 3927 Verba
2952 3872 3179 3927 dierum.

2731 3982 2957 4039 CAPUT
3000 3984 3064 4040 ν.

2106 4100 2186 4155 De
2227 4112 2365 4156 sorte
2402 4101 2647 4171 ﬁliorum,
2679 4097 2823 4171 Iuda
2858 4111 2876 4149 :
2916 4106 2967 4171 et
3009 4097 3168 4171 quod
3192 4094 3368 4171 Caleb‘
3395 4094 3582 4171 delevit
3621 4110 3679 4148 ex

2180 4166 2525 4226 llcbron'tres
2571 4169 2711 4239 ﬁlios
2747 4167 2985 4233 Zenach,
3021 4166 3200 4233 Serui,
3248 4177 3297 4220 et
3333 4166 3593 4220 Achimau
3634 4174 3678 4218 et

2182 4242 2442 4295 Tholmai.

2180 4330 2329 4401 (CAP.
2357 4330 2472 4402 xv.)
2502 4349 2522 4382 ι
2550 4331 2717 4401 Igitur
2740 4345 2863 4385 sors
2897 4328 3131 4385 ﬁliorum
3163 4326 3317 4384 Juda:
3347 4342 3446 4397 per
3487 4341 3678 4397 cogna-

2116 4445 2135 4478 ¢
2179 4426 2356 4479 tiones
2392 4438 2517 4477 suas
2561 4422 2665 4476 ista
2693 4420 2829 4475 fuit:
2864 4435 2896 4476 a
2929 4420 3161 4497 termino
3204 4416 3377 4477 Edom
3407 4418 3675 4473 desertum

2115 4531 2133 4565 ‹
2182 4512 2276 4568 Sin
2303 4519 2491 4566 contra
2527 4510 2828 4575 meridiem,
2855 4517 2911 4564 et
2934 4523 3105 4580 usque
3134 4508 3526 4581 adextremam
3561 4521 3677 4576 par-

2115 4620 2133 4653 ι
2181 4610 2290 4656 tem
2333 4599 2586 4656 australis
2621 4600 2811 4671 plagae,
2846 4619 2865 4652 ι
2894 4606 3001 4653 etc.
3037 4598 3145 4671 (Ex
3173 4597 3511 4669 Augustino.)
3539 4596 3674 4652 Con-

2108 4693 2336 4748 suetudo
2375 4702 2459 4747 est
2507 4692 2800 4761 Scriptura:
2849 4700 3082 4761 quatuor
3124 4692 3260 4745 adeo
3301 4698 3486 4760 partes
3535 4690 3674 4746 orbis

2108 4794 2287 4849 terrm,
2320 4799 2456 4854 quas
2502 4798 2692 4853 agrum
2729 4791 2787 4837 et
2815 4780 2999 4852 plagas
3034 4780 3337 4845 nominant,
3379 4779 3669 4850 appellare;

2107 4884 2162 4929 et
2196 4875 2250 4928 in
2286 4874 2664 4930 distributione
2694 4872 2880 4926 ﬁnium
2924 4872 3099 4926 tribus
3122 4868 3274 4925 Iuda:
3299 4868 3421 4925 dum
3448 4878 3673 4923 tantum-

2110 4970 2271 5024 modo
2315 4967 2683 5031 nominantur,
2721 4976 2776 5019 et
2816 4967 2936 5020 dua:
2983 4964 3297 5019 reticentur.
3345 4961 3482 5017 Hinc
3534 4962 3675 5017 enim

2109 5062 2367 5131 scriptum
2394 5067 2511 5115 est:
2538 5059 2603 5112 Et
2628 5057 2753 5113 facti
2777 5064 2901 5112 sunt
2925 5055 3058 5110 ﬁnes
3083 5055 3255 5109 tribus
3280 5054 3512 5109 ﬁliorum
3538 5053 3668 5109 Juda

2109 5149 2398 5206 secundum
2437 5148 2619 5217 plebes
2668 5162 2891 5212 eorum,
2924 5161 2954 5199 a
2990 5144 3186 5200 ﬁnibus
3230 5144 3494 5209 Idumaeas,
3518 5160 3551 5199 a
3584 5143 3672 5198 de-

2110 5248 2256 5294 serto
2286 5236 2417 5292 Sina
2445 5235 2511 5289 ad
2560 5222 2931 5301 occidentem;
2955 5242 3013 5291 et
3049 5248 3173 5289 eum
3217 5233 3472 5303 descripti
3500 5239 3672 5288 essent

2113 5333 2246 5387 lines
2291 5329 2359 5384 ad
2409 5328 2776 5391 occidentem,
2828 5334 2940 5379 tum
2989 5323 3182 5379 deinde
3221 5330 3276 5378 et
3316 5323 3385 5377 ab
3429 5322 3666 5383 oriente;

2110 5440 2290 5489 omne,
2336 5422 2539 5493 inquit,
2576 5434 2726 5474 mare
2761 5417 2980 5473 salsum.
3023 5416 3091 5470 Et
3134 5415 3270 5470 alias
3316 5414 3451 5469 duas
3500 5420 3669 5483 partes

2111 5516 2347 5580 reticuit,
2390 5514 2443 5569 id
2488 5521 2601 5574 est,
2642 5506 3023 5580 septentrionis
3066 5505 3149 5561 vel
3198 5504 3498 5563 meridiani.
3546 5500 3670 5557 Vide

2111 5623 2260 5677 ergo,
2306 5606 2351 5660 si
2392 5619 2497 5659 non
2547 5602 2750 5672 repleta
2799 5608 2925 5653 sunt
2974 5595 3268 5667 mysteriis,
3305 5595 3431 5650 licet
3468 5588 3667 5661 singula

2112 5696 2193 5752 vel
2241 5695 2437 5749 sentire
2476 5693 2557 5749 vel
2599 5691 2869 5762 explicare
2908 5700 3259 5759 nequeamus.
3287 5687 3490 5742 Tamen
3519 5687 3667 5755 prout
