3996 6176
325 350 466 409 I073

1250 348 1603 408 COMMENT.
1641 347 1712 405 IN
1743 342 2009 404 LIBRUM
2045 341 2280 401 JOSUE.
2320 374 2372 385 -
2426 343 2554 400 LIB.
2594 347 2679 402 lII.

3474 344 3615 400 lli'il

320 467 584 525 Dominus
608 469 852 539 pragbere
890 468 1161 540 dignatur,
1205 477 1261 525 et
1286 486 1387 528 nos
1419 486 1614 544 capere
1637 469 1903 532 valemus,
1933 464 1984 526 Α
2009 465 2250 521 evaseris
2272 480 2424 522 mare
2443 467 2667 534 salsum,
2693 467 2895 522 fontem
2919 468 3162 524 invenies
3184 469 3236 522 in
3267 475 3408 521 terra
3433 463 3605 519 Judm.

323 558 598 614 discutere
628 558 841 629 singula
885 574 1118 631 quaeque
1164 563 1515 619 tentabimus.
1548 563 1702 618 Facti
1752 570 1909 626 sunt,

326 651 526 721 inquit,
554 650 689 705 ﬁnes
714 649 851 705 Juda
881 654 1176 709 secundum
1204 654 1389 725 plebes
1411 669 1623 720 eorum,
1651 671 1682 709 a
1717 654 1935 710 ﬁnibus.

326 742 594 807 Idumaeas,
621 758 653 797 a
677 743 893 797 deserto
924 742 1074 808 Sina,
1105 745 1172 799 ad
1196 746 1555 801 occidentem.
1579 746 1748 818 Igitur
1779 746 1915 802 ﬁnes

324 833 480 890 Judre
519 834 751 904 proximi
792 841 919 890 sunt
950 835 1148 892 ﬁnibus
1183 836 1452 893 Idumam
1496 838 1731 894 Idumaea
1761 854 1914 905 vero,

325 925 471 981 sicut
518 924 635 994 jam
695 924 933 981 diximus
988 941 1161 996 saepe,
1221 927 1617 999 interpretatur
1674 937 1911 984 terrena.

324 1013 454 1070 Post
483 1025 701 1069 terrena
728 1029 863 1086 ergo
909 1017 1092 1073 statim
1128 1028 1539 1089 consequuntur
1572 1019 1707 1076 ﬁnes
1738 1018 1912 1085 Judre,

326 1105 422 1161 sed
470 1120 502 1160 a
544 1105 780 1172 deserto,
830 1107 1038 1177 inquit,
1089 1107 1217 1163 Sina
1257 1126 1270 1163 :
1304 1110 1692 1179 interpretatur
1733 1120 1915 1165 autem

326 1197 480 1263 Sina,
506 1198 853 1255 tentationes.
887 1199 1019 1254 Post
1054 1199 1381 1256 tentationes
1405 1216 1537 1272 ergo
1567 1216 1918 1272 consequun-

324 1299 417 1346 tur
461 1290 596 1347 ﬁnes
624 1291 960 1349 hazreditatis
1001 1290 1172 1349 Judze.
1202 1292 1471 1350 Occidens
1498 1304 1554 1351 et
1594 1295 1778 1350 oriens
1815 1306 1915 1349 no-

326 1384 625 1448 minantur,
654 1390 717 1438 et
736 1383 912 1438 vicina
962 1382 1078 1439 loca
1105 1398 1166 1440 ea
1196 1400 1319 1455 quas
1347 1400 1509 1456 supra
1543 1386 1779 1441 diximus
1804 1386 1916 1441 imo

325 1474 593 1539 conﬁnia;
625 1474 720 1529 sed
749 1481 806 1530 et
836 1473 992 1529 vallis
1023 1474 1243 1545 Egypti
1281 1476 1456 1531 vicina
1483 1474 1917 1531 occidentalibus

325 1565 571 1636 partibus
613 1565 946 1636 designatur,
975 1580 1096 1635 qum
1141 1574 1227 1621 est
1253 1581 1283 1620 a
1322 1567 1541 1622 deserto
1564 1567 1630 1622 ad
1658 1567 1915 1622 occideri»

328 1667 468 1724 tem;
504 1658 573 1712 ab
607 1657 823 1713 oriente
866 1672 996 1713 vero
1042 1658 1335 1729 cinguntur
1380 1658 1523 1713 ﬁnes
1565 1660 1704 1714 mari
1746 1659 1910 1714 salso.

327 1750 460 1805 Post
488 1751 590 1806 hoc
627 1764 657 1804 a
686 1750 951 1821 collibus,
988 1751 1196 1820 inquit,
1227 1752 1322 1822 qui
1357 1752 1652 1807 tenduntur
1678 1753 1744 1807 ad
1773 1752 1916 1807 occi-

328 1841 591 1906 dentem;
639 1850 697 1899 et
747 1842 870 1897 inde
920 1817 1354 1899 ascenditur-ab
1404 1845 1693 1901 occidente
1744 1860 1916 1915 usque
1946 1817 1990 1877 Β

327 1933 528 1999 Barac,
554 1944 611 1989 et
653 1934 733 1989 sic
774 1935 1117 2004 portenditur
1145 1937 1212 1989 ad
1251 1936 1588 1991 occidentem
1614 1935 1806 1991 Gades.
1850 1937 1920 1992 Et

329 2027 384 2082 hi
415 2035 541 2082 sum
572 2026 708 2083 ﬁnes
733 2042 922 2083 eorum
956 2029 1025 2083 ab
1052 2027 1267 2092 Africo;
1300 2037 1356 2084 et
1391 2029 1516 2085 inde
1558 2031 1798 2099 perrexit
1834 2047 1920 2085 us-

327 2132 436 2187 que
460 2117 526 2171 ad
559 2118 753 2172 vallem
783 2118 1028 2190 Egypti.
1060 2120 1224 2175 Vides
1251 2124 1520 2192 quomodo
1545 2124 1596 2177 in
1620 2124 1919 2179 occidentis

327 2209 595 2280 partibus,
634 2220 688 2266 et
727 2209 990 2278 Africum,
1020 2222 1075 2267 et
1105 2211 1399 2286 IEgyptum
1430 2217 1696 2282 nominat,
1734 2226 1786 2271 et
1830 2232 1918 2272 oe-

328 2302 555 2357 easuni?
580 2303 698 2359 sine
725 2303 910 2367 dubio,
943 2312 999 2357 ut
1024 2304 1141 2360 haec
1165 2307 1347 2361 omnia
1379 2309 1920 2379 sciat'unusqnisque

329 2393 607 2448 evaden'la
642 2410 763 2450 esse
791 2404 847 2451 et
880 2399 1234 2465 transeunda,
1282 2409 1341 2455 ut
1372 2401 1447 2457 ita
1482 2404 1699 2461 demum
1748 2407 1922 2476 possit

330 2484 399 2537 ad
429 2484 630 2539 tribum
676 2486 880 2557 regiam
924 2491 1229 2558 pervenire,
1259 2492 1326 2569 de
1369 2508 1477 2562 qua
1519 2493 1651 2548 dicit
1692 2495 1923 2565 Aposto-

330 2575 416 2630 lus
452 2593 465 2629 :
503 2576 725 2631 Certum
769 2587 853 2632 est
895 2579 1036 2648 quod
1067 2582 1133 2636 de
1166 2580 1300 2636 Juda
1350 2593 1503 2639 ortus
1537 2594 1621 2641 est
1664 2588 1923 2645 Dominus

329 2672 518 2720 noster
542 2665 701 2723 Jesus
727 2667 973 2724 Christus
1003 2668 1189 2741 (Hebr.
1216 2672 1334 2745 vn).
1374 2674 1418 2726 A
1447 2675 1647 2732 ﬁnibus
1686 2687 1772 2733 est
1802 2678 1924 2732 Idu-

332 2772 485 2813 mtea:
505 2757 781 2815 desertum
815 2760 969 2816 Sina.
1000 2762 1169 2819 Paulo
1193 2773 1318 2820 ante
1348 2768 1582 2825 diximus
1610 2771 1677 2826 de
1706 2772 1923 2829 deserto

332 2845 467 2902 Sina
497 2848 638 2918 quod
666 2851 991 2906 tentationes
1015 2853 1312 2923 signiﬁcat;
1348 2864 1401 2911 et
1439 2858 1562 2914 ideo
1587 2875 1811 2916 necesse
1839 2871 1925 2918 est

332 2951 436 2991 nos
474 2938 710 2994 transire
752 2955 996 2997 eremum
1042 2945 1417 3010 tentationum,
1445 2957 1505 3003 ut
1545 2950 1626 3005 sic
1654 2952 1924 3022 possimus

329 3031 618 3098 pervenire
646 3032 699 3086 in
729 3034 1103 3091 hatreditatem
1141 3035 1374 3093 ﬁliorum
1405 3039 1576 3107 Juda;
1607 3045 1702 3100 sed
1736 3060 1925 3100 ascen-

2015 554 2186 622 Quem
2216 556 2461 613 fontem?
2484 559 2639 614 Illum
2667 559 2912 630 profecto
2939 561 3006 617 de
3035 577 3141 631 quo
3172 560 3383 617 dicebat
3410 558 3569 614 J‘esus
3594 577 3608 615 :

2021 665 2039 699 ι
2071 648 2172 715 Qui
2204 649 2404 705 biberit
2450 649 2518 705 de
2563 667 2703 722 aqua
2749 666 2911 721 quam
2942 669 3042 722 ego
3071 652 3210 707 dabo
3236 653 3309 717 ei,
3344 653 3434 707 ﬁ‘et
3462 651 3515 705 in
3547 666 3614 707 eo

2016 740 2136 796 fons
2179 752 2336 812 aqua:
2368 744 2613 800 salientis
2648 745 2703 799 in
2736 746 2902 801 vitam
2937 754 3207 801 aeternam-
3242 747 3424 818 (Joan.
3454 746 3552 819 tv).
3588 768 3608 801 ι

2016 832 2188 903 Hujus
2218 835 2384 907 igitur
2415 837 2546 892 solis
2584 853 2706 892 cum
2736 839 2898 897 talem
2931 841 3146 910 qualem
3192 841 3429 896 diximus
3461 842 3612 896 inve-

2014 924 2165 980 neris
2213 924 2450 991 l'ontem,
2502 926 2745 983 invenies
2785 929 2947 984 etiam
2988 931 3266 985 civitatem
3302 931 3419 1001 ejus
3463 950 3475 983 :
3516 930 3614 995 Est

2015 1015 2188 1080 enim,
2221 1017 2417 1086 inquit,
2446 1017 2515 1089 ibi
2543 1027 2597 1072 ct
2625 1019 2818 1074 civitas
2848 1021 2996 1075 solis.
3038 1022 3248 1075 Dicitur
3275 1037 3397 1076 esse
3430 1021 3481 1075 iu
3513 1020 3610 1074 ᾹΞ-

2015 1117 2179 1177 gypto
2209 1108 2402 1163 civitas
2427 1108 2584 1175 solis;
2626 1100 2718 1163 sed
2750 1111 2852 1165 ista
2885 1110 3078 1165 civitas
3105 1111 3236 1165 solis
3263 1127 3381 1180 qua:
3427 1111 3480 1164 in
3514 1109 3611 1164 ΑΞ-

2017 1208 2178 1269 gypto
2222 1207 2325 1264 est,
2376 1199 2537 1268 hujus
2579 1202 2709 1257 solis
2760 1219 2957 1259 nomen
2976 1204 3199 1273 accepit
3237 1220 3399 1275 quem
3446 1203 3612 1258 Pater

2018 1288 2257 1344 cmlcstis
2280 1290 2411 1344 oriri
2438 1289 2593 1359 jubet
2631 1308 2793 1362 super
2824 1292 2994 1349 bonos
3024 1303 3079 1348 et
3116 1294 3315 1358 malos;
3353 1294 3443 1348 illa
3475 1311 3608 1349 vero

2018 1379 2211 1435 civitas
2253 1395 2372 1450 quae
2414 1381 2469 1435 in
2509 1381 2693 1437 J-udzea
2740 1392 2845 1449 est,
2892 1391 3204 1437 sanctorum
3238 1384 3615 1438 tantummodo

2017 1469 2266 1536 eiiieitur,
2313 1472 2438 1540 quia
2468 1472 2662 1527 civitas
2690 1474 2785 1527 Dei
2826 1483 2910 1528 est
2936 1493 2948 1527 :
2978 1485 3034 1528 et
3077 1472 3199 1528 fans
3246 1473 3354 1539 ille,
3393 1473 3458 1528 de
3500 1488 3609 1543 quo

2018 1564 2266 1633 superius
2294 1564 2548 1631 diximus,
2582 1564 2777 1620 ﬂuvius
2806 1565 3030 1621 eil‘ectus
3059 1566 3296 1621 Letiﬁcat
3327 1565 3605 1620 civitatem

2020 1653 2137 1707 Dei.
2164 1653 2269 1709 Sed
2297 1663 2351 1709 et
2381 1662 2439 1709 tu
2464 1656 2510 1710 si
2537 1670 2603 1710 ex
2638 1658 2792 1711 omni
2816 1666 2970 1727 parte
3005 1658 3246 1711 munitus
3275 1656 3371 1723 sis,
3403 1666 3457 1712 et
3489 1672 3615 1711 con-

2020 1745 2262 1800 tinentiae
2297 1761 2454 1801 muro
2482 1747 2870 1814 circumlatus,
2902 1747 2948 1802 si
2976 1747 3251 1818 patientiae
3293 1756 3348 1803 et
3390 1762 3615 1818 inagna-

2019 1836 2285 1891 nimitatis
2321 1838 2561 1892 turribus
2585 1837 2950 1894 circumdatus
2991 1853 3072 1904 es,
3101 1840 3267 1893 etiam
3297 1848 3351 1893 tu
3380 1837 3613 1892 elliceris

2019 1924 2214 1982 civitas
2250 1925 2385 1992 Dei;
2437 1927 2481 1980 si
2527 1942 2659 1982 vero
2702 1930 2769 1983 ad
2820 1929 2935 1985 hzec
2977 1930 3158 1983 omnia
3210 1930 3477 2001 adjeceris
3514 1929 3615 1983 tibi

2020 2014 2202 2071 lumen
2233 2018 2494 2085 scientiae,
2525 2020 2667 2075 sicut
2711 2019 2881 2075 Isaias
2916 2022 2961 2090 (ι
2994 2022 3294 2077 ilhnninate
3324 2022 3475 2076 vobis
3525 2020 3610 2074 iu-

2021 2122 2143 2162 men
2176 2108 2416 2164 scientize
2439 2115 2509 2179 ι),
2548 2118 2601 2165 et
2631 2110 2710 2166 sol
2745 2112 2798 2166 in
2842 2122 2895 2167 te
2923 2111 3149 2181 justitiac
3192 2113 3506 2179 radiavcrit,
3535 2113 3615 2168 cf-

2022 2203 2201 2259 ﬁceris
2230 2205 2394 2259 etiam
2431 2216 2485 2260 et
2518 2215 2573 2261 tu
2619 2207 2812 2264 civitas
2855 2208 3005 2277 solis,
3038 2209 3123 2263 vel
3169 2210 3444 2265 civitatem
3481 2211 3612 2265 solis

2022 2303 2169 2350 sorte
2202 2296 2536 2375 hmreditatis
2578 2299 2852 2369 accipies:
2892 2304 2985 2355 sed
3032 2309 3087 2356 et
3132 2301 3176 2356 si
3219 2302 3612 2357 le'lradideris

2022 2386 2125 2457 legi
2160 2387 2275 2453 Dei,
2307 2399 2368 2443 ut
2408 2388 2458 2442 in
2489 2389 2602 2458 ipsa
2652 2391 2931 2446 mczlitcris
2960 2392 3045 2445 die
3086 2402 3376 2457 ac‘noctc,
3404 2403 3459 2449 et
3507 2410 3614 2449 non

2023 2478 2240 2533 recedat
2285 2464 2603 2550 liberllegis
2646 2480 2712 2534 de
2749 2476 2911 2534 manu
2960 2491 3076 2545 tua,
3121 2483 3261 2537 sicut
3311 2483 3511 2538 dicitur
3548 2485 3617 2539 ad

2021 2565 2236 2631 Iesum;
2270 2577 2324 2623 et
2350 2569 2392 2623 si
2433 2584 2642 2624 memor
2666 2571 2743 2625 sis
2768 2574 3020 2643 prmcepti
3061 2572 3380 2639 Salvatoris,
3419 2575 3470 2629 in
3506 2593 3613 2644 quo

2021 2660 2194 2716 dicit:
2234 2680 2253 2713 ι
2283 2660 2614 2718 Scrutamini
2651 2662 2964 2737 Scripturas
3004 2665 3197 2739 (Joan.
3230 2669 3318 2739 v);
3356 2688 3372 2719 ι
3409 2668 3453 2721 si
3484 2684 3613 2740 ergo

2025 2753 2219 2808 talibus
2263 2754 2456 2810 studiis
2485 2764 2536 2809 te
2576 2757 2990 2825 mancipaveris,
3034 2767 3087 2812 ct
3136 2758 3611 2812 eruditionem-di-

2021 2844 2161 2901 vinae
2189 2845 2321 2915 legis
2349 2846 2433 2900 vel
2476 2847 2702 2917 legendo
2738 2849 2821 2902 vel
2857 2847 3123 2903 audiendo
3154 2849 3473 2913 obtinueris,
3508 2859 3610 2903 tua:

2022 2935 2287 3004 portiouis
2314 2933 2543 2990 eilicitur
2565 2936 2757 2990 civitas
2788 2937 3111 2992 litterarum.
3145 2938 3211 2991 Et
3249 2939 3364 2993 lucc
3394 2939 3613 3009 quidem

2023 3040 2121 3078 nos
2159 3040 2257 3094 pro
2299 3026 2652 3094 possibilitate
2684 3043 2876 3082 sensus
2923 3028 3126 3093 nostri,
3174 3028 3257 3082 vel
3304 3029 3467 3083 etiam
3516 3046 3615 3101 pro

334 3119 466 3175 ἀει-ε
513 3136 613 3177 nos
662 3131 875 3193 oportet
923 3126 992 3179 ad
1044 3142 1331 3184 ascensum
1384 3130 1601 3185 mnium
1649 3132 1918 3200 Acmbin’
1949 3167 1993 3228 ϐ
2025 3115 2241 3218 auditus
2268 3117 2435 3171 vestri
2461 3119 2782 3228 capacitatc,
2815 3119 3168 3228 discussions
3199 3116 3450 3222 {summa
3485 3137 3614 3228 vera

333 3211 479 3279 quod
542 3211 932 3282 interpretatur
994 3220 1316 3289 scorpionis.
1368 3220 1705 3278 Transeundi
1765 3227 1923 3282 nobis

339 3313 469 3360 sunt
492 3313 550 3361 et
573 3306 815 3363 calcandi
838 3311 1151 3379 scorpiones
1177 3313 1251 3367 illi
1283 3315 1401 3371 sine
1424 3316 1610 3383 dubio,
1640 3319 1926 3390 de-quibus

340 3394 590 3451 Salvator
635 3397 770 3452 dicit
802 3412 817 3451 :
862 3416 881 3449 ι
913 3399 1054 3456 Ecce
1100 3401 1223 3457 dedi
1272 3404 1425 3459 vobis
1455 3415 1781 3476 potestatem
1816 3410 1926 3465 cal-

336 3487 497 3542 candi
540 3503 704 3558 super
736 3504 1018 3561 serpentes
1052 3501 1108 3549 et
1140 3495 1456 3566 scorpiones
1485 3497 1637 3571 (Luc.
1668 3501 1744 3573 Χ).
1767 3521 1787 3554 ι
1822 3500 1923 3571 Qui

331 3590 465 3648 ergo
501 3579 612 3632 vult
660 3589 717 3635 et
749 3581 1023 3639 desiderat
1075 3584 1283 3656 ingredi
1328 3588 1697 3655 luereditatem
1744 3591 1922 3647 tribus

331 3666 493 3730 Juda,
540 3678 754 3740 oportet
791 3688 915 3727 eum
961 3676 1255 3731 ascendere
1282 3678 1335 3730 in
1369 3680 1719 3736 aseensiones
1765 3682 1922 3749 istas,

332 3766 390 3814 et
434 3758 649 3814 calcare
674 3770 837 3832 atque
876 3764 1106 3819 evadere
1135 3766 1453 3836 scorpiones
1481 3769 1573 3839 qui
1611 3769 1919 3827 obsistunt:

331 3852 477 3907 unde
522 3852 757 3908 arbitror
798 3857 942 3926 quod
994 3857 1140 3913 istud
1191 3859 1301 3933 iter
1348 3863 1542 3933 agendi
1591 3873 1746 3930 sunt,
1796 3867 1924 3937 quia

332 3941 604 3998 Ezechieli
637 3946 911 4015 propheta}
945 3947 1161 4003 dicebat
1207 3950 1509 4005 Dominus:
1545 3970 1565 4003 ι
1596 3952 1695 4007 Fili
1742 3955 1922 4010 homi-

333 4033 443 4097 nis,
473 4033 528 4087 in
564 4034 743 4090 medio
785 4038 1134 4107 scorpionum
1165 4051 1220 4095 tu
1269 4040 1516 4098 ambulas
1545 4038 1763 4117 (Ezeéh.
1790 4044 1873 4118 ιι).
1899 4067 1918 4100 ι

331 4124 400 4179 Et
429 4135 575 4192 sunt,
604 4128 803 4197 inquit,
845 4129 979 4187 ﬁnes
1008 4148 1180 4203 usque
1222 4136 1289 4190 ad
1319 4134 1509 4191 Cades.
1553 4137 1726 4194 Cades
1754 4140 1922 4195 inter-

329 4227 579 4289 pretatur
609 4232 857 4280 sanctum
893 4226 976 4281 vel
1008 4229 1387 4285 sanctiﬁcatio.
1422 4230 1583 4287 Fines
1608 4248 1738 4304 ergo
1772 4232 1924 4290 Judze

330 4326 503 4380 usque
528 4313 595 4367 ad
620 4315 1099 4372 sanctiﬁcationem
1124 4321 1468 4388 perveniunt.
1504 4322 1611 4378 Sed
1640 4325 1922 4382 videamus

327 4404 494 4458 etiam
524 4420 644 4475 quze
674 4415 800 4463 sunt
826 4408 961 4465 ﬁnes
988 4426 1053 4465 ex
1090 4414 1337 4481 partibus
1366 4415 1612 4481 orientis,
1644 4430 1750 4471 non
1778 4420 1921 4488 quod

2029 3206 2279 3272 scientia,
2310 3215 2363 3261 ct
2399 3206 2716 3277 profundior
2744 3209 2937 3265 horum
2975 3209 3327 3282 intelligentia
3373 3210 3512 3279 apud
3555 3211 3616 3263 il-

2028 3295 2107 3351 los
2128 3296 2233 3351 erit
2257 3298 2348 3367 qui
2383 3314 2567 3353 veram
2593 3300 2965 3355 hazreditatem
2994 3301 3105 3355 veri
3129 3310 3183 3355 et
3212 3302 3471 3373 unigeniti
3498 3301 3617 3355 Filii

2025 3386 2141 3452 Dei,
2170 3404 2290 3458 qum
2320 3390 2650 3460 repromissa
2690 3396 2775 3445 c’st
2801 3390 2886 3446 his
2930 3391 3020 3461 qui
3059 3405 3182 3446 cum
3211 3388 3455 3462 perfecte
3487 3392 3620 3448 dile—

2026 3480 2228 3543 xerint,
2256 3483 2513 3550 consequi
2541 3483 2915 3537 merebuntur.
3689 3470 3693 3474 ’

2097 3590 2274 3663 (ιω.)
2308 3609 2326 3641 ι
2355 3591 2517 3646 Caleb
2556 3607 2684 3647 vero
2730 3591 2843 3649 ﬁlio
2872 3591 3080 3672 Jeﬁ‘one
3117 3593 3265 3648 dedit
3303 3604 3511 3664 partem
3563 3598 3617 3651 in

2032 3701 2051 3734 ι
2098 3684 2275 3739 medio
2324 3683 2554 3738 ﬁliorum
2587 3682 2746 3749 Juda,
2786 3685 2928 3741 sicut
2963 3697 3298 3758 praeceperat
3342 3689 3391 3743 ei
3426 3690 3613 3743 Domi-

2033 3792 2053 3827 ι
2097 3790 2219 3840 nus,
2244 3774 2502 3830 Cbariath
2530 3774 2695 3839 Arbe,
2726 3777 2896 3845 patris
2921 3777 3124 3841 Enach,
3153 3776 3267 3845 ipsa
3293 3786 3380 3834 est
3403 3778 3613 3846 Ebrou:

2031 3880 2051 3915 ι
2099 3863 2402 3935 delevitque
2425 3880 2491 3919 ex
2516 3881 2579 3920 ea
2622 3864 2784 3922 Caleb
2815 3874 2927 3923 tres
2959 3866 3097 3923 ﬁlios
3123 3867 3328 3934 Euach,
3377 3867 3529 3925 Scsai
3559 3878 3615 3923 et

2033 3972 2051 4005 ι
2098 3952 2292 4021 Eman,
2323 3963 2378 4011 et
2415 3954 2665 4011 Tholmai
2708 3956 2774 4011 de
2820 3958 2988 4027 stirpe
3021 3958 3238 4025 Euach;
3275 3969 3442 4030 atque
3491 3962 3615 4016 inde

2033 4064 2052 4099 ι
2095 4046 2466 4102 conscendens
2485 4047 2633 4103 venit
2657 4047 2724 4102 ad
2750 4048 3082 4104 habitatores
3105 4048 3292 4115 Dabir,
3317 4064 3438 4119 qua:
3463 4050 3617 4120 prius

2032 4158 2051 4191 ι
2098 4140 2396 4195 vocabatur
2429 4140 2689 4197 Chariath
2721 4140 2949 4213 Sepher,
2996 4142 3045 4197 id
3075 4151 3160 4198 est
3185 4143 3376 4199 civitas
3403 4144 3613 4198 littera~

2030 4248 2050 4281 ι
2096 4245 2235 4285 rum.
2262 4250 2280 4282 ι
2317 4229 2502 4285 Primo
2535 4247 2665 4302 ergo
2691 4232 3042 4287 discutiamus
3071 4248 3242 4303 quare
3268 4234 3609 4304 metropolim

2026 4318 2236 4389 accepit
2264 4317 2447 4384 Caleb,
2476 4326 2531 4374 et
2560 4318 2703 4373 illam
2734 4334 2853 4389 qua:
2880 4321 3055 4390 prima
3086 4321 3230 4376 inter
3252 4329 3479 4376 caeteras
3503 4337 3620 4376 om-

2026 4423 2125 4463 nes
2165 4408 2219 4461 in
2265 4416 2411 4473 terra
2454 4410 2894 4480 repromissionis
2928 4410 3242 4480 metmpolis
3278 4412 3617 4467 nominatur.

329 4508 477 4549 nunc
530 4494 768 4551 locorum
808 4499 1109 4570 catalognm
1176 4502 1356 4559 facere
1401 4500 1632 4560 velimus
1652 4547 1666 4571 ,
1716 4507 1810 4562 sed
1859 4518 1919 4564 υι
1944 4519 1998 4580 Ῑ)
2024 4498 2092 4553 Et
2123 4498 2437 4569 metropolis
2464 4498 2652 4555 Enaeh
2685 4500 3073 4568 interpretatur
3103 4500 3383 4556 humilitas
3412 4502 3612 4566 inanis,

328 4587 713 4655 mysferiorum
745 4605 863 4658 quas
889 4607 988 4661 per
1016 4593 1130 4649 hmc
1169 4595 1543 4667 signiﬁcantur
1567 4608 1922 4657 contueantur

331 4678 614 4747 imagines.
659 4679 872 4735 Dicitur
899 4699 1048 4754 ergo,
1093 4685 1161 4739 ab
1188 4687 1397 4742 oriente
1427 4686 1564 4742 ﬁnes
1605 4685 1758 4744 Iuda:
1796 4706 1918 4749 esse

329 4786 485 4826 mare
515 4771 749 4838 salsum;
782 4783 837 4828 et
878 4786 1003 4844 post
1035 4777 1136 4832 hoc
1176 4778 1229 4833 in
1260 4789 1415 4849 parte
1452 4778 1569 4849 ejus
1607 4764 1920 4840 nominatur

329 4859 453 4914 fons
492 4860 639 4925 solis,
676 4872 730 4915 et
766 4863 979 4930 civitas,
1017 4873 1072 4919 et
1122 4866 1176 4919 in
1223 4866 1327 4921 hic
1374 4869 1565 4923 eadem
1613 4871 1754 4925 tribu
1799 4887 1918 4930 esse

330 4951 495 5005 etiam
540 4953 731 5009 civitas
774 4955 1099 5011 litterarum.
1130 4959 1356 5029 Oportet
1385 4962 1549 5033 igitur
1575 4978 1792 5020 omnem
1823 4967 1916 5037 qui

331 5041 446 5095 vult
479 5042 702 5099 introire
729 5045 783 5098 in
814 5055 1021 5114 partem
1054 5047 1282 5103 ﬁliorum
1316 5049 1474 5117 Juda,
1510 5054 1742 5108 transire
1771 5055 1919 5125 prius

332 5146 486 5186 mare
527 5134 752 5199 salsum,
782 5145 839 5189 et
864 5137 989 5192 vitm
1034 5138 1241 5194 scilicet
1277 5148 1331 5195 et
1362 5142 1548 5196 mundi
1598 5144 1760 5215 hujus
1807 5154 1923 5200 tur-

331 5221 489 5277 bines
533 5238 808 5294 superare,
847 5237 904 5282 et
927 5228 1157 5283 evadere
1183 5233 1364 5285 omnia
1400 5248 1519 5302 qua:
1551 5234 1603 5287 in
1637 5236 1738 5289 hoc
1766 5252 1919 5290 mun-

333 5313 423 5379 do,
465 5330 563 5385 pro
600 5317 812 5373 incerto
858 5336 955 5375 usu
1008 5328 1064 5375 et
1106 5320 1344 5389 lubrico,
1395 5325 1620 5379 marinis
1670 5325 1919 5382 fluctibus

333 5418 742 5477 comparantur,
785 5420 847 5466 ut
880 5415 1052 5483 possit
1101 5416 1167 5470 ad
1203 5414 1354 5472 Juda:
1386 5426 1586 5473 terram
1635 5421 1921 5489 pervenire

331 5507 391 5553 et
419 5498 620 5556 fontem
649 5503 779 5559 solis
804 5507 1080 5562 accedere.
1111 5508 1243 5575 Quis
1282 5517 1366 5565 est
1392 5519 1575 5565 autem
1613 5509 1734 5565 fons
1767 5512 1918 5577 solis,

333 5592 421 5646 vel
449 5593 642 5650 civitas
685 5596 851 5652 solis?
876 5597 1022 5654 Illius
1056 5599 1174 5655 sine
1205 5601 1367 5656 dubio
1412 5602 1479 5655 de
1514 5616 1621 5671 quo
1656 5601 1919 5671 scriptum

333 5693 423 5741 cst
447 5704 459 5739 :
491 5703 511 5737 ι
539 5688 705 5745 Vobis
731 5697 909 5746 autem
940 5690 1255 5747 timentibus
1281 5708 1476 5748 nomen
1504 5707 1682 5747 meum
1716 5692 1922 5748 orietur

337 5777 422 5833 sol
445 5776 665 5847 justitim
694 5778 948 5853 (Malach.
974 5782 1070 5853 iv).
1097 5801 1114 5833 ι
1152 5778 1320 5854 Hujus
1348 5796 1479 5856 ergo
1518 5781 1664 5849 solis,
1693 5780 1737 5838 si
1767 5783 1922 5853 prius

2029 4589 2111 4645 vel
2142 4590 2422 4660 responsio
2450 4590 2641 4645 inanis.
2663 4590 2894 4661 Accepit
2920 4608 3050 4663 ergo
3078 4591 3242 4647 Calcb
3272 4593 3617 4665 metropolim

2027 4679 2345 4735 humilitatis
2374 4679 2569 4735 inanis.
2600 4667 2884 4737 Duas'esse
2910 4682 3244 4737 hutuilitates
3269 4692 3479 4739 certum
3506 4696 3611 4747 est,

2026 4786 2189 4825 unam
2219 4769 2576 4836 laudabilem,
2607 4770 2673 4825 de
2720 4786 2825 4839 qua
2869 4771 3001 4826 dicit
3033 4771 3319 4829 Salvator:
3358 4792 3377 4824 ι
3410 4776 3610 4831 Discite

2026 4877 2058 4917 a
2085 4878 2171 4918 me
2199 4863 2323 4933 quia
2354 4862 2499 4915 mitis
2530 4877 2648 4916 sum
2681 4869 2737 4917 et
2779 4863 3000 4919 humilis
3030 4864 3210 4924 corde.
3245 4874 3300 4920 et
3326 4865 3614 4923 invenietis

2026 4953 2267 5022 requiem
2314 4952 2596 5007 animabus
2631 4954 2827 5008 vestris
2867 4952 3082 5026 (Manli.
3111 4955 3223 5029 xl);
3263 4976 3282 5010 ι
3325 4968 3380 5013 et
3414 4958 3480 5014 de
3510 4958 3611 5011 hac

2022 5043 2321 5099 humilitate
2352 5042 2552 5098 dictum
2594 5050 2711 5108 est,
2738 5043 2861 5113 quia
2900 5062 2918 5095 ι
2973 5047 3151 5101 omnis
3199 5047 3291 5117 qui
3337 5063 3395 5103 se
3433 5047 3609 5103 humi-

2021 5138 2248 5201 liaverit,
2298 5136 2625 5192 exaltabitur
2651 5135 2803 5206 (Luc.
2838 5138 2987 5210 xw);
3020 5159 3037 5192 ι
3072 5148 3125 5195 et
3166 5140 3363 5193 iterum
3391 5155 3409 5190 τ
3444 5157 3462 5187 ι
3495 5136 3611 5190 Hu-

2022 5230 2302 5286 miliamiui
2350 5230 2450 5285 sub
2482 5230 2856 5301 potentissima
2901 5248 3063 5286 manu
3110 5230 3330 5289 Domini
3362 5228 3413 5300 (Ι
3461 5226 3605 5284 I’etr.

2020 5326 2097 5390 v).
2143 5340 2160 5372 ι
2200 5319 2296 5375 Est
2322 5321 2466 5375 enim
2505 5330 2561 5375 et
2604 5320 2706 5374 alia
2734 5320 3012 5376 humilitas
3052 5317 3334 5389 culpabilis
3364 5328 3606 5389 peccaui-

2022 5430 2165 5480 rum,
2195 5414 2334 5469 sicut
2362 5412 2452 5468 illa
2478 5430 2641 5483 quam
2672 5415 2737 5469 de
2764 5413 2954 5470 illicito
2984 5412 3273 5469 concubitu
3303 5412 3432 5467 dicit
3462 5411 3610 5466 Scri—

2020 5513 2181 5575 ptura
2220 5505 2361 5575 quod
2399 5505 2463 5561 de
2499 5505 2672 5561 Amon
2713 5507 2973 5576 scriptum
3015 5516 3115 5568 est,
3145 5503 3269 5571 quia
3304 5502 3612 5556 humiliavtt

2024 5596 2259 5652 Thamar
2301 5611 2547 5652 sororem
2594 5611 2746 5651 suam
2777 5594 2861 5664 (II
2888 5593 3010 5661 Reg.
3037 5590 3174 5662 sui).
3209 5591 3304 5645 Est
3344 5605 3473 5662 ergo
3506 5592 3606 5646 hu-

2024 5689 2225 5744 militas
2253 5689 2448 5743 inanis.
2480 5687 2637 5757 Cepit
2679 5681 3019 5753 metmpolim
3054 5679 3136 5736 vel
3180 5683 3382 5738 excidit
3415 5682 3606 5763 Caleb,

2023 5791 2078 5836 et
2109 5779 2382 5836 interemit
2412 5786 2524 5835 tres
2569 5776 2707 5831 ﬁlios
2740 5773 2947 5840 Enach,
2980 5772 3070 5843 qui
3102 5781 3257 5830 erant
3293 5774 3387 5830 ﬁlii
3431 5775 3610 5831 inanis
