3996 6176
411 338 546 395 ιοπδ
614 316 623 325 ’

1045 349 1105 398 Β.
1147 343 1400 400 ΠᾹΒᾹΝΙ
1439 346 1659 403 MAUPJ
1691 346 2011 405 ARCHIEP.
2054 346 2364 407 MOGUNT.
2407 349 2692 407 OPERUII
2733 348 2913 406 PARS
2948 349 2991 405 l.

3526 353 3554 408 1
3563 353 3665 409 (ιῗῧ

404 455 746 517 htunilitatis.
795 457 903 513 Illis
951 458 1249 516 interfectis
1293 461 1407 532 ipse
1453 462 1643 518 habuit
1678 462 1976 528 civitatem,
2005 473 2055 532 Α
2089 481 2106 515 ι
2151 464 2238 518 vir
2277 463 2395 533 ejus
2425 473 2484 520 ut
2526 473 2736 537 peteret
2774 482 2803 520 a
2833 472 2989 536 patre
3031 478 3131 520 suo
3159 478 3369 535 agrum.
3416 466 3667 538 Suspira-

404 556 460 603 et
485 546 612 603 fecit
635 563 755 618 qum
785 549 838 602 in
864 551 1319 619 consequentibus
1347 552 1550 622 scripta
1580 561 1728 607 sunt.
1752 551 1853 620 Qui
1887 567 1979 607 au-

406 647 516 692 tem
554 644 681 692 sunt
729 635 826 691 ﬁlii
873 638 1048 693 inanis
1076 638 1397 697 humilitatis
1442 655 1578 710 quos
1603 642 1982 697 exterminavit

403 726 601 783 Caleb?
642 728 857 784 Primus
907 729 1065 792 Susi,
1110 731 1202 800 qui
1248 731 1636 802 interpretatur
1672 742 1826 789 extra
1873 748 1981 799 me,

404 819 508 873 hoc
557 827 673 884 est,
715 830 869 873 extra
915 832 1160 875 sanctum
1200 839 1213 876 :
1260 824 1402 879 tilius
1443 825 1621 880 inanis
1662 826 1984 883 humilitatis

404 924 565 977 quem
599 911 997 966 exterminavit.
1026 909 1212 976 Caleb,
1241 913 1350 967 imo
1377 924 1530 969 extra
1564 916 1850 971 Dominum
1876 925 1978 972 est.

406 997 473 1051 lit
501 999 638 1053 alius
682 998 937 1066 Ahimau,
964 1001 1055 1071 qui
1104 1002 1489 1072 interpretatur
1518 1006 1685 1062 frater
1712 1021 1864 1063 meus
1890 1023 1984 1065 ex-

407 1102 490 1145 tra
535 1092 837 1155 consilium,
867 1102 921 1146 et
963 1093 1133 1150 frater
1168 1095 1285 1150 sine
1328 1097 1593 1155 consilio:
1620 1114 1810 1154 omnes
1836 1101 1980 1155 enim

408 1180 606 1237 fratres
650 1184 739 1253 qui
771 1185 837 1239 de
880 1184 1184 1241 humilitate
1230 1186 1377 1242 inani
1414 1163 1725 1252 nascumtiir,
1776 1199 1980 1245 certum

404 1278 489 1326 est
513 1272 637 1343 quia
658 1282 811 1328 extra
839 1275 1118 1330 consilium
1142 1288 1284 1332 sunt.
1314 1277 1527 1333 Tertius
1550 1279 1815 1345 Tholmai,
1839 1281 1983 1349 quod

406 1366 792 1437 interpretatur
836 1368 1194 1439 praecipitium
1222 1369 1306 1424 vel
1350 1371 1671 1439 suspensio;
1708 1372 1852 1441 quod
1885 1374 1982 1429 de-

406 1459 584 1529 signat
614 1456 745 1512 nihil
776 1457 830 1512 in
877 1473 942 1513 eo
969 1460 1298 1527 stabilitatis,
1335 1462 1429 1516 sed
1461 1476 1594 1532 vaga
1630 1463 1813 1517 omnia
1844 1472 1899 1518 et
1925 1464 1979 1519 in

406 1567 645 1623 praeceps
672 1551 903 1606 ruentia.
934 1551 1070 1607 Istos
1092 1568 1222 1624 ergo
1252 1562 1362 1609 tres
1405 1554 1545 1609 ﬁlios
1578 1554 1762 1611 Euaeh
1797 1566 1979 1610 exter-

405 1642 634 1697 minavit
676 1650 733 1696 et
779 1642 1049 1698 interfecit
1080 1643 1261 1708 Caleb,
1306 1654 1361 1700 et
1394 1655 1517 1717 post
1559 1646 1693 1701 istos
1735 1647 1982 1703 ascendit

406 1731 569 1785 etiam
603 1732 656 1786 in
688 1729 872 1787 Dabir.
902 1732 1107 1789 Nomen
1144 1744 1265 1791 erat
1292 1736 1458 1790 Dabir
1480 1737 1633 1806 prius
1659 1737 1850 1792 civitas
1892 1738 1979 1793 lit-

408 1829 665 1875 terarum.
713 1822 877 1877 Dabir
930 1823 1317 1895 interpretatur
1363 1826 1601 1898 loquela,
1645 1829 1741 1884 sed
1788 1844 1983 1884 nomen
2012 1816 2058 1876 Β

407 1909 575 1967 Dabir
621 1921 740 1968 erat
781 1914 932 1983 prius
978 1915 1172 1971 civitas
1225 1917 1544 1973 litterarum.
1580 1918 1658 1973 ita
1708 1919 1984 1977 civitatem

409 1999 713 2056 litterarum
755 2002 993 2075 intelligo
1019 2020 1177 2060 omne
1203 2006 1413 2062 Veteris
1444 2007 1789 2063 Instmmenti
1822 2016 1988 2065 testa-

409 2098 674 2155 mentum,
704 2099 760 2146 ct
788 2091 929 2148 hanc
957 2093 1130 2164 ipsam
1160 2110 1320 2164 quam
1352 2112 1496 2152 nunc
1522 2097 1788 2152 disserere
1822 2111 1991 2152 cona-

409 2195 535 2233 mur
580 2179 916 2251 Scripturam
962 2183 1323 2254 intelligamus
1368 2200 1487 2241 esse
1525 2187 1800 2242 civitatem
1832 2186 1983 2243 litte-

412 2284 628 2335 rarum;
675 2286 798 2342 quae
840 2274 1184 2344 postmodum
1224 2275 1452 2331 efﬁcitur
1496 2278 1680 2345 Dabir,
1717 2280 1858 2349 quod
1902 2288 1988 2335 est

386 2361 657 2432 -loquela:
688 2365 801 2420 haec
829 2374 909 2421 est
935 2368 1079 2422 enim
1104 2383 1225 2438 quae
1251 2369 1402 2438 prius
1446 2369 1498 2425 in
1537 2370 1730 2426 litteris
1756 2378 1894 2437 erat,
1931 2380 1988 2426 et

411 2454 707 2511 secundum
731 2456 966 2512 litteram
992 2458 1410 2531 intelligebatur,
1440 2463 1598 2518 modo
1626 2462 1680 2518 in
1709 2463 1983 2530 Ecelesiis,

413 2543 690 2601 revelante
717 2547 964 2613 Domino,
1012 2547 1221 2620 loquela
1268 2536 1457 2607 eﬁ‘ecta
1492 2561 1598 2618 est,
1640 2554 1986 2624 loquentibus

415 2634 484 2690 de
518 2651 583 2691 ea
608 2644 663 2692 et
687 2637 1078 2696 disserentihus
1106 2641 1281 2712 primo
1309 2643 1584 2711 apostolis,
1619 2652 1676 2700 et
1705 2660 1986 2700 removen-

411 2714 559 2807 tihus
610 2730 676 2784 de
726 2742 789 2784 ea
828 2732 1125 2802 spiritalem
1179 2732 1468 2803 loquelam.
1522 2732 1628 2790 Sed
1681 2743 1737 2790 et
1790 2736 1985 2807 singuli

409 2803 624 2889 quoque
653 2821 902 2879 doctores
930 2820 1290 2880 Ecclesiarum
1331 2826 1567 2882 litteram
1608 2826 1763 2898 legis.
1802 2803 1987 2898 loq—ue-

410 2909 519 2965 lam
557 2921 613 2966 et
644 2912 1061 2984 disputationem
1090 2931 1242 2971 suam
1268 2916 1411 2971 illam
1437 2918 1802 2989 evangelicam
1840 2919 1985 2975 fece-

408 3017 555 3061 runt.
587 3005 691 3077 Qui
731 3017 857 3064 sunt
882 3018 1061 3064 autem
1109 3020 1219 3067 tres
1266 3010 1359 3065 ﬁlii
1404 3012 1588 3067 Enach
1629 3026 1765 3081 quos
1793 3010 1981 3079 Caleb,

409 3099 463 3155 in
493 3099 645 3170 cujus
673 3113 905 3172 persona
931 3102 1185 3158 virtutem
1217 3102 1350 3174 legis
1389 3103 1864 3173 descripseramus,
1900 3103 1984 3158 in-

2087 573 2106 606 c
2152 558 2337 626 vitque
2378 564 2439 612 ut
2470 558 2692 613 sedebat
2720 558 2773 613 in
2802 558 2976 614 asino.
3010 556 3108 613 Cui
3151 557 3338 625 Caleb,
3384 558 3526 627 Quid
3558 561 3661 615 bal

2087 665 2105 697 ι
2152 648 2268 713 bes,
2306 647 2516 718 inquit?
2544 649 2614 704 At
2657 649 2746 703 illa
2795 649 3074 718 respondit
3108 666 3121 701 :
3161 649 3236 703 Da
3268 649 3400 703 mihi
3445 651 3672 706 benedi-

2086 757 2104 787 ι
2151 739 2385 795 ctiencm
2427 757 2440 794 :
2486 748 2688 795 terram
2732 739 3023 795 australem
3069 747 3126 793 et
3171 749 3415 794 arentem
3469 741 3672 799 dedisti

2087 844 2105 876 ι
2152 827 2307 893 mihi,
2332 828 2496 900 junge
2521 836 2577 884 et
2602 828 2882 899 irriguam.
2914 828 3070 885 Dedit
3107 829 3291 899 itaque
3317 831 3368 884 ei
3399 829 3568 886 Caleb
3595 832 3675 886 ir-

2087 934 2106 967 ι
2151 918 2361 988 riguam
2394 920 2643 990 superius
2669 928 2726 974 et
2750 918 2995 984 inferius,
3020 939 3037 972 ι
3069 928 3176 974 etc.
3206 918 3459 977 Othoniel
3485 931 3669 978 autem

2081 1010 2472 1078 interpretatur
2501 1010 2781 1079 responsio
2810 1009 2927 1064 Dei.
2960 1009 3263 1080 Responsio
3294 1010 3388 1066 Dei
3431 1013 3537 1068 dici
3576 1030 3673 1083 po-

2084 1111 2185 1159 test
2214 1104 2260 1160 is
2294 1105 2380 1160 eui
2420 1106 2709 1175 respondet
2751 1105 3029 1171 Dominus,
3062 1106 3165 1160 hoc
3195 1113 3295 1168 est,
3339 1108 3426 1162 cui
3459 1108 3667 1162 revelat

2081 1205 2292 1251 secreta
2320 1205 2376 1252 et
2420 1197 2608 1266 pandit
2654 1212 2870 1252 arcana.
2916 1197 3020 1252 Iste
3061 1211 3191 1267 ergo
3233 1206 3318 1253 est
3360 1200 3452 1268 qui
3484 1208 3665 1269 potest

2080 1290 2327 1358 accipere
2375 1291 2650 1345 civitatem
2684 1276 2986 1345 litterarum
3035 1291 3247 1345 Veteris
3279 1292 3664 1361 instrumenti,

2080 1394 2136 1441 et
2177 1386 2430 1441 excidere
2484 1384 2719 1440 litteram
2763 1385 3121 1449 occidentem,
3161 1382 3335 1439 frater
3369 1386 3535 1441 Caleb
3573 1387 3666 1456 ju-

2080 1479 2220 1533 nior.
2246 1479 2356 1547 Ego
2378 1487 2558 1534 autem
2584 1492 2702 1532 sum
2728 1476 2895 1532 frater
2914 1475 3077 1532 Caleb
3100 1476 3166 1530 de
3189 1475 3656 1545 Ecclesiajunior,

2081 1570 2171 1639 qui
2202 1569 2383 1625 excisa
2415 1583 2481 1624 ac
2517 1568 2693 1623 diruta
2724 1564 2857 1637 legis
2886 1566 3083 1631 littera,
3129 1581 3349 1621 sensum
3377 1567 3436 1620 in“
3460 1583 3523 1622 ea
3554 1568 3668 1637 spi-

2081 1661 2295 1718 ritalem
2328 1661 2564 1731 requiro.
2612 1659 2821 1715 Excido
2852 1668 3031 1713 autem
3075 1658 3339 1722 litteram,
3386 1674 3508 1712 cum
3543 1657 3664 1726 jam

2085 1770 2192 1809 non
2223 1753 2515 1809 secundum
2545 1751 2783 1807 litteram
2807 1765 2994 1822 azyma
3031 1752 3317 1816 manduco,
3350 1765 3525 1820 neque
3558 1765 3665 1821 pa-

2087 1845 2216 1901 scha
2256 1862 2378 1901 eum
2407 1843 2605 1900 ludatis
2638 1845 2888 1908 observo,
2932 1857 3108 1912 neque
3151 1843 3433 1898 sabbatum
3462 1857 3668 1898 secun-

2087 1936 2212 1991 dum
2234 1934 2472 1989 litteram
2490 1947 2642 1989 curo.
2661 1931 2991 1988 Promissum
3018 1946 3251 2000 namque
3270 1938 3356 1985 est
3376 1932 3508 1985 mihi
3534 1933 3666 2001 quia

2085 2027 2131 2082 si
2156 2027 2408 2082 excidero
2432 2025 2708 2081 civitatem
2749 2023 3073 2089 litterarum,
3105 2032 3429 2093 accepturus
3466 2023 3569 2077 sim
3607 2022 3670 2076 ﬁ-

2085 2120 2213 2174 liam
2246 2117 2431 2173 fratris
2466 2116 2571 2173 mei
2598 2114 2838 2185 majoris.
2868 2115 3026 2170 Eram
3063 2129 3297 2183 namque
3328 2129 3483 2185 prius
3521 2114 3667 2168 ﬁlius

2086 2210 2283 2275 Cenes,
2311 2210 2403 2281 qui
2433 2209 2820 2279 interpretatur
2851 2207 3074 2277 spretio.
3113 2206 3246 2273 Quis
3272 2206 3418 2261 enim
3443 2214 3563 2261 erat
3593 2207 3665 2260 ita

2088 2307 2305 2370 spretus
2358 2300 2498 2354 sicut
2534 2313 2633 2354 nos
2667 2307 2876 2368 gentes,
2920 2297 3139 2352 alienati
3181 2311 3213 2351 a
3256 2297 3666 2352 conversatione

2086 2388 2272 2455 Israel,
2297 2402 2446 2458 spem
2471 2404 2577 2443 non
2605 2388 2889 2452 habentes,
2913 2397 2968 2442 et
2989 2388 3106 2443 sine
3126 2385 3239 2442 Deo
3263 2386 3319 2441 in
3341 2386 3444 2441 hoc
3467 2386 3666 2439 mundo

2088 2482 2339 2537 eramus?
2382 2479 2517 2536 Nam
2565 2480 2717 2551 prior
2764 2480 2855 2535 ille
2893 2479 3064 2534 frater
3107 2494 3283 2544 meus,
3325 2478 3478 2549 cujus
3522 2493 3667 2531 nunc

2089 2570 2254 2626 ﬁliam
2285 2570 2509 2639 accipio.
2540 2584 2639 2641 pro
2665 2553 2731 2626 eo
2758 2570 2901 2640 quod
2932 2570 3113 2624 excidi
3146 2570 3423 2624 civitatem
3458 2567 3665 2622 littera-

2089 2675 2229 2726 rum,
2264 2658 2351 2714 ille
2397 2659 2538 2715 ﬁlius
2578 2657 2785 2715 Jeﬁ'one
2820 2660 2942 2726 fuit,
2978 2661 3070 2731 qui
3107 2660 3497 2730 interpretatur
3532 2672 3663 2713 con-

2086 2751 2284 2806 versio.
2324 2752 2426 2805 Dat
2471 2751 2603 2806 mihi
2643 2766 2771 2821 ergo
2816 2751 2983 2807 ﬁliam
3020 2766 3199 2817 suam,
3240 2752 3519 2807 scientiam
3548 2750 3663 2804 sive

2088 2840 2495 2913 intelligentiam
2534 2842 2666 2898 mihi
2696 2844 2897 2914 juniori
2922 2842 3082 2899 fratri
3106 2844 3199 2898 dat
3224 2843 3332 2907 lex,
3364 2842 3656 2899 secundum

2086 2933 2228 3002 quod
2256 2933 2511 3002 scriptum
2542 2941 2663 2988 est:
2694 2952 2714 2986 ι
2744 2933 3034 2990 Auferetur
3057 2949 3087 2988 a
3116 2935 3268 2990 vobis
3293 2950 3516 3004 regnum
3543 2935 3658 3000 Dei,

2086 3029 2143 3077 et
2172 3022 2388 3078 dabitur
2407 3023 2552 3093 genti
2582 3023 2800 3080 facienti
2837 3024 3071 3079 ﬁ‘uctum
3098 3024 3216 3095 ejus
3245 3024 3460 3096 (Matth.
3487 3024 3655 3091 xxi).r

2089 3116 2378 3173 Sciendum
2430 3124 2612 3172 tamen
2653 3126 2737 3173 est
2781 3118 2925 3173 aliud
2976 3134 3097 3173 esse
3128 3118 3334 3189 legem,
3384 3119 3471 3173 cui
3519 3134 3660 3174 nunc

405 3188 855 3247 terimitilnanis
892 3191 1168 3248 humilitas
1208 3192 1516 3264 accipienda
1553 3201 1640 3249 est
1667 3194 1782 3262 illa,
1822 3208 1982 3264 quam
2012 3186 2055 3247 C
2086 3220 2374 3277 personam
2398 3206 2643 3263 dedimus
2673 3206 2855 3273 Caleb,
2884 3207 3029 3263 aliud
3060 3186 3292 3264 litteram
3325 3209 3533 3263 veteris
3561 3207 3663 3263 Te-

402 3292 591 3334 omnes
621 3279 801 3335 seculi
836 3291 1007 3350 poetae
1030 3282 1114 3337 vel
1153 3284 1457 3353 philosophi
1488 3285 1827 3341 divinitatem
1855 3300 1980 3341 sen-

402 3379 625 3434 serunt,
658 3368 784 3438 quia
829 3376 883 3422 et
915 3369 1138 3424 humilia
1172 3380 1229 3426 et
1271 3372 1383 3426 Deo
1425 3373 1637 3443 indigna
1682 3380 1808 3428 sunt
1859 3388 1983 3444 qua:

403 3464 710 3510 senserunt.
738 3456 875 3523 Quid
904 3464 988 3512 est
1018 3467 1125 3512 tam
1156 3459 1356 3515 humile
1386 3460 1618 3517 inaniter
1645 3476 1806 3531 quam
1836 3461 1980 3533 ligna

407 3554 464 3600 et
501 3544 707 3616 lapides
731 3547 859 3601 deos
890 3546 973 3601 vel
1009 3556 1253 3604 astruere
1286 3549 1369 3604 vel
1397 3547 1627 3619 putare?
1649 3549 1817 3621 Hujus
1849 3565 1979 3622 ergo

408 3637 588 3692 inanis
614 3635 929 3692 humilitatis
955 3639 1162 3708 primus
1187 3637 1328 3695 illius
1357 3647 1442 3693 est
1472 3640 1565 3711 qui
1602 3640 1800 3696 dicitur
1824 3649 1977 3697 extra

406 3742 516 3793 me,
553 3727 658 3785 hoc
697 3735 808 3794 est,
850 3729 1059 3798 primus
1088 3744 1277 3785 sensus
1303 3744 1491 3785 eorum
1517 3738 1571 3784 et
1598 3738 1751 3786 extra
1781 3733 1980 3787 verita.

404 3825 546 3882 tem,
585 3825 644 3871 et
679 3826 831 3871 extra
875 3817 1159 3874 Dominum
1197 3827 1300 3874 est.
1350 3817 1629 3876 Secundus
1667 3836 1797 3875 vero
1842 3822 1977 3879 Ahi-

404 3923 554 3972 tuan,
594 3907 649 3962 id
688 3916 792 3973 est,
840 3907 1007 3963 frater
1039 3911 1156 3965 sine
1185 3909 1438 3976 consilio;
1488 3918 1697 3965 certum
1734 3920 1818 3965 est
1853 3913 1977 3981 quia

408 4006 465 4050 et
493 3997 595 4051 iste
631 3994 801 4051 frater
826 3998 900 4052 sit
933 3998 1077 4053 illius
1118 4000 1322 4054 erroris
1342 4000 1435 4069 qui
1472 4000 1589 4055 sine
1623 4001 1847 4056 consilio
1872 4002 1979 4073 agi-

403 4096 510 4141 tur.
542 4086 681 4153 Quid
717 4088 861 4142 enim
896 4096 1005 4143 tam
1044 4090 1160 4145 sine
1203 4089 1431 4146 consilio
1476 4104 1635 4159 quam
1673 4091 1977 4161 relinquere

402 4175 711 4242 Dominum,
737 4179 829 4248 qui
873 4193 971 4234 nos
998 4178 1124 4234 fecit
1145 4195 1287 4245 esse,
1320 4189 1374 4236 et
1400 4181 1550 4251 sequi
1581 4181 1708 4236 deos
1733 4196 1868 4251 quos
1899 4180 1976 4239 fe—

403 4266 613 4322 cimus?
655 4269 870 4324 Tertius
910 4271 1115 4325 erroris
1156 4285 1347 4326 sensus
1389 4279 1473 4327 est
1521 4271 1788 4337 Tholmai,
1831 4275 1975 4344 quod

404 4364 489 4410 est
524 4358 873 4428 prmcipitinm
916 4358 1001 4415 vel
1048 4360 1331 4431 suspensio
1369 4379 1381 4413 :
1421 4362 1713 4417 novissima
1743 4377 1976 4432 namque

402 4448 563 4518 hujus
607 4450 809 4505 erroris
856 4449 1211 4506 ostenduntur
1256 4450 1312 4505 in
1347 4452 1702 4523 praecipitium
1744 4463 1802 4508 et
1844 4468 1972 4523 pro-

401 4537 624 4593 fundum
675 4540 887 4596 inferni.
936 4541 1045 4597 Hos
1089 4556 1217 4614 ergo
1263 4539 1580 4613 gentilitatis
1622 4559 1814 4599 sensus
1855 4552 1974 4598 tan-
2000 4537 2052 4595 D

403 4645 563 4697 quam
610 4630 748 4688 ﬁlios
790 4633 973 4687 Enach
1002 4634 1195 4688 vetusti
1234 4635 1435 4689 erroris
1462 4635 1690 4690 abscidit
1718 4634 1822 4697 lex,
1852 4649 1972 4704 quae

402 4721 566 4774 etiam
594 4724 885 4778 secundum
926 4723 1161 4778 litteram
1190 4723 1475 4779 Dominum
1503 4739 1690 4780 verum
1728 4731 1782 4778 et
1822 4738 1973 4779 crea-

402 4820 576 4865 torem
597 4812 835 4867 omnium
861 4815 1136 4883 praedicat.

1013 4919 1241 4977 CAPUT
1280 4921 1366 4978 Vl.

404 5006 600 5083 De_eo_
630 5008 768 5077 quod
813 5008 1189 5083 dixit‘Calefbj:
1229 5010 1337 5083 Qui
1377 5012 1685 5083 percusserit
1722 5009 1970 5065 Chariet-

474 5078 672 5147 Seplter
718 5087 766 5131 et
809 5080 1030 5148 ceperit,
1074 5081 1209 5135 dabo
1260 5081 1340 5134 illi
1377 5078 1548 5135 'Axam
1592 5080 1759 5148 ﬁliam
1804 5097 1970 5133 meum

473 5162 719 5220 uxorem;
746 5158 794 5220 et
831 5150 961 5220 cepit
978 5219 985 5220 ί
1002 5167 1116 5204 eam
1143 5150 1386 5205 Othoniel
1413 5151 1556 5220 ﬁlius
1583 5149 1771 5213 Cenes,
1810 5150 1975 5220 frater

471 5215 628 5271 Caleb
637 5217 842 5288 junior.
864 5215 930 5271 Et
950 5219 1013 5291 de
1029 5236 1087 5273 eo
1102 5220 1241 5291 quod
1260 5215 1536 5290 postularit
1552 5220 1667 5274 Axn
1687 5220 1799 5288 ﬁlia
1810 5215 1969 5275 Caleb

471 5297 668 5356 patrem
702 5304 853 5343 tuum
884 5298 939 5342 ut
970 5289 1121 5343 dare!
1145 5291 1242 5343 sibi
1262 5289 1463 5344 terram
1494 5290 1767 5360 irriguum.

474 5376 603 5444 (lino
630 5373 648 5444 )
684 5395 702 5426 ι
733 5376 983 5447 Dixitque
1008 5378 1170 5434 Caleb
1202 5397 1214 5431 :
1244 5378 1345 5447 Qui
1376 5378 1699 5447 percusserit
1724 5379 1969 5434 Cariath-

405 5483 423 5514 ι
471 5460 677 5536 Sepber
719 5477 772 5522 et
816 5468 1019 5539 ceperit
1059 5483 1212 5532 eam,
1261 5469 1400 5523 dabo
1452 5468 1526 5523 illi
1578 5466 1749 5523 Axam
1801 5468 1964 5523 ﬁliam

404 5571 424 5603 ε
471 5571 642 5610 inc.m
691 5573 934 5614 uxorem.
966 5556 1220 5629 Cepitque
1251 5574 1368 5613 eam
1410 5558 1658 5615 Othoniel
1702 5557 1840 5613 ﬁlius
1867 5560 1970 5613 (2e-

403 5659 425 5694 r
470 5659 589 5707 ncz,
621 5645 789 5700 frater
814 5645 976 5701 Caleb
1001 5645 1184 5716 junior
1210 5668 1221 5701 :
1255 5648 1505 5719 deditque
1527 5647 1575 5702 ei
1605 5647 1772 5702 Axam
1802 5648 1966 5703 filiam

404 5751 426 5786 ο
471 5750 624 5789 suam
667 5752 907 5793 uxorem.
939 5740 1039 5806 Qui
1087 5756 1208 5795 cum
1258 5750 1543 5812 pergerent
1580 5740 1767 5805 simul,
1800 5741 1967 5795 suasit

2082 3299 2354 3364 stamcnti,
2382 3315 2540 3371 quam
2574 3299 2846 3355 civitatem
2886 3299 3185 3371 ﬁguraliter
3226 3299 3466 3357 diximus
3512 3300 3658 3354 litte-

2082 3406 2291 3446 rarum.
2331 3392 2568 3462 Accepta
2604 3406 2733 3461 ergo
2777 3391 2954 3448 littera
3004 3390 3114 3445 ﬁlia
3162 3389 3298 3459 ejus,
3340 3405 3442 3462 ego
3486 3389 3658 3444 frater

2082 3483 2199 3555 ejus
2240 3482 2425 3553 junior
2451 3482 2660 3537 abduco
2686 3495 2806 3537 eam
2853 3481 2921 3536 de
2971 3482 3131 3537 domo
3170 3482 3343 3551 patris
3370 3481 3454 3535 sui
3491 3498 3504 3533 :
3542 3496 3662 3549 quae

2081 3587 2204 3627 cum
2250 3571 2460 3627 veniret
2502 3585 2711 3625 meeum
2761 3570 2956 3625 sedens
3001 3585 3164 3638 super
3206 3570 3460 3633 asinum,
3508 3570 3659 3623 illum

2081 3662 2196 3716 sine
2225 3662 2387 3717 dubio
2432 3676 2591 3732 quem
2627 3662 2899 3717 solverant
2944 3662 3192 3731 discipuli
3224 3661 3545 3725 Salvatoris,
3574 3659 3664 3715 di.

2079 3753 2152 3807 cit
2176 3752 2241 3807 ad
2273 3763 2483 3822 patrem
2509 3768 2664 3807 suum
2692 3771 2705 3807 :
2740 3753 2815 3811 Da
2841 3753 2972 3808 mihi
2993 3752 3446 3816 benedictionem,
3469 3760 3655 3821 pater;

2079 3853 2133 3899 et
2162 3845 2369 3914 accepit
2415 3842 2734 3899 Gonetblam
2770 3842 3082 3899 inferiorem
3112 3851 3168 3898 et
3205 3841 3526 3898 Gonethlam
3571 3857 3667 3895 su-

2078 3935 2390 4004 periorem:
2435 3936 2577 4005 quod
2614 3935 2917 3991 evidentius
2954 3934 3071 4005 jam
3130 3935 3420 4005 Apostolus
3482 3934 3614 3988 dicit
3644 3951 3659 3986 :

2085 4027 2581 4089 «‘Pollicitationem
2628 4029 2833 4084 habens
2875 4029 3000 4083 vitm
3028 4043 3152 4099 qua:
3190 4042 3335 4082 nunc
3359 4035 3445 4081 est
3479 4035 3537 4080 et
3577 4024 3665 4077 fu-

2079 4124 2214 4171 tura:
2261 4116 2310 4186 (ι
2347 4116 2483 4170 Tim.
2522 4117 2617 4189 tv).
2641 4136 2660 4169 ι
2693 4118 2760 4171 Et
2798 4116 3048 4171 Salvator
3084 4117 3349 4185 promittit
3376 4122 3436 4168 ut
3477 4114 3534 4167 hi
3566 4113 3661 4181 qui

2078 4207 2227 4261 verbi
2264 4206 2346 4261 sui
2389 4205 2775 4275 perfectionem
2808 4214 3127 4276 sequuntur,
3157 4205 3427 4274 accipiant
3468 4211 3663 4258 ccum-

2075 4299 2223 4368 plum
2271 4299 2323 4353 in
2353 4299 2455 4354 hoc
2499 4299 2718 4362 saeculo,
2758 4306 2815 4354 et
2857 4298 3020 4354 vitam
3054 4304 3310 4353 aeternam
3354 4296 3409 4349 in
3454 4292 3658 4349 futuro.

2077 4388 2314 4451 Hoeest
2357 4403 2483 4459 ergo
2527 4389 2800 4457 accepisse
2844 4388 2898 4442 in
2938 4386 3311 4441 benedictione
3336 4381 3661 4438 Gonelhlam

2077 4479 2385 4535 inferiorem
2424 4488 2480 4533 et
2524 4466 2853 4533 Goncthlam'
2876 4477 3209 4546 superiorem
3244 4493 3257 4528 :
3289 4488 3455 4543 quam
3492 4473 3662 4527 henc-

2077 4568 2363 4623 dictionem
2385 4582 2601 4621 oremus
2625 4575 2683 4622 ut
2703 4576 2758 4622 et
2786 4581 2885 4621 nos
2910 4565 3165 4634 consequi
3192 4578 3517 4619 mereamur.
3545 4560 3661 4633 (Ea:

2078 4658 2371 4731 Gregorio.)
2414 4657 2576 4713 Juxta
2614 4658 2967 4730 trepologiam
3006 4673 3158 4723 vero,
3199 4657 3316 4711 Axa
3353 4670 3518 4724 super
3549 4654 3661 4708 asi-

2078 4764 2204 4804 num
2249 4749 2433 4815 sedet,
2482 4765 2604 4803 cum
2654 4748 3114 4804 irrationabilibus
3165 4746 3346 4803 carnis
3385 4760 3499 4800 sua:
3534 4758 3658 4798 mo-

2078 4838 2219 4893 tibus
2247 4839 2424 4893 anima
2450 4838 2721 4907 prmsidet,
2748 4852 2870 4906 quae
2909 4837 3189 4907 suspirans
3210 4851 3243 4890 a
3266 4843 3423 4906 patre
3453 4843 3657 4888 terram

2077 4929 2334 5000 irriguum
2377 4929 2532 5000 petit,
2561 4929 2689 4997 quia
2724 4941 2757 4980 a
2788 4935 3035 4983 creatore
3079 4934 3264 4981 nostro
3302 4939 3427 4981 cum
3457 4936 3657 4991 magno

2075 5020 2275 5091 gemitu
2304 5019 2592 5089 quaerenda
2617 5027 2702 5073 est
2725 5018 3083 5089 lacrymarum
3112 5008 3319 5087 gratia.
3338 5013 3478 5070 Sunt
3500 5027 3661 5068 nam.

2074 5125 2179 5179 que
2213 5109 2452 5165 nonnulli
2509 5108 2602 5179 qui
2645 5108 2756 5178 iam
2803 5109 2858 5164 in
2893 5108 3035 5164 dono
3082 5114 3439 5178 perceperunt
3483 5105 3658 5159 libere

2074 5214 2171 5269 pro
2190 5199 2398 5269 justitia
2432 5198 2598 5269 loqui,
2634 5213 2924 5270 Oppressos
2951 5198 3112 5262 tueri,
3144 5196 3509 5269 indigentibus
3533 5209 3659 5265 pos-

2072 5303 2221 5343 sessa
2269 5289 2525 5355 tribuere,
2577 5290 2829 5345 ardorem
2870 5288 2997 5343 ﬁdei
3044 5287 3248 5342 habere
3286 5304 3300 5337 :
3332 5285 3428 5341 aed
3472 5285 3657 5340 adhuc

2073 5383 2301 5453 gratiam
2332 5382 2695 5453 lacrymarum
2723 5396 2832 5436 non
2880 5380 3103 5437 habent.
3135 5378 3199 5433 lli
3247 5377 3506 5433 nimirum
3541 5384 3655 5431 ter-

2074 5488 2190 5525 ram
2220 5471 2510 5528 australem
2539 5479 2593 5527 et
2630 5478 2871 5527 arentem
2911 5470 3131 5535 habent,
3164 5468 3258 5524 sed
3286 5475 3341 5523 et
3368 5466 3547 5522 adhuc
3574 5465 3654 5520 ir-

2073 5561 2226 5632 rigua
2251 5559 2495 5632 indigent
2520 5574 2534 5613 :
2561 5560 2684 5631 quia
2713 5560 2767 5615 in
2796 5560 2952 5614 bonis
2972 5558 3227 5628 operibus
3245 5552 3653 5628 positi,_quibna

2074 5653 2252 5723 magni
2282 5662 2444 5722 atque
2473 5652 2738 5708 ferventes
2762 5660 2911 5716 sunt,
2938 5658 3151 5720 oportet
3177 5648 3433 5704 nimirum
3466 5653 3528 5718 ut
3552 5651 3652 5700 aut

2071 5744 2265 5799 timore
2314 5743 2591 5814 supplicii,
2635 5750 2727 5797 aut
2774 5756 2959 5797 amore
3007 5740 3155 5810 regni
3199 5737 3456 5803 caelestis,
3499 5734 3645 5791 mala
