  <div class='ocr_page' id='page_1' title='image "/cluster/home/n/w/nwhite01/storage/ocr_20150623/108/hvd.32044054759733/544.png"; bbox 0 0 4000 6186; ppageno 0'>
   <div class='ocr_carea' id='block_1_1' title="bbox 290 354 428 412">
    <p class='ocr_par' dir='ltr' id='par_1_1' title="bbox 290 354 428 412">
     <span class='ocr_line' id='line_1_1' title="bbox 290 354 428 412; baseline -0.014 0"><span class='ocrx_word' id='word_1_1' title='bbox 290 354 428 412; x_wconf 76' lang='grc'><strong>1077</strong></span> 
     </span>
    </p>
   </div>
   <div class='ocr_carea' id='block_1_2' title="bbox 1216 344 2648 406">
    <p class='ocr_par' dir='ltr' id='par_1_2' title="bbox 1216 344 2648 406">
     <span class='ocr_line' id='line_1_2' title="bbox 1216 344 2648 406; baseline -0.002 0"><span class='ocrx_word' id='word_1_2' title='bbox 1216 344 1572 406; x_wconf 62' lang='grc' dir='ltr'><strong>(ΖΟΗΜΕΝΤ.</strong></span> <span class='ocrx_word' id='word_1_3' title='bbox 1613 346 1683 405; x_wconf 82' lang='lat' dir='ltr'><strong>IN</strong></span> <span class='ocrx_word' id='word_1_4' title='bbox 1720 345 1982 405; x_wconf 76' lang='lat' dir='ltr'><strong>LIBRUM</strong></span> <span class='ocrx_word' id='word_1_5' title='bbox 2018 344 2256 404; x_wconf 77' lang='lat' dir='ltr'><strong>JOSUE.</strong></span> <span class='ocrx_word' id='word_1_6' title='bbox 2283 374 2356 388; x_wconf 91' lang='lat'><strong><em>—</em></strong></span> <span class='ocrx_word' id='word_1_7' title='bbox 2391 345 2521 403; x_wconf 83' lang='lat' dir='ltr'><strong>LIB.</strong></span> <span class='ocrx_word' id='word_1_8' title='bbox 2562 346 2648 403; x_wconf 80' lang='lat' dir='ltr'><strong>ill.</strong></span> 
     </span>
    </p>
   </div>
   <div class='ocr_carea' id='block_1_3' title="bbox 3434 350 3572 409">
    <p class='ocr_par' dir='ltr' id='par_1_3' title="bbox 3434 350 3572 409">
     <span class='ocr_line' id='line_1_3' title="bbox 3434 350 3572 409; baseline 0.022 -3"><span class='ocrx_word' id='word_1_9' title='bbox 3434 350 3572 409; x_wconf 79' lang='lat' dir='ltr'><strong>l078</strong></span> 
     </span>
    </p>
   </div>
   <div class='ocr_carea' id='block_1_4' title="bbox 237 457 3579 538">
    <p class='ocr_par' dir='ltr' id='par_1_4' title="bbox 237 457 3579 538">
     <span class='ocr_line' id='line_1_4' title="bbox 237 457 3579 538; baseline -0.001 -16"><span class='ocrx_word' id='word_1_10' title='bbox 237 498 249 522; x_wconf 71' lang='grc' dir='ltr'><em>ι</em></span> <span class='ocrx_word' id='word_1_11' title='bbox 287 472 455 537; x_wconf 84' lang='lat' dir='ltr'><strong>etiam</strong></span> <span class='ocrx_word' id='word_1_12' title='bbox 485 482 606 538; x_wconf 66' lang='lat' dir='ltr'><strong>ante</strong></span> <span class='ocrx_word' id='word_1_13' title='bbox 655 474 781 523; x_wconf 89' lang='lat' dir='ltr'><strong>ante</strong></span> <span class='ocrx_word' id='word_1_14' title='bbox 816 471 1270 537; x_wconf 77' lang='lat' dir='ltr'><strong>perpetraverunt</strong></span> <span class='ocrx_word' id='word_1_15' title='bbox 1311 462 1611 533; x_wconf 85' lang='lat' dir='ltr'><strong>deplorent.</strong></span> <span class='ocrx_word' id='word_1_16' title='bbox 1658 463 1727 519; x_wconf 83' lang='lat' dir='ltr'><strong>Et</strong></span> <span class='ocrx_word' id='word_1_17' title='bbox 1756 461 1885 517; x_wconf 88' lang='lat' dir='ltr'><strong>licet</strong></span> <span class='ocrx_word' id='word_1_18' title='bbox 1912 466 1959 523; x_wconf 74' lang='grc' dir='ltr'><strong>Α</strong></span> <span class='ocrx_word' id='word_1_19' title='bbox 1986 457 2127 514; x_wconf 80' lang='lat' dir='ltr'><strong>forte</strong></span> <span class='ocrx_word' id='word_1_20' title='bbox 2169 457 2413 514; x_wconf 83' lang='lat' dir='ltr'><strong>volentes</strong></span> <span class='ocrx_word' id='word_1_21' title='bbox 2456 458 2740 538; x_wconf 72' lang='lat' dir='ltr'><strong>eradicare</strong></span> <span class='ocrx_word' id='word_1_22' title='bbox 2786 460 3031 523; x_wconf 67' lang='lat' dir='ltr'><strong>titania,</strong></span> <span class='ocrx_word' id='word_1_23' title='bbox 3081 461 3370 518; x_wconf 85' lang='lat' dir='ltr'><strong>cradieetis</strong></span> <span class='ocrx_word' id='word_1_24' title='bbox 3414 462 3579 518; x_wconf 84' lang='lat' dir='ltr'><strong>simul</strong></span> 
     </span>
    </p>
   </div>
   <div class='ocr_carea' id='block_1_5' title="bbox 289 552 1883 627">
    <p class='ocr_par' dir='ltr' id='par_1_5' title="bbox 289 552 1883 627">
     <span class='ocr_line' id='line_1_5' title="bbox 289 552 1883 627; baseline -0.006 -11"><span class='ocrx_word' id='word_1_25' title='bbox 289 563 346 616; x_wconf 87' lang='lat' dir='ltr'><strong>in</strong></span> <span class='ocrx_word' id='word_1_26' title='bbox 379 558 566 615; x_wconf 82' lang='lat' dir='ltr'><strong>multis</strong></span> <span class='ocrx_word' id='word_1_27' title='bbox 612 556 894 627; x_wconf 82' lang='lat' dir='ltr'><strong>speciebus</strong></span> <span class='ocrx_word' id='word_1_28' title='bbox 940 554 1286 625; x_wconf 87' lang='lat' dir='ltr'><strong>compunctio</strong></span> <span class='ocrx_word' id='word_1_29' title='bbox 1327 554 1615 617; x_wconf 86' lang='lat' dir='ltr'><strong>dividatur,</strong></span> <span class='ocrx_word' id='word_1_30' title='bbox 1666 552 1883 623; x_wconf 83' lang='lat' dir='ltr'><strong>quando</strong></span> 
     </span>
    </p>
   </div>
   <div class='ocr_carea' id='block_1_6' title="bbox 286 643 1881 721">
    <p class='ocr_par' dir='ltr' id='par_1_6' title="bbox 286 643 1881 721">
     <span class='ocr_line' id='line_1_6' title="bbox 286 643 1881 721; baseline -0.007 -15"><span class='ocrx_word' id='word_1_31' title='bbox 286 649 520 721; x_wconf 66' lang='lat' dir='ltr'><strong>singulae</strong></span> <span class='ocrx_word' id='word_1_32' title='bbox 549 662 778 719; x_wconf 78' lang='lat' dir='ltr'><strong>quaeque</strong></span> <span class='ocrx_word' id='word_1_33' title='bbox 821 660 851 701; x_wconf 90' lang='lat' dir='ltr'><strong>a</strong></span> <span class='ocrx_word' id='word_1_34' title='bbox 897 645 1293 717; x_wconf 71' lang='lat' dir='ltr'><strong>put-nitentibus</strong></span> <span class='ocrx_word' id='word_1_35' title='bbox 1318 643 1491 715; x_wconf 75' lang='lat' dir='ltr'><strong>culpa:</strong></span> <span class='ocrx_word' id='word_1_36' title='bbox 1519 643 1881 713; x_wconf 85' lang='lat' dir='ltr'><strong>planguntur;</strong></span> 
     </span>
    </p>
   </div>
   <div class='ocr_carea' id='block_1_7' title="bbox 288 734 1882 807">
    <p class='ocr_par' dir='ltr' id='par_1_7' title="bbox 288 734 1882 807">
     <span class='ocr_line' id='line_1_7' title="bbox 288 734 1882 807; baseline -0.004 -10"><span class='ocrx_word' id='word_1_37' title='bbox 288 743 440 797; x_wconf 80' lang='lat' dir='ltr'><strong>unde</strong></span> <span class='ocrx_word' id='word_1_38' title='bbox 482 756 553 795; x_wconf 70' lang='lat' dir='ltr'><strong>ex</strong></span> <span class='ocrx_word' id='word_1_39' title='bbox 599 754 734 793; x_wconf 86' lang='lat' dir='ltr'><strong>voce</strong></span> <span class='ocrx_word' id='word_1_40' title='bbox 777 752 992 807; x_wconf 80' lang='lat' dir='ltr'><strong>quoque</strong></span> <span class='ocrx_word' id='word_1_41' title='bbox 1035 735 1414 807; x_wconf 76' lang='lat' dir='ltr'><strong>pmnitemium</strong></span> <span class='ocrx_word' id='word_1_42' title='bbox 1458 734 1724 790; x_wconf 84' lang='lat' dir='ltr'><strong>Jeremias</strong></span> <span class='ocrx_word' id='word_1_43' title='bbox 1767 736 1882 790; x_wconf 84' lang='lat' dir='ltr'><strong>ait:</strong></span> 
     </span>
    </p>
   </div>
   <div class='ocr_carea' id='block_1_8' title="bbox 296 821 1883 898">
    <p class='ocr_par' dir='ltr' id='par_1_8' title="bbox 296 821 1883 898">
     <span class='ocr_line' id='line_1_8' title="bbox 296 821 1883 898; baseline -0.005 -13"><span class='ocrx_word' id='word_1_44' title='bbox 296 850 318 885; x_wconf 77' lang='grc' dir='ltr'>ι</span> <span class='ocrx_word' id='word_1_45' title='bbox 352 831 656 887; x_wconf 70' lang='lat' dir='ltr'><strong>Bivisiones</strong></span> <span class='ocrx_word' id='word_1_46' title='bbox 698 840 963 898; x_wconf 83' lang='lat' dir='ltr'><strong>aquarum</strong></span> <span class='ocrx_word' id='word_1_47' title='bbox 987 825 1214 883; x_wconf 77' lang='lat' dir='ltr'><strong>deduxit</strong></span> <span class='ocrx_word' id='word_1_48' title='bbox 1249 825 1440 880; x_wconf 85' lang='lat' dir='ltr'><strong>oculus</strong></span> <span class='ocrx_word' id='word_1_49' title='bbox 1482 838 1636 879; x_wconf 86' lang='lat' dir='ltr'><strong>meus</strong></span> <span class='ocrx_word' id='word_1_50' title='bbox 1666 821 1883 895; x_wconf 68' lang='lat' dir='ltr'><strong>(Thr-eu.</strong></span> 
     </span>
    </p>
   </div>
   <div class='ocr_carea' id='block_1_9' title="bbox 293 916 1884 994">
    <p class='ocr_par' dir='ltr' id='par_1_9' title="bbox 293 916 1884 994">
     <span class='ocr_line' id='line_1_9' title="bbox 293 916 1884 994; baseline -0.007 -16"><span class='ocrx_word' id='word_1_51' title='bbox 293 921 468 994; x_wconf 58' lang='lat'><strong>&quot;1);,</strong></span> <span class='ocrx_word' id='word_1_52' title='bbox 516 918 887 990; x_wconf 73' lang='lat' dir='ltr'><strong>principaliter</strong></span> <span class='ocrx_word' id='word_1_53' title='bbox 934 925 1114 972; x_wconf 85' lang='lat' dir='ltr'><strong>tamen</strong></span> <span class='ocrx_word' id='word_1_54' title='bbox 1159 916 1637 986; x_wconf 87' lang='lat' dir='ltr'><strong>compunctionum</strong></span> <span class='ocrx_word' id='word_1_55' title='bbox 1686 929 1884 985; x_wconf 85' lang='lat' dir='ltr'><strong>genera</strong></span> 
     </span>
    </p>
   </div>
   <div class='ocr_carea' id='block_1_10' title="bbox 293 1002 1889 1078">
    <p class='ocr_par' dir='ltr' id='par_1_10' title="bbox 293 1002 1889 1078">
     <span class='ocr_line' id='line_1_10' title="bbox 293 1002 1889 1078; baseline -0.009 -9"><span class='ocrx_word' id='word_1_56' title='bbox 293 1014 404 1068; x_wconf 82' lang='lat' dir='ltr'><strong>duo</strong></span> <span class='ocrx_word' id='word_1_57' title='bbox 451 1019 624 1066; x_wconf 76' lang='lat' dir='ltr'><strong>sunt:</strong></span> <span class='ocrx_word' id='word_1_58' title='bbox 658 1008 786 1078; x_wconf 77' lang='lat' dir='ltr'><strong>quia</strong></span> <span class='ocrx_word' id='word_1_59' title='bbox 816 1007 987 1061; x_wconf 85' lang='lat' dir='ltr'><strong>Deum</strong></span> <span class='ocrx_word' id='word_1_60' title='bbox 1030 1005 1221 1062; x_wconf 77' lang='lat' dir='ltr'><strong>sitiens</strong></span> <span class='ocrx_word' id='word_1_61' title='bbox 1262 1005 1467 1070; x_wconf 77' lang='lat' dir='ltr'><strong>anima,</strong></span> <span class='ocrx_word' id='word_1_62' title='bbox 1513 1004 1665 1075; x_wconf 87' lang='lat' dir='ltr'><strong>prius</strong></span> <span class='ocrx_word' id='word_1_63' title='bbox 1695 1002 1889 1056; x_wconf 87' lang='lat' dir='ltr'><strong>timore</strong></span> 
     </span>
    </p>
   </div>
   <div class='ocr_carea' id='block_1_11' title="bbox 294 1093 1888 1175">
    <p class='ocr_par' dir='ltr' id='par_1_11' title="bbox 294 1093 1888 1175">
     <span class='ocr_line' id='line_1_11' title="bbox 294 1093 1888 1175; baseline -0.009 -14"><span class='ocrx_word' id='word_1_64' title='bbox 294 1103 700 1175; x_wconf 77' lang='lat' dir='ltr'><strong>compungitur,</strong></span> <span class='ocrx_word' id='word_1_65' title='bbox 732 1108 856 1171; x_wconf 83' lang='lat' dir='ltr'><strong>post</strong></span> <span class='ocrx_word' id='word_1_66' title='bbox 904 1113 1108 1155; x_wconf 71' lang='lat' dir='ltr'><strong>amore.</strong></span> <span class='ocrx_word' id='word_1_67' title='bbox 1158 1097 1318 1152; x_wconf 85' lang='lat' dir='ltr'><strong>Prius</strong></span> <span class='ocrx_word' id='word_1_68' title='bbox 1352 1097 1517 1153; x_wconf 80' lang='lat' dir='ltr'><strong>enim</strong></span> <span class='ocrx_word' id='word_1_69' title='bbox 1544 1111 1668 1151; x_wconf 87' lang='lat' dir='ltr'><strong>sese</strong></span> <span class='ocrx_word' id='word_1_70' title='bbox 1709 1095 1766 1150; x_wconf 84' lang='lat' dir='ltr'><strong>in</strong></span> <span class='ocrx_word' id='word_1_71' title='bbox 1806 1093 1888 1148; x_wconf 84' lang='lat' dir='ltr'><strong>la-</strong></span> 
     </span>
    </p>
   </div>
   <div class='ocr_carea' id='block_1_12' title="bbox 297 1186 1887 1267">
    <p class='ocr_par' dir='ltr' id='par_1_12' title="bbox 297 1186 1887 1267">
     <span class='ocr_line' id='line_1_12' title="bbox 297 1186 1887 1267; baseline -0.007 -16"><span class='ocrx_word' id='word_1_72' title='bbox 297 1195 507 1267; x_wconf 83' lang='lat' dir='ltr'><strong>erymis</strong></span> <span class='ocrx_word' id='word_1_73' title='bbox 537 1193 721 1256; x_wconf 66' lang='lat' dir='ltr'><strong>allicit,</strong></span> <span class='ocrx_word' id='word_1_74' title='bbox 766 1190 896 1261; x_wconf 89' lang='lat' dir='ltr'><strong>quia</strong></span> <span class='ocrx_word' id='word_1_75' title='bbox 928 1193 1065 1245; x_wconf 78' lang='lat' dir='ltr'><strong>dum</strong></span> <span class='ocrx_word' id='word_1_76' title='bbox 1114 1189 1381 1244; x_wconf 77' lang='lat' dir='ltr'><strong>malorum</strong></span> <span class='ocrx_word' id='word_1_77' title='bbox 1407 1202 1630 1243; x_wconf 79' lang='lat' dir='ltr'><strong>suorum</strong></span> <span class='ocrx_word' id='word_1_78' title='bbox 1677 1186 1887 1249; x_wconf 85' lang='lat' dir='ltr'><strong>recolit,</strong></span> 
     </span>
    </p>
   </div>
   <div class='ocr_carea' id='block_1_13' title="bbox 290 1279 1894 1357">
    <p class='ocr_par' dir='ltr' id='par_1_13' title="bbox 290 1279 1894 1357">
     <span class='ocr_line' id='line_1_13' title="bbox 290 1279 1894 1357; baseline -0.005 -16"><span class='ocrx_word' id='word_1_79' title='bbox 290 1300 399 1357; x_wconf 87' lang='lat' dir='ltr'><strong>pro</strong></span> <span class='ocrx_word' id='word_1_80' title='bbox 450 1286 537 1340; x_wconf 88' lang='lat' dir='ltr'><strong>his</strong></span> <span class='ocrx_word' id='word_1_81' title='bbox 591 1283 800 1355; x_wconf 76' lang='lat' dir='ltr'><strong>perpeti</strong></span> <span class='ocrx_word' id='word_1_82' title='bbox 847 1282 1110 1352; x_wconf 87' lang='lat' dir='ltr'><strong>supplicia</strong></span> <span class='ocrx_word' id='word_1_83' title='bbox 1151 1289 1354 1336; x_wconf 66' lang='lat' dir='ltr'><strong>acterna</strong></span> <span class='ocrx_word' id='word_1_84' title='bbox 1413 1279 1772 1351; x_wconf 79' lang='lat' dir='ltr'><strong>pertimescit.</strong></span> <span class='ocrx_word' id='word_1_85' title='bbox 1821 1279 1894 1333; x_wconf 73' lang='lat' dir='ltr'><strong>At</strong></span> 
     </span>
    </p>
   </div>
   <div class='ocr_carea' id='block_1_14' title="bbox 292 1371 1891 1451">
    <p class='ocr_par' dir='ltr' id='par_1_14' title="bbox 292 1371 1891 1451">
     <span class='ocr_line' id='line_1_14' title="bbox 292 1371 1891 1451; baseline -0.003 -18"><span class='ocrx_word' id='word_1_86' title='bbox 292 1395 432 1451; x_wconf 87' lang='lat' dir='ltr'><strong>vero</strong></span> <span class='ocrx_word' id='word_1_87' title='bbox 457 1394 582 1434; x_wconf 85' lang='lat' dir='ltr'><strong>cum</strong></span> <span class='ocrx_word' id='word_1_88' title='bbox 610 1379 768 1448; x_wconf 87' lang='lat' dir='ltr'><strong>longa</strong></span> <span class='ocrx_word' id='word_1_89' title='bbox 797 1376 1052 1431; x_wconf 74' lang='lat' dir='ltr'><strong>mmroris</strong></span> <span class='ocrx_word' id='word_1_90' title='bbox 1079 1374 1428 1429; x_wconf 83' lang='lat' dir='ltr'><strong>anxietudlne</strong></span> <span class='ocrx_word' id='word_1_91' title='bbox 1457 1373 1618 1427; x_wconf 78' lang='lat' dir='ltr'><strong>fuerit</strong></span> <span class='ocrx_word' id='word_1_92' title='bbox 1654 1371 1891 1429; x_wconf 76' lang='lat' dir='ltr'><strong>formido</strong></span> 
     </span>
    </p>
   </div>
   <div class='ocr_carea' id='block_1_15' title="bbox 295 1462 1894 1540">
    <p class='ocr_par' dir='ltr' id='par_1_15' title="bbox 295 1462 1894 1540">
     <span class='ocr_line' id='line_1_15' title="bbox 295 1462 1894 1540; baseline -0.006 -14"><span class='ocrx_word' id='word_1_93' title='bbox 295 1477 646 1540; x_wconf 83' lang='lat' dir='ltr'><strong>consumpta,</strong></span> <span class='ocrx_word' id='word_1_94' title='bbox 688 1466 939 1537; x_wconf 66' lang='lat' dir='ltr'><strong>quaedam</strong></span> <span class='ocrx_word' id='word_1_95' title='bbox 984 1466 1097 1537; x_wconf 86' lang='lat' dir='ltr'><strong>jam</strong></span> <span class='ocrx_word' id='word_1_96' title='bbox 1138 1465 1212 1520; x_wconf 85' lang='lat' dir='ltr'><strong>de</strong></span> <span class='ocrx_word' id='word_1_97' title='bbox 1257 1463 1676 1535; x_wconf 69' lang='lat' dir='ltr'><strong>praesumptione</strong></span> <span class='ocrx_word' id='word_1_98' title='bbox 1720 1462 1894 1517; x_wconf 72' lang='lat' dir='ltr'><strong>veniat</strong></span> 
     </span>
    </p>
   </div>
   <div class='ocr_carea' id='block_1_16' title="bbox 296 1555 1892 1627">
    <p class='ocr_par' dir='ltr' id='par_1_16' title="bbox 296 1555 1892 1627">
     <span class='ocr_line' id='line_1_16' title="bbox 296 1555 1892 1627; baseline -0.007 -7"><span class='ocrx_word' id='word_1_99' title='bbox 296 1562 568 1620; x_wconf 75' lang='lat' dir='ltr'><strong>securitas</strong></span> <span class='ocrx_word' id='word_1_100' title='bbox 596 1560 862 1624; x_wconf 87' lang='lat' dir='ltr'><strong>nascitur,</strong></span> <span class='ocrx_word' id='word_1_101' title='bbox 891 1566 951 1613; x_wconf 84' lang='lat' dir='ltr'><strong>et</strong></span> <span class='ocrx_word' id='word_1_102' title='bbox 994 1558 1048 1614; x_wconf 90' lang='lat' dir='ltr'><strong>in</strong></span> <span class='ocrx_word' id='word_1_103' title='bbox 1078 1572 1265 1615; x_wconf 83' lang='lat' dir='ltr'><strong>amore</strong></span> <span class='ocrx_word' id='word_1_104' title='bbox 1310 1556 1616 1612; x_wconf 77' lang='lat' dir='ltr'><strong>omlestium</strong></span> <span class='ocrx_word' id='word_1_105' title='bbox 1664 1555 1892 1627; x_wconf 87' lang='lat' dir='ltr'><strong>gaudio-</strong></span> 
     </span>
    </p>
   </div>
   <div class='ocr_carea' id='block_1_17' title="bbox 298 1648 1895 1720">
    <p class='ocr_par' dir='ltr' id='par_1_17' title="bbox 298 1648 1895 1720">
     <span class='ocr_line' id='line_1_17' title="bbox 298 1648 1895 1720; baseline -0.005 -9"><span class='ocrx_word' id='word_1_106' title='bbox 298 1670 425 1711; x_wconf 83' lang='lat' dir='ltr'><strong>rum</strong></span> <span class='ocrx_word' id='word_1_107' title='bbox 472 1654 690 1709; x_wconf 83' lang='lat' dir='ltr'><strong>anitnus</strong></span> <span class='ocrx_word' id='word_1_108' title='bbox 734 1650 1106 1707; x_wconf 83' lang='lat' dir='ltr'><strong>inﬂammatur</strong></span> <span class='ocrx_word' id='word_1_109' title='bbox 1141 1668 1154 1704; x_wconf 89' lang='lat'><strong>:</strong></span> <span class='ocrx_word' id='word_1_110' title='bbox 1197 1659 1254 1706; x_wconf 90' lang='lat' dir='ltr'><strong>ct</strong></span> <span class='ocrx_word' id='word_1_111' title='bbox 1300 1650 1394 1720; x_wconf 86' lang='lat' dir='ltr'><strong>qui</strong></span> <span class='ocrx_word' id='word_1_112' title='bbox 1431 1648 1586 1720; x_wconf 87' lang='lat' dir='ltr'><strong>prius</strong></span> <span class='ocrx_word' id='word_1_113' title='bbox 1618 1648 1895 1704; x_wconf 84' lang='lat' dir='ltr'><strong>ﬁebat&#39;ne</strong></span> 
     </span>
    </p>
   </div>
   <div class='ocr_carea' id='block_1_18' title="bbox 1983 525 3576 624">
    <p class='ocr_par' dir='ltr' id='par_1_18' title="bbox 1983 525 3576 624">
     <span class='ocr_line' id='line_1_18' title="bbox 1983 525 3576 624; baseline 0.003 -20"><span class='ocrx_word' id='word_1_114' title='bbox 1983 565 2108 605; x_wconf 79' lang='lat' dir='ltr'><strong>cum</strong></span> <span class='ocrx_word' id='word_1_115' title='bbox 2154 549 2288 619; x_wconf 83' lang='lat' dir='ltr'><strong>ipsis</strong></span> <span class='ocrx_word' id='word_1_116' title='bbox 2318 560 2375 605; x_wconf 89' lang='lat' dir='ltr'><strong>et</strong></span> <span class='ocrx_word' id='word_1_117' title='bbox 2416 525 2661 604; x_wconf 71' lang='lat' dir='ltr'><strong>tritioqu</strong></span> <span class='ocrx_word' id='word_1_118' title='bbox 2703 547 2920 620; x_wconf 76' lang='lat' dir='ltr'><strong>(Matth.</strong></span> <span class='ocrx_word' id='word_1_119' title='bbox 2946 540 3089 621; x_wconf 76' lang='lat' dir='ltr'><strong>xm).</strong></span> <span class='ocrx_word' id='word_1_120' title='bbox 3120 569 3140 605; x_wconf 74' lang='grc' dir='ltr'><strong>ο</strong></span> <span class='ocrx_word' id='word_1_121' title='bbox 3187 551 3340 608; x_wconf 84' lang='lat' dir='ltr'><strong>Sicut</strong></span> <span class='ocrx_word' id='word_1_122' title='bbox 3364 567 3496 624; x_wconf 80' lang='lat' dir='ltr'><strong>ergo</strong></span> <span class='ocrx_word' id='word_1_123' title='bbox 3519 555 3576 609; x_wconf 89' lang='lat' dir='ltr'><strong>in</strong></span> 
     </span>
    </p>
   </div>
   <div class='ocr_carea' id='block_1_19' title="bbox 1986 643 3579 717">
    <p class='ocr_par' dir='ltr' id='par_1_19' title="bbox 1986 643 3579 717">
     <span class='ocr_line' id='line_1_19' title="bbox 1986 643 3579 717; baseline 0.001 -17"><span class='ocrx_word' id='word_1_124' title='bbox 1986 644 2281 717; x_wconf 77' lang='lat' dir='ltr'><strong>Evangelia</strong></span> <span class='ocrx_word' id='word_1_125' title='bbox 2326 645 2717 715; x_wconf 73' lang='lat' dir='ltr'><strong>permittuntur</strong></span> <span class='ocrx_word' id='word_1_126' title='bbox 2762 643 2971 697; x_wconf 82' lang='lat' dir='ltr'><strong>zizania</strong></span> <span class='ocrx_word' id='word_1_127' title='bbox 3023 644 3185 698; x_wconf 84' lang='lat' dir='ltr'><strong>simul</strong></span> <span class='ocrx_word' id='word_1_128' title='bbox 3233 660 3356 699; x_wconf 90' lang='lat' dir='ltr'><strong>cum</strong></span> <span class='ocrx_word' id='word_1_129' title='bbox 3390 647 3579 702; x_wconf 85' lang='lat' dir='ltr'><strong>tritico</strong></span> 
     </span>
    </p>
   </div>
   <div class='ocr_carea' id='block_1_20' title="bbox 1986 734 3574 805">
    <p class='ocr_par' dir='ltr' id='par_1_20' title="bbox 1986 734 3574 805">
     <span class='ocr_line' id='line_1_20' title="bbox 1986 734 3574 805; baseline -0.001 -11"><span class='ocrx_word' id='word_1_130' title='bbox 1986 740 2313 802; x_wconf 71' lang='lat' dir='ltr'><strong>coalescere,</strong></span> <span class='ocrx_word' id='word_1_131' title='bbox 2340 738 2530 793; x_wconf 88' lang='lat' dir='ltr'><strong>eodem</strong></span> <span class='ocrx_word' id='word_1_132' title='bbox 2556 737 2717 792; x_wconf 80' lang='lat' dir='ltr'><strong>modo</strong></span> <span class='ocrx_word' id='word_1_133' title='bbox 2738 736 2903 793; x_wconf 83' lang='lat' dir='ltr'><strong>etiam</strong></span> <span class='ocrx_word' id='word_1_134' title='bbox 2928 735 3020 805; x_wconf 83' lang='lat' dir='ltr'><strong>qui</strong></span> <span class='ocrx_word' id='word_1_135' title='bbox 3048 736 3140 791; x_wconf 86' lang='lat' dir='ltr'><strong>hic</strong></span> <span class='ocrx_word' id='word_1_136' title='bbox 3169 736 3223 790; x_wconf 89' lang='lat' dir='ltr'><strong>in</strong></span> <span class='ocrx_word' id='word_1_137' title='bbox 3251 734 3574 802; x_wconf 86' lang='lat' dir='ltr'><strong>Jerusalem,</strong></span> 
     </span>
    </p>
   </div>
   <div class='ocr_carea' id='block_1_21' title="bbox 1988 823 3584 896">
    <p class='ocr_par' dir='ltr' id='par_1_21' title="bbox 1988 823 3584 896">
     <span class='ocr_line' id='line_1_21' title="bbox 1988 823 3584 896; baseline -0.001 -13"><span class='ocrx_word' id='word_1_138' title='bbox 1988 831 2001 883; x_wconf 90' lang='lat' dir='ltr'><strong>i</strong></span> <span class='ocrx_word' id='word_1_139' title='bbox 2026 830 2039 882; x_wconf 83' lang='grc' dir='ltr'><strong>Ι</strong></span> <span class='ocrx_word' id='word_1_140' title='bbox 2065 838 2167 893; x_wconf 85' lang='lat' dir='ltr'><strong>est,</strong></span> <span class='ocrx_word' id='word_1_141' title='bbox 2196 828 2249 883; x_wconf 91' lang='lat' dir='ltr'><strong>in</strong></span> <span class='ocrx_word' id='word_1_142' title='bbox 2280 825 2520 883; x_wconf 74' lang='lat' dir='ltr'><strong>Ecclesia</strong></span> <span class='ocrx_word' id='word_1_143' title='bbox 2543 833 2669 881; x_wconf 81' lang='lat' dir='ltr'><strong>sunt</strong></span> <span class='ocrx_word' id='word_1_144' title='bbox 2691 823 2944 890; x_wconf 70' lang='lat' dir='ltr'><strong>Jebustei,</strong></span> <span class='ocrx_word' id='word_1_145' title='bbox 2976 825 3065 880; x_wconf 88' lang='lat' dir='ltr'><strong>isti</strong></span> <span class='ocrx_word' id='word_1_146' title='bbox 3089 825 3183 895; x_wconf 86' lang='lat' dir='ltr'><strong>qui</strong></span> <span class='ocrx_word' id='word_1_147' title='bbox 3210 825 3501 896; x_wconf 76' lang='lat' dir='ltr'><strong>ignobilem</strong></span> <span class='ocrx_word' id='word_1_148' title='bbox 3525 834 3584 882; x_wconf 89' lang='lat' dir='ltr'><strong>et</strong></span> 
     </span>
    </p>
   </div>
   <div class='ocr_carea' id='block_1_22' title="bbox 1989 916 3580 990">
    <p class='ocr_par' dir='ltr' id='par_1_22' title="bbox 1989 916 3580 990">
     <span class='ocr_line' id='line_1_22' title="bbox 1989 916 3580 990; baseline -0.001 -17"><span class='ocrx_word' id='word_1_149' title='bbox 1989 921 2306 990; x_wconf 73' lang='lat' dir='ltr'><strong>degenerem</strong></span> <span class='ocrx_word' id='word_1_150' title='bbox 2328 919 2494 972; x_wconf 87' lang='lat' dir='ltr'><strong>vitam</strong></span> <span class='ocrx_word' id='word_1_151' title='bbox 2527 918 2749 981; x_wconf 85' lang='lat' dir='ltr'><strong>ducunt,</strong></span> <span class='ocrx_word' id='word_1_152' title='bbox 2782 916 2873 986; x_wconf 87' lang='lat' dir='ltr'><strong>qui</strong></span> <span class='ocrx_word' id='word_1_153' title='bbox 2902 916 3006 971; x_wconf 83' lang='lat' dir='ltr'><strong>ﬁde</strong></span> <span class='ocrx_word' id='word_1_154' title='bbox 3030 925 3086 971; x_wconf 89' lang='lat' dir='ltr'><strong>et</strong></span> <span class='ocrx_word' id='word_1_155' title='bbox 3113 917 3327 973; x_wconf 83' lang='lat' dir='ltr'><strong>actibus</strong></span> <span class='ocrx_word' id='word_1_156' title='bbox 3354 926 3407 972; x_wconf 87' lang='lat' dir='ltr'><strong>et</strong></span> <span class='ocrx_word' id='word_1_157' title='bbox 3430 918 3580 972; x_wconf 88' lang='lat' dir='ltr'><strong>omni</strong></span> 
     </span>
    </p>
   </div>
   <div class='ocr_carea' id='block_1_23' title="bbox 1990 1006 3583 1078">
    <p class='ocr_par' dir='ltr' id='par_1_23' title="bbox 1990 1006 3583 1078">
     <span class='ocr_line' id='line_1_23' title="bbox 1990 1006 3583 1078; baseline -0.003 -14"><span class='ocrx_word' id='word_1_158' title='bbox 1990 1009 2404 1064; x_wconf 84' lang='lat' dir='ltr'><strong>conversatione</strong></span> <span class='ocrx_word' id='word_1_159' title='bbox 2433 1007 2675 1078; x_wconf 77' lang='lat' dir='ltr'><strong>perversi</strong></span> <span class='ocrx_word' id='word_1_160' title='bbox 2706 1014 2850 1062; x_wconf 84' lang='lat' dir='ltr'><strong>sunt.</strong></span> <span class='ocrx_word' id='word_1_161' title='bbox 2886 1006 3071 1076; x_wconf 73' lang='lat' dir='ltr'><strong>Neque</strong></span> <span class='ocrx_word' id='word_1_162' title='bbox 3100 1006 3357 1077; x_wconf 81' lang='lat' dir='ltr'><strong>possibile</strong></span> <span class='ocrx_word' id='word_1_163' title='bbox 3384 1014 3468 1061; x_wconf 89' lang='lat' dir='ltr'><strong>est</strong></span> <span class='ocrx_word' id='word_1_164' title='bbox 3508 1007 3583 1061; x_wconf 88' lang='lat' dir='ltr'><strong>ita</strong></span> 
     </span>
    </p>
   </div>
   <div class='ocr_carea' id='block_1_24' title="bbox 1988 1100 3582 1172">
    <p class='ocr_par' dir='ltr' id='par_1_24' title="bbox 1988 1100 3582 1172">
     <span class='ocr_line' id='line_1_24' title="bbox 1988 1100 3582 1172; baseline -0.001 -15"><span class='ocrx_word' id='word_1_165' title='bbox 1988 1111 2049 1157; x_wconf 86' lang='lat' dir='ltr'><strong>ut</strong></span> <span class='ocrx_word' id='word_1_166' title='bbox 2082 1115 2262 1172; x_wconf 87' lang='lat' dir='ltr'><strong>neque</strong></span> <span class='ocrx_word' id='word_1_167' title='bbox 2300 1101 2499 1171; x_wconf 85' lang='lat' dir='ltr'><strong>impius</strong></span> <span class='ocrx_word' id='word_1_168' title='bbox 2526 1100 2581 1155; x_wconf 90' lang='lat' dir='ltr'><strong>in</strong></span> <span class='ocrx_word' id='word_1_169' title='bbox 2612 1116 2697 1160; x_wconf 85' lang='lat' dir='ltr'><strong>ea,</strong></span> <span class='ocrx_word' id='word_1_170' title='bbox 2726 1115 2826 1156; x_wconf 90' lang='lat' dir='ltr'><strong>nec</strong></span> <span class='ocrx_word' id='word_1_171' title='bbox 2848 1101 3135 1170; x_wconf 83' lang='lat' dir='ltr'><strong>quisquam</strong></span> <span class='ocrx_word' id='word_1_172' title='bbox 3159 1110 3416 1171; x_wconf 82' lang='lat' dir='ltr'><strong>peccator</strong></span> <span class='ocrx_word' id='word_1_173' title='bbox 3447 1103 3582 1157; x_wconf 85' lang='lat' dir='ltr'><strong>resi-</strong></span> 
     </span>
    </p>
   </div>
   <div class='ocr_carea' id='block_1_25' title="bbox 1989 1192 3582 1258">
    <p class='ocr_par' dir='ltr' id='par_1_25' title="bbox 1989 1192 3582 1258">
     <span class='ocr_line' id='line_1_25' title="bbox 1989 1192 3582 1258; baseline -0.001 -8"><span class='ocrx_word' id='word_1_174' title='bbox 1989 1194 2118 1250; x_wconf 88' lang='lat' dir='ltr'><strong>dere</strong></span> <span class='ocrx_word' id='word_1_175' title='bbox 2155 1194 2438 1257; x_wconf 85' lang='lat' dir='ltr'><strong>videatur;</strong></span> <span class='ocrx_word' id='word_1_176' title='bbox 2473 1192 2570 1246; x_wconf 80' lang='lat' dir='ltr'><strong>sed</strong></span> <span class='ocrx_word' id='word_1_177' title='bbox 2599 1193 2708 1247; x_wconf 87' lang='lat' dir='ltr'><strong>sint</strong></span> <span class='ocrx_word' id='word_1_178' title='bbox 2734 1193 2791 1247; x_wconf 87' lang='lat' dir='ltr'><strong>in</strong></span> <span class='ocrx_word' id='word_1_179' title='bbox 2826 1207 2886 1247; x_wconf 86' lang='lat' dir='ltr'><strong>ea</strong></span> <span class='ocrx_word' id='word_1_180' title='bbox 2918 1209 3108 1248; x_wconf 87' lang='lat' dir='ltr'><strong>omnes</strong></span> <span class='ocrx_word' id='word_1_181' title='bbox 3133 1194 3308 1248; x_wconf 84' lang='lat' dir='ltr'><strong>sancti</strong></span> <span class='ocrx_word' id='word_1_182' title='bbox 3336 1193 3582 1258; x_wconf 85' lang='lat' dir='ltr'><strong>et-bcati,</strong></span> 
     </span>
    </p>
   </div>
   <div class='ocr_carea' id='block_1_26' title="bbox 1991 1281 3586 1354">
    <p class='ocr_par' dir='ltr' id='par_1_26' title="bbox 1991 1281 3586 1354">
     <span class='ocr_line' id='line_1_26' title="bbox 1991 1281 3586 1354; baseline 0.001 -16"><span class='ocrx_word' id='word_1_183' title='bbox 1991 1292 2046 1340; x_wconf 88' lang='lat' dir='ltr'><strong>et</strong></span> <span class='ocrx_word' id='word_1_184' title='bbox 2073 1283 2127 1338; x_wconf 90' lang='lat' dir='ltr'><strong>in</strong></span> <span class='ocrx_word' id='word_1_185' title='bbox 2158 1283 2357 1352; x_wconf 79' lang='lat' dir='ltr'><strong>quibus</strong></span> <span class='ocrx_word' id='word_1_186' title='bbox 2378 1281 2527 1336; x_wconf 85' lang='lat' dir='ltr'><strong>nulla</strong></span> <span class='ocrx_word' id='word_1_187' title='bbox 2552 1297 2774 1351; x_wconf 75' lang='lat' dir='ltr'><strong>prorsus</strong></span> <span class='ocrx_word' id='word_1_188' title='bbox 2802 1288 3010 1353; x_wconf 57' lang='lat' dir='ltr'><strong>peccati</strong></span> <span class='ocrx_word' id='word_1_189' title='bbox 3043 1284 3255 1339; x_wconf 88' lang='lat' dir='ltr'><strong>macula</strong></span> <span class='ocrx_word' id='word_1_190' title='bbox 3285 1285 3586 1354; x_wconf 78' lang='lat' dir='ltr'><strong>deprehen-</strong></span> 
     </span>
    </p>
   </div>
   <div class='ocr_carea' id='block_1_27' title="bbox 1991 1373 3586 1439">
    <p class='ocr_par' dir='ltr' id='par_1_27' title="bbox 1991 1373 3586 1439">
     <span class='ocr_line' id='line_1_27' title="bbox 1991 1373 3586 1439; baseline -0.001 -7"><span class='ocrx_word' id='word_1_191' title='bbox 1991 1377 2156 1432; x_wconf 80' lang='lat' dir='ltr'><strong>ditur.</strong></span> <span class='ocrx_word' id='word_1_192' title='bbox 2189 1374 2297 1430; x_wconf 81' lang='lat' dir='ltr'><strong>Sed</strong></span> <span class='ocrx_word' id='word_1_193' title='bbox 2340 1374 2481 1430; x_wconf 85' lang='lat' dir='ltr'><strong>sicut</strong></span> <span class='ocrx_word' id='word_1_194' title='bbox 2508 1373 2706 1429; x_wconf 84' lang='lat' dir='ltr'><strong>dicitur</strong></span> <span class='ocrx_word' id='word_1_195' title='bbox 2732 1375 2798 1429; x_wconf 83' lang='lat' dir='ltr'><strong>(le</strong></span> <span class='ocrx_word' id='word_1_196' title='bbox 2828 1375 3090 1430; x_wconf 84' lang='lat' dir='ltr'><strong>zizaniis:</strong></span> <span class='ocrx_word' id='word_1_197' title='bbox 3130 1394 3148 1427; x_wconf 75' lang='grc' dir='ltr'>ι</span> <span class='ocrx_word' id='word_1_198' title='bbox 3178 1375 3258 1430; x_wconf 88' lang='lat' dir='ltr'><strong>Ne</strong></span> <span class='ocrx_word' id='word_1_199' title='bbox 3292 1376 3433 1439; x_wconf 77' lang='lat' dir='ltr'><strong>forte</strong></span> <span class='ocrx_word' id='word_1_200' title='bbox 3456 1391 3586 1432; x_wconf 88' lang='lat' dir='ltr'><strong>era-</strong></span> 
     </span>
    </p>
   </div>
   <div class='ocr_carea' id='block_1_28' title="bbox 1991 1467 3588 1534">
    <p class='ocr_par' dir='ltr' id='par_1_28' title="bbox 1991 1467 3588 1534">
     <span class='ocr_line' id='line_1_28' title="bbox 1991 1467 3588 1534; baseline 0.001 -12"><span class='ocrx_word' id='word_1_201' title='bbox 1991 1467 2235 1523; x_wconf 86' lang='lat' dir='ltr'><strong>dicantes</strong></span> <span class='ocrx_word' id='word_1_202' title='bbox 2279 1468 2514 1534; x_wconf 82' lang='lat' dir='ltr'><strong>zizania,</strong></span> <span class='ocrx_word' id='word_1_203' title='bbox 2542 1467 2830 1523; x_wconf 72' lang='lat' dir='ltr'><strong>eradicetis</strong></span> <span class='ocrx_word' id='word_1_204' title='bbox 2861 1468 3022 1523; x_wconf 88' lang='lat' dir='ltr'><strong>simul</strong></span> <span class='ocrx_word' id='word_1_205' title='bbox 3050 1484 3175 1523; x_wconf 91' lang='lat' dir='ltr'><strong>cum</strong></span> <span class='ocrx_word' id='word_1_206' title='bbox 3213 1468 3294 1524; x_wconf 89' lang='lat' dir='ltr'><strong>eis</strong></span> <span class='ocrx_word' id='word_1_207' title='bbox 3339 1478 3395 1524; x_wconf 90' lang='lat' dir='ltr'><strong>et</strong></span> <span class='ocrx_word' id='word_1_208' title='bbox 3443 1470 3588 1524; x_wconf 89' lang='lat' dir='ltr'><strong>triti-</strong></span> 
     </span>
    </p>
   </div>
   <div class='ocr_carea' id='block_1_29' title="bbox 1992 1559 3591 1631">
    <p class='ocr_par' dir='ltr' id='par_1_29' title="bbox 1992 1559 3591 1631">
     <span class='ocr_line' id='line_1_29' title="bbox 1992 1559 3591 1631; baseline -0.003 -14"><span class='ocrx_word' id='word_1_209' title='bbox 1992 1576 2138 1625; x_wconf 89' lang='lat' dir='ltr'><strong>cum,</strong></span> <span class='ocrx_word' id='word_1_210' title='bbox 2164 1579 2182 1613; x_wconf 76' lang='grc' dir='ltr'>ι</span> <span class='ocrx_word' id='word_1_211' title='bbox 2218 1560 2292 1615; x_wconf 90' lang='lat' dir='ltr'><strong>ita</strong></span> <span class='ocrx_word' id='word_1_212' title='bbox 2321 1562 2489 1617; x_wconf 87' lang='lat' dir='ltr'><strong>etiam</strong></span> <span class='ocrx_word' id='word_1_213' title='bbox 2526 1575 2694 1630; x_wconf 82' lang='lat' dir='ltr'><strong>super</strong></span> <span class='ocrx_word' id='word_1_214' title='bbox 2726 1561 2811 1615; x_wconf 88' lang='lat' dir='ltr'><strong>his</strong></span> <span class='ocrx_word' id='word_1_215' title='bbox 2846 1561 2953 1614; x_wconf 88' lang='lat' dir='ltr'><strong>dici</strong></span> <span class='ocrx_word' id='word_1_216' title='bbox 2983 1568 3162 1631; x_wconf 82' lang='lat' dir='ltr'><strong>potest</strong></span> <span class='ocrx_word' id='word_1_217' title='bbox 3197 1561 3251 1615; x_wconf 91' lang='lat' dir='ltr'><strong>in</strong></span> <span class='ocrx_word' id='word_1_218' title='bbox 3278 1562 3476 1630; x_wconf 86' lang='lat' dir='ltr'><strong>quibus</strong></span> <span class='ocrx_word' id='word_1_219' title='bbox 3502 1559 3591 1614; x_wconf 87' lang='lat' dir='ltr'><strong>vel</strong></span> 
     </span>
    </p>
   </div>
   <div class='ocr_carea' id='block_1_30' title="bbox 1993 1651 3584 1723">
    <p class='ocr_par' dir='ltr' id='par_1_30' title="bbox 1993 1651 3584 1723">
     <span class='ocr_line' id='line_1_30' title="bbox 1993 1651 3584 1723; baseline -0.001 -14"><span class='ocrx_word' id='word_1_220' title='bbox 1993 1655 2155 1709; x_wconf 80' lang='lat' dir='ltr'><strong>dubia</strong></span> <span class='ocrx_word' id='word_1_221' title='bbox 2181 1655 2263 1710; x_wconf 91' lang='lat' dir='ltr'><strong>vel</strong></span> <span class='ocrx_word' id='word_1_222' title='bbox 2290 1653 2502 1709; x_wconf 83' lang='lat' dir='ltr'><strong>occulta</strong></span> <span class='ocrx_word' id='word_1_223' title='bbox 2532 1663 2755 1723; x_wconf 88' lang='lat' dir='ltr'><strong>peccata</strong></span> <span class='ocrx_word' id='word_1_224' title='bbox 2783 1662 2929 1708; x_wconf 89' lang='lat' dir='ltr'><strong>sunt.</strong></span> <span class='ocrx_word' id='word_1_225' title='bbox 2960 1651 3148 1723; x_wconf 82' lang='lat' dir='ltr'><strong>Neque</strong></span> <span class='ocrx_word' id='word_1_226' title='bbox 3180 1652 3324 1707; x_wconf 90' lang='lat' dir='ltr'><strong>enim</strong></span> <span class='ocrx_word' id='word_1_227' title='bbox 3350 1651 3584 1708; x_wconf 83' lang='lat' dir='ltr'><strong>dicimus</strong></span> 
     </span>
    </p>
   </div>
   <div class='ocr_carea' id='block_1_31' title="bbox 301 1739 3589 1817">
    <p class='ocr_par' dir='ltr' id='par_1_31' title="bbox 301 1739 3589 1817">
     <span class='ocr_line' id='line_1_31' title="bbox 301 1739 3589 1817; baseline -0.001 -16"><span class='ocrx_word' id='word_1_228' title='bbox 301 1747 598 1802; x_wconf 78' lang='lat' dir='ltr'><strong>duceretur</strong></span> <span class='ocrx_word' id='word_1_229' title='bbox 625 1744 693 1801; x_wconf 85' lang='lat' dir='ltr'><strong>ad</strong></span> <span class='ocrx_word' id='word_1_230' title='bbox 725 1744 1074 1814; x_wconf 82' lang='lat' dir='ltr'><strong>supplicium,</strong></span> <span class='ocrx_word' id='word_1_231' title='bbox 1114 1743 1462 1813; x_wconf 78' lang='lat' dir='ltr'><strong>postmodum</strong></span> <span class='ocrx_word' id='word_1_232' title='bbox 1493 1742 1622 1796; x_wconf 86' lang='lat' dir='ltr'><strong>ﬁere</strong></span> <span class='ocrx_word' id='word_1_233' title='bbox 1663 1741 1892 1796; x_wconf 85' lang='lat' dir='ltr'><strong>amaris-</strong></span> <span class='ocrx_word' id='word_1_234' title='bbox 1923 1739 1958 1817; x_wconf 54' lang='lat'><strong>&#39;_</strong></span> <span class='ocrx_word' id='word_1_235' title='bbox 1995 1746 2062 1801; x_wconf 90' lang='lat' dir='ltr'><strong>de</strong></span> <span class='ocrx_word' id='word_1_236' title='bbox 2086 1746 2173 1801; x_wconf 88' lang='lat' dir='ltr'><strong>his</strong></span> <span class='ocrx_word' id='word_1_237' title='bbox 2196 1746 2290 1817; x_wconf 89' lang='lat' dir='ltr'><strong>qui</strong></span> <span class='ocrx_word' id='word_1_238' title='bbox 2318 1743 2604 1800; x_wconf 76' lang='lat' dir='ltr'><strong>manifeste</strong></span> <span class='ocrx_word' id='word_1_239' title='bbox 2627 1754 2683 1799; x_wconf 87' lang='lat' dir='ltr'><strong>et</strong></span> <span class='ocrx_word' id='word_1_240' title='bbox 2721 1744 3005 1800; x_wconf 85' lang='lat' dir='ltr'><strong>evidenter</strong></span> <span class='ocrx_word' id='word_1_241' title='bbox 3033 1744 3501 1809; x_wconf 84' lang='lat' dir='ltr'><strong>criminosi‘sunt,</strong></span> <span class='ocrx_word' id='word_1_242' title='bbox 3531 1751 3589 1799; x_wconf 90' lang='lat' dir='ltr'><strong>et</strong></span> 
     </span>
    </p>
   </div>
   <div class='ocr_carea' id='block_1_32' title="bbox 301 1813 3585 1908">
    <p class='ocr_par' dir='ltr' id='par_1_32' title="bbox 301 1813 3585 1908">
     <span class='ocr_line' id='line_1_32' title="bbox 301 1813 3585 1908; baseline 0 -18"><span class='ocrx_word' id='word_1_243' title='bbox 301 1839 443 1894; x_wconf 85' lang='lat' dir='ltr'><strong>sime</strong></span> <span class='ocrx_word' id='word_1_244' title='bbox 486 1837 675 1908; x_wconf 81' lang='lat' dir='ltr'><strong>incipit</strong></span> <span class='ocrx_word' id='word_1_245' title='bbox 712 1813 840 1906; x_wconf 79' lang='lat' dir='ltr'><strong>quia</strong></span> <span class='ocrx_word' id='word_1_246' title='bbox 888 1832 1139 1891; x_wconf 73' lang='lat' dir='ltr'><strong>diﬁ&#39;ertur</strong></span> <span class='ocrx_word' id='word_1_247' title='bbox 1179 1850 1208 1889; x_wconf 88' lang='lat' dir='ltr'><strong>a</strong></span> <span class='ocrx_word' id='word_1_248' title='bbox 1258 1848 1444 1905; x_wconf 82' lang='lat' dir='ltr'><strong>regno.</strong></span> <span class='ocrx_word' id='word_1_249' title='bbox 1485 1832 1896 1904; x_wconf 81' lang='lat' dir='ltr'><strong>Contemplatur</strong></span> <span class='ocrx_word' id='word_1_250' title='bbox 1923 1813 1968 1872; x_wconf 75' lang='grc' dir='ltr'>Β</span> <span class='ocrx_word' id='word_1_251' title='bbox 2001 1855 2109 1895; x_wconf 89' lang='lat' dir='ltr'><strong>non</strong></span> <span class='ocrx_word' id='word_1_252' title='bbox 2152 1813 2234 1895; x_wconf 24' lang='lat' dir='ltr'><strong>de:</strong></span> <span class='ocrx_word' id='word_1_253' title='bbox 2253 1837 2499 1895; x_wconf 81' lang='lat' dir='ltr'><strong>Ecclesia</strong></span> <span class='ocrx_word' id='word_1_254' title='bbox 2523 1836 2889 1908; x_wconf 80' lang='lat' dir='ltr'><strong>expelluntur.</strong></span> <span class='ocrx_word' id='word_1_255' title='bbox 2919 1834 3058 1891; x_wconf 75' lang='lat' dir='ltr'><strong>Audi</strong></span> <span class='ocrx_word' id='word_1_256' title='bbox 3085 1851 3215 1906; x_wconf 86' lang='lat' dir='ltr'><strong>ergo</strong></span> <span class='ocrx_word' id='word_1_257' title='bbox 3246 1833 3585 1906; x_wconf 83' lang='lat' dir='ltr'><strong>Seriptura’m</strong></span> 
     </span>
    </p>
   </div>
   <div class='ocr_carea' id='block_1_33' title="bbox 300 1925 1900 1999">
    <p class='ocr_par' dir='ltr' id='par_1_33' title="bbox 300 1925 1900 1999">
     <span class='ocr_line' id='line_1_33' title="bbox 300 1925 1900 1999; baseline -0.004 -12"><span class='ocrx_word' id='word_1_258' title='bbox 300 1931 692 1987; x_wconf 51' lang='lat' dir='ltr'><strong>etenim‘mens</strong></span> <span class='ocrx_word' id='word_1_259' title='bbox 722 1928 817 1999; x_wconf 78' lang='lat' dir='ltr'><strong>qui</strong></span> <span class='ocrx_word' id='word_1_260' title='bbox 849 1936 976 1984; x_wconf 81' lang='lat' dir='ltr'><strong>sunt</strong></span> <span class='ocrx_word' id='word_1_261' title='bbox 1003 1927 1078 1982; x_wconf 86' lang='lat' dir='ltr'><strong>illi</strong></span> <span class='ocrx_word' id='word_1_262' title='bbox 1114 1927 1266 1983; x_wconf 84' lang='lat' dir='ltr'><strong>chori</strong></span> <span class='ocrx_word' id='word_1_263' title='bbox 1297 1925 1633 1997; x_wconf 82' lang='lat' dir='ltr'><strong>angelorum,</strong></span> <span class='ocrx_word' id='word_1_264' title='bbox 1666 1940 1788 1996; x_wconf 75' lang='lat' dir='ltr'><strong>quze</strong></span> <span class='ocrx_word' id='word_1_265' title='bbox 1815 1940 1900 1980; x_wconf 87' lang='lat' dir='ltr'><strong>so-</strong></span> 
     </span>
    </p>
   </div>
   <div class='ocr_carea' id='block_1_34' title="bbox 299 2015 1899 2097">
    <p class='ocr_par' dir='ltr' id='par_1_34' title="bbox 299 2015 1899 2097">
     <span class='ocr_line' id='line_1_34' title="bbox 299 2015 1899 2097; baseline -0.007 -18"><span class='ocrx_word' id='word_1_266' title='bbox 299 2025 477 2080; x_wconf 88' lang='lat' dir='ltr'><strong>cietas</strong></span> <span class='ocrx_word' id='word_1_267' title='bbox 516 2030 837 2077; x_wconf 84' lang='lat' dir='ltr'><strong>sanctorum</strong></span> <span class='ocrx_word' id='word_1_268' title='bbox 902 2019 1301 2097; x_wconf 69' lang='lat' dir='ltr'><strong>spirituumque</strong></span> <span class='ocrx_word' id='word_1_269' title='bbox 1356 2016 1613 2086; x_wconf 83' lang='lat' dir='ltr'><strong>majestas</strong></span> <span class='ocrx_word' id='word_1_270' title='bbox 1668 2015 1899 2069; x_wconf 65' lang='lat' dir='ltr'><strong>internas</strong></span> 
     </span>
    </p>
   </div>
   <div class='ocr_carea' id='block_1_35' title="bbox 302 2107 1899 2184">
    <p class='ocr_par' dir='ltr' id='par_1_35' title="bbox 302 2107 1899 2184">
     <span class='ocr_line' id='line_1_35' title="bbox 302 2107 1899 2184; baseline -0.006 -13"><span class='ocrx_word' id='word_1_271' title='bbox 302 2115 528 2173; x_wconf 85' lang='lat' dir='ltr'><strong>visionis</strong></span> <span class='ocrx_word' id='word_1_272' title='bbox 557 2115 652 2170; x_wconf 90' lang='lat' dir='ltr'><strong>Dei</strong></span> <span class='ocrx_word' id='word_1_273' title='bbox 678 2132 691 2169; x_wconf 88' lang='lat'><strong>:</strong></span> <span class='ocrx_word' id='word_1_274' title='bbox 722 2122 777 2169; x_wconf 88' lang='lat' dir='ltr'><strong>et</strong></span> <span class='ocrx_word' id='word_1_275' title='bbox 806 2110 1272 2184; x_wconf 53' lang='lat' dir='ltr'><strong>amplius&#39;plangit</strong></span> <span class='ocrx_word' id='word_1_276' title='bbox 1300 2110 1428 2180; x_wconf 89' lang='lat' dir='ltr'><strong>quia</strong></span> <span class='ocrx_word' id='word_1_277' title='bbox 1456 2109 1614 2164; x_wconf 89' lang='lat' dir='ltr'><strong>bonis</strong></span> <span class='ocrx_word' id='word_1_278' title='bbox 1642 2107 1899 2179; x_wconf 81' lang='lat' dir='ltr'><strong>perenni-</strong></span> 
     </span>
    </p>
   </div>
   <div class='ocr_carea' id='block_1_36' title="bbox 300 2196 1892 2277">
    <p class='ocr_par' dir='ltr' id='par_1_36' title="bbox 300 2196 1892 2277">
     <span class='ocr_line' id='line_1_36' title="bbox 300 2196 1892 2277; baseline -0.009 -13"><span class='ocrx_word' id='word_1_279' title='bbox 300 2208 405 2264; x_wconf 87' lang='lat' dir='ltr'><strong>bus</strong></span> <span class='ocrx_word' id='word_1_280' title='bbox 428 2206 602 2271; x_wconf 82' lang='lat' dir='ltr'><strong>deest,</strong></span> <span class='ocrx_word' id='word_1_281' title='bbox 634 2219 795 2277; x_wconf 89' lang='lat' dir='ltr'><strong>quam</strong></span> <span class='ocrx_word' id='word_1_282' title='bbox 812 2196 978 2275; x_wconf 83' lang='lat' dir='ltr'><strong>prius</strong></span> <span class='ocrx_word' id='word_1_283' title='bbox 1007 2218 1129 2259; x_wconf 87' lang='lat' dir='ltr'><strong>cum</strong></span> <span class='ocrx_word' id='word_1_284' title='bbox 1175 2201 1318 2256; x_wconf 84' lang='lat' dir='ltr'><strong>mala</strong></span> <span class='ocrx_word' id='word_1_285' title='bbox 1346 2207 1553 2255; x_wconf 73' lang='lat' dir='ltr'><strong>teter-na</strong></span> <span class='ocrx_word' id='word_1_286' title='bbox 1583 2197 1892 2263; x_wconf 82' lang='lat' dir='ltr'><strong>metuebat;</strong></span> 
     </span>
    </p>
   </div>
   <div class='ocr_carea' id='block_1_37' title="bbox 301 2289 1901 2369">
    <p class='ocr_par' dir='ltr' id='par_1_37' title="bbox 301 2289 1901 2369">
     <span class='ocr_line' id='line_1_37' title="bbox 301 2289 1901 2369; baseline -0.007 -14"><span class='ocrx_word' id='word_1_287' title='bbox 301 2299 495 2369; x_wconf 84' lang='lat' dir='ltr'><strong>sicque</strong></span> <span class='ocrx_word' id='word_1_288' title='bbox 524 2296 584 2353; x_wconf 85' lang='lat' dir='ltr'><strong>lit</strong></span> <span class='ocrx_word' id='word_1_289' title='bbox 611 2305 671 2351; x_wconf 89' lang='lat' dir='ltr'><strong>nt</strong></span> <span class='ocrx_word' id='word_1_290' title='bbox 708 2294 958 2367; x_wconf 75' lang='lat' dir='ltr'><strong>perfecta</strong></span> <span class='ocrx_word' id='word_1_291' title='bbox 993 2293 1342 2363; x_wconf 86' lang='lat' dir='ltr'><strong>compunctio</strong></span> <span class='ocrx_word' id='word_1_292' title='bbox 1371 2290 1678 2349; x_wconf 79' lang='lat' dir='ltr'><strong>formidinis</strong></span> <span class='ocrx_word' id='word_1_293' title='bbox 1717 2289 1901 2345; x_wconf 84' lang='lat' dir='ltr'><strong>tradat</strong></span> 
     </span>
    </p>
   </div>
   <div class='ocr_carea' id='block_1_38' title="bbox 301 2380 1903 2458">
    <p class='ocr_par' dir='ltr' id='par_1_38' title="bbox 301 2380 1903 2458">
     <span class='ocr_line' id='line_1_38' title="bbox 301 2380 1903 2458; baseline -0.004 -13"><span class='ocrx_word' id='word_1_294' title='bbox 301 2391 489 2445; x_wconf 77' lang='lat' dir='ltr'><strong>animo</strong></span> <span class='ocrx_word' id='word_1_295' title='bbox 515 2388 985 2458; x_wconf 82' lang='lat' dir='ltr'><strong>eompunctionem</strong></span> <span class='ocrx_word' id='word_1_296' title='bbox 1007 2385 1348 2441; x_wconf 78' lang='lat' dir='ltr'><strong>dilectionis:</strong></span> <span class='ocrx_word' id='word_1_297' title='bbox 1376 2382 1521 2455; x_wconf 91' lang='lat' dir='ltr'><strong>quod</strong></span> <span class='ocrx_word' id='word_1_298' title='bbox 1548 2383 1688 2438; x_wconf 83' lang='lat' dir='ltr'><strong>bene</strong></span> <span class='ocrx_word' id='word_1_299' title='bbox 1715 2380 1770 2436; x_wconf 83' lang='lat' dir='ltr'><strong>in</strong></span> <span class='ocrx_word' id='word_1_300' title='bbox 1795 2382 1903 2438; x_wconf 77' lang='lat' dir='ltr'><strong>hac</strong></span> 
     </span>
    </p>
   </div>
   <div class='ocr_carea' id='block_1_39' title="bbox 303 2472 1901 2547">
    <p class='ocr_par' dir='ltr' id='par_1_39' title="bbox 303 2472 1901 2547">
     <span class='ocr_line' id='line_1_39' title="bbox 303 2472 1901 2547; baseline -0.005 -12"><span class='ocrx_word' id='word_1_301' title='bbox 303 2495 463 2535; x_wconf 82' lang='lat' dir='ltr'><strong>sacra</strong></span> <span class='ocrx_word' id='word_1_302' title='bbox 500 2477 796 2544; x_wconf 79' lang='lat' dir='ltr'><strong>veraeique</strong></span> <span class='ocrx_word' id='word_1_303' title='bbox 824 2474 1052 2531; x_wconf 82' lang='lat' dir='ltr'><strong>historia</strong></span> <span class='ocrx_word' id='word_1_304' title='bbox 1080 2474 1315 2547; x_wconf 84' lang='lat' dir='ltr'><strong>ﬁgurata</strong></span> <span class='ocrx_word' id='word_1_305' title='bbox 1340 2475 1655 2530; x_wconf 79' lang='lat' dir='ltr'><strong>narratione</strong></span> <span class='ocrx_word' id='word_1_306' title='bbox 1696 2472 1901 2529; x_wconf 88' lang='lat' dir='ltr'><strong>descri-</strong></span> 
     </span>
    </p>
   </div>
   <div class='ocr_carea' id='block_1_40' title="bbox 304 2561 1899 2635">
    <p class='ocr_par' dir='ltr' id='par_1_40' title="bbox 304 2561 1899 2635">
     <span class='ocr_line' id='line_1_40' title="bbox 304 2561 1899 2635; baseline -0.004 -10"><span class='ocrx_word' id='word_1_307' title='bbox 304 2569 477 2625; x_wconf 81' lang='lat' dir='ltr'><strong>bitur.</strong></span> <span class='ocrx_word' id='word_1_308' title='bbox 510 2566 651 2633; x_wconf 76' lang='lat' dir='ltr'><strong>Quia</strong></span> <span class='ocrx_word' id='word_1_309' title='bbox 696 2579 847 2635; x_wconf 80' lang='lat' dir='ltr'><strong>ergo,</strong></span> <span class='ocrx_word' id='word_1_310' title='bbox 887 2572 948 2618; x_wconf 88' lang='lat' dir='ltr'><strong>ut</strong></span> <span class='ocrx_word' id='word_1_311' title='bbox 974 2564 1119 2630; x_wconf 68' lang='lat' dir='ltr'><strong>dixi,</strong></span> <span class='ocrx_word' id='word_1_312' title='bbox 1163 2565 1270 2619; x_wconf 81' lang='lat' dir='ltr'><strong>duo</strong></span> <span class='ocrx_word' id='word_1_313' title='bbox 1312 2573 1440 2620; x_wconf 87' lang='lat' dir='ltr'><strong>sunt</strong></span> <span class='ocrx_word' id='word_1_314' title='bbox 1465 2561 1899 2632; x_wconf 82' lang='lat' dir='ltr'><strong>compunctionis</strong></span> 
     </span>
    </p>
   </div>
   <div class='ocr_carea' id='block_1_41' title="bbox 304 2652 1903 2731">
    <p class='ocr_par' dir='ltr' id='par_1_41' title="bbox 304 2652 1903 2731">
     <span class='ocr_line' id='line_1_41' title="bbox 304 2652 1903 2731; baseline -0.004 -18"><span class='ocrx_word' id='word_1_315' title='bbox 304 2672 532 2731; x_wconf 78' lang='lat' dir='ltr'><strong>genera,</strong></span> <span class='ocrx_word' id='word_1_316' title='bbox 563 2654 711 2711; x_wconf 74' lang='lat' dir='ltr'><strong>dedit</strong></span> <span class='ocrx_word' id='word_1_317' title='bbox 735 2655 790 2710; x_wconf 85' lang='lat' dir='ltr'><strong>ei</strong></span> <span class='ocrx_word' id='word_1_318' title='bbox 830 2662 986 2724; x_wconf 84' lang='lat' dir='ltr'><strong>pater</strong></span> <span class='ocrx_word' id='word_1_319' title='bbox 1009 2670 1140 2710; x_wconf 79' lang='lat' dir='ltr'><strong>suns</strong></span> <span class='ocrx_word' id='word_1_320' title='bbox 1167 2654 1429 2727; x_wconf 78' lang='lat' dir='ltr'><strong>irriguum</strong></span> <span class='ocrx_word' id='word_1_321' title='bbox 1464 2653 1715 2725; x_wconf 88' lang='lat' dir='ltr'><strong>superius</strong></span> <span class='ocrx_word' id='word_1_322' title='bbox 1744 2660 1799 2707; x_wconf 90' lang='lat' dir='ltr'><strong>et</strong></span> <span class='ocrx_word' id='word_1_323' title='bbox 1817 2652 1903 2706; x_wconf 80' lang='lat' dir='ltr'><strong>ir—</strong></span> 
     </span>
    </p>
   </div>
   <div class='ocr_carea' id='block_1_42' title="bbox 306 2742 1904 2820">
    <p class='ocr_par' dir='ltr' id='par_1_42' title="bbox 306 2742 1904 2820">
     <span class='ocr_line' id='line_1_42' title="bbox 306 2742 1904 2820; baseline -0.004 -16"><span class='ocrx_word' id='word_1_324' title='bbox 306 2750 526 2820; x_wconf 80' lang='lat' dir='ltr'><strong>riguum</strong></span> <span class='ocrx_word' id='word_1_325' title='bbox 576 2745 821 2800; x_wconf 86' lang='lat' dir='ltr'><strong>inl&#39;erius.</strong></span> <span class='ocrx_word' id='word_1_326' title='bbox 870 2745 1139 2815; x_wconf 83' lang='lat' dir='ltr'><strong>lrrigunm</strong></span> <span class='ocrx_word' id='word_1_327' title='bbox 1173 2746 1372 2818; x_wconf 84' lang='lat' dir='ltr'><strong>quippe</strong></span> <span class='ocrx_word' id='word_1_328' title='bbox 1406 2744 1658 2816; x_wconf 78' lang='lat' dir='ltr'><strong>superius</strong></span> <span class='ocrx_word' id='word_1_329' title='bbox 1704 2742 1904 2813; x_wconf 88' lang='lat' dir='ltr'><strong>accipit</strong></span> 
     </span>
    </p>
   </div>
   <div class='ocr_carea' id='block_1_43' title="bbox 308 2832 1886 2904">
    <p class='ocr_par' dir='ltr' id='par_1_43' title="bbox 308 2832 1886 2904">
     <span class='ocr_line' id='line_1_43' title="bbox 308 2832 1886 2904; baseline -0.006 -7"><span class='ocrx_word' id='word_1_330' title='bbox 308 2845 493 2897; x_wconf 82' lang='lat' dir='ltr'><strong>anima</strong></span> <span class='ocrx_word' id='word_1_331' title='bbox 521 2855 643 2897; x_wconf 82' lang='lat' dir='ltr'><strong>eum</strong></span> <span class='ocrx_word' id='word_1_332' title='bbox 662 2847 788 2893; x_wconf 83' lang='lat' dir='ltr'><strong>sese</strong></span> <span class='ocrx_word' id='word_1_333' title='bbox 817 2838 872 2890; x_wconf 88' lang='lat' dir='ltr'><strong>in</strong></span> <span class='ocrx_word' id='word_1_334' title='bbox 898 2835 1150 2904; x_wconf 79' lang='lat' dir='ltr'><strong>laerymis</strong></span> <span class='ocrx_word' id='word_1_335' title='bbox 1177 2835 1411 2891; x_wconf 61' lang='lat' dir='ltr'><strong>caelestis</strong></span> <span class='ocrx_word' id='word_1_336' title='bbox 1445 2834 1595 2904; x_wconf 71' lang='lat' dir='ltr'><strong>regni</strong></span> <span class='ocrx_word' id='word_1_337' title='bbox 1615 2832 1886 2889; x_wconf 78' lang='lat' dir='ltr'><strong>desiderio</strong></span> 
     </span>
    </p>
   </div>
   <div class='ocr_carea' id='block_1_44' title="bbox 309 2921 1887 3001">
    <p class='ocr_par' dir='ltr' id='par_1_44' title="bbox 309 2921 1887 3001">
     <span class='ocr_line' id='line_1_44' title="bbox 309 2921 1887 3001; baseline -0.008 -12"><span class='ocrx_word' id='word_1_338' title='bbox 309 2935 531 3000; x_wconf 75' lang='lat' dir='ltr'><strong>aﬁiigit;</strong></span> <span class='ocrx_word' id='word_1_339' title='bbox 560 2932 825 3001; x_wconf 76' lang='lat' dir='ltr'><strong>irriguum</strong></span> <span class='ocrx_word' id='word_1_340' title='bbox 858 2940 1001 2982; x_wconf 44' lang='lat' dir='ltr'><strong>vero»</strong></span> <span class='ocrx_word' id='word_1_341' title='bbox 1024 2924 1248 2980; x_wconf 84' lang='lat' dir='ltr'><strong>inferius</strong></span> <span class='ocrx_word' id='word_1_342' title='bbox 1281 2923 1498 2993; x_wconf 90' lang='lat' dir='ltr'><strong>accipit,</strong></span> <span class='ocrx_word' id='word_1_343' title='bbox 1529 2938 1652 2978; x_wconf 88' lang='lat' dir='ltr'><strong>cum</strong></span> <span class='ocrx_word' id='word_1_344' title='bbox 1688 2921 1887 2977; x_wconf 81' lang='lat' dir='ltr'><strong>inferni</strong></span> 
     </span>
    </p>
   </div>
   <div class='ocr_carea' id='block_1_45' title="bbox 311 3011 1893 3094">
    <p class='ocr_par' dir='ltr' id='par_1_45' title="bbox 311 3011 1893 3094">
     <span class='ocr_line' id='line_1_45' title="bbox 311 3011 1893 3094; baseline -0.009 -15"><span class='ocrx_word' id='word_1_345' title='bbox 311 3024 571 3094; x_wconf 85' lang='lat' dir='ltr'><strong>supplicia</strong></span> <span class='ocrx_word' id='word_1_346' title='bbox 599 3021 771 3076; x_wconf 82' lang='lat' dir='ltr'><strong>ﬂendo</strong></span> <span class='ocrx_word' id='word_1_347' title='bbox 799 3016 1153 3089; x_wconf 85' lang='lat' dir='ltr'><strong>pertimescit.</strong></span> <span class='ocrx_word' id='word_1_348' title='bbox 1188 3016 1256 3069; x_wconf 87' lang='lat' dir='ltr'><strong>Et</strong></span> <span class='ocrx_word' id='word_1_349' title='bbox 1292 3013 1509 3084; x_wconf 83' lang='lat' dir='ltr'><strong>quidem</strong></span> <span class='ocrx_word' id='word_1_350' title='bbox 1556 3013 1708 3082; x_wconf 91' lang='lat' dir='ltr'><strong>prius</strong></span> <span class='ocrx_word' id='word_1_351' title='bbox 1751 3011 1893 3066; x_wconf 80' lang='lat' dir='ltr'><strong>infe-</strong></span> 
     </span>
    </p>
   </div>
   <div class='ocr_carea' id='block_1_46' title="bbox 315 3104 1891 3184">
    <p class='ocr_par' dir='ltr' id='par_1_46' title="bbox 315 3104 1891 3184">
     <span class='ocr_line' id='line_1_46' title="bbox 315 3104 1891 3184; baseline -0.006 -16"><span class='ocrx_word' id='word_1_352' title='bbox 315 3116 449 3178; x_wconf 85' lang='lat' dir='ltr'><strong>rius,</strong></span> <span class='ocrx_word' id='word_1_353' title='bbox 496 3129 562 3169; x_wconf 88' lang='lat' dir='ltr'><strong>ac</strong></span> <span class='ocrx_word' id='word_1_354' title='bbox 605 3120 729 3184; x_wconf 89' lang='lat' dir='ltr'><strong>post</strong></span> <span class='ocrx_word' id='word_1_355' title='bbox 778 3112 1043 3182; x_wconf 82' lang='lat' dir='ltr'><strong>irriguum</strong></span> <span class='ocrx_word' id='word_1_356' title='bbox 1095 3108 1345 3177; x_wconf 87' lang='lat' dir='ltr'><strong>superius</strong></span> <span class='ocrx_word' id='word_1_357' title='bbox 1387 3106 1584 3159; x_wconf 89' lang='lat' dir='ltr'><strong>datur:</strong></span> <span class='ocrx_word' id='word_1_358' title='bbox 1623 3105 1721 3160; x_wconf 86' lang='lat' dir='ltr'><strong>sed</strong></span> <span class='ocrx_word' id='word_1_359' title='bbox 1746 3104 1891 3173; x_wconf 74' lang='lat' dir='ltr'><strong>quia</strong></span> 
     </span>
    </p>
   </div>
   <div class='ocr_carea' id='block_1_47' title="bbox 1999 1924 3592 2000">
    <p class='ocr_par' dir='ltr' id='par_1_47' title="bbox 1999 1924 3592 2000">
     <span class='ocr_line' id='line_1_47' title="bbox 1999 1924 3592 2000; baseline -0.004 -14"><span class='ocrx_word' id='word_1_360' title='bbox 1999 1931 2271 1986; x_wconf 85' lang='lat' dir='ltr'><strong>dicentem</strong></span> <span class='ocrx_word' id='word_1_361' title='bbox 2314 1930 2440 2000; x_wconf 84' lang='lat' dir='ltr'><strong>quia</strong></span> <span class='ocrx_word' id='word_1_362' title='bbox 2480 1943 2590 1985; x_wconf 91' lang='lat' dir='ltr'><strong>non</strong></span> <span class='ocrx_word' id='word_1_363' title='bbox 2635 1935 2929 1999; x_wconf 82' lang='lat' dir='ltr'><strong>potuerunt</strong></span> <span class='ocrx_word' id='word_1_364' title='bbox 2958 1926 3052 1982; x_wconf 84' lang='lat' dir='ltr'><strong>ﬁlii</strong></span> <span class='ocrx_word' id='word_1_365' title='bbox 3092 1924 3228 1982; x_wconf 82' lang='lat' dir='ltr'><strong>Juda</strong></span> <span class='ocrx_word' id='word_1_366' title='bbox 3278 1926 3592 1997; x_wconf 87' lang='lat' dir='ltr'><strong>disperdere</strong></span> 
     </span>
    </p>
   </div>
   <div class='ocr_carea' id='block_1_48' title="bbox 1999 2018 3591 2091">
    <p class='ocr_par' dir='ltr' id='par_1_48' title="bbox 1999 2018 3591 2091">
     <span class='ocr_line' id='line_1_48' title="bbox 1999 2018 3591 2091; baseline -0.003 -11"><span class='ocrx_word' id='word_1_367' title='bbox 1999 2024 2300 2090; x_wconf 65' lang='lat' dir='ltr'><strong>Jcbusaios,</strong></span> <span class='ocrx_word' id='word_1_368' title='bbox 2338 2024 2433 2080; x_wconf 86' lang='lat' dir='ltr'><strong>sed</strong></span> <span class='ocrx_word' id='word_1_369' title='bbox 2466 2023 2852 2079; x_wconf 82' lang='lat' dir='ltr'><strong>habitaverunt</strong></span> <span class='ocrx_word' id='word_1_370' title='bbox 2891 2036 3013 2076; x_wconf 90' lang='lat' dir='ltr'><strong>cum</strong></span> <span class='ocrx_word' id='word_1_371' title='bbox 3045 2020 3179 2091; x_wconf 89' lang='lat' dir='ltr'><strong>ipsis</strong></span> <span class='ocrx_word' id='word_1_372' title='bbox 3207 2033 3381 2091; x_wconf 91' lang='lat' dir='ltr'><strong>usque</strong></span> <span class='ocrx_word' id='word_1_373' title='bbox 3409 2018 3465 2074; x_wconf 89' lang='lat' dir='ltr'><strong>in</strong></span> <span class='ocrx_word' id='word_1_374' title='bbox 3492 2019 3591 2075; x_wconf 83' lang='lat' dir='ltr'><strong>ho—</strong></span> 
     </span>
    </p>
   </div>
   <div class='ocr_carea' id='block_1_49' title="bbox 2001 2098 3597 2184">
    <p class='ocr_par' dir='ltr' id='par_1_49' title="bbox 2001 2098 3597 2184">
     <span class='ocr_line' id='line_1_49' title="bbox 2001 2098 3597 2184; baseline -0.005 -12"><span class='ocrx_word' id='word_1_375' title='bbox 2001 2117 2250 2172; x_wconf 85' lang='lat' dir='ltr'><strong>diernum</strong></span> <span class='ocrx_word' id='word_1_376' title='bbox 2277 2098 2440 2170; x_wconf 81' lang='lat' dir='ltr'><strong>diem.</strong></span> <span class='ocrx_word' id='word_1_377' title='bbox 2470 2113 2627 2170; x_wconf 88' lang='lat' dir='ltr'><strong>Unde</strong></span> <span class='ocrx_word' id='word_1_378' title='bbox 2662 2125 2856 2184; x_wconf 87' lang='lat' dir='ltr'><strong>precor</strong></span> <span class='ocrx_word' id='word_1_379' title='bbox 2883 2125 2983 2165; x_wconf 90' lang='lat' dir='ltr'><strong>vos</strong></span> <span class='ocrx_word' id='word_1_380' title='bbox 3010 2111 3102 2180; x_wconf 88' lang='lat' dir='ltr'><strong>qui</strong></span> <span class='ocrx_word' id='word_1_381' title='bbox 3134 2109 3319 2166; x_wconf 76' lang='lat' dir='ltr'><strong>ﬁdeles</strong></span> <span class='ocrx_word' id='word_1_382' title='bbox 3349 2110 3506 2174; x_wconf 88' lang='lat' dir='ltr'><strong>estis,</strong></span> <span class='ocrx_word' id='word_1_383' title='bbox 3536 2116 3597 2164; x_wconf 83' lang='lat' dir='ltr'><strong>ut</strong></span> 
     </span>
    </p>
   </div>
   <div class='ocr_carea' id='block_1_50' title="bbox 2000 2201 3595 2264">
    <p class='ocr_par' dir='ltr' id='par_1_50' title="bbox 2000 2201 3595 2264">
     <span class='ocr_line' id='line_1_50' title="bbox 2000 2201 3595 2264; baseline -0.005 -1"><span class='ocrx_word' id='word_1_384' title='bbox 2000 2208 2076 2263; x_wconf 87' lang='lat' dir='ltr'><strong>ita</strong></span> <span class='ocrx_word' id='word_1_385' title='bbox 2098 2207 2267 2262; x_wconf 83' lang='lat' dir='ltr'><strong>vitam</strong></span> <span class='ocrx_word' id='word_1_386' title='bbox 2302 2211 2540 2261; x_wconf 81' lang='lat' dir='ltr'><strong>vestram</strong></span> <span class='ocrx_word' id='word_1_387' title='bbox 2565 2213 2620 2259; x_wconf 90' lang='lat' dir='ltr'><strong>et</strong></span> <span class='ocrx_word' id='word_1_388' title='bbox 2643 2203 3115 2260; x_wconf 86' lang='lat' dir='ltr'><strong>conversationem</strong></span> <span class='ocrx_word' id='word_1_389' title='bbox 3141 2201 3391 2264; x_wconf 86' lang='lat' dir='ltr'><strong>servetis,</strong></span> <span class='ocrx_word' id='word_1_390' title='bbox 3435 2214 3506 2256; x_wconf 89' lang='lat' dir='ltr'><strong>ne</strong></span> <span class='ocrx_word' id='word_1_391' title='bbox 3536 2201 3595 2255; x_wconf 91' lang='lat' dir='ltr'><strong>in</strong></span> 
     </span>
    </p>
   </div>
   <div class='ocr_carea' id='block_1_51' title="bbox 2000 2292 3628 2371">
    <p class='ocr_par' dir='ltr' id='par_1_51' title="bbox 2000 2292 3628 2371">
     <span class='ocr_line' id='line_1_51' title="bbox 2000 2292 3628 2371; baseline -0.007 -15"><span class='ocrx_word' id='word_1_392' title='bbox 2000 2300 2182 2371; x_wconf 88' lang='lat' dir='ltr'><strong>aliquo</strong></span> <span class='ocrx_word' id='word_1_393' title='bbox 2208 2299 2294 2355; x_wconf 85' lang='lat' dir='ltr'><strong>vel</strong></span> <span class='ocrx_word' id='word_1_394' title='bbox 2336 2299 2442 2370; x_wconf 84' lang='lat' dir='ltr'><strong>ipsi</strong></span> <span class='ocrx_word' id='word_1_395' title='bbox 2477 2295 2794 2353; x_wconf 87' lang='lat' dir='ltr'><strong>scandalum</strong></span> <span class='ocrx_word' id='word_1_396' title='bbox 2829 2294 3131 2367; x_wconf 82' lang='lat' dir='ltr'><strong>patiamini,</strong></span> <span class='ocrx_word' id='word_1_397' title='bbox 3162 2292 3248 2348; x_wconf 90' lang='lat' dir='ltr'><strong>vel</strong></span> <span class='ocrx_word' id='word_1_398' title='bbox 3285 2292 3408 2347; x_wconf 90' lang='lat' dir='ltr'><strong>aliis</strong></span> <span class='ocrx_word' id='word_1_399' title='bbox 3436 2294 3628 2348; x_wconf 86' lang='lat' dir='ltr'><strong>scan-&#39;</strong></span> 
     </span>
    </p>
   </div>
   <div class='ocr_carea' id='block_1_52' title="bbox 2001 2384 3596 2458">
    <p class='ocr_par' dir='ltr' id='par_1_52' title="bbox 2001 2384 3596 2458">
     <span class='ocr_line' id='line_1_52' title="bbox 2001 2384 3596 2458; baseline -0.008 -9"><span class='ocrx_word' id='word_1_400' title='bbox 2001 2392 2181 2449; x_wconf 88' lang='lat' dir='ltr'><strong>dalum</strong></span> <span class='ocrx_word' id='word_1_401' title='bbox 2211 2391 2454 2458; x_wconf 78' lang='lat' dir='ltr'><strong>faciatis;</strong></span> <span class='ocrx_word' id='word_1_402' title='bbox 2488 2389 2584 2446; x_wconf 82' lang='lat' dir='ltr'><strong>sed</strong></span> <span class='ocrx_word' id='word_1_403' title='bbox 2614 2389 2688 2444; x_wconf 90' lang='lat' dir='ltr'><strong>sit</strong></span> <span class='ocrx_word' id='word_1_404' title='bbox 2715 2389 2870 2443; x_wconf 87' lang='lat' dir='ltr'><strong>vobis</strong></span> <span class='ocrx_word' id='word_1_405' title='bbox 2914 2386 3113 2443; x_wconf 87' lang='lat' dir='ltr'><strong>summi</strong></span> <span class='ocrx_word' id='word_1_406' title='bbox 3150 2384 3312 2441; x_wconf 90' lang='lat' dir='ltr'><strong>studii</strong></span> <span class='ocrx_word' id='word_1_407' title='bbox 3356 2398 3596 2439; x_wconf 81' lang='lat' dir='ltr'><strong>summa-</strong></span> 
     </span>
    </p>
   </div>
   <div class='ocr_carea' id='block_1_53' title="bbox 2000 2480 3594 2553">
    <p class='ocr_par' dir='ltr' id='par_1_53' title="bbox 2000 2480 3594 2553">
     <span class='ocr_line' id='line_1_53' title="bbox 2000 2480 3594 2553; baseline -0.003 -17"><span class='ocrx_word' id='word_1_408' title='bbox 2000 2497 2108 2553; x_wconf 88' lang='lat' dir='ltr'><strong>que</strong></span> <span class='ocrx_word' id='word_1_409' title='bbox 2132 2482 2362 2548; x_wconf 88' lang='lat' dir='ltr'><strong>cautela,</strong></span> <span class='ocrx_word' id='word_1_410' title='bbox 2391 2489 2452 2537; x_wconf 86' lang='lat' dir='ltr'><strong>ut</strong></span> <span class='ocrx_word' id='word_1_411' title='bbox 2487 2495 2555 2536; x_wconf 90' lang='lat' dir='ltr'><strong>ne</strong></span> <span class='ocrx_word' id='word_1_412' title='bbox 2590 2480 2713 2551; x_wconf 90' lang='lat' dir='ltr'><strong>qu‘is</strong></span> <span class='ocrx_word' id='word_1_413' title='bbox 2750 2480 2806 2535; x_wconf 91' lang='lat' dir='ltr'><strong>in</strong></span> <span class='ocrx_word' id='word_1_414' title='bbox 2834 2482 2978 2535; x_wconf 87' lang='lat' dir='ltr'><strong>hanc</strong></span> <span class='ocrx_word' id='word_1_415' title='bbox 3011 2486 3257 2535; x_wconf 85' lang='lat' dir='ltr'><strong>sanctam</strong></span> <span class='ocrx_word' id='word_1_416' title='bbox 3299 2489 3594 2533; x_wconf 82' lang='lat' dir='ltr'><strong>conversa-</strong></span> 
     </span>
    </p>
   </div>
   <div class='ocr_carea' id='block_1_54' title="bbox 2002 2564 3598 2643">
    <p class='ocr_par' dir='ltr' id='par_1_54' title="bbox 2002 2564 3598 2643">
     <span class='ocr_line' id='line_1_54' title="bbox 2002 2564 3598 2643; baseline -0.005 -14"><span class='ocrx_word' id='word_1_417' title='bbox 2002 2575 2206 2629; x_wconf 85' lang='lat' dir='ltr'><strong>tionem</strong></span> <span class='ocrx_word' id='word_1_418' title='bbox 2232 2580 2471 2629; x_wconf 85' lang='lat' dir='ltr'><strong>vestram</strong></span> <span class='ocrx_word' id='word_1_419' title='bbox 2499 2570 2736 2643; x_wconf 88' lang='lat' dir='ltr'><strong>pollutus</strong></span> <span class='ocrx_word' id='word_1_420' title='bbox 2761 2572 3015 2634; x_wconf 78' lang='lat' dir='ltr'><strong>introeat,</strong></span> <span class='ocrx_word' id='word_1_421' title='bbox 3057 2583 3124 2624; x_wconf 81' lang='lat' dir='ltr'><strong>ne</strong></span> <span class='ocrx_word' id='word_1_422' title='bbox 3149 2568 3274 2639; x_wconf 85' lang='lat' dir='ltr'><strong>quis</strong></span> <span class='ocrx_word' id='word_1_423' title='bbox 3313 2564 3598 2623; x_wconf 69' lang='lat' dir='ltr'><strong>Jebusmus</strong></span> 
     </span>
    </p>
   </div>
   <div class='ocr_carea' id='block_1_55' title="bbox 2004 2656 3593 2732">
    <p class='ocr_par' dir='ltr' id='par_1_55' title="bbox 2004 2656 3593 2732">
     <span class='ocr_line' id='line_1_55' title="bbox 2004 2656 3593 2732; baseline -0.005 -13"><span class='ocrx_word' id='word_1_424' title='bbox 2004 2664 2270 2720; x_wconf 81' lang='lat' dir='ltr'><strong>inhabitet</strong></span> <span class='ocrx_word' id='word_1_425' title='bbox 2293 2663 2593 2718; x_wconf 87' lang='lat' dir='ltr'><strong>vobiscum.</strong></span> <span class='ocrx_word' id='word_1_426' title='bbox 2617 2662 2780 2718; x_wconf 78' lang='lat' dir='ltr'><strong>Vides</strong></span> <span class='ocrx_word' id='word_1_427' title='bbox 2805 2662 2951 2717; x_wconf 88' lang='lat' dir='ltr'><strong>enim</strong></span> <span class='ocrx_word' id='word_1_428' title='bbox 2978 2660 3106 2732; x_wconf 88' lang='lat' dir='ltr'><strong>quia</strong></span> <span class='ocrx_word' id='word_1_429' title='bbox 3146 2658 3283 2715; x_wconf 78' lang='lat' dir='ltr'><strong>dicit</strong></span> <span class='ocrx_word' id='word_1_430' title='bbox 3309 2656 3593 2727; x_wconf 84' lang='lat' dir='ltr'><strong>Scriptura</strong></span> 
     </span>
    </p>
   </div>
   <div class='ocr_carea' id='block_1_56' title="bbox 2002 2750 3597 2826">
    <p class='ocr_par' dir='ltr' id='par_1_56' title="bbox 2002 2750 3597 2826">
     <span class='ocr_line' id='line_1_56' title="bbox 2002 2750 3597 2826; baseline -0.006 -14"><span class='ocrx_word' id='word_1_431' title='bbox 2002 2755 2145 2826; x_wconf 87' lang='lat' dir='ltr'><strong>quod</strong></span> <span class='ocrx_word' id='word_1_432' title='bbox 2177 2771 2283 2812; x_wconf 89' lang='lat' dir='ltr'><strong>non</strong></span> <span class='ocrx_word' id='word_1_433' title='bbox 2321 2762 2611 2826; x_wconf 83' lang='lat' dir='ltr'><strong>potuerunt</strong></span> <span class='ocrx_word' id='word_1_434' title='bbox 2648 2754 2746 2808; x_wconf 81' lang='lat' dir='ltr'><strong>lilii</strong></span> <span class='ocrx_word' id='word_1_435' title='bbox 2792 2750 2928 2809; x_wconf 86' lang='lat' dir='ltr'><strong>Juda</strong></span> <span class='ocrx_word' id='word_1_436' title='bbox 3215 2750 3491 2811; x_wconf 68' lang='lat' dir='ltr'><strong>Jebusrcos</strong></span> <span class='ocrx_word' id='word_1_437' title='bbox 3528 2750 3597 2804; x_wconf 90' lang='lat' dir='ltr'><strong>de</strong></span> 
     </span>
    </p>
   </div>
   <div class='ocr_carea' id='block_1_57' title="bbox 2003 2840 3594 2915">
    <p class='ocr_par' dir='ltr' id='par_1_57' title="bbox 2003 2840 3594 2915">
     <span class='ocr_line' id='line_1_57' title="bbox 2003 2840 3594 2915; baseline -0.005 -13"><span class='ocrx_word' id='word_1_438' title='bbox 2003 2845 2321 2902; x_wconf 84' lang='lat' dir='ltr'><strong>Jerusalem.</strong></span> <span class='ocrx_word' id='word_1_439' title='bbox 2350 2844 2586 2902; x_wconf 68' lang='lat' dir='ltr'><strong>Jebusaai</strong></span> <span class='ocrx_word' id='word_1_440' title='bbox 2612 2847 3041 2915; x_wconf 85' lang='lat' dir='ltr'><strong>interpretantur</strong></span> <span class='ocrx_word' id='word_1_441' title='bbox 3062 2841 3422 2897; x_wconf 88' lang='lat' dir='ltr'><strong>eoneulcatio.</strong></span> <span class='ocrx_word' id='word_1_442' title='bbox 3452 2840 3594 2910; x_wconf 78' lang='lat' dir='ltr'><strong>Ergo</strong></span> 
     </span>
    </p>
   </div>
   <div class='ocr_carea' id='block_1_58' title="bbox 2005 2934 3598 3009">
    <p class='ocr_par' dir='ltr' id='par_1_58' title="bbox 2005 2934 3598 3009">
     <span class='ocr_line' id='line_1_58' title="bbox 2005 2934 3598 3009; baseline -0.004 -16"><span class='ocrx_word' id='word_1_443' title='bbox 2005 2939 2131 3008; x_wconf 89' lang='lat' dir='ltr'><strong>quia</strong></span> <span class='ocrx_word' id='word_1_444' title='bbox 2159 2954 2265 2993; x_wconf 91' lang='lat' dir='ltr'><strong>non</strong></span> <span class='ocrx_word' id='word_1_445' title='bbox 2293 2952 2579 3009; x_wconf 88' lang='lat' dir='ltr'><strong>possumus</strong></span> <span class='ocrx_word' id='word_1_446' title='bbox 2603 2936 2802 3005; x_wconf 88' lang='lat' dir='ltr'><strong>ejicere</strong></span> <span class='ocrx_word' id='word_1_447' title='bbox 2834 2950 3025 2991; x_wconf 76' lang='lat' dir='ltr'><strong>omnes</strong></span> <span class='ocrx_word' id='word_1_448' title='bbox 3050 2935 3184 2991; x_wconf 86' lang='lat' dir='ltr'><strong>istos</strong></span> <span class='ocrx_word' id='word_1_449' title='bbox 3208 2934 3300 3003; x_wconf 87' lang='lat' dir='ltr'><strong>qui</strong></span> <span class='ocrx_word' id='word_1_450' title='bbox 3337 2947 3434 2988; x_wconf 86' lang='lat' dir='ltr'><strong>nos</strong></span> <span class='ocrx_word' id='word_1_451' title='bbox 3464 2947 3598 2988; x_wconf 88' lang='lat' dir='ltr'><strong>con-</strong></span> 
     </span>
    </p>
   </div>
   <div class='ocr_carea' id='block_1_59' title="bbox 2005 3028 3600 3097">
    <p class='ocr_par' dir='ltr' id='par_1_59' title="bbox 2005 3028 3600 3097">
     <span class='ocr_line' id='line_1_59' title="bbox 2005 3028 3600 3097; baseline -0.007 -11"><span class='ocrx_word' id='word_1_452' title='bbox 2005 3029 2238 3094; x_wconf 83' lang='lat' dir='ltr'><strong>enlcant,</strong></span> <span class='ocrx_word' id='word_1_453' title='bbox 2265 3044 2360 3084; x_wconf 89' lang='lat' dir='ltr'><strong>eos</strong></span> <span class='ocrx_word' id='word_1_454' title='bbox 2387 3028 2572 3084; x_wconf 83' lang='lat' dir='ltr'><strong>statim</strong></span> <span class='ocrx_word' id='word_1_455' title='bbox 2601 3042 2738 3097; x_wconf 82' lang='lat' dir='ltr'><strong>quos</strong></span> <span class='ocrx_word' id='word_1_456' title='bbox 2764 3040 3076 3097; x_wconf 86' lang='lat' dir='ltr'><strong>possumus,</strong></span> <span class='ocrx_word' id='word_1_457' title='bbox 3101 3038 3332 3095; x_wconf 87' lang='lat' dir='ltr'><strong>quorum</strong></span> <span class='ocrx_word' id='word_1_458' title='bbox 3372 3030 3600 3092; x_wconf 82' lang='lat' dir='ltr'><strong>peccata</strong></span> 
     </span>
    </p>
   </div>
   <div class='ocr_carea' id='block_1_60' title="bbox 2013 3113 3598 3191">
    <p class='ocr_par' dir='ltr' id='par_1_60' title="bbox 2013 3113 3598 3191">
     <span class='ocr_line' id='line_1_60' title="bbox 2013 3113 3598 3191; baseline -0.006 -14"><span class='ocrx_word' id='word_1_459' title='bbox 2013 3120 2304 3177; x_wconf 78' lang='lat' dir='ltr'><strong>manifesta</strong></span> <span class='ocrx_word' id='word_1_460' title='bbox 2336 3128 2464 3176; x_wconf 90' lang='lat' dir='ltr'><strong>sunt</strong></span> <span class='ocrx_word' id='word_1_461' title='bbox 2492 3119 2606 3191; x_wconf 90' lang='lat' dir='ltr'><strong>(ubi</strong></span> <span class='ocrx_word' id='word_1_462' title='bbox 2636 3119 2780 3174; x_wconf 88' lang='lat' dir='ltr'><strong>enim</strong></span> <span class='ocrx_word' id='word_1_463' title='bbox 2811 3124 3090 3187; x_wconf 85' lang='lat' dir='ltr'><strong>peccatum</strong></span> <span class='ocrx_word' id='word_1_464' title='bbox 3115 3113 3337 3171; x_wconf 86' lang='lat' dir='ltr'><strong>evidens</strong></span> <span class='ocrx_word' id='word_1_465' title='bbox 3357 3129 3464 3168; x_wconf 89' lang='lat' dir='ltr'><strong>non</strong></span> <span class='ocrx_word' id='word_1_466' title='bbox 3494 3121 3598 3179; x_wconf 87' lang='lat' dir='ltr'><strong>est,</strong></span> 
     </span>
    </p>
   </div>
   <div class='ocr_carea' id='block_1_61' title="bbox 315 3167 1899 3280">
    <p class='ocr_par' dir='ltr' id='par_1_61' title="bbox 315 3167 1894 3276">
     <span class='ocr_line' id='line_1_61' title="bbox 315 3167 1894 3276; baseline -0.008 -15"><span class='ocrx_word' id='word_1_467' title='bbox 315 3167 659 3276; x_wconf 63' lang='lat' dir='ltr'><strong>compendio</strong></span> <span class='ocrx_word' id='word_1_468' title='bbox 709 3167 910 3258; x_wconf 67' lang='lat' dir='ltr'><strong>amori;</strong></span> <span class='ocrx_word' id='word_1_469' title='bbox 956 3201 1215 3273; x_wconf 75' lang='lat' dir='ltr'><strong>dignitate</strong></span> <span class='ocrx_word' id='word_1_470' title='bbox 1267 3195 1580 3267; x_wconf 56' lang='lat' dir='ltr'><strong>praeminet</strong></span> <span class='ocrx_word' id='word_1_471' title='bbox 1602 3235 1618 3259; x_wconf 91' lang='lat'><strong>,</strong></span> <span class='ocrx_word' id='word_1_472' title='bbox 1668 3208 1894 3250; x_wconf 86' lang='lat' dir='ltr'><strong>necesse</strong></span> 
     </span>
    </p>
   </div>
   <div class='ocr_carea' id='block_1_62' title="bbox 2005 3167 3602 3280">
    <p class='ocr_par' dir='ltr' id='par_1_62' title="bbox 2011 3167 3602 3280">
     <span class='ocr_line' id='line_1_62' title="bbox 2013 3167 3598 3191; baseline -0.005 -4"><span class='ocrx_word' id='word_1_473' title='bbox 2013 3167 2304 3177; x_wconf 74' lang='lat'><strong>--—-------—</strong></span> <span class='ocrx_word' id='word_1_474' title='bbox 2495 3167 2606 3191; x_wconf 63' lang='lat'><strong>,—~-</strong></span> <span class='ocrx_word' id='word_1_475' title='bbox 2641 3167 2780 3174; x_wconf 59' lang='grc' dir='ltr'><strong>υν--η</strong></span> <span class='ocrx_word' id='word_1_476' title='bbox 2813 3167 3089 3187; x_wconf 52' lang='grc' dir='ltr'><strong>τ-ημ--η-</strong></span> <span class='ocrx_word' id='word_1_477' title='bbox 3361 3167 3371 3168; x_wconf 41' lang='grc' dir='ltr'><em>κ</em></span> <span class='ocrx_word' id='word_1_478' title='bbox 3407 3167 3411 3168; x_wconf 44' lang='grc' dir='ltr'><em>ν</em></span> <span class='ocrx_word' id='word_1_479' title='bbox 3505 3167 3544 3169; x_wconf 41' lang='grc' dir='ltr'><strong>μ</strong></span> <span class='ocrx_word' id='word_1_480' title='bbox 3584 3167 3598 3179; x_wconf 85' lang='grc'>,</span> 
     </span>
     <span class='ocr_line' id='line_1_63' title="bbox 2011 3203 3602 3280; baseline -0.006 -13"><span class='ocrx_word' id='word_1_481' title='bbox 2011 3210 2231 3280; x_wconf 73' lang='lat' dir='ltr'><strong>ejicere</strong></span> <span class='ocrx_word' id='word_1_482' title='bbox 2256 3211 2323 3267; x_wconf 92' lang='lat' dir='ltr'><strong>de</strong></span> <span class='ocrx_word' id='word_1_483' title='bbox 2349 3209 2593 3265; x_wconf 86' lang='lat' dir='ltr'><strong>Ecclesia</strong></span> <span class='ocrx_word' id='word_1_484' title='bbox 2623 3208 2895 3264; x_wconf 89' lang='lat' dir='ltr'><strong>neminem</strong></span> <span class='ocrx_word' id='word_1_485' title='bbox 2926 3204 3236 3279; x_wconf 90' lang='lat' dir='ltr'><strong>possumus)</strong></span> <span class='ocrx_word' id='word_1_486' title='bbox 3266 3224 3279 3260; x_wconf 88' lang='lat'><strong>:</strong></span> <span class='ocrx_word' id='word_1_487' title='bbox 3316 3224 3336 3257; x_wconf 83' lang='grc'><em>‹</em></span> <span class='ocrx_word' id='word_1_488' title='bbox 3365 3221 3432 3261; x_wconf 88' lang='lat' dir='ltr'><strong>ne</strong></span> <span class='ocrx_word' id='word_1_489' title='bbox 3461 3203 3602 3259; x_wconf 82' lang='lat' dir='ltr'><strong>forte</strong></span> 
     </span>
    </p>
   </div>
   <div class='ocr_carea' id='block_1_63' title="bbox 318 3283 1887 3364">
    <p class='ocr_par' dir='ltr' id='par_1_63' title="bbox 318 3283 1887 3364">
     <span class='ocr_line' id='line_1_64' title="bbox 318 3283 1887 3364; baseline -0.009 -13"><span class='ocrx_word' id='word_1_490' title='bbox 318 3297 421 3351; x_wconf 79' lang='lat' dir='ltr'><strong>fuit</strong></span> <span class='ocrx_word' id='word_1_491' title='bbox 448 3303 510 3350; x_wconf 87' lang='lat' dir='ltr'><strong>ut</strong></span> <span class='ocrx_word' id='word_1_492' title='bbox 535 3295 686 3364; x_wconf 87' lang='lat' dir='ltr'><strong>prius</strong></span> <span class='ocrx_word' id='word_1_493' title='bbox 712 3294 971 3364; x_wconf 81' lang='lat' dir='ltr'><strong>irriguum</strong></span> <span class='ocrx_word' id='word_1_494' title='bbox 993 3291 1260 3360; x_wconf 81' lang='lat' dir='ltr'><strong>superius,</strong></span> <span class='ocrx_word' id='word_1_495' title='bbox 1292 3295 1348 3342; x_wconf 83' lang='lat' dir='ltr'><strong>et</strong></span> <span class='ocrx_word' id='word_1_496' title='bbox 1365 3293 1486 3356; x_wconf 81' lang='lat' dir='ltr'><strong>post</strong></span> <span class='ocrx_word' id='word_1_497' title='bbox 1514 3284 1775 3356; x_wconf 69' lang='lat' dir='ltr'><strong>irriguum</strong></span> <span class='ocrx_word' id='word_1_498' title='bbox 1806 3283 1887 3339; x_wconf 80' lang='lat' dir='ltr'><strong>iu-</strong></span> 
     </span>
    </p>
   </div>
   <div class='ocr_carea' id='block_1_64' title="bbox 317 3380 1258 3442">
    <p class='ocr_par' dir='ltr' id='par_1_64' title="bbox 317 3380 1258 3442">
     <span class='ocr_line' id='line_1_65' title="bbox 317 3380 1258 3442; baseline -0.011 0"><span class='ocrx_word' id='word_1_499' title='bbox 317 3387 487 3442; x_wconf 79' lang='lat' dir='ltr'><strong>ferius</strong></span> <span class='ocrx_word' id='word_1_500' title='bbox 509 3394 933 3441; x_wconf 87' lang='lat' dir='ltr'><strong>commemorare</strong></span> <span class='ocrx_word' id='word_1_501' title='bbox 959 3380 1258 3436; x_wconf 80' lang='lat' dir='ltr'><strong>debuisset.</strong></span> 
     </span>
    </p>
   </div>
   <div class='ocr_carea' id='block_1_65' title="bbox 915 3506 1290 3567">
    <p class='ocr_par' dir='ltr' id='par_1_65' title="bbox 915 3506 1290 3567">
     <span class='ocr_line' id='line_1_66' title="bbox 915 3506 1290 3567; baseline -0.013 0"><span class='ocrx_word' id='word_1_502' title='bbox 915 3507 1141 3567; x_wconf 86' lang='lat' dir='ltr'><strong>CAPUT</strong></span> <span class='ocrx_word' id='word_1_503' title='bbox 1179 3506 1290 3564; x_wconf 80' lang='lat' dir='ltr'><strong>Vll.</strong></span> 
     </span>
    </p>
   </div>
   <div class='ocr_carea' id='block_1_66' title="bbox 320 3594 1897 3678">
    <p class='ocr_par' dir='ltr' id='par_1_66' title="bbox 320 3594 1897 3678">
     <span class='ocr_line' id='line_1_67' title="bbox 320 3594 1897 3678; baseline -0.011 -16"><span class='ocrx_word' id='word_1_504' title='bbox 320 3607 477 3678; x_wconf 84' lang='lat' dir='ltr'><strong>Quod</strong></span> <span class='ocrx_word' id='word_1_505' title='bbox 502 3604 810 3678; x_wconf 58' lang='grc' dir='ltr'><strong>,ΙειῃμξιῑνειηιΔ</strong></span> <span class='ocrx_word' id='word_1_506' title='bbox 838 3602 1181 3678; x_wconf 62' lang='lat' dir='ltr'><strong>habitatorem</strong></span> <span class='ocrx_word' id='word_1_507' title='bbox 1200 3594 1516 3678; x_wconf 49' lang='lat' dir='ltr'><strong>Jerusalem</strong></span> <span class='ocrx_word' id='word_1_508' title='bbox 1561 3610 1665 3647; x_wconf 82' lang='lat' dir='ltr'><strong>non</strong></span> <span class='ocrx_word' id='word_1_509' title='bbox 1713 3602 1897 3678; x_wconf 51' lang='grc' dir='ltr'><strong>ροιιιετ</strong></span> 
     </span>
    </p>
   </div>
   <div class='ocr_carea' id='block_1_67' title="bbox 2008 3298 3599 3366">
    <p class='ocr_par' dir='ltr' id='par_1_67' title="bbox 2008 3298 3599 3366">
     <span class='ocr_line' id='line_1_68' title="bbox 2008 3298 3599 3366; baseline -0.004 -9"><span class='ocrx_word' id='word_1_510' title='bbox 2008 3302 2350 3358; x_wconf 76' lang='lat' dir='ltr'><strong>eradicantes</strong></span> <span class='ocrx_word' id='word_1_511' title='bbox 2398 3301 2641 3366; x_wconf 85' lang='lat' dir='ltr'><strong>zizania,</strong></span> <span class='ocrx_word' id='word_1_512' title='bbox 2682 3299 3022 3357; x_wconf 83' lang='lat' dir='ltr'><strong>eradicemus</strong></span> <span class='ocrx_word' id='word_1_513' title='bbox 3058 3299 3221 3355; x_wconf 87' lang='lat' dir='ltr'><strong>simul</strong></span> <span class='ocrx_word' id='word_1_514' title='bbox 3262 3298 3427 3354; x_wconf 87' lang='lat' dir='ltr'><strong>etiam</strong></span> <span class='ocrx_word' id='word_1_515' title='bbox 3474 3311 3599 3352; x_wconf 89' lang='lat' dir='ltr'><strong>cum</strong></span> 
     </span>
    </p>
   </div>
   <div class='ocr_carea' id='block_1_68' title="bbox 2011 3389 3601 3461">
    <p class='ocr_par' dir='ltr' id='par_1_68' title="bbox 2011 3389 3601 3461">
     <span class='ocr_line' id='line_1_69' title="bbox 2011 3389 3601 3461; baseline -0.003 -14"><span class='ocrx_word' id='word_1_516' title='bbox 2011 3391 2119 3448; x_wconf 84' lang='lat' dir='ltr'><strong>illis</strong></span> <span class='ocrx_word' id='word_1_517' title='bbox 2158 3393 2415 3448; x_wconf 86' lang='lat' dir='ltr'><strong>triticum.</strong></span> <span class='ocrx_word' id='word_1_518' title='bbox 2440 3413 2461 3446; x_wconf 71' lang='grc' dir='ltr'><strong><em>ι</em></strong></span> <span class='ocrx_word' id='word_1_519' title='bbox 2504 3391 2682 3448; x_wconf 78' lang='lat' dir='ltr'><strong>Movet</strong></span> <span class='ocrx_word' id='word_1_520' title='bbox 2726 3408 2815 3447; x_wconf 88' lang='lat' dir='ltr'><strong>me</strong></span> <span class='ocrx_word' id='word_1_521' title='bbox 2865 3399 3048 3447; x_wconf 89' lang='lat' dir='ltr'><strong>tamen</strong></span> <span class='ocrx_word' id='word_1_522' title='bbox 3095 3391 3240 3461; x_wconf 85' lang='lat' dir='ltr'><strong>quod</strong></span> <span class='ocrx_word' id='word_1_523' title='bbox 3271 3389 3440 3454; x_wconf 79' lang='lat' dir='ltr'><strong>dixit,</strong></span> <span class='ocrx_word' id='word_1_524' title='bbox 3472 3389 3601 3460; x_wconf 85' lang='lat' dir='ltr'><strong>quia</strong></span> 
     </span>
    </p>
   </div>
   <div class='ocr_carea' id='block_1_69' title="bbox 1982 3481 3599 3554">
    <p class='ocr_par' dir='ltr' id='par_1_69' title="bbox 1982 3481 3599 3554">
     <span class='ocr_line' id='line_1_70' title="bbox 1982 3481 3599 3554; baseline -0.004 -14"><span class='ocrx_word' id='word_1_525' title='bbox 1982 3499 2118 3540; x_wconf 71' lang='lat' dir='ltr'><strong>&#39;non</strong></span> <span class='ocrx_word' id='word_1_526' title='bbox 2147 3493 2441 3552; x_wconf 87' lang='lat' dir='ltr'><strong>potuerunt</strong></span> <span class='ocrx_word' id='word_1_527' title='bbox 2467 3482 2670 3554; x_wconf 82' lang='lat' dir='ltr'><strong>ejicere</strong></span> <span class='ocrx_word' id='word_1_528' title='bbox 2710 3481 3011 3547; x_wconf 79' lang='lat' dir='ltr'><strong>Jebusteos,</strong></span> <span class='ocrx_word' id='word_1_529' title='bbox 3042 3482 3097 3536; x_wconf 88' lang='lat' dir='ltr'><strong>id</strong></span> <span class='ocrx_word' id='word_1_530' title='bbox 3124 3490 3209 3536; x_wconf 88' lang='lat' dir='ltr'><strong>est</strong></span> <span class='ocrx_word' id='word_1_531' title='bbox 3255 3496 3349 3536; x_wconf 88' lang='lat' dir='ltr'><strong>eos</strong></span> <span class='ocrx_word' id='word_1_532' title='bbox 3377 3481 3469 3551; x_wconf 92' lang='lat' dir='ltr'><strong>qui</strong></span> <span class='ocrx_word' id='word_1_533' title='bbox 3512 3481 3599 3534; x_wconf 89' lang='lat' dir='ltr'><strong>in-</strong></span> 
     </span>
    </p>
   </div>
   <div class='ocr_carea' id='block_1_70' title="bbox 2011 3570 3603 3644">
    <p class='ocr_par' dir='ltr' id='par_1_70' title="bbox 2011 3570 3603 3644">
     <span class='ocr_line' id='line_1_71' title="bbox 2011 3570 3603 3644; baseline -0.004 -14"><span class='ocrx_word' id='word_1_534' title='bbox 2011 3582 2384 3644; x_wconf 81' lang='lat' dir='ltr'><strong>terpretantur</strong></span> <span class='ocrx_word' id='word_1_535' title='bbox 2408 3574 2778 3639; x_wconf 89' lang='lat' dir='ltr'><strong>conculcatio;</strong></span> <span class='ocrx_word' id='word_1_536' title='bbox 2808 3582 2864 3628; x_wconf 90' lang='lat' dir='ltr'><strong>et</strong></span> <span class='ocrx_word' id='word_1_537' title='bbox 2890 3573 3012 3627; x_wconf 88' lang='lat' dir='ltr'><strong>ideo</strong></span> <span class='ocrx_word' id='word_1_538' title='bbox 3041 3572 3321 3627; x_wconf 87' lang='lat' dir='ltr'><strong>videamus</strong></span> <span class='ocrx_word' id='word_1_539' title='bbox 3347 3570 3441 3640; x_wconf 88' lang='lat' dir='ltr'><strong>qui</strong></span> <span class='ocrx_word' id='word_1_540' title='bbox 3470 3578 3603 3625; x_wconf 90' lang='lat' dir='ltr'><strong>sunt</strong></span> 
     </span>
    </p>
   </div>
   <div class='ocr_carea' id='block_1_71' title="bbox 395 3659 3607 3744">
    <p class='ocr_par' dir='ltr' id='par_1_71' title="bbox 395 3659 3607 3744">
     <span class='ocr_line' id='line_1_72' title="bbox 395 3659 3607 3744; baseline -0.005 -14"><span class='ocrx_word' id='word_1_541' title='bbox 395 3659 513 3730; x_wconf 72' lang='lat' dir='ltr'><strong>runt</strong></span> <span class='ocrx_word' id='word_1_542' title='bbox 556 3675 656 3744; x_wconf 79' lang='lat' dir='ltr'><strong>ﬁlii</strong></span> <span class='ocrx_word' id='word_1_543' title='bbox 698 3671 845 3744; x_wconf 75' lang='lat' dir='ltr'><strong>Juda</strong></span> <span class='ocrx_word' id='word_1_544' title='bbox 873 3670 1076 3744; x_wconf 70' lang='lat' dir='ltr'><strong>delere,</strong></span> <span class='ocrx_word' id='word_1_545' title='bbox 1123 3667 1474 3744; x_wconf 42' lang='lat' dir='ltr'><strong>[redituri-(quc</strong></span> <span class='ocrx_word' id='word_1_546' title='bbox 1517 3679 1636 3744; x_wconf 55' lang='lat' dir='ltr'><strong>cum</strong></span> <span class='ocrx_word' id='word_1_547' title='bbox 1681 3659 1792 3727; x_wconf 78' lang='lat' dir='ltr'><strong>eis;</strong></span> <span class='ocrx_word' id='word_1_548' title='bbox 1852 3671 1900 3716; x_wconf 90' lang='lat' dir='ltr'><strong>et</strong></span> <span class='ocrx_word' id='word_1_549' title='bbox 2010 3665 2068 3720; x_wconf 91' lang='lat' dir='ltr'><strong>in</strong></span> <span class='ocrx_word' id='word_1_550' title='bbox 2100 3664 2341 3720; x_wconf 84' lang='lat' dir='ltr'><strong>Ecclesia</strong></span> <span class='ocrx_word' id='word_1_551' title='bbox 2386 3663 2786 3719; x_wconf 90' lang='lat' dir='ltr'><strong>conculcantes.</strong></span> <span class='ocrx_word' id='word_1_552' title='bbox 2819 3662 2897 3717; x_wconf 87' lang='lat' dir='ltr'><strong>Illi</strong></span> <span class='ocrx_word' id='word_1_553' title='bbox 2943 3662 3062 3717; x_wconf 88' lang='lat' dir='ltr'><strong>sine</strong></span> <span class='ocrx_word' id='word_1_554' title='bbox 3092 3660 3278 3723; x_wconf 87' lang='lat' dir='ltr'><strong>dubio,</strong></span> <span class='ocrx_word' id='word_1_555' title='bbox 3310 3659 3378 3714; x_wconf 91' lang='lat' dir='ltr'><strong>de</strong></span> <span class='ocrx_word' id='word_1_556' title='bbox 3406 3659 3607 3728; x_wconf 78' lang='lat' dir='ltr'><strong>quibus</strong></span> 
     </span>
    </p>
   </div>
   <div class='ocr_carea' id='block_1_72' title="bbox 391 3730 3606 3865">
    <p class='ocr_par' dir='ltr' id='par_1_72' title="bbox 391 3730 3606 3865">
     <span class='ocr_line' id='line_1_73' title="bbox 391 3730 3606 3865; baseline -0.009 -34"><span class='ocrx_word' id='word_1_557' title='bbox 391 3730 1090 3865; x_wconf 38' lang='grc' dir='ltr'><strong>ξξῖξῖὲᾶῖξιίεῗθέξξὲῗω</strong></span> <span class='ocrx_word' id='word_1_558' title='bbox 1128 3737 1228 3807; x_wconf 54' lang='grc' dir='ltr'><strong>βω</strong></span> <span class='ocrx_word' id='word_1_559' title='bbox 1262 3730 1516 3806; x_wconf 43' lang='grc' dir='ltr'><strong>ΕΡὴθθίω</strong></span> <span class='ocrx_word' id='word_1_560' title='bbox 1542 3730 1903 3788; x_wconf 57' lang='lat' dir='ltr'><strong>Chan‘mcum</strong></span> <span class='ocrx_word' id='word_1_561' title='bbox 2013 3753 2278 3810; x_wconf 90' lang='lat' dir='ltr'><strong>Dominus</strong></span> <span class='ocrx_word' id='word_1_562' title='bbox 2327 3754 2546 3865; x_wconf 54' lang='lat' dir='ltr'><strong>dicebat</strong></span> <span class='ocrx_word' id='word_1_563' title='bbox 2590 3754 2644 3807; x_wconf 93' lang='lat' dir='ltr'><strong>in</strong></span> <span class='ocrx_word' id='word_1_564' title='bbox 2699 3752 2992 3823; x_wconf 76' lang='lat' dir='ltr'><strong>Evangelia</strong></span> <span class='ocrx_word' id='word_1_565' title='bbox 3033 3768 3048 3807; x_wconf 90' lang='lat'><strong>:</strong></span> <span class='ocrx_word' id='word_1_566' title='bbox 3103 3768 3122 3802; x_wconf 83' lang='grc'><em>‹</em></span> <span class='ocrx_word' id='word_1_567' title='bbox 3162 3748 3339 3804; x_wconf 81' lang='lat' dir='ltr'><strong>Nolite</strong></span> <span class='ocrx_word' id='word_1_568' title='bbox 3389 3749 3606 3803; x_wconf 84' lang='lat' dir='ltr'><strong>mittere</strong></span> 
     </span>
    </p>
   </div>
   <div class='ocr_carea' id='block_1_73' title="bbox 391 3817 3603 3914">
    <p class='ocr_par' dir='ltr' id='par_1_73' title="bbox 391 3817 3603 3914">
     <span class='ocr_line' id='line_1_74' title="bbox 391 3817 3603 3914; baseline 0.002 -27"><span class='ocrx_word' id='word_1_569' title='bbox 391 3833 480 3889; x_wconf 74' lang='grc' dir='ltr'><strong>(Ιιιτ</strong></span> <span class='ocrx_word' id='word_1_570' title='bbox 507 3817 707 3869; x_wconf 66' lang='grc' dir='ltr'><strong>Ῐιαθηίτί</strong></span> <span class='ocrx_word' id='word_1_571' title='bbox 733 3829 788 3867; x_wconf 70' lang='grc'><strong>³⁷⁸</strong></span> <span class='ocrx_word' id='word_1_572' title='bbox 823 3817 1015 3865; x_wconf 50' lang='lat' dir='ltr'><strong>huc&quot;</strong></span> <span class='ocrx_word' id='word_1_573' title='bbox 2014 3854 2265 3901; x_wconf 89' lang='lat' dir='ltr'><strong>sanctum</strong></span> <span class='ocrx_word' id='word_1_574' title='bbox 2312 3842 2575 3909; x_wconf 86' lang='lat' dir='ltr'><strong>canibus,</strong></span> <span class='ocrx_word' id='word_1_575' title='bbox 2625 3858 2801 3914; x_wconf 88' lang='lat' dir='ltr'><strong>neque</strong></span> <span class='ocrx_word' id='word_1_576' title='bbox 2849 3817 3172 3913; x_wconf 75' lang='lat' dir='ltr'><strong>margaritas</strong></span> <span class='ocrx_word' id='word_1_577' title='bbox 3215 3846 3428 3895; x_wconf 88' lang='lat' dir='ltr'><strong>vestras</strong></span> <span class='ocrx_word' id='word_1_578' title='bbox 3474 3845 3603 3893; x_wconf 86' lang='lat' dir='ltr'><strong>ante</strong></span> 
     </span>
    </p>
   </div>
   <div class='ocr_carea' id='block_1_74' title="bbox 395 3928 3611 4006">
    <p class='ocr_par' dir='ltr' id='par_1_74' title="bbox 395 3928 3611 4006">
     <span class='ocr_line' id='line_1_75' title="bbox 395 3928 3611 4006; baseline -0.007 -15"><span class='ocrx_word' id='word_1_579' title='bbox 395 3937 581 4005; x_wconf 66' lang='lat' dir='ltr'><strong>(ltum)</strong></span> <span class='ocrx_word' id='word_1_580' title='bbox 612 3951 630 3983; x_wconf 75' lang='grc' dir='ltr'><strong><em>ο</em></strong></span> <span class='ocrx_word' id='word_1_581' title='bbox 660 3931 966 3987; x_wconf 72' lang='lat' dir='ltr'><strong>Johusteutn</strong></span> <span class='ocrx_word' id='word_1_582' title='bbox 998 3938 1179 3985; x_wconf 88' lang='lat' dir='ltr'><strong>autem</strong></span> <span class='ocrx_word' id='word_1_583' title='bbox 1210 3928 1573 3985; x_wconf 69' lang='lat' dir='ltr'><strong>habitatorem</strong></span> <span class='ocrx_word' id='word_1_584' title='bbox 1607 3929 1914 3986; x_wconf 82' lang='lat' dir='ltr'><strong>Jerusalem</strong></span> <span class='ocrx_word' id='word_1_585' title='bbox 2013 3949 2226 4006; x_wconf 78' lang='lat' dir='ltr'><strong>porcos,</strong></span> <span class='ocrx_word' id='word_1_586' title='bbox 2258 3951 2326 3990; x_wconf 84' lang='lat' dir='ltr'><strong>ne</strong></span> <span class='ocrx_word' id='word_1_587' title='bbox 2355 3933 2495 3990; x_wconf 74' lang='lat' dir='ltr'><strong>forte</strong></span> <span class='ocrx_word' id='word_1_588' title='bbox 2522 3934 2841 3990; x_wconf 69' lang='lat' dir='ltr'><strong>conculcent</strong></span> <span class='ocrx_word' id='word_1_589' title='bbox 2864 3949 2957 3988; x_wconf 74' lang='lat' dir='ltr'><strong>eas</strong></span> <span class='ocrx_word' id='word_1_590' title='bbox 2985 3932 3216 4003; x_wconf 73' lang='lat' dir='ltr'><strong>pedibus</strong></span> <span class='ocrx_word' id='word_1_591' title='bbox 3241 3930 3375 3994; x_wconf 61' lang='lat' dir='ltr'><strong>suis,</strong></span> <span class='ocrx_word' id='word_1_592' title='bbox 3399 3935 3455 3984; x_wconf 72' lang='grc' dir='ltr'><strong>ει</strong></span> <span class='ocrx_word' id='word_1_593' title='bbox 3479 3942 3611 3985; x_wconf 69' lang='lat' dir='ltr'><strong>con-</strong></span> 
     </span>
    </p>
   </div>
   <div class='ocr_carea' id='block_1_75' title="bbox 329 4020 3611 4096">
    <p class='ocr_par' dir='ltr' id='par_1_75' title="bbox 329 4020 3611 4096">
     <span class='ocr_line' id='line_1_76' title="bbox 329 4020 3611 4096; baseline -0.002 -15"><span class='ocrx_word' id='word_1_594' title='bbox 329 4049 348 4081; x_wconf 76' lang='grc' dir='ltr'>ι</span> <span class='ocrx_word' id='word_1_595' title='bbox 397 4043 507 4082; x_wconf 83' lang='lat' dir='ltr'><strong>non</strong></span> <span class='ocrx_word' id='word_1_596' title='bbox 553 4032 847 4094; x_wconf 82' lang='lat' dir='ltr'><strong>potuerunt</strong></span> <span class='ocrx_word' id='word_1_597' title='bbox 878 4021 974 4076; x_wconf 85' lang='lat' dir='ltr'><strong>ﬁlii</strong></span> <span class='ocrx_word' id='word_1_598' title='bbox 1020 4020 1157 4076; x_wconf 90' lang='lat' dir='ltr'><strong>Juda</strong></span> <span class='ocrx_word' id='word_1_599' title='bbox 1202 4020 1494 4077; x_wconf 84' lang='lat' dir='ltr'><strong>debellare.</strong></span> <span class='ocrx_word' id='word_1_600' title='bbox 1533 4020 1915 4090; x_wconf 78' lang='lat' dir='ltr'><strong>Habitavitque</strong></span> <span class='ocrx_word' id='word_1_601' title='bbox 2014 4027 2160 4081; x_wconf 83' lang='lat' dir='ltr'><strong>versi</strong></span> <span class='ocrx_word' id='word_1_602' title='bbox 2198 4026 2537 4095; x_wconf 85' lang='lat' dir='ltr'><strong>disrumpant</strong></span> <span class='ocrx_word' id='word_1_603' title='bbox 2571 4039 2669 4080; x_wconf 89' lang='lat' dir='ltr'><strong>vos</strong></span> <span class='ocrx_word' id='word_1_604' title='bbox 2715 4024 2932 4096; x_wconf 77' lang='lat' dir='ltr'><strong>(Matth.</strong></span> <span class='ocrx_word' id='word_1_605' title='bbox 2959 4025 3079 4093; x_wconf 82' lang='lat' dir='ltr'><strong>vn).</strong></span> <span class='ocrx_word' id='word_1_606' title='bbox 3108 4040 3126 4075; x_wconf 72' lang='grc' dir='ltr'>ι</span> <span class='ocrx_word' id='word_1_607' title='bbox 3161 4022 3255 4077; x_wconf 86' lang='lat' dir='ltr'><strong>isti</strong></span> <span class='ocrx_word' id='word_1_608' title='bbox 3304 4030 3432 4076; x_wconf 84' lang='lat' dir='ltr'><strong>sunt</strong></span> <span class='ocrx_word' id='word_1_609' title='bbox 3475 4033 3611 4090; x_wconf 82' lang='lat' dir='ltr'><strong>ergo</strong></span> 
     </span>
    </p>
   </div>
   <div class='ocr_carea' id='block_1_76' title="bbox 329 4111 3608 4188">
    <p class='ocr_par' dir='ltr' id='par_1_76' title="bbox 329 4111 3608 4188">
     <span class='ocr_line' id='line_1_77' title="bbox 329 4111 3608 4188; baseline -0.002 -17"><span class='ocrx_word' id='word_1_610' title='bbox 329 4139 349 4171; x_wconf 80' lang='grc' dir='ltr'>σ</span> <span class='ocrx_word' id='word_1_611' title='bbox 394 4119 672 4174; x_wconf 68' lang='lat' dir='ltr'><strong>Jebustrus</strong></span> <span class='ocrx_word' id='word_1_612' title='bbox 717 4131 844 4171; x_wconf 84' lang='lat' dir='ltr'><strong>cum</strong></span> <span class='ocrx_word' id='word_1_613' title='bbox 875 4113 1001 4169; x_wconf 88' lang='lat' dir='ltr'><strong>liliis</strong></span> <span class='ocrx_word' id='word_1_614' title='bbox 1048 4112 1184 4168; x_wconf 86' lang='lat' dir='ltr'><strong>Juda</strong></span> <span class='ocrx_word' id='word_1_615' title='bbox 1219 4113 1273 4168; x_wconf 82' lang='lat' dir='ltr'><strong>in</strong></span> <span class='ocrx_word' id='word_1_616' title='bbox 1314 4111 1615 4169; x_wconf 82' lang='lat' dir='ltr'><strong>Jerusalem</strong></span> <span class='ocrx_word' id='word_1_617' title='bbox 1650 4128 1822 4184; x_wconf 85' lang='lat' dir='ltr'><strong>usque</strong></span> <span class='ocrx_word' id='word_1_618' title='bbox 1859 4114 1914 4168; x_wconf 87' lang='lat' dir='ltr'><strong>in</strong></span> <span class='ocrx_word' id='word_1_619' title='bbox 2016 4115 2252 4173; x_wconf 64' lang='lat' dir='ltr'><strong>Jebusaii</strong></span> <span class='ocrx_word' id='word_1_620' title='bbox 2295 4116 2387 4187; x_wconf 91' lang='lat' dir='ltr'><strong>qui</strong></span> <span class='ocrx_word' id='word_1_621' title='bbox 2434 4115 2651 4188; x_wconf 86' lang='lat' dir='ltr'><strong>indigne</strong></span> <span class='ocrx_word' id='word_1_622' title='bbox 2694 4114 2923 4170; x_wconf 71' lang='lat' dir='ltr'><strong>audiunt</strong></span> <span class='ocrx_word' id='word_1_623' title='bbox 2965 4113 3191 4169; x_wconf 88' lang='lat' dir='ltr'><strong>verbum</strong></span> <span class='ocrx_word' id='word_1_624' title='bbox 3227 4111 3352 4178; x_wconf 86' lang='lat' dir='ltr'><strong>Dei;</strong></span> <span class='ocrx_word' id='word_1_625' title='bbox 3384 4120 3441 4165; x_wconf 89' lang='lat' dir='ltr'><strong>et</strong></span> <span class='ocrx_word' id='word_1_626' title='bbox 3480 4125 3608 4165; x_wconf 90' lang='lat' dir='ltr'><strong>cum</strong></span> 
     </span>
    </p>
   </div>
   <div class='ocr_carea' id='block_1_77' title="bbox 330 4203 3610 4280">
    <p class='ocr_par' dir='ltr' id='par_1_77' title="bbox 330 4203 3610 4280">
     <span class='ocr_line' id='line_1_78' title="bbox 330 4203 3610 4280; baseline -0.002 -18"><span class='ocrx_word' id='word_1_627' title='bbox 330 4230 351 4262; x_wconf 74' lang='grc' dir='ltr'>ι</span> <span class='ocrx_word' id='word_1_628' title='bbox 397 4218 718 4280; x_wconf 63' lang='lat' dir='ltr'><strong>imi-sentem</strong></span> <span class='ocrx_word' id='word_1_629' title='bbox 767 4206 945 4270; x_wconf 85' lang='lat' dir='ltr'><strong>diem,</strong></span> <span class='ocrx_word' id='word_1_630' title='bbox 980 4225 999 4258; x_wconf 72' lang='grc' dir='ltr'>ι</span> <span class='ocrx_word' id='word_1_631' title='bbox 1044 4214 1100 4259; x_wconf 88' lang='lat' dir='ltr'><strong>et</strong></span> <span class='ocrx_word' id='word_1_632' title='bbox 1132 4213 1348 4261; x_wconf 77' lang='lat' dir='ltr'><strong>caetera.</strong></span> <span class='ocrx_word' id='word_1_633' title='bbox 1401 4204 1509 4275; x_wconf 74' lang='lat' dir='ltr'><strong>(Ea:</strong></span> <span class='ocrx_word' id='word_1_634' title='bbox 1549 4204 1915 4277; x_wconf 80' lang='lat' dir='ltr'><strong>Adamantio.)</strong></span> <span class='ocrx_word' id='word_1_635' title='bbox 2018 4207 2312 4274; x_wconf 86' lang='lat' dir='ltr'><strong>audierint,</strong></span> <span class='ocrx_word' id='word_1_636' title='bbox 2357 4220 2532 4277; x_wconf 90' lang='lat' dir='ltr'><strong>neque</strong></span> <span class='ocrx_word' id='word_1_637' title='bbox 2559 4216 2617 4261; x_wconf 88' lang='lat' dir='ltr'><strong>ut</strong></span> <span class='ocrx_word' id='word_1_638' title='bbox 2648 4206 2894 4261; x_wconf 80' lang='lat' dir='ltr'><strong>inﬁdeles</strong></span> <span class='ocrx_word' id='word_1_639' title='bbox 2921 4203 3233 4269; x_wconf 85' lang='lat' dir='ltr'><strong>discedunt,</strong></span> <span class='ocrx_word' id='word_1_640' title='bbox 3271 4218 3448 4273; x_wconf 88' lang='lat' dir='ltr'><strong>neque</strong></span> <span class='ocrx_word' id='word_1_641' title='bbox 3483 4217 3610 4272; x_wconf 79' lang='lat' dir='ltr'><strong>pcr-</strong></span> 
     </span>
    </p>
   </div>
   <div class='ocr_carea' id='block_1_78' title="bbox 322 4291 3604 4376">
    <p class='ocr_par' dir='ltr' id='par_1_78' title="bbox 322 4291 3604 4376">
     <span class='ocr_line' id='line_1_79' title="bbox 322 4291 3604 4376; baseline -0.003 -20"><span class='ocrx_word' id='word_1_642' title='bbox 322 4301 448 4357; x_wconf 81' lang='lat' dir='ltr'><strong>Filii</strong></span> <span class='ocrx_word' id='word_1_643' title='bbox 474 4298 611 4353; x_wconf 85' lang='lat' dir='ltr'><strong>Juda</strong></span> <span class='ocrx_word' id='word_1_644' title='bbox 643 4297 896 4352; x_wconf 84' lang='lat' dir='ltr'><strong>volebant</strong></span> <span class='ocrx_word' id='word_1_645' title='bbox 939 4296 1252 4366; x_wconf 88' lang='lat' dir='ltr'><strong>disperdere</strong></span> <span class='ocrx_word' id='word_1_646' title='bbox 1279 4296 1363 4351; x_wconf 84' lang='lat' dir='ltr'><strong>vel</strong></span> <span class='ocrx_word' id='word_1_647' title='bbox 1408 4295 1917 4376; x_wconf 75' lang='lat' dir='ltr'><strong>interimerelebu-</strong></span> <span class='ocrx_word' id='word_1_648' title='bbox 2020 4307 2244 4354; x_wconf 85' lang='lat' dir='ltr'><strong>manent</strong></span> <span class='ocrx_word' id='word_1_649' title='bbox 2288 4298 2507 4363; x_wconf 85' lang='lat' dir='ltr'><strong>ﬁdeles;</strong></span> <span class='ocrx_word' id='word_1_650' title='bbox 2539 4299 2635 4353; x_wconf 87' lang='lat' dir='ltr'><strong>sed</strong></span> <span class='ocrx_word' id='word_1_651' title='bbox 2673 4303 2928 4367; x_wconf 75' lang='lat' dir='ltr'><strong>percepta</strong></span> <span class='ocrx_word' id='word_1_652' title='bbox 2978 4295 3361 4367; x_wconf 88' lang='lat' dir='ltr'><strong>mysteriorum</strong></span> <span class='ocrx_word' id='word_1_653' title='bbox 3393 4291 3604 4355; x_wconf 87' lang='lat' dir='ltr'><strong>notitia,</strong></span> 
     </span>
    </p>
   </div>
   <div class='ocr_carea' id='block_1_79' title="bbox 322 4383 3611 4469">
    <p class='ocr_par' dir='ltr' id='par_1_79' title="bbox 322 4383 3611 4469">
     <span class='ocr_line' id='line_1_80' title="bbox 322 4383 3611 4469; baseline -0.002 -23"><span class='ocrx_word' id='word_1_654' title='bbox 322 4406 462 4469; x_wconf 60' lang='lat' dir='ltr'><strong>smus</strong></span> <span class='ocrx_word' id='word_1_655' title='bbox 486 4391 554 4444; x_wconf 89' lang='lat' dir='ltr'><strong>de</strong></span> <span class='ocrx_word' id='word_1_656' title='bbox 579 4387 903 4452; x_wconf 86' lang='lat' dir='ltr'><strong>Jerusalem,</strong></span> <span class='ocrx_word' id='word_1_657' title='bbox 931 4394 987 4442; x_wconf 81' lang='lat' dir='ltr'><strong>et</strong></span> <span class='ocrx_word' id='word_1_658' title='bbox 1034 4401 1149 4441; x_wconf 85' lang='lat' dir='ltr'><strong>non</strong></span> <span class='ocrx_word' id='word_1_659' title='bbox 1168 4394 1485 4455; x_wconf 89' lang='lat' dir='ltr'><strong>potuerunt,</strong></span> <span class='ocrx_word' id='word_1_660' title='bbox 1517 4397 1741 4456; x_wconf 85' lang='lat' dir='ltr'><strong>propter</strong></span> <span class='ocrx_word' id='word_1_661' title='bbox 1770 4386 1918 4456; x_wconf 90' lang='lat' dir='ltr'><strong>quod</strong></span> <span class='ocrx_word' id='word_1_662' title='bbox 2020 4398 2077 4445; x_wconf 92' lang='lat' dir='ltr'><strong>et</strong></span> <span class='ocrx_word' id='word_1_663' title='bbox 2120 4389 2244 4444; x_wconf 90' lang='lat' dir='ltr'><strong>ﬁdei</strong></span> <span class='ocrx_word' id='word_1_664' title='bbox 2285 4398 2486 4444; x_wconf 65' lang='lat' dir='ltr'><strong>nostra:</strong></span> <span class='ocrx_word' id='word_1_665' title='bbox 2522 4387 2908 4443; x_wconf 89' lang='lat' dir='ltr'><strong>secretioribus</strong></span> <span class='ocrx_word' id='word_1_666' title='bbox 2940 4384 3319 4456; x_wconf 86' lang='lat' dir='ltr'><strong>perscrutatis,</strong></span> <span class='ocrx_word' id='word_1_667' title='bbox 3357 4383 3611 4440; x_wconf 79' lang='lat' dir='ltr'><strong>conversi</strong></span> 
     </span>
    </p>
   </div>
   <div class='ocr_carea' id='block_1_80' title="bbox 324 4475 3608 4550">
    <p class='ocr_par' dir='ltr' id='par_1_80' title="bbox 324 4475 3608 4550">
     <span class='ocr_line' id='line_1_81' title="bbox 324 4475 3608 4550; baseline -0.003 -13"><span class='ocrx_word' id='word_1_668' title='bbox 324 4478 971 4538; x_wconf 62' lang='lat' dir='ltr'><strong>babitaveruntJebusei</strong></span> <span class='ocrx_word' id='word_1_669' title='bbox 1016 4493 1139 4532; x_wconf 90' lang='lat' dir='ltr'><strong>cum</strong></span> <span class='ocrx_word' id='word_1_670' title='bbox 1180 4476 1306 4533; x_wconf 85' lang='lat' dir='ltr'><strong>liliis</strong></span> <span class='ocrx_word' id='word_1_671' title='bbox 1341 4475 1477 4530; x_wconf 87' lang='lat' dir='ltr'><strong>Jnda</strong></span> <span class='ocrx_word' id='word_1_672' title='bbox 1512 4477 1569 4530; x_wconf 90' lang='lat' dir='ltr'><strong>in</strong></span> <span class='ocrx_word' id='word_1_673' title='bbox 1611 4475 1916 4531; x_wconf 82' lang='lat' dir='ltr'><strong>Jerusalem</strong></span> <span class='ocrx_word' id='word_1_674' title='bbox 1945 4526 1995 4550; x_wconf 49' lang='grc' dir='ltr'>,ι</span> <span class='ocrx_word' id='word_1_675' title='bbox 2022 4480 2367 4550; x_wconf 90' lang='lat' dir='ltr'><strong>disrumpunt</strong></span> <span class='ocrx_word' id='word_1_676' title='bbox 2413 4494 2546 4545; x_wconf 89' lang='lat' dir='ltr'><strong>nos,</strong></span> <span class='ocrx_word' id='word_1_677' title='bbox 2587 4488 2646 4534; x_wconf 89' lang='lat' dir='ltr'><strong>et</strong></span> <span class='ocrx_word' id='word_1_678' title='bbox 2689 4477 3216 4534; x_wconf 86' lang='lat' dir='ltr'><strong>contradictionibus</strong></span> <span class='ocrx_word' id='word_1_679' title='bbox 3265 4475 3380 4530; x_wconf 91' lang='lat' dir='ltr'><strong>suis</strong></span> <span class='ocrx_word' id='word_1_680' title='bbox 3442 4475 3608 4529; x_wconf 85' lang='lat' dir='ltr'><strong>corda</strong></span> 
     </span>
    </p>
   </div>
   <div class='ocr_carea' id='block_1_81' title="bbox 325 4526 3610 4642">
    <p class='ocr_par' dir='ltr' id='par_1_81' title="bbox 325 4526 3610 4642">
     <span class='ocr_line' id='line_1_82' title="bbox 325 4526 3608 4550; baseline -0.002 -14"><span class='ocrx_word' id='word_1_681' title='bbox 325 4526 971 4538; x_wconf 57' lang='grc' dir='ltr'><strong>---ην-</strong></span> <span class='ocrx_word' id='word_1_682' title='bbox 1022 4526 1139 4532; x_wconf 49' lang='grc' dir='ltr'><strong>πκ</strong></span> <span class='ocrx_word' id='word_1_683' title='bbox 1344 4526 1477 4530; x_wconf 53' lang='grc' dir='ltr'><strong>---η</strong></span> <span class='ocrx_word' id='word_1_684' title='bbox 1614 4526 1916 4531; x_wconf 50' lang='grc' dir='ltr'><strong>--η---πω</strong></span> <span class='ocrx_word' id='word_1_685' title='bbox 2024 4526 2367 4550; x_wconf 54' lang='grc' dir='ltr'><strong>νηηηηη,</strong></span> <span class='ocrx_word' id='word_1_686' title='bbox 2414 4526 2546 4545; x_wconf 72' lang='lat'><strong>.--_,</strong></span> <span class='ocrx_word' id='word_1_687' title='bbox 2593 4526 2645 4534; x_wconf 55' lang='grc' dir='ltr'><strong>ν-</strong></span> <span class='ocrx_word' id='word_1_688' title='bbox 2694 4526 3211 4534; x_wconf 46' lang='lat'><strong>_----._-__--____-___</strong></span> <span class='ocrx_word' id='word_1_689' title='bbox 3266 4526 3377 4530; x_wconf 58' lang='grc' dir='ltr'><strong>η--</strong></span> 
     </span>
     <span class='ocr_line' id='line_1_83' title="bbox 325 4526 3610 4642; baseline -0.001 -19"><span class='ocrx_word' id='word_1_690' title='bbox 325 4578 498 4642; x_wconf 73' lang='lat' dir='ltr'><strong>usque</strong></span> <span class='ocrx_word' id='word_1_691' title='bbox 539 4572 594 4626; x_wconf 91' lang='lat' dir='ltr'><strong>in</strong></span> <span class='ocrx_word' id='word_1_692' title='bbox 624 4569 944 4627; x_wconf 80' lang='lat' dir='ltr'><strong>hodiernum</strong></span> <span class='ocrx_word' id='word_1_693' title='bbox 977 4568 1139 4624; x_wconf 88' lang='lat' dir='ltr'><strong>diem.</strong></span> <span class='ocrx_word' id='word_1_694' title='bbox 1170 4566 1454 4631; x_wconf 72' lang='lat' dir='ltr'><strong>Volumus,</strong></span> <span class='ocrx_word' id='word_1_695' title='bbox 1478 4582 1510 4621; x_wconf 72' lang='grc' dir='ltr'><strong>ει</strong></span> <span class='ocrx_word' id='word_1_696' title='bbox 1553 4566 1734 4621; x_wconf 63' lang='lat' dir='ltr'><strong>littera</strong></span> <span class='ocrx_word' id='word_1_697' title='bbox 1781 4565 1918 4622; x_wconf 78' lang='lat' dir='ltr'><strong>inCi-</strong></span> <span class='ocrx_word' id='word_1_698' title='bbox 1945 4526 1997 4587; x_wconf 67' lang='grc' dir='ltr'><strong><em>Β</em></strong></span> <span class='ocrx_word' id='word_1_699' title='bbox 2021 4579 2209 4627; x_wconf 88' lang='lat' dir='ltr'><strong>nostra</strong></span> <span class='ocrx_word' id='word_1_700' title='bbox 2280 4569 2663 4639; x_wconf 87' lang='lat' dir='ltr'><strong>disrumpunt,</strong></span> <span class='ocrx_word' id='word_1_701' title='bbox 2728 4570 3112 4625; x_wconf 88' lang='lat' dir='ltr'><strong>conculcantcs</strong></span> <span class='ocrx_word' id='word_1_702' title='bbox 3175 4566 3332 4622; x_wconf 85' lang='lat' dir='ltr'><strong>verbi</strong></span> <span class='ocrx_word' id='word_1_703' title='bbox 3393 4565 3610 4621; x_wconf 88' lang='lat' dir='ltr'><strong>Domini</strong></span> 
     </span>
    </p>
   </div>
   <div class='ocr_carea' id='block_1_82' title="bbox 326 4656 3611 4734">
    <p class='ocr_par' dir='ltr' id='par_1_82' title="bbox 326 4656 3611 4734">
     <span class='ocr_line' id='line_1_84' title="bbox 326 4656 3611 4734; baseline -0.002 -16"><span class='ocrx_word' id='word_1_704' title='bbox 326 4664 561 4734; x_wconf 87' lang='lat' dir='ltr'><strong>pientes,</strong></span> <span class='ocrx_word' id='word_1_705' title='bbox 589 4662 865 4733; x_wconf 83' lang='lat' dir='ltr'><strong>requirere</strong></span> <span class='ocrx_word' id='word_1_706' title='bbox 891 4661 961 4715; x_wconf 88' lang='lat' dir='ltr'><strong>ab</strong></span> <span class='ocrx_word' id='word_1_707' title='bbox 988 4659 1072 4714; x_wconf 85' lang='lat' dir='ltr'><strong>his</strong></span> <span class='ocrx_word' id='word_1_708' title='bbox 1101 4660 1192 4729; x_wconf 90' lang='lat' dir='ltr'><strong>qui</strong></span> <span class='ocrx_word' id='word_1_709' title='bbox 1222 4666 1416 4729; x_wconf 89' lang='lat' dir='ltr'><strong>putant</strong></span> <span class='ocrx_word' id='word_1_710' title='bbox 1456 4658 1573 4713; x_wconf 60' lang='lat' dir='ltr'><strong>haec</strong></span> <span class='ocrx_word' id='word_1_711' title='bbox 1618 4658 1918 4713; x_wconf 88' lang='lat' dir='ltr'><strong>secundum</strong></span> <span class='ocrx_word' id='word_1_712' title='bbox 2022 4661 2372 4733; x_wconf 82' lang='lat' dir='ltr'><strong>margaritas,</strong></span> <span class='ocrx_word' id='word_1_713' title='bbox 2432 4670 2489 4716; x_wconf 89' lang='lat' dir='ltr'><strong>et</strong></span> <span class='ocrx_word' id='word_1_714' title='bbox 2546 4670 2868 4717; x_wconf 84' lang='lat' dir='ltr'><strong>ornamenta</strong></span> <span class='ocrx_word' id='word_1_715' title='bbox 2933 4660 3058 4714; x_wconf 87' lang='lat' dir='ltr'><strong>ﬁdei</strong></span> <span class='ocrx_word' id='word_1_716' title='bbox 3117 4656 3474 4714; x_wconf 89' lang='lat' dir='ltr'><strong>maeulantes.</strong></span> <span class='ocrx_word' id='word_1_717' title='bbox 3534 4656 3611 4713; x_wconf 88' lang='lat' dir='ltr'><strong>De</strong></span> 
     </span>
    </p>
   </div>
   <div class='ocr_carea' id='block_1_83' title="bbox 328 4745 3609 4823">
    <p class='ocr_par' dir='ltr' id='par_1_83' title="bbox 328 4745 3609 4823">
     <span class='ocr_line' id='line_1_85' title="bbox 328 4745 3609 4823; baseline -0.001 -15"><span class='ocrx_word' id='word_1_718' title='bbox 328 4754 569 4809; x_wconf 88' lang='lat' dir='ltr'><strong>litteram</strong></span> <span class='ocrx_word' id='word_1_719' title='bbox 598 4761 746 4808; x_wconf 86' lang='lat' dir='ltr'><strong>stare</strong></span> <span class='ocrx_word' id='word_1_720' title='bbox 771 4764 951 4822; x_wconf 85' lang='lat' dir='ltr'><strong>posse,</strong></span> <span class='ocrx_word' id='word_1_721' title='bbox 980 4749 1109 4820; x_wconf 77' lang='lat' dir='ltr'><strong>quid</strong></span> <span class='ocrx_word' id='word_1_722' title='bbox 1133 4758 1221 4805; x_wconf 86' lang='lat' dir='ltr'><strong>est</strong></span> <span class='ocrx_word' id='word_1_723' title='bbox 1250 4750 1354 4805; x_wconf 88' lang='lat' dir='ltr'><strong>hoc</strong></span> <span class='ocrx_word' id='word_1_724' title='bbox 1383 4749 1533 4821; x_wconf 84' lang='lat' dir='ltr'><strong>quod</strong></span> <span class='ocrx_word' id='word_1_725' title='bbox 1561 4749 1715 4816; x_wconf 85' lang='lat' dir='ltr'><strong>dicit,</strong></span> <span class='ocrx_word' id='word_1_726' title='bbox 1748 4764 1921 4820; x_wconf 88' lang='lat' dir='ltr'><strong>usque</strong></span> <span class='ocrx_word' id='word_1_727' title='bbox 2022 4753 2140 4808; x_wconf 88' lang='lat' dir='ltr'><strong>istis</strong></span> <span class='ocrx_word' id='word_1_728' title='bbox 2197 4767 2329 4823; x_wconf 84' lang='lat' dir='ltr'><strong>ergo</strong></span> <span class='ocrx_word' id='word_1_729' title='bbox 2369 4751 2570 4806; x_wconf 88' lang='lat' dir='ltr'><strong>dicitur</strong></span> <span class='ocrx_word' id='word_1_730' title='bbox 2621 4752 2748 4822; x_wconf 86' lang='lat' dir='ltr'><strong>quia</strong></span> <span class='ocrx_word' id='word_1_731' title='bbox 2808 4766 2917 4805; x_wconf 88' lang='lat' dir='ltr'><strong>non</strong></span> <span class='ocrx_word' id='word_1_732' title='bbox 2967 4757 3265 4819; x_wconf 86' lang='lat' dir='ltr'><strong>potuerunt</strong></span> <span class='ocrx_word' id='word_1_733' title='bbox 3318 4747 3413 4802; x_wconf 89' lang='lat' dir='ltr'><strong>ﬁlii</strong></span> <span class='ocrx_word' id='word_1_734' title='bbox 3469 4745 3609 4804; x_wconf 83' lang='lat' dir='ltr'><strong>Juda</strong></span> 
     </span>
    </p>
   </div>
   <div class='ocr_carea' id='block_1_84' title="bbox 329 4840 3610 4914">
    <p class='ocr_par' dir='ltr' id='par_1_84' title="bbox 329 4840 3610 4914">
     <span class='ocr_line' id='line_1_86' title="bbox 329 4840 3610 4914; baseline -0.003 -10"><span class='ocrx_word' id='word_1_735' title='bbox 329 4849 384 4903; x_wconf 87' lang='lat' dir='ltr'><strong>in</strong></span> <span class='ocrx_word' id='word_1_736' title='bbox 416 4848 733 4903; x_wconf 61' lang='lat' dir='ltr'><strong>Milionium</strong></span> <span class='ocrx_word' id='word_1_737' title='bbox 763 4844 941 4900; x_wconf 87' lang='lat' dir='ltr'><strong>diem?</strong></span> <span class='ocrx_word' id='word_1_738' title='bbox 967 4842 1124 4910; x_wconf 82' lang='lat' dir='ltr'><strong>Quod</strong></span> <span class='ocrx_word' id='word_1_739' title='bbox 1160 4843 1385 4897; x_wconf 77' lang='lat' dir='ltr'><strong>verbum</strong></span> <span class='ocrx_word' id='word_1_740' title='bbox 1414 4841 1699 4912; x_wconf 84' lang='lat' dir='ltr'><strong>Scriptura</strong></span> <span class='ocrx_word' id='word_1_741' title='bbox 1726 4858 1831 4913; x_wconf 87' lang='lat' dir='ltr'><strong>pro</strong></span> <span class='ocrx_word' id='word_1_742' title='bbox 1853 4858 1921 4898; x_wconf 93' lang='lat' dir='ltr'><strong>eo</strong></span> <span class='ocrx_word' id='word_1_743' title='bbox 2019 4844 2220 4914; x_wconf 88' lang='lat' dir='ltr'><strong>ejicere</strong></span> <span class='ocrx_word' id='word_1_744' title='bbox 2243 4841 2551 4899; x_wconf 73' lang='lat' dir='ltr'><strong>Jebusmum</strong></span> <span class='ocrx_word' id='word_1_745' title='bbox 2575 4842 2646 4897; x_wconf 86' lang='lat' dir='ltr'><strong>de</strong></span> <span class='ocrx_word' id='word_1_746' title='bbox 2672 4841 2974 4898; x_wconf 87' lang='lat' dir='ltr'><strong>Jerusalem</strong></span> <span class='ocrx_word' id='word_1_747' title='bbox 3000 4857 3169 4912; x_wconf 90' lang='lat' dir='ltr'><strong>usque</strong></span> <span class='ocrx_word' id='word_1_748' title='bbox 3202 4840 3256 4895; x_wconf 91' lang='lat' dir='ltr'><strong>in</strong></span> <span class='ocrx_word' id='word_1_749' title='bbox 3284 4840 3610 4896; x_wconf 84' lang='lat' dir='ltr'><strong>hodiernum</strong></span> 
     </span>
    </p>
   </div>
   <div class='ocr_carea' id='block_1_85' title="bbox 328 4932 2187 5010">
    <p class='ocr_par' dir='ltr' id='par_1_85' title="bbox 328 4932 2187 5010">
     <span class='ocr_line' id='line_1_87' title="bbox 328 4932 2187 5010; baseline -0.003 -16"><span class='ocrx_word' id='word_1_750' title='bbox 328 4939 483 5010; x_wconf 84' lang='lat' dir='ltr'><strong>punit</strong></span> <span class='ocrx_word' id='word_1_751' title='bbox 516 4947 578 4993; x_wconf 89' lang='lat' dir='ltr'><strong>ut</strong></span> <span class='ocrx_word' id='word_1_752' title='bbox 601 4935 961 4992; x_wconf 62' lang='lat' dir='ltr'><strong>aiternitatem</strong></span> <span class='ocrx_word' id='word_1_753' title='bbox 987 4932 1173 4989; x_wconf 75' lang='lat' dir='ltr'><strong>smculi</strong></span> <span class='ocrx_word' id='word_1_754' title='bbox 1206 4946 1303 5003; x_wconf 87' lang='lat' dir='ltr'><strong>per</strong></span> <span class='ocrx_word' id='word_1_755' title='bbox 1325 4932 1430 4988; x_wconf 86' lang='lat' dir='ltr'><strong>hoc</strong></span> <span class='ocrx_word' id='word_1_756' title='bbox 1452 4932 1749 5005; x_wconf 86' lang='lat' dir='ltr'><strong>signiticet;</strong></span> <span class='ocrx_word' id='word_1_757' title='bbox 1777 4933 1919 4989; x_wconf 85' lang='lat' dir='ltr'><strong>sicut</strong></span> <span class='ocrx_word' id='word_1_758' title='bbox 2020 4935 2187 4992; x_wconf 87' lang='lat' dir='ltr'><strong>diem.</strong></span> 
     </span>
    </p>
   </div>
   <div class='ocr_carea' id='block_1_86' title="bbox 274 5025 1920 5085">
    <p class='ocr_par' dir='ltr' id='par_1_86' title="bbox 274 5025 1920 5085">
     <span class='ocr_line' id='line_1_88' title="bbox 274 5025 1920 5085; baseline -0.004 0"><span class='ocrx_word' id='word_1_759' title='bbox 274 5040 275 5043; x_wconf 78' lang='lat'>‘</span> <span class='ocrx_word' id='word_1_760' title='bbox 330 5031 504 5085; x_wconf 82' lang='lat' dir='ltr'><strong>dicit:</strong></span> <span class='ocrx_word' id='word_1_761' title='bbox 548 5046 569 5083; x_wconf 84' lang='lat' dir='ltr'><strong>t</strong></span> <span class='ocrx_word' id='word_1_762' title='bbox 598 5028 774 5084; x_wconf 74' lang='lat' dir='ltr'><strong>Nolite</strong></span> <span class='ocrx_word' id='word_1_763' title='bbox 828 5026 1087 5083; x_wconf 82' lang='lat' dir='ltr'><strong>recedere</strong></span> <span class='ocrx_word' id='word_1_764' title='bbox 1129 5043 1160 5081; x_wconf 89' lang='lat' dir='ltr'><strong>a</strong></span> <span class='ocrx_word' id='word_1_765' title='bbox 1207 5025 1437 5081; x_wconf 86' lang='lat' dir='ltr'><strong>Domino</strong></span> <span class='ocrx_word' id='word_1_766' title='bbox 1478 5025 1535 5080; x_wconf 92' lang='lat' dir='ltr'><strong>in</strong></span> <span class='ocrx_word' id='word_1_767' title='bbox 1596 5025 1920 5081; x_wconf 83' lang='lat' dir='ltr'><strong>hodiernum</strong></span> 
     </span>
    </p>
   </div>
   <div class='ocr_carea' id='block_1_87' title="bbox 331 5115 1922 5191">
    <p class='ocr_par' dir='ltr' id='par_1_87' title="bbox 331 5115 1922 5191">
     <span class='ocr_line' id='line_1_89' title="bbox 331 5115 1922 5191; baseline -0.002 -17"><span class='ocrx_word' id='word_1_768' title='bbox 331 5120 475 5175; x_wconf 77' lang='lat' dir='ltr'><strong>diem</strong></span> <span class='ocrx_word' id='word_1_769' title='bbox 502 5118 643 5191; x_wconf 70' lang='lat' dir='ltr'><strong>(los.</strong></span> <span class='ocrx_word' id='word_1_770' title='bbox 665 5117 839 5190; x_wconf 79' lang='lat' dir='ltr'><strong>xxii);</strong></span> <span class='ocrx_word' id='word_1_771' title='bbox 867 5136 889 5171; x_wconf 73' lang='grc' dir='ltr'><strong><em>ν</em></strong></span> <span class='ocrx_word' id='word_1_772' title='bbox 921 5118 1024 5172; x_wconf 87' lang='lat' dir='ltr'><strong>hoc</strong></span> <span class='ocrx_word' id='word_1_773' title='bbox 1053 5126 1156 5183; x_wconf 88' lang='lat' dir='ltr'><strong>est,</strong></span> <span class='ocrx_word' id='word_1_774' title='bbox 1186 5116 1358 5172; x_wconf 82' lang='lat' dir='ltr'><strong>donec</strong></span> <span class='ocrx_word' id='word_1_775' title='bbox 1386 5117 1643 5173; x_wconf 60' lang='lat' dir='ltr'><strong>saeculum</strong></span> <span class='ocrx_word' id='word_1_776' title='bbox 1670 5124 1798 5172; x_wconf 88' lang='lat' dir='ltr'><strong>stat.</strong></span> <span class='ocrx_word' id='word_1_777' title='bbox 1821 5115 1922 5171; x_wconf 85' lang='lat' dir='ltr'><strong>Os-</strong></span> 
     </span>
    </p>
   </div>
   <div class='ocr_carea' id='block_1_88' title="bbox 334 5208 1924 5283">
    <p class='ocr_par' dir='ltr' id='par_1_88' title="bbox 334 5208 1924 5283">
     <span class='ocr_line' id='line_1_90' title="bbox 334 5208 1924 5283; baseline -0.003 -17"><span class='ocrx_word' id='word_1_778' title='bbox 334 5212 556 5267; x_wconf 85' lang='lat' dir='ltr'><strong>tendant</strong></span> <span class='ocrx_word' id='word_1_779' title='bbox 575 5226 709 5283; x_wconf 82' lang='lat' dir='ltr'><strong>ergo</strong></span> <span class='ocrx_word' id='word_1_780' title='bbox 730 5210 861 5266; x_wconf 76' lang='lat' dir='ltr'><strong>mihi</strong></span> <span class='ocrx_word' id='word_1_781' title='bbox 889 5210 1163 5280; x_wconf 77' lang='lat' dir='ltr'><strong>quamde</strong></span> <span class='ocrx_word' id='word_1_782' title='bbox 1186 5208 1440 5273; x_wconf 76' lang='lat' dir='ltr'><strong>Jebustei,</strong></span> <span class='ocrx_word' id='word_1_783' title='bbox 1465 5209 1639 5265; x_wconf 82' lang='lat' dir='ltr'><strong>donec</strong></span> <span class='ocrx_word' id='word_1_784' title='bbox 1665 5208 1924 5265; x_wconf 61' lang='lat' dir='ltr'><strong>saeculum</strong></span> 
     </span>
    </p>
   </div>
   <div class='ocr_carea' id='block_1_89' title="bbox 332 5299 1924 5371">
    <p class='ocr_par' dir='ltr' id='par_1_89' title="bbox 332 5299 1924 5371">
     <span class='ocr_line' id='line_1_91' title="bbox 332 5299 1924 5371; baseline -0.001 -12"><span class='ocrx_word' id='word_1_785' title='bbox 332 5312 459 5368; x_wconf 84' lang='lat' dir='ltr'><strong>stat,</strong></span> <span class='ocrx_word' id='word_1_786' title='bbox 488 5302 735 5358; x_wconf 83' lang='lat' dir='ltr'><strong>habitent</strong></span> <span class='ocrx_word' id='word_1_787' title='bbox 777 5317 903 5357; x_wconf 87' lang='lat' dir='ltr'><strong>cum</strong></span> <span class='ocrx_word' id='word_1_788' title='bbox 935 5301 1060 5359; x_wconf 86' lang='lat' dir='ltr'><strong>ﬁliis</strong></span> <span class='ocrx_word' id='word_1_789' title='bbox 1093 5300 1231 5355; x_wconf 72' lang='lat' dir='ltr'><strong>lude</strong></span> <span class='ocrx_word' id='word_1_790' title='bbox 1275 5301 1328 5354; x_wconf 87' lang='lat' dir='ltr'><strong>in</strong></span> <span class='ocrx_word' id='word_1_791' title='bbox 1357 5299 1684 5366; x_wconf 85' lang='lat' dir='ltr'><strong>Jerusalem,</strong></span> <span class='ocrx_word' id='word_1_792' title='bbox 1720 5301 1924 5371; x_wconf 87' lang='lat' dir='ltr'><strong>quippe</strong></span> 
     </span>
    </p>
   </div>
   <div class='ocr_carea' id='block_1_90' title="bbox 332 5390 1917 5464">
    <p class='ocr_par' dir='ltr' id='par_1_90' title="bbox 332 5390 1917 5464">
     <span class='ocr_line' id='line_1_92' title="bbox 332 5390 1917 5464; baseline -0.001 -16"><span class='ocrx_word' id='word_1_793' title='bbox 332 5408 458 5448; x_wconf 86' lang='lat' dir='ltr'><strong>cum</strong></span> <span class='ocrx_word' id='word_1_794' title='bbox 495 5409 564 5449; x_wconf 86' lang='lat' dir='ltr'><strong>ne</strong></span> <span class='ocrx_word' id='word_1_795' title='bbox 605 5393 706 5464; x_wconf 87' lang='lat' dir='ltr'><strong>ipsi</strong></span> <span class='ocrx_word' id='word_1_796' title='bbox 744 5393 963 5463; x_wconf 89' lang='lat' dir='ltr'><strong>quidem</strong></span> <span class='ocrx_word' id='word_1_797' title='bbox 1002 5393 1097 5448; x_wconf 88' lang='lat' dir='ltr'><strong>ﬁlii</strong></span> <span class='ocrx_word' id='word_1_798' title='bbox 1126 5391 1263 5449; x_wconf 87' lang='lat' dir='ltr'><strong>Juda</strong></span> <span class='ocrx_word' id='word_1_799' title='bbox 1307 5393 1553 5448; x_wconf 86' lang='lat' dir='ltr'><strong>habitent</strong></span> <span class='ocrx_word' id='word_1_800' title='bbox 1592 5390 1917 5447; x_wconf 86' lang='lat' dir='ltr'><strong>Jerusalem.</strong></span> 
     </span>
    </p>
   </div>
   <div class='ocr_carea' id='block_1_91' title="bbox 332 5472 1922 5555">
    <p class='ocr_par' dir='ltr' id='par_1_91' title="bbox 332 5472 1922 5555">
     <span class='ocr_line' id='line_1_93' title="bbox 332 5472 1922 5555; baseline 0 -17"><span class='ocrx_word' id='word_1_801' title='bbox 332 5484 461 5539; x_wconf 87' lang='lat' dir='ltr'><strong>ilco</strong></span> <span class='ocrx_word' id='word_1_802' title='bbox 482 5500 612 5555; x_wconf 85' lang='lat' dir='ltr'><strong>ergo</strong></span> <span class='ocrx_word' id='word_1_803' title='bbox 632 5500 739 5539; x_wconf 86' lang='lat' dir='ltr'><strong>nec.</strong></span> <span class='ocrx_word' id='word_1_804' title='bbox 759 5486 905 5541; x_wconf 83' lang='lat' dir='ltr'><strong>istud</strong></span> <span class='ocrx_word' id='word_1_805' title='bbox 931 5498 1121 5539; x_wconf 86' lang='lat' dir='ltr'><strong>verum</strong></span> <span class='ocrx_word' id='word_1_806' title='bbox 1149 5500 1272 5541; x_wconf 87' lang='lat' dir='ltr'><strong>esse</strong></span> <span class='ocrx_word' id='word_1_807' title='bbox 1305 5482 1503 5555; x_wconf 85' lang='lat' dir='ltr'><strong>poterit</strong></span> <span class='ocrx_word' id='word_1_808' title='bbox 1523 5485 1675 5554; x_wconf 86' lang='lat' dir='ltr'><strong>quod</strong></span> <span class='ocrx_word' id='word_1_809' title='bbox 1689 5472 1922 5540; x_wconf 69' lang='grc' dir='ltr'><strong>τιὠωί</strong></span> 
     </span>
    </p>
   </div>
   <div class='ocr_carea' id='block_1_92' title="bbox 337 5573 1925 5647">
    <p class='ocr_par' dir='ltr' id='par_1_92' title="bbox 337 5573 1925 5647">
     <span class='ocr_line' id='line_1_94' title="bbox 337 5573 1925 5647; baseline 0.002 -18"><span class='ocrx_word' id='word_1_810' title='bbox 337 5590 464 5629; x_wconf 87' lang='lat' dir='ltr'><strong>cum</strong></span> <span class='ocrx_word' id='word_1_811' title='bbox 502 5573 709 5631; x_wconf 69' lang='lat' dir='ltr'><strong>Judeis</strong></span> <span class='ocrx_word' id='word_1_812' title='bbox 755 5575 1001 5631; x_wconf 80' lang='lat' dir='ltr'><strong>habitent</strong></span> <span class='ocrx_word' id='word_1_813' title='bbox 1043 5577 1097 5631; x_wconf 87' lang='lat' dir='ltr'><strong>in</strong></span> <span class='ocrx_word' id='word_1_814' title='bbox 1133 5591 1217 5632; x_wconf 87' lang='lat' dir='ltr'><strong>ea.</strong></span> <span class='ocrx_word' id='word_1_815' title='bbox 1266 5575 1373 5631; x_wconf 85' lang='lat' dir='ltr'><strong>Sed</strong></span> <span class='ocrx_word' id='word_1_816' title='bbox 1417 5591 1514 5631; x_wconf 87' lang='lat' dir='ltr'><strong>nos</strong></span> <span class='ocrx_word' id='word_1_817' title='bbox 1562 5575 1925 5647; x_wconf 84' lang='lat' dir='ltr'><strong>intelligamus</strong></span> 
     </span>
    </p>
   </div>
   <div class='ocr_carea' id='block_1_93' title="bbox 341 5668 1923 5740">
    <p class='ocr_par' dir='ltr' id='par_1_93' title="bbox 341 5668 1923 5740">
     <span class='ocr_line' id='line_1_95' title="bbox 341 5668 1923 5740; baseline 0 -16"><span class='ocrx_word' id='word_1_818' title='bbox 341 5674 459 5724; x_wconf 73' lang='lat' dir='ltr'><strong>haec</strong></span> <span class='ocrx_word' id='word_1_819' title='bbox 501 5669 819 5739; x_wconf 82' lang='lat' dir='ltr'><strong>spiritaliter</strong></span> <span class='ocrx_word' id='word_1_820' title='bbox 860 5680 1199 5725; x_wconf 86' lang='lat' dir='ltr'><strong>assumentes</strong></span> <span class='ocrx_word' id='word_1_821' title='bbox 1246 5668 1519 5740; x_wconf 79' lang='lat' dir='ltr'><strong>Evangelii</strong></span> <span class='ocrx_word' id='word_1_822' title='bbox 1573 5669 1923 5738; x_wconf 83' lang='lat' dir='ltr'><strong>parabolam,</strong></span> 
     </span>
    </p>
   </div>
   <div class='ocr_carea' id='block_1_94' title="bbox 340 5758 1927 5832">
    <p class='ocr_par' dir='ltr' id='par_1_94' title="bbox 340 5758 1927 5832">
     <span class='ocr_line' id='line_1_96' title="bbox 340 5758 1927 5832; baseline 0.002 -16"><span class='ocrx_word' id='word_1_823' title='bbox 340 5774 461 5827; x_wconf 73' lang='lat' dir='ltr'><strong>quae</strong></span> <span class='ocrx_word' id='word_1_824' title='bbox 492 5761 618 5818; x_wconf 71' lang='lat' dir='ltr'><strong>dicit</strong></span> <span class='ocrx_word' id='word_1_825' title='bbox 650 5762 717 5820; x_wconf 83' lang='lat' dir='ltr'><strong>de</strong></span> <span class='ocrx_word' id='word_1_826' title='bbox 744 5761 966 5819; x_wconf 68' lang='lat' dir='ltr'><strong>lizaniis</strong></span> <span class='ocrx_word' id='word_1_827' title='bbox 991 5779 1003 5816; x_wconf 90' lang='lat'>:</span> <span class='ocrx_word' id='word_1_828' title='bbox 1040 5778 1060 5813; x_wconf 75' lang='grc' dir='ltr'>ι</span> <span class='ocrx_word' id='word_1_829' title='bbox 1093 5758 1266 5821; x_wconf 80' lang='lat' dir='ltr'><strong>Sinite</strong></span> <span class='ocrx_word' id='word_1_830' title='bbox 1291 5771 1520 5832; x_wconf 89' lang='lat' dir='ltr'><strong>utraque</strong></span> <span class='ocrx_word' id='word_1_831' title='bbox 1550 5776 1827 5829; x_wconf 86' lang='lat' dir='ltr'><strong>crescere;</strong></span> <span class='ocrx_word' id='word_1_832' title='bbox 1858 5779 1927 5819; x_wconf 84' lang='lat' dir='ltr'><strong>uc</strong></span> 
     </span>
    </p>
   </div>
   <div class='ocr_carea' id='block_1_95' title="bbox 2097 5023 3612 5099">
    <p class='ocr_par' dir='ltr' id='par_1_95' title="bbox 2097 5023 3612 5099">
     <span class='ocr_line' id='line_1_97' title="bbox 2097 5023 3612 5099; baseline -0.005 -17"><span class='ocrx_word' id='word_1_833' title='bbox 2097 5026 2249 5098; x_wconf 58' lang='lat' dir='ltr'><strong>(Car.</strong></span> <span class='ocrx_word' id='word_1_834' title='bbox 2283 5024 2419 5099; x_wconf 75' lang='lat' dir='ltr'><strong>xw.)</strong></span> <span class='ocrx_word' id='word_1_835' title='bbox 2459 5044 2477 5077; x_wconf 75' lang='grc' dir='ltr'>ι</span> <span class='ocrx_word' id='word_1_836' title='bbox 2512 5025 2578 5080; x_wconf 81' lang='lat' dir='ltr'><strong>Et</strong></span> <span class='ocrx_word' id='word_1_837' title='bbox 2605 5040 2712 5080; x_wconf 86' lang='lat' dir='ltr'><strong>non</strong></span> <span class='ocrx_word' id='word_1_838' title='bbox 2759 5023 3147 5081; x_wconf 78' lang='lat' dir='ltr'><strong>interfecerunt</strong></span> <span class='ocrx_word' id='word_1_839' title='bbox 3200 5024 3295 5080; x_wconf 89' lang='lat' dir='ltr'><strong>ﬁlii</strong></span> <span class='ocrx_word' id='word_1_840' title='bbox 3353 5024 3612 5092; x_wconf 83' lang='lat' dir='ltr'><strong>Ephraim</strong></span> 
     </span>
    </p>
   </div>
   <div class='ocr_carea' id='block_1_96' title="bbox 2030 5117 3613 5189">
    <p class='ocr_par' dir='ltr' id='par_1_96' title="bbox 2030 5117 3613 5189">
     <span class='ocr_line' id='line_1_98' title="bbox 2030 5117 3613 5189; baseline -0.001 -19"><span class='ocrx_word' id='word_1_841' title='bbox 2030 5138 2050 5170; x_wconf 70' lang='grc' dir='ltr'><strong><em>ο</em></strong></span> <span class='ocrx_word' id='word_1_842' title='bbox 2095 5119 2464 5175; x_wconf 70' lang='lat' dir='ltr'><strong>Chananteum</strong></span> <span class='ocrx_word' id='word_1_843' title='bbox 2490 5121 2582 5189; x_wconf 89' lang='lat' dir='ltr'><strong>qui</strong></span> <span class='ocrx_word' id='word_1_844' title='bbox 2618 5118 2897 5175; x_wconf 81' lang='lat' dir='ltr'><strong>habitabat</strong></span> <span class='ocrx_word' id='word_1_845' title='bbox 2924 5118 2979 5175; x_wconf 91' lang='lat' dir='ltr'><strong>in</strong></span> <span class='ocrx_word' id='word_1_846' title='bbox 3009 5117 3183 5173; x_wconf 86' lang='lat' dir='ltr'><strong>Gazcr</strong></span> <span class='ocrx_word' id='word_1_847' title='bbox 3211 5135 3226 5184; x_wconf 92' lang='lat'><strong>;</strong></span> <span class='ocrx_word' id='word_1_848' title='bbox 3258 5126 3315 5172; x_wconf 88' lang='lat' dir='ltr'><strong>et</strong></span> <span class='ocrx_word' id='word_1_849' title='bbox 3342 5117 3613 5171; x_wconf 83' lang='lat' dir='ltr'><strong>habitavit</strong></span> 
     </span>
    </p>
   </div>
   <div class='ocr_carea' id='block_1_97' title="bbox 2032 5208 3605 5282">
    <p class='ocr_par' dir='ltr' id='par_1_97' title="bbox 2032 5208 3605 5282">
     <span class='ocr_line' id='line_1_99' title="bbox 2032 5208 3605 5282; baseline -0.002 -19"><span class='ocrx_word' id='word_1_850' title='bbox 2032 5229 2052 5263; x_wconf 73' lang='grc' dir='ltr'>ι</span> <span class='ocrx_word' id='word_1_851' title='bbox 2097 5211 2504 5268; x_wconf 74' lang='lat' dir='ltr'><strong>Chananteusin</strong></span> <span class='ocrx_word' id='word_1_852' title='bbox 2526 5213 2783 5281; x_wconf 81' lang='lat' dir='ltr'><strong>Ephraim</strong></span> <span class='ocrx_word' id='word_1_853' title='bbox 2800 5227 2972 5282; x_wconf 86' lang='lat' dir='ltr'><strong>usque</strong></span> <span class='ocrx_word' id='word_1_854' title='bbox 2992 5213 3047 5267; x_wconf 87' lang='lat' dir='ltr'><strong>in</strong></span> <span class='ocrx_word' id='word_1_855' title='bbox 3062 5211 3383 5267; x_wconf 78' lang='lat' dir='ltr'><strong>hodiernum</strong></span> <span class='ocrx_word' id='word_1_856' title='bbox 3395 5208 3560 5264; x_wconf 86' lang='lat' dir='ltr'><strong>diem.</strong></span> <span class='ocrx_word' id='word_1_857' title='bbox 3587 5228 3605 5260; x_wconf 75' lang='grc' dir='ltr'><strong><em>ι</em></strong></span> 
     </span>
    </p>
   </div>
   <div class='ocr_carea' id='block_1_98' title="bbox 2026 5298 3615 5377">
    <p class='ocr_par' dir='ltr' id='par_1_98' title="bbox 2026 5298 3615 5377">
     <span class='ocr_line' id='line_1_100' title="bbox 2026 5298 3615 5377; baseline -0.004 -17"><span class='ocrx_word' id='word_1_858' title='bbox 2026 5306 2282 5377; x_wconf 88' lang='lat' dir='ltr'><strong>Ephraim</strong></span> <span class='ocrx_word' id='word_1_859' title='bbox 2310 5306 2703 5376; x_wconf 86' lang='lat' dir='ltr'><strong>interpretatur</strong></span> <span class='ocrx_word' id='word_1_860' title='bbox 2727 5304 3099 5360; x_wconf 79' lang='lat' dir='ltr'><strong>fructiﬁcatio.</strong></span> <span class='ocrx_word' id='word_1_861' title='bbox 3149 5302 3249 5370; x_wconf 88' lang='lat' dir='ltr'><strong>Qui</strong></span> <span class='ocrx_word' id='word_1_862' title='bbox 3272 5315 3404 5371; x_wconf 85' lang='lat' dir='ltr'><strong>ergo</strong></span> <span class='ocrx_word' id='word_1_863' title='bbox 3426 5298 3615 5354; x_wconf 83' lang='lat' dir='ltr'><strong>fructi-</strong></span> 
     </span>
    </p>
   </div>
   <div class='ocr_carea' id='block_1_99' title="bbox 2028 5390 3611 5466">
    <p class='ocr_par' dir='ltr' id='par_1_99' title="bbox 2028 5390 3611 5466">
     <span class='ocr_line' id='line_1_101' title="bbox 2028 5390 3611 5466; baseline -0.004 -15"><span class='ocrx_word' id='word_1_864' title='bbox 2028 5395 2157 5451; x_wconf 89' lang='lat' dir='ltr'><strong>ﬁcat</strong></span> <span class='ocrx_word' id='word_1_865' title='bbox 2176 5404 2231 5451; x_wconf 90' lang='lat' dir='ltr'><strong>et</strong></span> <span class='ocrx_word' id='word_1_866' title='bbox 2256 5396 2455 5451; x_wconf 88' lang='lat' dir='ltr'><strong>crescit</strong></span> <span class='ocrx_word' id='word_1_867' title='bbox 2480 5396 2532 5449; x_wconf 92' lang='lat' dir='ltr'><strong>in</strong></span> <span class='ocrx_word' id='word_1_868' title='bbox 2565 5396 2690 5461; x_wconf 88' lang='lat' dir='ltr'><strong>ﬁde,</strong></span> <span class='ocrx_word' id='word_1_869' title='bbox 2719 5412 2827 5451; x_wconf 88' lang='lat' dir='ltr'><strong>non</strong></span> <span class='ocrx_word' id='word_1_870' title='bbox 2868 5405 3046 5466; x_wconf 90' lang='lat' dir='ltr'><strong>potest</strong></span> <span class='ocrx_word' id='word_1_871' title='bbox 3076 5393 3443 5450; x_wconf 76' lang='lat' dir='ltr'><strong>exterminare</strong></span> <span class='ocrx_word' id='word_1_872' title='bbox 3463 5390 3611 5445; x_wconf 83' lang='lat' dir='ltr'><strong>Cha-</strong></span> 
     </span>
    </p>
   </div>
   <div class='ocr_carea' id='block_1_100' title="bbox 2028 5480 3617 5557">
    <p class='ocr_par' dir='ltr' id='par_1_100' title="bbox 2028 5480 3617 5557">
     <span class='ocr_line' id='line_1_102' title="bbox 2028 5480 3617 5557; baseline -0.005 -14"><span class='ocrx_word' id='word_1_873' title='bbox 2028 5503 2278 5544; x_wconf 76' lang='lat' dir='ltr'><strong>nanteum</strong></span> <span class='ocrx_word' id='word_1_874' title='bbox 2324 5500 2509 5543; x_wconf 86' lang='lat' dir='ltr'><strong>semen</strong></span> <span class='ocrx_word' id='word_1_875' title='bbox 2540 5488 2859 5557; x_wconf 88' lang='lat' dir='ltr'><strong>pessimum,</strong></span> <span class='ocrx_word' id='word_1_876' title='bbox 2907 5501 3092 5542; x_wconf 89' lang='lat' dir='ltr'><strong>semen</strong></span> <span class='ocrx_word' id='word_1_877' title='bbox 3127 5480 3499 5546; x_wconf 79' lang='lat' dir='ltr'><strong>maledictum,</strong></span> <span class='ocrx_word' id='word_1_878' title='bbox 3530 5495 3617 5535; x_wconf 82' lang='lat' dir='ltr'><strong>se-</strong></span> 
     </span>
    </p>
   </div>
   <div class='ocr_carea' id='block_1_101' title="bbox 2030 5575 3613 5653">
    <p class='ocr_par' dir='ltr' id='par_1_101' title="bbox 2030 5575 3613 5653">
     <span class='ocr_line' id='line_1_103' title="bbox 2030 5575 3613 5653; baseline -0.006 -15"><span class='ocrx_word' id='word_1_879' title='bbox 2030 5599 2155 5638; x_wconf 89' lang='lat' dir='ltr'><strong>men</strong></span> <span class='ocrx_word' id='word_1_880' title='bbox 2196 5598 2411 5653; x_wconf 84' lang='lat' dir='ltr'><strong>semper</strong></span> <span class='ocrx_word' id='word_1_881' title='bbox 2454 5581 2674 5648; x_wconf 81' lang='lat' dir='ltr'><strong>mobile,</strong></span> <span class='ocrx_word' id='word_1_882' title='bbox 2707 5597 2925 5653; x_wconf 86' lang='lat' dir='ltr'><strong>semper</strong></span> <span class='ocrx_word' id='word_1_883' title='bbox 2972 5582 3237 5635; x_wconf 88' lang='lat' dir='ltr'><strong>incertum</strong></span> <span class='ocrx_word' id='word_1_884' title='bbox 3271 5594 3285 5631; x_wconf 90' lang='lat'><strong>:</strong></span> <span class='ocrx_word' id='word_1_885' title='bbox 3334 5580 3438 5631; x_wconf 84' lang='lat' dir='ltr'><strong>hoc</strong></span> <span class='ocrx_word' id='word_1_886' title='bbox 3469 5575 3613 5632; x_wconf 83' lang='lat' dir='ltr'><strong>enim</strong></span> 
     </span>
    </p>
   </div>
   <div class='ocr_carea' id='block_1_102' title="bbox 2030 5666 3618 5745">
    <p class='ocr_par' dir='ltr' id='par_1_102' title="bbox 2030 5666 3618 5745">
     <span class='ocr_line' id='line_1_104' title="bbox 2030 5666 3618 5745; baseline -0.006 -16"><span class='ocrx_word' id='word_1_887' title='bbox 2030 5674 2418 5744; x_wconf 86' lang='lat' dir='ltr'><strong>interpretatur</strong></span> <span class='ocrx_word' id='word_1_888' title='bbox 2428 5672 2790 5729; x_wconf 71' lang='lat' dir='ltr'><strong>Chananzrus.</strong></span> <span class='ocrx_word' id='word_1_889' title='bbox 2828 5672 2896 5725; x_wconf 88' lang='lat' dir='ltr'><strong>Et</strong></span> <span class='ocrx_word' id='word_1_890' title='bbox 2923 5676 3131 5745; x_wconf 87' lang='lat' dir='ltr'><strong>certum</strong></span> <span class='ocrx_word' id='word_1_891' title='bbox 3148 5674 3232 5722; x_wconf 92' lang='lat' dir='ltr'><strong>est</strong></span> <span class='ocrx_word' id='word_1_892' title='bbox 3253 5666 3380 5737; x_wconf 90' lang='lat' dir='ltr'><strong>quia</strong></span> <span class='ocrx_word' id='word_1_893' title='bbox 3400 5679 3523 5721; x_wconf 86' lang='lat' dir='ltr'><strong>cum</strong></span> <span class='ocrx_word' id='word_1_894' title='bbox 3551 5679 3618 5719; x_wconf 89' lang='lat' dir='ltr'><strong>eo</strong></span> 
     </span>
    </p>
   </div>
   <div class='ocr_carea' id='block_1_103' title="bbox 2031 5748 3614 5836">
    <p class='ocr_par' dir='ltr' id='par_1_103' title="bbox 2031 5748 3614 5836">
     <span class='ocr_line' id='line_1_105' title="bbox 2031 5748 3614 5836; baseline 0 -17"><span class='ocrx_word' id='word_1_895' title='bbox 2031 5766 2125 5836; x_wconf 90' lang='lat' dir='ltr'><strong>qui</strong></span> <span class='ocrx_word' id='word_1_896' title='bbox 2150 5764 2440 5822; x_wconf 79' lang='lat' dir='ltr'><strong>fructiﬁcat</strong></span> <span class='ocrx_word' id='word_1_897' title='bbox 2455 5774 2510 5822; x_wconf 90' lang='lat' dir='ltr'><strong>et</strong></span> <span class='ocrx_word' id='word_1_898' title='bbox 2533 5765 2748 5828; x_wconf 87' lang='lat' dir='ltr'><strong>crescit,</strong></span> <span class='ocrx_word' id='word_1_899' title='bbox 2767 5748 2980 5834; x_wconf 82' lang='lat' dir='ltr'><strong>semper</strong></span> <span class='ocrx_word' id='word_1_900' title='bbox 3013 5748 3218 5818; x_wconf 84' lang='lat' dir='ltr'><strong>habitat</strong></span> <span class='ocrx_word' id='word_1_901' title='bbox 3240 5760 3614 5819; x_wconf 65' lang='lat' dir='ltr'><strong>Chanantcus;</strong></span> 
     </span>
    </p>
   </div>
  </div>
