4000 6186
473 317 499 373 1
507 318 612 376 079

1108 320 1168 374 Β.
1209 320 1464 376 RABANl
1505 321 1725 379 MAURI
1762 320 2087 378 ARCHIEP.
2128 319 2442 380 MOGUNT.
2481 319 2774 379 OPERUM
2813 320 2996 377 PARS
3030 321 3072 377 Ι.

3586 326 3730 385 1080

457 447 733 503 nunquam
755 432 900 489 enim
938 436 1183 499 teutatio,
1209 450 1487 504 nunquam
1514 443 1692 491 motus
1728 444 1944 491 cessant
1964 436 2033 490 ab
2060 441 2107 499 Α
2136 436 2279 507 quod
2327 435 2642 506 prophetiae
2689 435 2985 497 diceretur,
3024 450 3146 490 cum
3194 435 3469 505 praeterita
3503 451 3732 493 narran-

450 538 541 580 eo.
600 522 709 579 Sed
738 530 797 578 tu
823 523 870 579 si
897 538 1027 581 vere
1050 523 1350 580 fructiﬁcas
1380 525 1433 579 in
1455 524 1585 589 Deo,
1609 534 1665 581 et
1691 526 1842 582 vides
1868 526 2029 585 talem

454 612 690 683 aliquem
735 612 1053 682 inquietum,
1088 615 1385 680 turbidum,
1422 615 1699 681 mobilem,
1738 616 1875 672 scito
1902 616 2030 686 quia

454 701 790 759 Cbananmus
825 710 941 768 est;
980 712 1037 758 et
1063 719 1170 759 non
1196 712 1350 774 potes
1381 704 1581 774 ejicere
1606 720 1730 761 eum
1759 707 1825 761 de
1845 706 2032 763 Eccle-

452 796 553 861 sia,
594 796 721 865 quia
771 809 876 850 non
925 804 1218 866 potuerunt
1265 797 1359 873 lilii
1414 797 1673 866 Ephraim
1720 799 2030 868 disperdere

451 884 833 940 Chananteum.
907 885 1036 940 lllud
1089 888 1319 943 observa
1341 888 1484 957 quod
1526 889 1818 959 Apostolus
1847 899 2030 945 monet

450 975 678 1030 dicens:
720 995 739 1026 ι
776 974 1091 1031 Subtrahite
1113 991 1208 1031 vos
1253 974 1322 1031 ab
1367 978 1513 1032 omni
1567 978 1733 1034 fratre
1788 978 2028 1048 inquiete

449 1064 756 1120 ambulante
796 1063 882 1135 (Il
917 1065 1093 1121 Thess.
1120 1066 1224 1137 Ill).
1263 1086 1282 1118 ι
1336 1066 1441 1122 Sed
1475 1068 1730 1137 quoniam
1774 1067 2027 1125 Salomon

448 1155 631 1228 (Prov.
656 1156 791 1228 xm)
841 1159 1030 1213 suadet
1079 1158 1195 1213 hzec
1239 1173 1361 1229 quae
1405 1159 1654 1230 legimus,
1683 1162 1915 1217 describi
1970 1164 2024 1217 in

444 1253 608 1309 corde
647 1253 954 1325 tripliciter,
1003 1255 1168 1309 etiam
1197 1255 1363 1322 aliud,
1395 1266 1592 1327 prteter
1621 1258 1708 1312 illa
1734 1275 1856 1329 quas
1888 1261 2025 1316 dixi—

442 1361 585 1410 mus,
635 1345 780 1415 quod
809 1346 959 1401 cordi
998 1361 1120 1402 meo
1172 1349 1494 1414 occurrerit,
1533 1350 1601 1404 ad
1632 1366 1794 1406 aures
1814 1362 2026 1409 vestras

442 1434 712 1504 proferam
744 1453 756 1488 :
800 1436 867 1489 Et
893 1451 988 1490 vos
1032 1435 1192 1491 facite
1220 1439 1362 1507 quod
1403 1440 1661 1509 scriptum
1690 1450 1792 1506 est,
1818 1451 1879 1496 ut
1917 1459 2025 1498 uno

441 1526 677 1591 dicente,
698 1526 879 1581 επιενί
911 1528 1223 1583 examinent
1247 1528 1300 1599 (I
1327 1528 1449 1583 Cor.
1482 1528 1615 1599 xw).
1667 1530 1750 1585 Me
1784 1547 1917 1603 ergo
1944 1532 2026 1587 di-

439 1626 596 1674 cente
618 1618 761 1687 quod
791 1618 986 1683 sentio,
1016 1634 1112 1674 vos
1134 1619 1426 1675 discernite
1448 1629 1504 1674 et
1525 1621 1828 1677 examinate
1868 1622 1913 1677 si
1938 1638 2000 1678 re

438 1718 584 1766 ctum
623 1717 729 1775 est,
761 1718 854 1764 aut
880 1708 1061 1765 minus
1081 1718 1308 1767 rectum.
1340 1710 1415 1765 De
1449 1709 1748 1766 Jerusalem
1773 1710 2026 1781 frequen-

2138 537 2245 591 tur,
2275 535 2665 596 taceanturque
2688 524 2870 581 futura
2915 524 3121 594 majora
3173 534 3227 580 et
3257 540 3495 581 maritae
3538 542 3725 583 neces-

2134 619 2327 674 saria?
2382 617 2616 673 Proinde
2670 616 2855 687 potius
2897 615 3319 671 existimandum
3363 624 3451 670 est
3498 614 3723 687 Septua-

2131 712 2279 783 ginta
2306 710 2658 782 lnterpretes,
2693 709 2786 778 qui
2822 709 3143 763 auctoritate
3174 708 3487 777 prophetica
3513 724 3579 763 ex
3610 708 3722 778 ipsa

2132 804 2363 859 mirabili
2391 804 2749 860 consensione
2794 801 3134 870 interpretati
3187 814 3310 854 esse
3345 800 3725 869 perhibentur,

2130 895 2248 950 haec
2267 896 2569 959 addidisse;
2608 910 2716 949 non
2749 900 3008 962 tanquam
3054 891 3232 945 futura
3284 892 3719 961 pronuntiantes,

2130 985 2223 1040 sed
2266 986 2391 1055 quia
2422 994 2665 1054 tempore
2687 984 2779 1038 illo
2812 984 2912 1053 ipsi
2942 992 3120 1047 erant,
3147 998 3259 1052 quo,
3298 982 3437 1037 facta
3458 999 3583 1038 esse
3610 999 3724 1037 me-

2130 1078 2418 1141 minerant,
2479 1086 2535 1132 et
2570 1077 2625 1131 in
2670 1077 2807 1131 libro
2855 1075 3160 1147 Regnorum
3216 1075 3479 1145 legerant,
3534 1090 3718 1145 regum

2129 1169 2465 1238 temporibus
2514 1169 2619 1222 hoc
2657 1165 2858 1222 factum
2907 1179 3029 1221 esse
3079 1164 3198 1236 (ΙΙΙ
3246 1165 3381 1237 Reg.
3419 1165 3521 1238 nt).
3565 1166 3723 1232 Quod

2129 1259 2250 1314 ideo
2299 1258 2610 1314 credibilius
2662 1259 2822 1313 nobis
2883 1257 3061 1311 visum
3123 1266 3209 1311 est
3240 1296 3255 1321 ,
3309 1258 3568 1325 quoniam
3633 1258 3718 1310 in-

2128 1351 2402 1420 speximus
2436 1350 2936 1418 interpretationem
2981 1363 3100 1417 qua:
3143 1355 3317 1403 estex
3360 1346 3608 1412 Hebraeo,
3661 1356 3717 1403 et

2127 1442 2232 1496 hoc
2266 1440 2342 1495 ibi
2391 1455 2501 1495 non
2553 1440 2898 1495 invenimus:
2956 1439 3098 1495 sicut
3145 1454 3248 1495 nec
3294 1439 3425 1495 illud
3454 1440 3603 1509 quod
3629 1439 3712 1494 di-

2127 1542 2274 1588 ctum
2303 1542 2390 1588 est
2430 1533 2496 1590 de
2533 1531 2753 1587 Jericho
2793 1532 2939 1601 quod
2983 1531 3076 1603 qui
3098 1547 3219 1588 eam
3267 1541 3595 1602 reparasset,
3635 1534 3717 1587 in-

2127 1631 2375 1679 curreret
2425 1622 2777 1678 maledictum
2796 1622 2948 1692 quod
2981 1621 3194 1679 dixerat
3224 1622 3403 1683 Jesus.
3455 1622 3548 1679 Sic
3568 1624 3713 1681 enim

2127 1714 2389 1783 scriptum
2432 1722 2517 1769 est
2567 1732 2581 1769 :
2648 1733 2668 1765 ι
2705 1714 2775 1769 Et
2814 1712 3087 1783 adjuravit
3130 1713 3287 1770 Jesus
3342 1715 3397 1771 in
3447 1715 3535 1770 die
3575 1716 3711 1770 illa:

438 1814 523 1858 ter
545 1803 780 1858 diximus
805 1804 933 1873 quia
982 1804 1119 1860 visio
1146 1805 1296 1874 pacis
1333 1804 1738 1873 interpretatur.
1791 1805 1851 1861 Si
1885 1820 2015 1876 ergo
2045 1792 2434 1860 H‘Maledictus
2474 1805 2640 1861 homo
2672 1804 2764 1875 qui
2789 1805 3139 1860 resuscitabit
3168 1813 3224 1859 et
3259 1805 3545 1861 tediﬁeabit
3582 1806 3716 1861 civi-

438 1894 493 1949 in
524 1895 688 1950 corde
708 1903 896 1951 nostro
919 1893 1219 1950 Jerusalem
1249 1894 1515 1949 aediﬁcata
1542 1905 1647 1961 est,
1681 1896 1785 1950 hoc
1808 1904 1913 1961 est,
1936 1897 2016 1950 vi-

436 1988 518 2043 sio
536 1989 688 2058 pacis
712 1987 764 2042 in
791 1988 954 2043 corde
974 1995 1160 2044 nostro
1190 1986 1410 2041 fundata
1438 1996 1539 2051 est,
1559 1996 1615 2041 et
1628 1986 1900 2056 spiritum,
1921 1987 2016 2056 qui

437 2090 520 2136 est
547 2096 650 2151 pax
685 2088 893 2144 nostra,
935 2094 1148 2149 semper
1198 2079 1506 2133 intueamur
1548 2087 1605 2133 et
1654 2078 1932 2134 serVemus
1960 2078 2015 2133 in

435 2171 626 2236 corde;
680 2171 725 2227 si
758 2169 975 2240 quidem
1017 2171 1092 2223 ita
1129 2168 1222 2222 ﬁxi
1267 2175 1323 2223 et
1347 2169 1571 2224 stabiles
1594 2184 1782 2224 sumus
1823 2169 1877 2223 in
1912 2169 2016 2224 hac

436 2263 645 2319 visione
689 2264 864 2333 pacis,
901 2270 963 2318 ut
1013 2277 1287 2332 nunquam
1336 2276 1560 2330 prorsus
1593 2259 1702 2316 ulla
1758 2259 2016 2329 cogitatio

436 2355 578 2411 mala
602 2366 661 2412 et
684 2354 913 2422 alicujus
936 2356 1147 2425 peccati
1174 2355 1460 2419 consilium
1490 2353 1750 2409 ascendat
1769 2354 1822 2407 in
1851 2353 2016 2409 corde

434 2454 645 2513 nostro.
703 2445 762 2501 Si
793 2446 897 2501 hoc
937 2446 1011 2500 ita
1048 2444 1163 2499 ﬁeri
1202 2453 1405 2513 posset,
1455 2452 1768 2513 poteramus
1834 2443 2015 2499 dicere

435 2541 563 2612 quia
586 2540 640 2595 in
666 2537 966 2595 Jerusalem
987 2554 1194 2603 sumus,
1216 2547 1274 2594 et
1293 2538 1474 2593 nullus
1495 2538 1634 2592 alius
1683 2538 1894 2593 habitat
1918 2552 2013 2591 no-

432 2631 644 2686 biscum
668 2629 771 2684 nisi
816 2629 891 2683 illi
938 2629 1034 2698 qui
1086 2629 1260 2684 sancti
1297 2639 1442 2683 sunt.
1499 2627 1651 2684 Nunc
1686 2643 1817 2683 vero
1868 2628 1912 2682 si
1944 2628 2013 2683 ad

431 2724 691 2794 grandem
740 2729 1054 2794 provectum
1090 2722 1391 2786 veniamus,
1422 2728 1477 2776 et
1505 2720 1732 2776 summis
1769 2728 2010 2775 nosmet-

430 2817 579 2887 ipsos
615 2815 810 2871 studiis
855 2814 1186 2877 excolamus,
1222 2820 1399 2868 tamen
1451 2827 1563 2867 non
1586 2819 1716 2882 puto
1753 2812 2010 2881 cuiquam

432 2914 643 2962 tantum
666 2905 723 2960 in
746 2905 911 2961 corde
942 2903 1196 2974 puritatis
1234 2903 1475 2967 evenire,
1506 2909 1567 2956 ut
1590 2916 1867 2971 nunquam
1915 2900 2008 2955 ad-

428 3014 600 3055 versae
643 2997 994 3070 cogitationis
1032 2995 1351 3066 contagione
1387 2994 1708 3049 maculetur.
1783 2990 2007 3046 Certum

426 3096 511 3145 est
538 3086 782 3143 habitare
822 3085 1098 3142 Jebuszeos
1122 3100 1244 3142 cum
1270 3084 1396 3140 ﬁliis
1421 3085 1558 3143 Juda
1592 3084 1646 3138 in
1666 3082 2003 3139 Jerusalem:

2121 1904 2281 1951 tatem
2306 1896 2474 1951 illam.
2517 1896 2575 1950 ln
2595 1895 2957 1966 primogenito
2986 1910 3085 1951 suo
3127 1893 3376 1951 fundabit
3410 1910 3558 1961 eam,
3578 1897 3712 1951 etin

2116 1987 2410 2042 novissimo
2439 2002 2539 2042 suo
2568 1987 2809 2056 imponet
2836 1996 3023 2067 portas
3059 1986 3195 2057 ejus.
3226 2006 3247 2039 ι
3302 1986 3594 2057 ﬂuensque
3621 1988 3709 2043 in-

2115 2079 2332 2134 venitur
2360 2079 2415 2134 in
2468 2079 2920 2148 interpretatione
2949 2070 3016 2132 ei
3044 2077 3289 2133 llebmo.
3354 2076 3493 2133 Illud
3524 2088 3707 2132 autem

2116 2173 2260 2241 quod
2289 2172 2534 2241 sequitur
2559 2189 2572 2225 :
2622 2190 2641 2222 ι
2676 2171 2745 2224 Et
2772 2171 2845 2226 ita
2874 2170 3005 2225 fecit
3030 2169 3166 2235 Oza,
3196 2170 3287 2239 qui
3326 2185 3393 2224 ex
3424 2169 3613 2225 Bethel
3653 2170 3707 2224 in

2116 2262 2317 2317 Abiron
2358 2261 2718 2332 primogenito
2756 2277 2854 2316 suo
2893 2261 3132 2316 fundavit
3188 2270 3331 2325 eam,
3359 2269 3416 2315 et
3440 2260 3497 2315 in
3527 2258 3705 2332 Segub

2117 2355 2411 2413 novissimo
2472 2354 2729 2424 imposuit
2771 2361 2958 2423 portas
3007 2352 3126 2422 ejus
3171 2353 3289 2425 (III
3325 2353 3451 2423 Reg.
3489 2353 3644 2424 xw);
3679 2374 3697 2406 ι

2120 2449 2225 2503 hoc
2253 2446 2363 2502 illic
2388 2462 2496 2502 non
2521 2446 2737 2517 legitur.
2752 2446 2923 2502 .Unde
2942 2454 3168 2516 apparet
3187 2462 3219 2499 a
3237 2444 3592 2516 Septuaginta
3618 2445 3702 2498 in-

2117 2540 2459 2609 terpositum,
2495 2539 2587 2609 qui
2617 2538 2820 2593 factum
2845 2553 2967 2592 esse
2990 2545 3273 2593 noverant.
3294 2536 3408 2607 (Ea:
3428 2536 3702 2589 Adaman-

2114 2631 2235 2705 tio.)
2246 2630 2549 2693 ,Cbanantei
2576 2632 2741 2687 tertio
2763 2632 2890 2686 dicti
2915 2640 3042 2687 sunt
3065 2646 3187 2687 esse
3212 2631 3265 2684 in
3282 2629 3408 2684 ﬁliis
3422 2630 3698 2699 prraim.

2116 2722 2176 2778 Si
2219 2723 2366 2778 enim
2396 2723 2709 2793 diligentius
2737 2723 3090 2778 observemus
3128 2723 3397 2791 quomodo
3429 2723 3587 2778 tertio
3614 2722 3697 2777 di-

2114 2824 2309 2871 cantur
2331 2831 2454 2871 esse
2470 2814 2759 2870 Chanantei
2785 2831 2909 2875 cum
2941 2814 3067 2869 ﬁliis
3093 2815 3373 2884 prraim,
3391 2824 3447 2869 et
3468 2814 3701 2871 Domino

2111 2916 2403 2980 praestante
2430 2909 2729 2979 poterimus
2755 2909 3083 2979 investigare
3106 2910 3352 2963 ordinem
3402 2909 3698 2963 dictionum

2111 3002 2241 3072 quid
2268 3016 2335 3055 ex
2364 3002 2471 3056 hoc
2497 3000 2550 3054 in
2576 3001 2773 3070 primo,
2804 3001 2936 3070 quid
2964 3000 3018 3055 in
3048 3000 3311 3065 secundo,
3341 3001 3469 3070 quid
3500 3001 3555 3054 in
3592 3010 3698 3054 ter-

2112 3093 2188 3146 tio
2213 3092 2415 3146 factum
2440 3090 2692 3146 refertur.
2765 3090 2905 3146 Puto
2941 3092 3085 3161 quod
3134 3106 3241 3145 non
3284 3091 3491 3145 erimus
3521 3093 3699 3146 incre-

426 3197 534 3236 non
560 3189 741 3235 tamen
795 3181 1031 3236 diximus
1081 3182 1194 3236 hate
1240 3188 1303 3234 ut
1343 3180 1697 3251 negligemus,
1743 3188 2005 3249 quantum
2035 3160 2079 3223 Ο
2112 3181 2241 3244 duli,
2274 3182 2401 3251 quia
2448 3196 2578 3236 vere
2611 3181 2751 3245 haec,
2784 3196 2889 3235 non
2922 3160 2983 3236 ut
3019 3181 3134 3235 sola
3182 3180 3340 3235 nobis
3390 3195 3575 3235 rerum
3600 3196 3695 3250 ge-

428 3270 547 3325 lieri
577 3279 775 3340 potest,
797 3269 990 3339 ejicere
1023 3285 1150 3335 eos,
1172 3270 1266 3326 sed
1307 3271 1441 3325 satis
1486 3270 1749 3339 agendum
1780 3269 1936 3324 nobis
1956 3276 2014 3325 et

428 3362 746 3416 tentandum
780 3361 1021 3431 quotidie
1053 3359 1247 3428 ejicere
1279 3374 1372 3417 eos
1420 3361 1486 3417 de
1526 3360 1846 3416 Jerusalem.
1879 3360 2006 3428 Sed,

427 3453 569 3509 sicut
596 3454 853 3525 scriptum
886 3463 990 3518 est,
1016 3470 1120 3509 non
1147 3469 1434 3524 possumus
1485 3455 1647 3510 simul
1677 3469 1869 3510 omnes
1913 3457 2009 3527 eji-

426 3558 569 3600 cere.
617 3543 732 3600 Hoc
763 3544 905 3600 idem
937 3553 1117 3600 autem
1167 3545 1220 3600 in
1258 3545 1343 3601 his
1380 3546 1472 3615 qui
1519 3545 1853 3602 l‘ructiﬁcant
1878 3563 2007 3603 sen-

422 3634 665 3690 tiendum
700 3644 807 3700 est,
852 3636 977 3705 quia
1009 3636 1262 3705 Ephraim
1289 3636 1381 3692 ﬁlii
1407 3638 1666 3693 nominati
1719 3647 1867 3701 sunt,
1912 3640 2003 3709 qui

423 3732 480 3781 et
527 3725 631 3796 ipsi
680 3725 1034 3790 Cbauanazos,
1088 3741 1253 3797 vagas
1283 3735 1339 3782 et
1367 3727 1603 3783 lubricas
1623 3728 2001 3797 cogitationes,

422 3830 635 3886 semper
660 3816 853 3870 debent
878 3816 1075 3886 ejicere
1098 3817 1165 3872 de
1192 3817 1474 3873 animabus
1508 3819 1642 3874 suis.
1706 3817 1889 3873 Potest
1917 3835 2008 3875 au-

420 3916 529 3962 tem
579 3905 722 3961 Deus
760 3903 1035 3962 Jebuszcos
1061 3915 1116 3961 et
1163 3906 1503 3963 Chananaeos
1537 3923 1564 3962 a
1596 3908 1721 3963 ﬁliis
1750 3910 2007 3979 Ephraim

422 3995 708 4069 projicere.
758 3997 937 4068 lpsum
961 4013 1091 4070 ergo
1112 3998 1397 4053 Dominum
1423 4000 1797 4069 deprecemur,
1817 4009 1878 4055 ut
1903 4002 2005 4069 eji-

423 4089 572 4144 ciens
605 4103 637 4142 a
672 4087 827 4143 nobis
870 4087 1042 4143 malas
1090 4087 1466 4159 cogitationes,
1512 4089 1683 4144 bonas
1718 4091 1921 4146 inserat
1952 4100 2006 4146 et

418 4182 610 4253 dignas
636 4180 690 4235 in
735 4177 1033 4234 Jerusalem
1078 4179 1285 4234 civitati
1307 4179 1549 4242 caeleste,
1578 4179 1632 4233 in
1685 4180 1883 4250 quibus
1924 4184 2005 4237 ni.

417 4272 493 4327 hil
540 4272 802 4343 pollutam
839 4274 1146 4328 inveniatur
1172 4282 1266 4328 aut
1306 4273 1583 4335 sordidum
1627 4276 1769 4344 quod
1819 4290 1918 4332 nos
1948 4276 2000 4330 in

412 4368 504 4421 die
539 4366 725 4437 jndicii
755 4381 821 4421 ex
850 4366 1200 4422 conscientiae
1226 4365 1641 4437 cogitationibus
1667 4376 1878 4437 arguat,
1909 4369 2001 4423 sed

416 4458 722 4513 inveniatur
747 4458 800 4511 in
830 4457 984 4513 nobis
1003 4457 1215 4527 puritas
1240 4457 1440 4512 cordis.

486 4553 664 4626 (ῐιτιο.)
722 4573 739 4605 ι
780 4552 1162 4624 Habitavitque
1199 4552 1539 4609 Chananteus
1568 4554 1621 4608 in
1645 4551 1824 4607 medio
1855 4550 2000 4619 Eph-

420 4666 438 4697 ι
486 4648 620 4700 raim
653 4662 822 4716 usque
852 4647 905 4700 in
928 4646 1070 4701 diem
1107 4646 1245 4699 hanc
1269 4645 1608 4708 tributarius,
1642 4664 1659 4696 ι
1695 4652 1751 4698 et
1777 4650 1994 4697 caetera.

417 4735 722 4789 Secundum
756 4736 915 4789 aliam
943 4745 1122 4791 autem
1146 4735 1437 4791 editionem
1469 4736 1544 4789 ita
1568 4734 1766 4805 legitur
1810 4750 1822 4785 :
1879 4749 1896 4781 ι
1931 4731 1998 4785 Et

419 4845 437 4876 ι
484 4840 589 4879 non
635 4825 868 4893 perdidit
903 4826 1160 4896 Ephraim
1203 4824 1566 4880 Chanameum
1597 4825 1691 4892 qui
1720 4823 1997 4878 habitabat

421 4937 438 4967 ι
488 4916 538 4971 in
569 4914 783 4969 Gazer:
840 4923 894 4969 et
922 4916 1204 4970 habitabat
1250 4915 1590 4971 Chananteus
1628 4913 1681 4966 in
1733 4912 1991 4981 Epltraim

421 5029 438 5058 ι
485 5022 656 5077 usque
703 5005 754 5059 in
811 5006 952 5060 diem
987 5007 1146 5061 istum
1183 5026 1195 5059 :
1264 5007 1436 5061 donec
1483 5004 1726 5059 ascendit
1780 5002 1996 5058 Pharao

420 5120 437 5150 ι
486 5117 581 5156 rex
605 5096 846 5168 .lEgypti,
897 5105 950 5151 et
996 5098 1138 5167 cepit
1179 5097 1477 5160 civitatem,
1517 5106 1572 5151 et
1608 5096 1844 5149 incendit
1874 5109 1992 5149 eam

417 5213 439 5249 ι
487 5196 541 5251 in
592 5194 712 5262 igne
749 5209 761 5245 :
807 5198 865 5245 ct
929 5188 1282 5253 Cbananmos,
1334 5198 1387 5244 et
1423 5189 1764 5253 Pherezaeos,
1802 5198 1859 5245 et
1901 5189 1993 5258 qui

418 5304 439 5339 ι
480 5283 797 5341 habitabant
841 5282 895 5336 in
936 5280 1128 5345 Gazer,
1185 5282 1544 5350 transpunxit,
1599 5288 1654 5333 et
1693 5280 1840 5336 dedit
1872 5294 1991 5335 eam

419 5399 435 5427 ι
482 5377 695 5433 Pharao
739 5375 793 5429 in
838 5374 1019 5429 dotem
1062 5371 1189 5427 ﬁlia:
1243 5388 1373 5428 suae.
1412 5392 1431 5424 ι
1497 5371 1605 5439 (Ea;
1652 5373 1988 5443 Augustino.)

412 5469 566 5536 Quod
595 5468 661 5523 de
685 5464 971 5522 Pharaone
1009 5463 1212 5520 dictum
1255 5471 1361 5528 est,
1396 5462 1566 5518 miror
1603 5463 1651 5517 si
1678 5462 1989 5534 prophetico

413 5561 618 5614 dictum
657 5556 955 5628 intelligere
982 5555 1300 5621 debeamus,
1327 5570 1449 5610 eum
1481 5556 1599 5611 haec
1635 5555 1858 5610 historia
1884 5554 1990 5609 illis

414 5648 746 5717 temporibus
785 5650 1088 5719 conscripta
1125 5648 1395 5713 credatur,
1423 5648 1620 5719 quibus
1657 5657 1814 5703 erant
1840 5656 1988 5717 gesta

420 5737 515 5796 illa
561 5738 817 5792 recentia.
904 5740 1041 5807 Quid
1089 5751 1270 5798 autem
1323 5756 1574 5813 maguum
1630 5740 1753 5810 eligi
1815 5741 1990 5810 potuit

2111 3280 2318 3329 starum
2346 3272 2588 3327 narratio
2623 3272 2949 3337 traderetur,
2980 3272 3181 3341 scripta
3214 3282 3361 3337 sunt,
3390 3271 3488 3326 sed
3516 3285 3699 3325 sacra—

2109 3363 2306 3418 mentis
2348 3362 2544 3417 divinis
2568 3363 2789 3432 Deoque
2813 3362 2991 3433 dignis
3037 3362 3263 3432 repleta.
3339 3361 3521 3417 Primo
3553 3376 3699 3432 ergo

2108 3454 2313 3509 dictum
2340 3462 2423 3509 est
2450 3454 2576 3523 quia
2623 3468 2730 3508 non
2773 3453 3011 3523 perdidit
3032 3454 3288 3524 Ephraim
3330 3452 3697 3509 Chanauazum

2109 3544 2202 3613 qui
2224 3544 2504 3599 habitabat
2529 3545 2584 3600 in
2629 3543 2823 3610 Gazer,
2850 3545 2943 3600 sed
2970 3544 3248 3599 habitabat
3279 3544 3621 3599 Chananzeus
3644 3543 3696 3597 in

2107 3634 2365 3704 Ephraim
2385 3648 2554 3703 usque
2580 3633 2631 3687 in
2649 3634 2969 3688 hodiernum
2987 3634 3148 3699 diem,
3174 3641 3229 3687 et
3254 3631 3431 3689 factus
3456 3641 3573 3687 erat
3599 3632 3697 3687 sub

2109 3728 2314 3782 tributo
2340 3741 2549 3781 servus.
2610 3726 2870 3781 Ascendit
2915 3741 3129 3795 quoque
3163 3742 3259 3780 rex
3284 3725 3506 3797 rEgypti
3552 3726 3694 3779 Pha-

2109 3833 2225 3884 rao,
2262 3826 2318 3873 et
2355 3818 2564 3887 accepit
2590 3817 2885 3881 civitatem,
2912 3826 2967 3872 et
2992 3818 3231 3872 incendit
3272 3832 3391 3871 eam
3448 3817 3593 3888 igni,
3645 3824 3700 3871 ct

2107 3910 2427 3967 Pherezteos
2462 3912 2554 3980 qui
2591 3911 2908 3968 habitabant
2960 3912 3013 3966 in
3040 3911 3216 3967 Gazer
3269 3911 3585 3975 trucidavit,
3642 3918 3696 3964 et

2107 4003 2256 4060 dedit
2274 4019 2395 4059 eam
2426 4004 2480 4057 in
2509 4004 2687 4059 dotem
2735 4004 2859 4059 ﬁlia:
2879 4020 3011 4060 suat.
3071 4002 3323 4058 Secundo
3355 4021 3369 4056 :
3410 4003 3478 4057 Et
3493 4002 3693 4058 factum

2106 4104 2212 4160 est,
2240 4096 2437 4165 inquit,
2466 4096 2720 4165 quoniam
2764 4095 3106 4150 invaluerunt
3128 4093 3224 4148 ﬁlii
3260 4093 3449 4155 lsrael,
3477 4104 3537 4148 et
3554 4092 3696 4148 fece-

2108 4198 2236 4245 runt
2247 4190 2580 4246 Chananaaos
2605 4189 2895 4258 subjectos,
2912 4188 3367 4243 exterminatiene
3389 4197 3691 4242 autemnon

2103 4283 2604 4338 exterminaverunt
2624 4296 2737 4336 eos.
2775 4281 2982 4345 Tertio,
3011 4280 3225 4348 quando
3250 4280 3693 4334 contradixerunt

2103 4372 2205 4427 viri
2249 4356 2315 4427 de
2354 4372 2493 4426 tribu
2526 4372 2784 4442 Ephraim
2811 4370 2965 4433 Jesu,
2994 4370 3240 4425 volentes
3267 4370 3565 4425 secundum
3595 4384 3691 4422 nu-

2102 4464 2470 4518 merositatem
2498 4478 2672 4528 suam,
2710 4462 2836 4532 quia
2882 4462 3066 4532 plures
3090 4469 3268 4525 erant,
3298 4469 3354 4516 et
3375 4461 3687 4516 validiorem

2101 4558 2263 4611 etiam
2286 4557 2532 4626 accipere
2559 4564 2760 4611 sortem
2788 4571 2802 4608 :
2830 4562 2884 4609 et
2905 4553 3170 4622 jubentur
3195 4554 3493 4609 ascendere
3516 4555 3572 4607 in
3592 4552 3691 4609 sal-

2102 4654 2235 4709 tum,
2263 4655 2319 4701 et
2345 4647 2448 4702 sibi
2480 4647 2612 4715 ipsis
2652 4645 2967 4715 ampliorem
2998 4645 3173 4698 locum
3204 4644 3407 4700 facere.
3453 4644 3528 4702 Ut
3562 4659 3689 4715 pos-

2098 4737 2208 4790 sint
2240 4736 2436 4792 latiora
2484 4736 2658 4805 spatia
2701 4748 2986 4803 occupare,
3011 4732 3272 4801 jubentur
3323 4734 3687 4787 exterminare

2098 4826 2499 4882 Cbananmum.~
2549 4826 2841 4880 Videamus
2874 4839 3005 4894 ergo
3035 4823 3165 4893 quid
3191 4824 3295 4878 sibi
3340 4823 3594 4879 videatur
3620 4823 3685 4877 de

2098 4918 2418 4974 Chananteis
2465 4917 2735 4985 tripertita
2787 4914 3049 4969 narratio.
3118 4915 3300 4968 Primo
3345 4914 3685 4969 Chananteus

2099 5010 2377 5065 nobiscum
2398 5009 2615 5079 quidem
2653 5014 2759 5072 est,
2813 5015 2871 5061 et
2921 5007 3024 5061 sub
3050 5006 3253 5060 tributo
3281 5013 3409 5071 est;
3457 5022 3567 5061 non
3602 5013 3683 5060 est

2097 5108 2274 5153 tamen
2302 5099 2558 5153 ohediens
2586 5098 2762 5160 nobis,
2792 5112 2967 5168 neque
2993 5111 3199 5150 servus.
3242 5095 3498 5152 Secundo
3521 5098 3681 5151 etiam

2095 5206 2284 5258 servus
2296 5189 2542 5255 efﬁcitur,
2570 5197 2624 5244 et
2646 5188 2923 5245 obediens.
2952 5188 3316 5243 Chananatum
3346 5187 3435 5244 hic
3460 5203 3682 5243 carnem

2093 5291 2334 5337 nostram
2358 5281 2707 5351 accipiamus,
2744 5279 2830 5335 vel
2874 5294 2939 5335 ea
2982 5293 3101 5348 qua:
3141 5278 3323 5334 carnis
3369 5287 3537 5333 sunt:
3570 5280 3681 5335 hate

2096 5373 2273 5443 primo
2298 5371 2576 5426 nobiscum
2615 5379 2718 5433 est,
2753 5369 2859 5424 hoc
2885 5376 2973 5423 est
2998 5366 3214 5430 animae,
3266 5366 3545 5437 adjuncta,
3585 5367 3678 5421 sed

2096 5472 2308 5517 nonest
2331 5462 2381 5516 ei
2403 5461 2680 5525 ohediens,
2705 5460 2808 5515 nisi
2833 5467 3039 5514 tantum
3068 5458 3208 5526 quod
3234 5456 3435 5511 tributa
3465 5457 3678 5527 dispen-

2096 5555 2204 5619 dit;
2250 5564 2305 5609 et
2329 5553 2688 5609 ministerium
2719 5550 2940 5621 quidem
2984 5549 3203 5604 exhibet
3243 5546 3439 5616 agendi
3475 5546 3676 5617 aliquid

2094 5645 2178 5701 vel
2204 5644 2485 5709 movendi;
2538 5641 2871 5712 concupiscit
2905 5649 3085 5699 tamen
3114 5638 3379 5699 adversus
3395 5637 3673 5709 spiritum.

2096 5748 2150 5796 et
2184 5754 2287 5795 non
2314 5746 2397 5794 est
2414 5738 2670 5794 obcdiens
2700 5735 2915 5799 animm,
2941 5731 3036 5788 sed
3059 5729 3172 5786 suis
3198 5729 3484 5785 desideriis
3509 5727 3671 5784 cadit.
