3996 6176
298 310 424 369 1081

1209 304 1565 363 COMMENT.
1608 306 1674 361 IN
1715 306 1976 363 LIBRUM
2014 300 2250 368 JOSUE.
2291 342 2360 352 —
2396 310 2523 367 LIB.
2566 312 2650 373 III.

3425 316 3563 376 l08‘2

295 427 350 483 Si
374 439 504 479 vero
525 422 640 492 jam
666 422 999 493 aliquantum
1029 422 1435 493 profecerimus,
1458 422 1690 479 efﬁcitur
1719 425 1875 479 nobis
1901 426 1952 486 Α
1978 430 2207 498 peccati,
2250 436 2307 483 et
2353 443 2585 498 purgare
2639 428 2848 484 fructus
2883 429 3125 497 iustitia).
3196 431 3303 488 Sed
3348 443 3406 489 et
3456 433 3565 489 lia-

293 533 423 573 caro
459 528 672 580 servus,
702 524 758 569 et
807 515 1063 570 obediens
1103 531 1168 569 ac
1201 529 1397 583 parens
1441 515 1636 571 animat
1672 524 1873 571 nostra;

291 610 590 680 profectus,
621 621 743 659 cum
781 605 882 659 sibi
910 620 1128 660 carnem
1152 617 1207 661 et
1234 606 1454 663 obedire
1482 614 1539 662 et
1560 608 1768 663 servire
1798 607 1875 662 fc-

294 702 451 758 ccrit.
502 700 716 754 Tertius
742 712 871 754 vero
904 706 989 753 est
1013 700 1156 767 quod
1185 699 1482 769 perfectum
1503 708 1623 765 est;
1654 699 1700 754 si
1728 700 1873 754 enim

285 793 401 862 jam
434 792 708 847 veniamus
732 791 798 846 ad
835 789 1151 860 perfectum,
1185 791 1350 844 etiam
1376 791 1815 846 exterminandus
1843 805 1874 844 a

292 885 451 943 nobis
475 883 672 937 dicitur
694 880 1052 947 Chananatus,
1079 888 1133 935 et
1165 882 1327 936 morti
1369 881 1677 936 tradendus.
1733 879 1877 947 Quo-

292 976 456 1031 modo
483 982 664 1029 autem
712 975 767 1028 in
796 982 982 1029 nostra
1012 989 1179 1029 carne
1224 974 1543 1044 completur,
1571 972 1694 1026 audi
1728 971 1875 1041 Apo-

294 1066 493 1123 stolam
530 1066 798 1121 dicentem
829 1081 844 1118 :
911 1083 928 1115 ι
973 1064 1288 1120 Mortiﬁcate
1313 1073 1492 1120 autem
1522 1063 1765 1119 membra
1786 1079 1879 1118 ve-

294 1169 406 1215 stra
431 1174 554 1228 quat
586 1167 714 1214 sunt
754 1174 914 1229 super
949 1168 1174 1224 terram,
1224 1157 1633 1215 fornicationem
1664 1167 1724 1215 et
1777 1160 1880 1214 im-

294 1252 619 1307 munditiam
638 1247 775 1321 (Col.
800 1249 906 1323 ιιι),
944 1271 963 1303 ι
997 1259 1051 1305 et
1074 1258 1265 1307 caetera
1293 1265 1412 1319 qua:
1436 1258 1754 1321 sequuntur.
1811 1251 1881 1305 Et

294 1343 492 1397 iterum
516 1341 678 1396 dicit:
710 1359 727 1390 ι
757 1339 858 1406 Qui
879 1349 1059 1396 autem
1087 1340 1287 1395 Christi
1309 1348 1451 1404 sunt,
1477 1356 1699 1397 carnem
1722 1355 1877 1395 suam

293 1430 685 1488 cruciﬁxerunt
721 1446 843 1486 curn
858 1428 1016 1486 Qitiis
1036 1439 1103 1487 et,
1116 1431 1570 1500 concupiscentiis
1593 1431 1707 1486 suis
1733 1429 1876 1502 (Gal.

293 1524 372 1595 v).
409 1543 429 1576 ι
470 1522 563 1578 Sic
590 1537 720 1593 ergo
749 1522 931 1589 tertio,
965 1524 1070 1578 hoc
1090 1530 1194 1587 est,
1230 1538 1354 1577 cum
1381 1523 1449 1578 ad
1493 1522 1879 1591 perfectionem

293 1616 564 1681 venimus,
591 1624 648 1672 et
672 1617 918 1670 membra
938 1624 1126 1671 nostra
1158 1616 1546 1671 mortiﬁcamus
1564 1631 1628 1669 ac
1652 1622 1879 1669 mortem

296 1705 497 1762 Christi
522 1706 578 1760 in
594 1720 820 1774 corpore
843 1714 1029 1761 nostro
1053 1704 1506 1767 circumferimus,
1548 1704 1879 1760 extermina-

1974 519 2180 588 pltaim,
2229 519 2420 588 inquit,
2454 518 2683 588 expelle,
2712 520 2795 572 vel
2849 523 3028 590 potius
3070 538 3322 596 expugna
3371 528 3435 581 de
3484 537 3558 583 te.

1974 609 2237 678 Raphaim
2270 612 2573 667 invenimus
2607 613 3020 681 interpretatum
3046 617 3296 672 resolutae
3338 627 3559 675 matres.
3642 616 3665 631 “’

1976 702 2072 757 Est
2101 712 2156 758 et
2175 703 2227 758 in
2254 704 2433 759 anima
2454 713 2638 759 nostra
2667 705 2841 761 virtus
2855 707 3103 776 quaedam
3129 724 3251 777 quae
3281 712 3564 778 paritsen-

1977 808 2118 857 sum,
2141 802 2197 847 et
2226 795 2373 849 velut
2403 804 2579 850 mater
2607 804 2692 850 est
2729 811 2918 851 eorum
2966 812 3224 853 sensuum
3249 799 3333 853 vel
3358 800 3565 856 intelle-

1977 894 2160 938 ctuum
2189 884 2281 953 qui
2304 886 2606 954 procedunt
2651 901 2718 939 ex
2748 886 2925 951 nobis,
2978 888 3277 943 secundum
3304 890 3446 959 quod
3484 892 3567 946 di-

1977 973 2119 1027 citur
2163 974 2215 1028 in
2263 983 2602 1030 sacramento
2646 977 2713 1031 de
2751 978 2931 1031 anima
2976 980 3132 1047 quasi
3186 978 3252 1033 de
3296 981 3564 1036 muliere:

1979 1063 2137 1118 Salva
2166 1065 2271 1118 erit
2318 1074 2498 1121 autem
2529 1082 2627 1135 per
2656 1066 2889 1123 ﬁliorum
2925 1071 3349 1139 generationem,
3376 1072 3420 1126 si
3449 1088 3599 1141 per-1

1978 1154 2241 1208 manserit
2269 1154 2322 1208 in
2346 1154 2451 1210 ﬁde
2477 1164 2533 1210 et
2556 1157 2785 1213 veritate
2815 1158 2868 1230 (Ι
2898 1158 3033 1215 Tim.
3057 1160 3140 1230 ιι).
3169 1161 3276 1216 Ista
3297 1178 3427 1231 ergo
3452 1180 3570 1219 ma-
3600 1222 3603 1225 .

1979 1250 2083 1309 ter,
2116 1243 2217 1298 hoc
2238 1254 2341 1307 est,
2371 1245 2473 1299 ista
2515 1247 2704 1311 virtus,
2737 1251 2931 1305 anima:
2980 1250 3056 1305 illi
3084 1252 3137 1305 in
3168 1267 3272 1321 qua
3305 1252 3462 1307 fortis
3512 1264 3567 1309 et

1979 1333 2156 1388 valida
2183 1351 2247 1390 ac
2275 1335 2493 1391 robusta
2524 1340 2801 1408 generatio
2823 1350 3045 1411 generat
3071 1358 3264 1399 sensus
3288 1345 3490 1401 validos
3512 1355 3568 1401 et

1978 1436 2247 1495 potentes,
2279 1437 2332 1482 et
2378 1430 2468 1498 qui
2501 1433 2747 1500 superari
2775 1448 2804 1487 a
2832 1434 3240 1491 contradicente
3284 1436 3336 1491 in
3371 1446 3423 1490 te
3457 1453 3567 1493 non

1980 1524 2226 1584 possunt.
2300 1517 2359 1571 in
2388 1518 2510 1573 aliis
2560 1529 2739 1576 autem
2769 1524 2943 1579 virtus
2967 1524 3069 1580 ista
3100 1527 3334 1582 resoluta
3381 1537 3465 1584 est
3513 1538 3571 1584 et

1983 1610 2231 1675 remissa,
2284 1627 2405 1681 quae
2436 1612 2708 1669 indicatur
2763 1631 2830 1672 ex
2862 1618 3137 1685 sensibus,
3181 1636 3302 1679 cum
3330 1620 3568 1692 languidi

1983 1699 2203 1776 quidam
2241 1701 2552 1757 referuntur
2571 1713 2628 1759 et
2683 1705 2869 1776 inepti,
2919 1716 2974 1762 et
3000 1709 3135 1764 nihil
3184 1711 3239 1765 iu
3267 1726 3327 1768 se
3357 1711 3571 1768 fortitu-

296 1813 419 1852 mus
439 1813 470 1850 a
492 1796 648 1852 nobis
691 1796 1046 1852 Cbananaeos.
1105 1796 1212 1851 Sed
1266 1806 1322 1850 et
1370 1797 1498 1851 illud
1548 1812 1655 1851 non
1700 1796 1875 1853 otiose
1905 1783 1950 1839 Β
1976 1775 2115 1847 diuis
2143 1793 2499 1849 continentes.
2557 1795 2671 1851 Hoc
2692 1775 2824 1868 ergo
2851 1799 3189 1869 signiﬁcatur
3218 1802 3318 1857 sub
3349 1803 3570 1858 nomine

295 1888 730 1959 praetereundum
777 1897 862 1943 est
909 1889 1050 1958 quod
1079 1890 1279 1947 dicitur
1306 1889 1517 1944 Pharao
1572 1889 1784 1945 misisse
1822 1898 1878 1944 et

296 1978 575 2048 accepisse
603 1977 777 2033 Gazer
796 1979 1091 2044 civitatem,
1143 1979 1197 2033 in
1224 1994 1332 2049 qua
1358 1979 1697 2035 Chananzeus
1727 1979 1878 2035 babi-

296 2075 379 2121 tat
403 2081 526 2121 cum
546 2066 818 2137 prraim,
852 2076 909 2129 et
926 2068 1139 2123 dedisse
1162 2083 1283 2123 eam
1309 2069 1362 2123 in
1391 2070 1567 2129 (lotam
1596 2068 1717 2123 ﬁliae
1742 2083 1874 2123 suae.

296 2157 473 2215 Gazer
498 2167 678 2213 autem
705 2161 1092 2229 interpretatur
1119 2162 1473 2215 constructio.
1506 2161 1563 2216 Si
1587 2176 1716 2231 ergo
1749 2176 1874 2215 cor-

295 2268 400 2323 pus
447 2260 504 2307 et
530 2252 710 2307 anima
738 2268 847 2306 una
874 2259 1036 2322 atque
1070 2254 1259 2308 eadem
1287 2253 1689 2308 constructione
1724 2252 1887 2307 habi-

296 2350 434 2407 tent,
468 2344 521 2398 id
551 2351 655 2409 est,
694 2344 992 2414 conjunctte
1013 2344 1114 2399 sibi
1162 2344 1391 2401 invicem
1416 2354 1473 2398 et
1502 2345 1684 2409 sociae,
1713 2345 1790 2398 ita
1820 2351 1880 2398 ut

296 2440 352 2486 et
376 2431 556 2485 anima
584 2432 876 2487 carnaliter
896 2432 1064 2496 vivat,
1118 2440 1173 2486 et
1199 2448 1307 2487 non
1340 2432 1554 2489 festinet
1573 2434 1755 2489 anima
1784 2447 1878 2487 ve-

298 2523 470 2579 locius
495 2524 597 2579 sibi
638 2525 976 2580 obedientem
1024 2533 1078 2579 et
1105 2525 1376 2579 subditam
1410 2525 1589 2580 facere
1637 2541 1877 2591 carnem,

295 2615 597 2671 verendum
624 2623 794 2673 estne
825 2615 960 2671 forte
987 2616 1164 2671 veniat
1209 2616 1420 2671 Pharao
1444 2632 1510 2672 ex
1541 2616 1797 2687 Egypto,
1826 2626 1883 2673 et

298 2705 566 2773 captivam
596 2705 757 2759 ducat
786 2706 1052 2761 infelicem
1074 2707 1333 2771 animam,
1364 2707 1437 2761 ita
1474 2714 1531 2760 ut
1558 2723 1679 2762 eam
1705 2708 1884 2765 tradat

304 2795 432 2850 ﬁliae
461 2810 579 2849 suae.
598 2795 652 2848 in
680 2795 880 2850 dotem.
943 2796 1000 2850 Si
1026 2796 1170 2850 enim
1202 2797 1512 2852 consideres
1566 2797 1695 2851 illud
1738 2799 1882 2867 quod

300 2885 440 2940 dixit
462 2885 738 2954 apostolus
761 2885 958 2941 Paulus
980 2884 1154 2956 (Rom.
1172 2886 1398 2958 vu,25),
1414 2902 1709 2957 exsurgere
1720 2888 1883 2944 aliam

299 2976 475 3048 legem
502 2978 557 3030 in
583 2977 841 3032 membris
866 2978 1088 3044 nostris,
1116 2987 1174 3034 et
1197 2980 1440 3049 captivos
1461 2979 1660 3034 ducere
1684 2995 1787 3034 nos
1827 2981 1880 3034 in

300 3067 475 3138 legem
495 3068 722 3136 peccati,
751 3069 992 3123 invenies
1017 3070 1287 3138 quomodo
1313 3068 1402 3125 ille
1425 3068 1653 3133 Pharao,
1680 3070 1772 3140 qui
1799 3077 1885 3124 est

300 3164 493 3211 auctor
518 3164 571 3212 et
595 3173 688 3213 rex
714 3158 944 3227 peccati,
962 3159 1200 3215 animam
1213 3174 1333 3229 qua:
1355 3159 1645 3214 carnaliter
1668 3159 1803 3214 vivit
1826 3159 1883 3215 in
1909 3130 1954 3194 C

303 3249 485 3303 dotem
511 3249 854 3318 conscripsit.

899 3372 1127 3435 CAPUT
1170 3379 1295 3436 Vlll.

307 3485 583 3541 Sermones
612 3486 844 3557 ﬁliorum
871 3486 1067 3613 Josep‘I;
1089 3491 1158 3545 ad
1183 3492 1363 3560 Iosue,
1401 3505 1447 3549 et
1472 3486 1735 3567 responsio
1770 3497 1885 3567 ejus

995 3577 1026 3612 a
1086 3578 1194 3613 eos.

995 3577 1063 3613 aa
1086 3578 1194 3617 €08.

378 3689 529 3761 (CAP.
555 3688 711 3759 xvu.)
758 3709 776 3742 ι
811 3691 1106 3764 Locutique
1133 3705 1256 3750 sunt
1281 3696 1375 3750 ﬁlii
1401 3695 1598 3767 Joseph
1623 3697 1689 3752 ad
1724 3696 1887 3754 Josue

312 3800 331 3833 ι
376 3789 538 3850 atque
574 3782 861 3838 dixerunt:
906 3785 1084 3852 Quare
1109 3787 1303 3842 dedisti
1332 3789 1462 3843 mihi
1491 3789 1887 3859 possessionem

315 3891 332 3922 ι
381 3872 546 3927 sortis
573 3880 626 3927 et
647 3871 869 3929 funiculi
895 3876 1078 3941 unius,
1107 3892 1229 3932 cum
1255 3879 1358 3933 sim
1400 3888 1567 3935 tanta;
1591 3879 1890 3936 multitudi-

315 3982 333 4015 ο
380 3964 486 4029 nis,
514 3973 570 4020 et
594 3966 932 4021 bcnedixerit
960 3970 1091 4024 mihi
1121 3970 1398 4028 Dominus.
1452 3973 1534 4029 Ad
1565 3990 1700 4045 quos
1726 3974 1890 4032 Josue

315 4074 334 4107 ι
382 4055 497 4111 ait:
550 4055 609 4111 Si
630 4058 856 4127 populus
890 4061 1089 4116 multus
1111 4078 1187 4127 es,
1243 4065 1474 4123 ascende
1500 4068 1555 4122 in
1581 4069 1793 4137 silvam,
1835 4080 1889 4127 et

316 4165 335 4196 ι
380 4147 597 4202 succide
620 4148 715 4202 tibi
738 4151 909 4218 spatia
938 4151 991 4205 in
1033 4160 1176 4209 terra
1204 4154 1471 4213 Phereztei
1503 4168 1558 4214 et
1606 4160 1887 4230 Rapbaim,

317 4256 335 4287 ι
383 4237 510 4307 quia
544 4248 768 4310 angusta
799 4249 882 4296 est
908 4242 1000 4297 tibi
1029 4248 1302 4314 possessio
1324 4252 1521 4313 montis
1556 4252 1833 4322 Ephraim,
1865 4274 1884 4307 ι

309 4335 369 4380 et
393 4326 619 4396 reliqua.
663 4328 784 4383 Filii
813 4346 942 4386 vero
970 4331 1167 4405 Josepb
1199 4342 1548 4407 quaestionem
1571 4353 1789 4399 movent
1819 4346 1888 4400 de

313 4418 629 4528 haereditate
670 4422 917 4491 majore;
952 4433 1151 4480 sortem
1192 4431 1476 4499 requirunt
1507 4474 1520 4498 ,
1563 4434 1803 4489 dicentes
1823 4440 1889 4490 ad
1914 4468 1968 4528 D

310 4506 494 4563 Jesum
526 4529 539 4562 :
577 4510 752 4577 Quare
779 4515 934 4569 nobis
955 4516 1147 4571 dedisti
1188 4519 1239 4572 in
1270 4521 1580 4578 ltmreditate
1609 4534 1809 4579 sortem
1836 4534 1891 4580 et

314 4597 630 4665 pedaturam
667 4617 825 4655 unam
856 4604 885 4656 Υ
926 4605 1037 4675 Ego
1077 4617 1256 4663 autem
1293 4612 1517 4680 populus
1553 4615 1786 4680 “multus,
1839 4625 1894 4672 et

317 4689 576 4745 Dominus
607 4709 692 4748 me
717 4695 1010 4751 benedixit.
1054 4699 1111 4754 Si
1140 4716 1270 4771 ergo
1296 4715 1350 4757 et
1386 4721 1483 4760 nos
1508 4709 1736 4776 populus
1752 4711 1889 4764 mul-

316 4795 403 4845 tes
432 4801 638 4853 sumus,
668 4800 722 4844 et
751 4792 1024 4846 benedixit
1052 4810 1151 4849 nos
1191 4797 1468 4862 Dominus,
1514 4801 1797 4858 audiamus
1825 4805 1893 4860 ab

314 4874 443 4932 Iesu
475 4893 489 4931 :
518 4879 749 4949 Populus
764 4882 981 4949 multus,
1011 4886 1240 4947 ascende
1267 4887 1319 4940 in
1343 4888 1573 4953 saltum,
1614 4900 1670 4946 et
1693 4895 1890 4948 munda

318 4969 414 5022 tibi
444 4969 567 5039 ipsi,
604 4978 657 5024 et
680 4987 811 5040 para
837 4973 931 5028 tibi
954 4973 1128 5029 locum
1155 4977 1208 5030 in
1242 4985 1404 5045 terra,
1425 4988 1479 5035 et
1504 4997 1669 5052 purga
1692 4982 1891 5041 Phere-

318 5077 458 5116 zaeos
477 5071 532 5117 et
559 5063 843 5133 Rapliaim.
910 5065 1138 5124 Necesse
1178 5080 1262 5126 est
1307 5087 1405 5128 nos
1459 5073 1655 5142 ejicere
1690 5075 1893 5132 Phere-

320 5169 481 5211 ιίευε.
573 5156 877 5233 Invenimus
927 5168 1109 5215 autem
1164 5161 1483 5222 Pherezaeos
1546 5150 1890 5239 interpretari

322 5245 812 5304 fructiﬁcationem.
884 5250 989 5307 Sed
1039 5254 1179 5308 sicut
1219 5270 1359 5326 saepe
1393 5258 1507 5327 jam
1552 5260 1786 5315 diximus
1825 5263 1891 5318 de

320 5336 445 5391 aliis
469 5338 736 5403 omnibus,
753 5349 808 5396 et
837 5342 888 5396 in
920 5344 1021 5401 hoc
1043 5345 1235 5415 duplex
1267 5355 1351 5402 est
1377 5348 1771 5418 interpretatio.
1801 5352 1897 5408 Est

322 5428 467 5485 enim
501 5427 844 5487 fructiﬁcatio
869 5434 1009 5490 bona
1029 5445 1083 5490 et
1118 5435 1462 5495 fructiﬁcatio
1489 5441 1651 5509 mala,
1679 5444 1821 5499 sicut
1843 5446 1895 5500 in

324 5517 629 5589 Evangeliis
654 5522 987 5593 designatur,
1035 5545 1054 5577 ι
1086 5528 1211 5597 quia
1235 5530 1396 5584 arbor
1435 5532 1572 5586 bona
1601 5534 1771 5592 bonos
1784 5536 1897 5593 fru-

326 5617 448 5665 ctus
474 5611 601 5668 facit
628 5613 842 5685 (Matth.
865 5615 981 5688 vn).
1016 5636 1036 5669 ι
1091 5618 1313 5690 Oportet
1338 5637 1466 5692 ergo
1485 5639 1586 5680 nos
1629 5628 1898 5697 expellere

330 5704 593 5774 quidquid
619 5721 726 5762 non
751 5705 889 5763 bene
928 5705 1237 5778 fructiﬁcat,
1284 5720 1341 5769 et
1389 5714 1669 5773 abscidere
1690 5716 1897 5777 fructus

1980 1883 2242 1954 Raphaim
2272 1904 2286 1940 :
2315 1896 2370 1941 et
2401 1889 2773 1959 hujuscemodi
2803 1892 2870 1948 de
2897 1892 3054 1949 nobis
3084 1902 3289 1949 matres
3318 1896 3572 1952 remissas

1978 1990 2118 2041 esse,
2147 1992 2266 2045 quae
2296 1992 2487 2034 sensus
2510 1980 2813 2036 ineruditos
2859 1991 2915 2037 et
2942 1983 3159 2039 inutiles
3198 1986 3436 2054 pariunt.
3500 1986 3569 2041 Et

1978 2068 2121 2122 bene
2161 2070 2401 2125 servavit
2446 2071 2707 2140 spiritalis
2747 2072 3114 2144 intelligentiae
3151 2075 3563 2144 proprietatem,

1980 2172 2080 2223 nec
2101 2166 2184 2213 est
2211 2158 2389 2231 (dixit)
2416 2161 2883 2217 exterminandum
2902 2163 3154 2219 bellicum
3177 2165 3564 2223 Chanauacum.

1982 2248 2087 2305 Sed
2114 2250 2242 2318 quid
2276 2252 2554 2321 respondit
2600 2252 2675 2307 illi
2719 2252 2923 2308 Jews?
2992 2252 3049 2308 Si
3079 2254 3310 2326 populus
3368 2256 3573 2311 multus

1980 2357 2065 2407 es,
2094 2351 2150 2399 et
2173 2344 2428 2399 virtutem
2475 2345 2667 2410 habes,
2711 2361 2818 2402 non
2865 2346 2972 2401 erit
3003 2348 3100 2402 tibi
3137 2364 3258 2403 sors
3284 2363 3412 2413 una,
3443 2348 3572 2418 quia

1982 2434 2153 2491 saltus
2181 2444 2264 2490 est
2286 2436 2402 2501 tibi,
2432 2444 2486 2491 et
2512 2438 2801 2494 mundabis
2836 2454 2979 2493 eum.
3034 2440 3193 2496 Vides
3227 2440 3350 2509 quia
3380 2441 3448 2495 ad
3477 2456 3573 2495 no-

1982 2535 2152 2581 stram
2175 2527 2473 2597 spiritalem
2490 2529 2902 2600 intelligentiam
2928 2531 3146 2596 dicitur,
3171 2540 3231 2585 ut
3263 2541 3318 2586 et
3348 2532 3573 2588 munde-

1985 2635 2104 2673 n;us
2134 2619 2323 2672 silvam
2368 2634 2489 2687 qua;
2543 2620 2752 2676 inutilis
2800 2630 2903 2682 est.
2930 2623 3318 2678 etcxcidentes
3355 2623 3572 2678 inutiles

1984 2715 2148 2777 atque
2168 2706 2537 2764 infructuosas
2584 2723 2653 2763 ex
2706 2708 2862 2764 nobis
2914 2711 3159 2775 arbores,
3206 2710 3467 2767 faciamus
3498 2712 3574 2768 ibi

1984 2797 2219 2862 novalia,
2271 2812 2392 2866 qua:
2422 2812 2637 2868 semper
2689 2799 3027 2865 innovemus,
3058 2809 3116 2855 et
3142 2815 3206 2855 ex
3231 2802 3428 2871 quibus
3452 2801 3570 2856 fru-

1985 2897 2135 2943 ctum
2164 2888 2445 2958 capiamus
2466 2889 2825 2954 tricesimum,
2866 2898 2921 2943 ct
2948 2892 3340 2962 sexagesimum
3366 2900 3422 2947 et
3449 2908 3573 2948 cen-

1986 2979 2258 3035 tesimum.
2312 2979 2396 3033 An
2446 2994 2555 3034 non
2588 2980 2777 3036 eadem
2811 2982 2966 3037 nobis
2994 2991 3052 3037 et
3073 2982 3347 3054 Evangelii
3392 2999 3574 3039 sermo

1986 3075 2267 3130 denuntiat
2289 3074 2516 3130 dicens:
2566 3092 2585 3126 ι
2628 3075 2769 3131 Ecce
2805 3077 3012 3132 securis
3039 3078 3107 3132 ad
3156 3077 3368 3133 radices
3412 3079 3572 3137 arbo~

1986 3180 2106 3219 rum
2146 3164 2389 3235 apposita
2437 3172 2541 3220 est.
2609 3163 2800 3220 Omnis
2816 3180 2947 3237 ergo
2973 3168 3137 3220 arbor
3155 3181 3276 3236 quae
3307 3182 3413 3222 non
3444 3166 3575 3222 facit

1987 3255 2220 3311 fructum
2251 3256 2475 3320 bonum,
2514 3257 2792 3312 excidetur
2834 3257 2971 3311 etin
3018 3258 3197 3328 ignem
3227 3259 3515 3313 mittetur?
3550 3278 3569 3311 ι

1986 3344 2220 3418 (Matth.
2274 3346 2400 3418 ιιι.)
2468 3345 2594 3401 Haec
2637 3347 2910 3417 prioribus
2967 3348 3168 3403 nostris
3232 3347 3380 3403 Nave
3433 3349 3575 3405 ﬁlius

1983 3438 2242 3508 praecepit
2266 3436 2425 3492 Jesus
2448 3439 2513 3492 de
2542 3437 2891 3494 inl‘ructuosis
2915 3441 3202 3495 arboribus
3226 3442 3572 3509 excidendis;

1984 3526 2102 3581 haec
2125 3527 2281 3581 nobis
2309 3528 2569 3582 Dominus
2594 3527 2753 3583 Jesus
2775 3528 2828 3581 in
2854 3529 3161 3599 Evangeliis
3203 3532 3453 3586 mandata
3484 3534 3577 3591 de-

1987 3619 2198 3675 scribit.
2243 3618 2312 3673 Et
2360 3619 2627 3687 quomodo
2675 3633 2783 3673 non
2832 3634 3021 3673 verum
3072 3628 3156 3674 est
3197 3622 3342 3697 quod
3382 3623 3575 3678 umbra

1984 3710 2281 3780 praecessit,
2305 3719 2362 3765 et
2383 3710 2585 3765 veritas
2611 3710 2853 3781 subjecta
2880 3719 2964 3765 cst
2989 3712 3011 3765 ?
3070 3710 3185 3766 Huc
3211 3721 3392 3767 autem
3427 3715 3574 3782 quod

1988 3803 2195 3859 addidit
2219 3804 2444 3858 dicens:
2508 3821 2527 3853 ι
2561 3802 2658 3858 His
2700 3804 2746 3859 si
2795 3804 3200 3869 emundaveris,
3256 3805 3450 3874 inquit,
3477 3807 3574 3862 sil-

1986 3910 2132 3958 vam,
2162 3900 2217 3948 et
2241 3893 2347 3948 erit
2374 3891 2469 3948 tibi
2497 3907 2620 3947 cum
2667 3893 3116 3949 exterminaveris
3147 3894 3500 3953 Chananwos.
3549 3915 3570 3950 ι

1989 3988 2235 4044 Diximus
2278 3985 2392 4055 jam
2449 3987 2696 4056 superius
2724 3986 2993 4058 quomodo
3041 3987 3320 4043 nobiscum
3364 3989 3573 4058 positus

1989 4080 2327 4136 Chananteus
2365 4079 2542 4149 primo
2594 4078 2791 4133 tributa
2829 4079 3105 4148 dependit,
3148 4078 3390 4135 secundo
3444 4080 3574 4135 obe-

1990 4169 2142 4224 diens
2181 4168 2414 4225 efﬁcitur
2439 4183 2501 4224 ac
2527 4168 2823 4236 subjectus,
2854 4171 3014 4223 tertio
3051 4183 3178 4224 vero
3201 4170 3257 4222 in
3303 4169 3577 4223 membro—

1990 4275 2110 4313 rum
2136 4267 2443 4313 nostromm
2474 4259 2890 4312 mortiﬁcatione
2915 4258 3078 4313 etiam
3115 4258 3465 4312 exterminari
3493 4245 3577 4313 di:-

1992 4349 2153 4403 citur.
2197 4347 2327 4413 Quae
2348 4347 2392 4401 si
2421 4355 2568 4401 recte
2591 4347 2961 4417 intelligimus,
3008 4355 3064 4402 et
3110 4347 3394 4402 donaverit
3416 4348 3576 4404 nobis

1992 4439 2254 4496 Dominus
2281 4454 2378 4507 per
2412 4438 2640 4507 gratiam
2669 4454 2820 4493 suam
2847 4439 2965 4494 hxec
3016 4439 3091 4492 ita
3131 4437 3445 4507 intelligere,
3504 4440 3578 4505 sit

1993 4532 2194 4602 aliquid
2224 4545 2400 4601 operae
2426 4532 2582 4599 pretii
2602 4532 2721 4587 haec
2746 4532 2811 4586 de
2829 4532 3054 4587 secretis
3081 4538 3136 4586 et
3159 4530 3489 4586 absconditis
3519 4531 3575 4586 in

1991 4621 2264 4692 publicum
2302 4621 2639 4691 produxisse,
2672 4631 2727 4676 et
2762 4622 2978 4676 venisse
3007 4621 3075 4675 ad
3104 4621 3435 4693 agnitionem
3466 4637 3567 4678 no-

1994 4723 2162 4768 stram
2191 4728 2312 4783 qua:
2346 4713 2663 4768 servabatur
2693 4714 2934 4779 obtecta,
2985 4721 3040 4768 et
3064 4729 3345 4779 conemur,
3375 4730 3573 4770 secun-

1995 4806 2122 4860 dum
2152 4806 2267 4860 hinc
2303 4821 2423 4875 quze
2473 4806 2723 4871 diximus,
2772 4805 3138 4863 Chananazum
3166 4808 3258 4878 qui
3292 4809 3574 4865 nobiscum

1993 4905 2095 4962 est,
2146 4897 2306 4952 citius
2346 4896 2614 4967 subjicere
2656 4899 2813 4953 nobis
2858 4907 2915 4955 et
2957 4901 3297 4957 obedientem
3351 4900 3571 4958 facere:

1996 4988 2122 5057 quia
2143 4988 2189 5044 si
2227 4989 2551 5043 dimittimus
2563 5005 2685 5067 eum
2708 4999 2765 5044 et
2789 4991 3130 5062 negligimus,
3160 4994 3342 5048 veniet
3360 4992 3573 5047 Pharao

1996 5097 2091 5135 rex
2123 5079 2363 5151 IEgypti,
2413 5089 2466 5135 et
2516 5069 2736 5151 incipiet
2791 5082 2967 5137 locum
3014 5092 3256 5139 nostrum
3301 5084 3355 5137 in
3392 5083 3572 5137 dotem

1996 5172 2118 5226 ﬁlize
2155 5188 2265 5226 suae
2283 5172 2431 5233 dare.
2462 5182 2520 5227 et
2554 5174 2795 5243 captivos
2824 5190 2923 5230 nos
2953 5176 3163 5231 tradere
3191 5174 3292 5242 legi
3343 5173 3570 5242 peccati.

1999 5261 2106 5317 Sed
2130 5264 2270 5318 absit
2294 5264 2397 5318 hoc
2424 5263 2492 5343 ab
2507 5264 2799 5320 lsraelitica
2820 5267 3116 5331 nobilitate,
3142 5273 3201 5319 ut
3227 5264 3431 5318 serviat
3450 5264 3573 5320 ﬁliae

1998 5353 2294 5425 Pharaonis
2319 5354 2561 5410 Israelita
2591 5373 2604 5421 ;
2645 5372 2805 5426 quem
2827 5356 2940 5426 jam
2969 5357 3111 5413 Deus
3136 5355 3319 5410 eduxit
3340 5355 3406 5410 de
3430 5363 3575 5411 terra

1999 5447 2242 5519 Egypti,
2280 5449 2475 5503 iterum
2505 5452 2707 5506 serviat
2734 5452 2832 5516 illi,
2881 5452 2971 5520 qui
3001 5452 3054 5504 in
3080 5449 3214 5504 mari
3241 5448 3427 5506 Rubro
3448 5451 3575 5506 sub-

1998 5554 2209 5594 mersus
2230 5548 2331 5605 est,
2387 5539 2676 5597 Pharaoni.
2730 5535 3109 5598 Observemus'
3135 5554 3285 5610 ergo,
3333 5541 3474 5597 sicut
3522 5553 3577 5598 et

1996 5628 2087 5684 hic
2114 5630 2444 5696 dicitJesus,
2476 5639 2536 5685 ut
2582 5632 2970 5701 praevalcamus
3017 5645 3118 5686 nos
3146 5640 3333 5687 contra
3371 5633 3579 5690 Chana-

1996 5737 2167 5791 meos;
2201 5736 2269 5778 ne
2296 5723 2340 5778 si
2366 5722 2506 5779 forte
2535 5737 2696 5791 super
2724 5737 2823 5778 nos
2871 5720 2947 5776 illi
2985 5721 3332 5790 invaluerint,
3361 5734 3415 5780 et
3440 5725 3578 5783 obti-
