3996 6176
403 329 540 387 {083

1052 326 1114 380 Β.
1152 320 1408 381 MBAN]
1447 320 1667 380 MAURI
1701 319 2022 377 ABCHlEP.
2066 318 2379 377 MOGUNT.
2421 317 2711 376 OPERUM
2748 318 2929 373 PARS
2962 317 3004 372 l.

3544 317 3686 370 108i

399 445 616 504 nuerint
641 460 759 509 nos,
795 443 863 497 de
887 441 1144 497 lsraelitis
1169 440 1503 497 Cbananaws
1530 441 1735 499 faciant
1761 456 1879 504 nos,
1911 440 1992 494 si-
2021 443 2069 501 Α
2096 447 2378 509 supererat
2409 437 2575 495 tribui
2598 437 2864 501 Manasse,
2888 442 2945 490 et
2972 442 3098 504 post
3124 434 3241 490 hiec
3266 434 3695 504 congregavitin

398 546 494 594 cut
506 546 568 591 et
598 536 688 590 ille
711 533 939 589 etl'ectus
962 541 1045 588 est
1071 547 1232 602 quem
1273 539 1630 601 superaverat
1664 532 1846 587 carnis
1872 530 1991 585 ille-

400 630 584 691 cebra,
607 627 696 683 cui
714 626 918 681 dicitur
950 642 980 679 a
1008 627 1270 695 propheta
1305 624 1532 679 Daniel:
1570 643 1590 675 ‹
1623 623 1821 679 Semen
1848 623 1990 679 Cha-

399 739 542 781 naan
570 730 749 776 etnon
778 720 936 784 Iuda,
992 719 1203 788 species
1238 718 1452 772 seduxit
1479 726 1530 772 te
1580 717 1744 787 (Dan.
1790 716 1923 788 xw).
1964 736 1985 768 ι

401 815 519 869 Non
540 828 671 882 ergo
709 813 927 867 eveniat
952 811 1111 865 nobis
1136 810 1343 875 audire,
1379 828 1397 860 ι
1436 823 1622 864 semen
1652 808 1931 872 Chanaan,
1965 828 1983 861 ι

401 908 527 976 quia
560 905 877 959 maledictus
909 903 1170 958 Chanaan
1212 916 1350 972 puer
1379 915 1569 977 servus
1602 907 1687 957 est
1730 898 1992 955 fratribus

404 998 538 1053 suis.

1011 1084 1240 1141 CAPUT
1294 1082 1388 1138 lX.

403 1179 482 1233 De
516 1195 575 1232 eo
603 1178 741 1248 quod
766 1176 1084 1231 Iosuemisit
1114 1177 1324 1229 mmfios
1360 1174 1429 1248 ad
1454 1172 1775 1229 metienddm
1794 1180 1991 1248 terram

475 1243 729 1303 Chanaan
745 1260 790 1302 et
804 1247 1199 1302 describendum
1214 1263 1329 1300 eam
1342 1246 1499 1315 juxta
1516 1260 1791 1315 nutrierunt
1807 1243 1990 1299 unius-

474 1321 726 1389 cujusque
752 1318 1135 1389 multitudinis:
1156 1333 1313 1389 quam
1340 1312 1446 1389 ipse
1490 1314 1663 1367 divisit
1685 1312 1765 1389 _in
1800 1324 1991 1389 septem

473 1384 668 1460 prii-tes,
693 1398 738 1441 et
763 1389 981 1460 tradidit
1017 1387 1141 1455 ﬁliis
1168 1384 1348 1439 'lsrael
1391 1385 1445 1439 in
1472 1384 1849 1454 possessionem
1879 1384 1991 1437 sin-

475 1458 612 1530 gulis
641 1458 926 1512 secundum
957 1467 1122 1510 sortes
1158 1472 1304 1510 suos.

477 1552 628 1622 (CAP.
664 1551 844 1621 xvm.)
889 1568 909 1599 (
954 1547 1387 1618 Congregatique
1426 1555 1552 1601 sunt
1572 1560 1762 1600 omnes
1802 1543 1897 1599 lilii
1924 1543 1995 1599 ls-

410 1660 428 1692 ι
478 1641 589 1697 rael
619 1641 673 1696 in
710 1638 845 1703 Silo,
879 1638 1063 1708 ibique
1106 1638 1343 1693 ﬁxerunt
1382 1635 1792 1691 tabernaculum
1839 1634 1993 1690 testi-

410 1750 429 1783 ι
476 1731 664 1796 monii,
715 1739 770 1787 et
806 1729 909 1783 fuit
957 1730 1038 1783 eis
1085 1737 1228 1782 terra
1278 1723 1538 1795 subjecta.
1591 1724 1996 1779 Remanserunt

2091 528 2323 584 ecclesia
2354 527 2493 582 illius
2518 526 2685 581 Israel
2708 537 2764 581 et
2788 525 2927 580 dixit
2951 541 2965 577 :
3000 523 3206 578 Mittam
3228 531 3455 588 sortem,
3478 533 3537 578 et
3566 542 3693 595 pro-

2092 618 2261 673 feram
2306 619 2363 672 in
2391 623 2682 687 conspectu
2715 615 2949 679 Domini,
3000 615 3047 670 si
3103 614 3257 683 prius
3313 614 3691 671 tkscribentes

2095 719 2315 776 terram,
2346 718 2403 766 et
2426 709 2661 764 tuleritis
2704 707 2836 762 mihi
2869 706 3286 775 descriptionem
3316 704 3459 775 ejus.
3504 706 3575 761 Et
3616 706 3694 761 ita

2090 804 2353 875 posthaec
2378 803 2617 858 sortibus
2661 801 2844 856 missis
2887 800 3175 869 haereditas
3218 798 3427 869 pepulo,
3456 798 3555 855 Dei
3587 800 3698 855 dis-

2095 894 2380 959 tribuitur;
2421 899 2480 947 et
2521 892 2758 961 agitatur
2780 904 2901 945 sors
2931 888 3055 953 ista,
3078 904 3187 943 non
3217 888 3468 951 fortuitu,
3487 888 3583 945 sed
3606 904 3700 945 sc-

2093 985 2326 1041 cundum
2358 986 2461 1040 hoc
2480 983 2625 1053 quod
2646 981 3093 1052 praedestinatum
3121 987 3251 1036 esta
3280 980 3411 1035 Deo.
3442 980 3695 1051 Denique

2095 1077 2269 1132 tribus
2288 1075 2574 1146 Benjamin
2619 1074 2851 1144 primum
2876 1072 2949 1127 ibi
2977 1073 3188 1139 accepit
3213 1082 3417 1131 sonent
3446 1072 3537 1129 ubi
3570 1085 3695 1129 erat

2093 1167 2412 1232 Jerusalem,
2458 1177 2581 1237 post
2631 1170 2748 1220 hmo
2799 1165 2974 1219 tribus
3020 1162 3247 1219 Simeou.
3272 1165 3532 1229 secunda,
3562 1176 3696 1235 post

2096 1261 2214 1316 haec
2254 1259 2523 1322 lssacbar,
2559 1256 2754 1313 deinde
2800 1255 3061 1318 Zabulou,
3112 1254 3306 1310 deinde
3345 1254 3507 1320 Aser,
3566 1267 3699 1325 post

2096 1351 2213 1406 inec
2229 1351 2397 1405 etiam
2420 1346 2785 1417 Nephthalim,
2810 1346 3003 1403 deinde
3029 1346 3175 1412 Dan;
3210 1346 3264 1400 in
3280 1346 3481 1415 quibus
3502 1350 3685 1403 Iovis-

2097 1444 2237 1511 sime
2258 1442 2486 1498 veniunt
2526 1449 2636 1495 tres
2666 1439 2777 1494 illa:
2796 1439 2971 1494 tribus
3008 1451 3134 1508 quae
3160 1453 3228 1493 ex
3252 1437 3573 1492 concubinis
3597 1438 3697 1494 de-

2096 1540 2423 1591 scenderant
2457 1531 2647 1587 Iacob.
2681 1530 2815 1601 Qua:
2838 1544 2974 1601 ergo
2994 1529 3137 1587 ratio
3163 1528 3391 1585 sortium
3415 1528 3560 1598 apud
3578 1544 3699 1585 me-

2097 1628 2385 1697 metipsnm
2410 1624 2775 1697 requirebam,
2805 1632 2867 1677 ut
2893 1636 2962 1677 ex
2990 1621 3177 1677 multis
3192 1621 3527 1679 testimoniis
3540 1619 3700 1675 Scri-

2096 1729 2385 1790 pturarum
2405 1719 2551 1788 quod
2576 1719 2782 1773 latebat
2798 1729 3172 1789 agnoscerem.
3195 1713 3537 1771 inveniebam
3558 1728 3702 1771 sane

413 1841 431 1873 ι
476 1831 655 1876 autem
686 1820 921 1875 filiorum
951 1819 1341 1889 Israel'septem
1373 1816 1570 1880 tribus,
1596 1830 1720 1885 qua:
1767 1813 1994 1869 necdum
2025 1831 2072 1891 Β
2101 1812 2156 1866 in
2186 1809 2484 1880 Scripturis
2508 1811 2675 1871 etiam
2694 1808 2924 1881 gentiles
2960 1808 3209 1862 homines
3232 1820 3376 1861 usos
3406 1819 3531 1865 esse
3567 1819 3711 1865 sors

410 1933 431 1966 ι
479 1921 798 1982 acceperant
827 1911 1199 1981 possessiones
1219 1922 1377 1972 suas;
1428 1907 1496 1961 ad
1526 1922 1665 1976 quos
1688 1904 1850 1960 Iosue
1876 1904 1992 1958 ait:

411 2022 430 2055 ι
482 2002 772 2073 Usquequo
800 2001 1059 2056 marcetis
1081 2000 1136 2054 in
1161 2000 1396 2071 ignavia,
1448 2006 1503 2052 et
1542 2011 1649 2051 non
1686 1995 1902 2050 intratis
1928 1994 1995 2049 ad

413 2110 432 2144 ι
479 2092 855 2163 possidendam
883 2098 1087 2145 terram
1110 2106 1277 2160 quam
1295 2090 1562 2144 Dominus
1596 2088 1740 2143 Deus
1781 2099 1996 2157 patrum

411 2201 431 2236 ι
477 2193 780 2239 vestrorum
810 2183 955 2238 dedit
984 2182 1184 2238 vobis?
1237 2181 1430 2252 Eligite
1474 2182 1541 2236 de
1572 2179 1797 2251 singulis
1824 2178 1999 2233 tribuu-

412 2296 432 2329 ι
476 2278 576 2333 bus
602 2286 784 2333 ternos
807 2277 973 2339 viros,
991 2284 1050 2329 ut
1083 2276 1295 2330 mittam
1322 2289 1437 2340 eos,
1473 2283 1529 2328 et
1559 2280 1806 2343 pergant,
1834 2279 1998 2342 atque

413 2387 432 2420 ι
475 2370 805 2424 circumeant
829 2379 1055 2433 terram,
1086 2377 1143 2423 et
1170 2368 1473 2423 describam
1494 2381 1614 2421 eam
1635 2364 1784 2435 iuxta
1809 2376 1998 2419 nurne-

411 2481 431 2514 ε
477 2476 595 2516 rum
623 2460 1042 2529 uniuscujusque
1063 2460 1445 2524 multitudinis,
1460 2457 1805 2526 referantque
1819 2456 1888 2510 ad
1910 2470 1999 2511 me

383 2561 387 2566 ’
414 2570 433 2604 ο
475 2553 618 2621 quod
649 2552 1057 2621 descripserint.
1117 2551 1348 2605 Dividite
1378 2549 1547 2617 vobis
1576 2556 1781 2603 terram
1826 2548 1880 2602 in
1907 2562 1997 2602 se-

414 2664 433 2695 ι
481 2654 626 2714 ptem
649 2652 854 2714 partes.
910 2641 1045 2697 Iuda
1075 2643 1146 2698 sit
1174 2642 1227 2697 in
1255 2643 1502 2697 terminis
1528 2641 1642 2697 suis
1683 2642 1753 2697 ab
1773 2639 2007 2695 australi

416 2754 436 2788 α
480 2736 660 2806 plaga,
691 2743 746 2790 et
775 2736 966 2791 domus
991 2732 1188 2805 Ioseph
1220 2734 1290 2789 ab
1317 2734 1582 2804 Aquilone
1610 2753 1623 2787 :
1661 2732 1894 2788 mediam
1918 2733 1999 2787 in-

414 2843 434 2877 ι
481 2834 564 2880 ter
592 2841 687 2880 eos
710 2833 911 2879 terram
939 2826 992 2879 in
1031 2833 1236 2895 septem
1283 2833 1467 2894 partes
1519 2822 1828 2880 describite.
1881 2822 1999 2879 Huc

415 2933 434 2966 ι
480 2917 710 2971 venietis
751 2917 819 2970 ad
853 2931 969 2981 me;
985 2926 1044 2971 ut
1067 2932 1251 2972 coram
1275 2917 1501 2972 Domino
1527 2917 1636 2972 Deo
1671 2927 1853 2972 vestro
1873 2917 1999 2971 mit-

415 3024 435 3059 ι
480 3016 592 3061 tam
618 3006 770 3062 vobis
802 3007 891 3062 hic
937 3017 1159 3074 sortem,
1192 3009 1317 3078 quia
1341 3024 1444 3064 non
1467 3017 1548 3063 est
1588 3009 1729 3063 inter
1742 3023 1845 3063 vos
1870 3021 1998 3078 pars

416 3114 436 3149 ι
479 3098 789 3152 Levitarum
817 3114 831 3151 :
862 3101 956 3153 sed
973 3100 1335 3155 sacerdotium
1356 3101 1667 3156 Dominiest
1685 3116 1872 3156 eorum
1886 3102 1997 3155 ha:-

2100 1903 2266 1958 tibus.
2308 1901 2461 1957 ~llinc
2505 1916 2631 1957 cum
2657 1900 2938 1970 navigaret
2955 1897 3144 1962 Ionas,
3172 1910 3232 1953 et
3278 1906 3577 1969 tempestas
3601 1914 3697 1954 ur-

2098 2000 2280 2064 geret;
2310 1993 2464 2048 aiunt
2486 2006 2720 2062 namque
2747 1992 2822 2047 illi
2848 1990 2943 2061 qui
2971 1990 3326 2060 navigabant:
3362 2008 3381 2041 ι
3411 1989 3700 2044 Μὴιδιιιιιδ

2098 2092 2322 2149 sortem,
2369 2091 2424 2139 et
2450 2083 2688 2140 sciamus
2716 2080 2869 2151 cujus
2910 2096 3076 2136 causa
3128 2082 3244 2136 hinc
3281 2089 3433 2135 tanta
3481 2081 3697 2136 malitia

2099 2173 2273 2245 (Im
2293 2176 2357 2245 t),
2390 2192 2412 2228 ι
2448 2174 2605 2244 quasi
2626 2189 2746 2229 sors
2768 2180 2982 2227 tantm:
3007 2171 3215 2227 valeret
3236 2179 3295 2225 ut
3318 2171 3546 2241 prodere
3564 2185 3695 2241 pos-

2099 2273 2184 2320 sot
2207 2264 2360 2331 cujus
2384 2279 2550 2319 causa
2597 2262 2898 2334 periculum
2937 2260 3318 2332 navigantibus
3358 2260 3691 2327 itnmincret.

2099 2355 2358 2422 Quamvis
2396 2354 2628 2427 gentiles
2655 2361 2842 2410 essent
2871 2360 2927 2408 et
2956 2352 3120 2408 alieni
3145 2368 3177 2407 a
3212 2351 3521 2424 cognitione
3566 2352 3691 2412 Dei.

2099 2463 2207 2503 non
2235 2456 2416 2503 tamen
2450 2448 2556 2502 hac
2584 2446 2841 2517 opinione
2862 2444 3143 2512 falluntur,
3190 2447 3285 2502 sed
3308 2447 3454 2516 quod
3498 2460 3691 2501 verum

2098 2547 2219 2594 erat
2243 2537 2480 2608 prodidit
2505 2538 2586 2592 eis
2609 2552 2730 2592 sors
2750 2552 2916 2607 super
2935 2534 3152 2591 Ionam.
3197 2536 3599 2608 Qumreasergo
3624 2538 3696 2593 de

2099 2629 2187 2684 his
2212 2627 2433 2683 invenio
2485 2635 2542 2682 et
2571 2625 2920 2683 Salomonem
2956 2627 3011 2682 in
3037 2626 3349 2683 Proverbiis
3375 2628 3672 2685 dicuntan-

2106 2739 2125 2771 ι
2151 2719 2627 2776 Contradietiones
2668 2719 2886 2774 cohibet
2914 2734 3052 2784 sors,
3076 2728 3136 2775 et
3157 2720 3574 2789 inter-potentes
3597 2723 3694 2777 de-

2100 2810 2220 2866 ﬁnit
2247 2810 2433 2882 (Prov.
2455 2810 2633 2880 xvm),
2657 2829 2677 2862 ι
2707 2810 2875 2865 veluti
2899 2823 3114 2866 cessare
3149 2812 3446 2866 ostendens
3466 2821 3691 2867 comra-

2098 2901 2363 2957 dietiones
2395 2900 2486 2956 ubi
2512 2901 2748 2956 mittitur
2775 2916 2915 2956 sors.
2986 2899 3093 2957 Sed
3133 2916 3256 2956 cum
3290 2904 3408 2957 haec
3428 2903 3482 2956 in
3508 2903 3690 2959 Veteri

2100 2993 2449 3049 Testamento
2468 3009 2577 3051 non
2599 3009 2773 3065 pauca
2794 2994 2992 3049 referri
3014 2994 3081 3049 de
3103 2976 3344 3049 sortibus
3365 2995 3690 3062 invenirem,

2099 3088 2343 3143 converti
2371 3102 2460 3143 me
2479 3087 2645 3143 etiam
2668 3088 2738 3143 ad
2778 3085 2986 3144 Novum
3010 3086 3437 3150 Testamentum,
3453 3098 3517 3142 ut
3536 3088 3692 3144 vide«

417 3209 437 3242 ι
484 3194 699 3248 reditas.
755 3191 870 3248 Gad
911 3204 1116 3262 autem,
1148 3205 1201 3251 et
1236 3197 1450 3261 Ruben,
1492 3205 1548 3251 et
1576 3195 1797 3251 dimidia
1828 3196 1994 3250 tribus

2102 3198 2217 3238 rem
2238 3183 2285 3238 si
2310 3183 2453 3238 forte
2482 3183 2569 3238 vel
2609 3183 2685 3238 ibi
2726 3190 3149 3238 contemnuntur
3171 3190 3372 3246 sortes,
3431 3191 3529 3237 aut
3554 3197 3687 3237 num

415 3300 437 3336 ι
482 3283 727 3339 Manasse
739 3285 851 3355 jam
886 3299 1213 3354 acceperunt
1258 3286 1631 3357 possessiones
1684 3301 1809 3341 suas
1846 3293 1998 3340 trans

416 3393 439 3429 ι
480 3374 773 3429 Iordanem
813 3375 878 3430 ad
928 3377 1246 3431 orientalem
1289 3377 1522 3448 plagam,
1554 3391 1691 3446 quas
1728 3377 1878 3433 dedit
1917 3377 1997 3443 eis

417 3482 438 3516 α
485 3464 693 3536 Moyses
712 3463 947 3520 famulus
973 3467 1207 3532 Domini,
1244 3487 1261 3520 ι
1295 3476 1350 3522 et
1376 3468 1605 3539 reliqua.
1680 3469 1739 3524 In
1770 3482 1999 3525 consue-

413 3555 824 3624 tudine'quidetn
851 3557 1148 3621 hominum,
1166 3574 1288 3613 cum
1315 3558 1518 3630 aliquid
1540 3568 1687 3615 sorte
1716 3560 1994 3627 dividitur,

411 3643 638 3700 fortuitu
667 3646 879 3701 videtur
904 3664 1029 3703 sors
1053 3648 1141 3702 illa
1188 3651 1256 3705 ad
1300 3651 1473 3715 illum,
1498 3650 1581 3705 vel
1607 3651 1714 3706 alia
1739 3651 1806 3705 ad
1828 3651 1995 3706 alium

411 3738 624 3793 cedere.
677 3739 734 3793 ln
759 3739 1038 3811 Scriptura
1070 3750 1249 3796 autem
1277 3758 1434 3798 sacra
1458 3758 1565 3797 non
1620 3744 1693 3798 ita
1742 3751 1827 3799 est
1870 3759 1886 3797 :
1939 3752 1997 3803 et

410 3830 697 3900 aliquoties
725 3834 1031 3902 quaerebam
1055 3835 1193 3904 apud
1224 3836 1598 3904 memetipsum
1626 3836 1672 3891 si
1692 3836 1828 3891 dere
1849 3843 1995 3891 tanta

411 3934 478 3976 ac
507 3921 795 3991 taiipatres
823 3924 992 3977 sancti
1018 3926 1254 3979 sortibus
1276 3926 1540 3996 judicium
1571 3928 1989 3983 commisissent.

396 4011 566 4078 .Quod
608 4012 652 4067 si
677 4021 821 4067 esset
843 4015 981 4083 apud
1007 4028 1222 4071 sanctos
1249 4017 1325 4071 ita
1352 4025 1585 4086 gestum,
1614 4019 1726 4088 jam
1767 4018 1835 4074 de
1874 4018 1996 4074 aliis

410 4103 722 4159 hominibus
751 4105 835 4160 vel
860 4107 1109 4176 gentibus
1137 4108 1270 4162 nihil
1309 4110 1503 4163 mirum
1534 4110 1770 4176 videres,
1791 4111 1836 4168 si
1862 4112 1995 4166 nihil

409 4192 704 4248 haberetur
749 4196 1007 4250 eximium
1056 4196 1109 4250 in
1153 4197 1239 4252 bis
1269 4213 1389 4269 quae
1441 4214 1469 4254 a
1499 4201 1702 4255 sanctis
1744 4202 1998 4258 dicuntur

408 4295 559 4339 sorte
608 4286 797 4340 divisa.
855 4286 961 4342 Sed
1019 4289 1296 4344 videamus
1319 4291 1361 4345 si
1409 4291 1546 4348 forte
1586 4294 1643 4348 in
1694 4293 1994 4364 Scripturis

409 4373 612 4444 aliquid
636 4375 971 4433 inveniamus
999 4395 1121 4434 esse
1146 4382 1379 4449 positum
1402 4383 1544 4453 quod
1560 4387 1713 4441 nobis
1738 4388 1867 4456 quid
1893 4386 1996 4443 vir-

413 4466 545 4519 tutis
587 4467 932 4522 contineatur
994 4469 1047 4522 in
1088 4472 1326 4526 sortibus
1366 4473 1694 4530 manifestct.
1766 4476 1994 4547 Incipia-

409 4569 534 4608 mus
573 4569 701 4626 ergo
731 4573 761 4610 a
813 4556 1075 4624 Levitico,
1104 4561 1194 4616 ubi
1230 4562 1492 4632 scriptum
1514 4574 1639 4619 est:
1688 4584 1707 4617 ι
1741 4565 1809 4620 Et
1856 4567 1995 4621 acci-

409 4646 579 4716 pient,
605 4648 796 4718 inquit.
822 4650 956 4704 duas
988 4659 1184 4717 sortes,
1225 4668 1343 4708 sors
1372 4671 1477 4709 una
1508 4656 1754 4719 Domino,
1797 4664 1852 4711 et
1875 4671 1996 4712 sors

408 4751 518 4791 una
544 4752 909 4809 apopompteo,
940 4759 958 4793 ι
988 4742 1090 4797 hoc
1124 4751 1223 4807 est,
1246 4745 1615 4800 transmissori
1647 4762 1662 4800 :
1702 4763 1721 4796 ι
1755 4754 1811 4800 et
1831 4761 1997 4815 super

408 4840 786 4897 quemcunque
809 4831 1018 4885 venerit
1041 4848 1160 4888 sors
1189 4835 1540 4904 apopompaei,
1568 4834 1836 4904 accipient
1882 4837 1995 4890 bir-

410 4928 537 4969 cum
574 4915 745 4983 illum,
771 4920 1038 4977 abducent
1087 4923 1141 4977 in
1190 4924 1364 4979 locum
1393 4927 1561 4980 eremi
1598 4926 1803 4989 vivum,
1831 4936 1887 4981 et
1911 4927 1994 4982 di-

409 5005 627 5061 mittent
655 5007 802 5062 illum
831 5011 882 5064 in
896 5011 1261 5069 dimissionem
1285 5031 1439 5073 suam
1472 5033 1485 5070 :
1520 5016 1684 5070 alium
1712 5031 1841 5072 vero
1880 5019 1993 5072 hir-

409 5113 535 5154 cum
566 5098 921 5156 immolabunt
961 5104 1188 5159 Domino
1232 5103 1420 5177 (Leuit.
1449 5106 1582 5178 XVI),
1627 5126 1646 5159 ›
1702 5117 1759 5162 et
1786 5108 1990 5178 reliqua

409 5205 532 5261 quae
568 5191 642 5246 ibi
675 5200 818 5258 sunt,
864 5209 983 5264 quae
1004 5197 1189 5266 utique
1209 5199 1391 5253 sciunt
1412 5198 1502 5268 qui
1540 5198 1741 5271 legunt.
1794 5199 1861 5254 Et
1887 5201 1990 5255 ite-

411 5295 531 5334 rum
558 5280 630 5336 lbi
654 5281 864 5354 Moyses
884 5285 1067 5341 divisit
1105 5295 1253 5343 sorte
1301 5289 1464 5343 tribui
1496 5289 1708 5355 Ruben,
1744 5299 1800 5346 ct
1827 5291 1991 5346 tribui

409 5372 625 5437 Cad,et
663 5375 899 5433 dimidiae
949 5379 1113 5432 tribui
1164 5379 1411 5436 Manasse
1461 5396 1581 5450 qua:
1633 5391 1992 5452 poposcerant

412 5470 564 5517 trans
602 5463 913 5534 Iordanem,
945 5469 1193 5538 accipere
1219 5478 1420 5524 terram
1464 5470 1611 5525 illam
1644 5486 1803 5541 quam
1824 5487 1994 5543 popo-

411 5561 631 5608 scerant
658 5554 749 5610 ﬁlii
778 5556 962 5615 Israel.
1025 5557 1182 5613 Dedit
1217 5568 1396 5614 autem
1435 5561 1550 5630 ipse
1590 5560 1767 5628 Iesus,
1798 5577 1992 5618 secun-

411 5642 540 5733 dum
576 5657 904 5733 praeceptum
928 5648 1160 5715 Domini,
1207 5648 1370 5705 Caleb
1395 5650 1508 5706 ﬁlio
1528 5649 1754 5718 Icﬂ'one,
1795 5660 1852 5706 et
1890 5651 1990 5706 tri-

399 5716 644 5779 buiIuds
687 5744 908 5793 sortem.
953 5738 1113 5796 Dedit
1153 5747 1334 5796 autem
1383 5740 1640 5815 Ephraim
1672 5716 1833 5799 etiili
1868 5754 1992 5814 quae

2100 3275 2175 3330 ibi
2213 3276 2431 3345 quidem
2452 3290 2640 3331 carum
2664 3291 2795 3330 usus
2822 3274 2952 3329 alibi
2976 3274 3203 3340 dicitur;
3232 3284 3288 3328 et
3307 3274 3524 3329 invenio
3540 3276 3690 3345 quod

2099 3364 2391 3435 aliquando
2440 3382 2564 3422 cum
2595 3367 2809 3423 deesset
2857 3381 3085 3420 numero
3111 3366 3483 3435 apostolorum
3525 3382 3684 3431 unus,

2099 3465 2154 3512 et
2172 3467 2319 3515 esset
2341 3459 2708 3513 necessarium
2734 3459 2790 3512 in
2812 3457 2987 3513 locum
3009 3457 3159 3514 Iuda:
3183 3457 3350 3512 alium
3378 3460 3687 3530 subrogari.

2098 3552 2481 3608 convenientes
2509 3552 2738 3623 apostoli
2764 3552 2877 3623 (qui
2908 3552 3095 3622 utique
3129 3552 3297 3608 multo
3325 3555 3691 3623 sapientiores

2097 3652 2253 3699 erant
2277 3658 2438 3713 quam
2467 3643 2522 3698 hi
2561 3642 2651 3714 qui
2680 3659 2821 3697 nunc
2841 3643 3148 3712 episcopos,
3178 3642 3261 3697 vel
3311 3643 3686 3715 presbyteros,

2097 3735 2184 3790 vel
2213 3736 2472 3791 diaconos
2499 3734 2778 3807 ordinant)
2802 3743 2858 3789 et
2901 3734 3179 3805 elegerunt
3205 3735 3359 3796 duos,
3400 3743 3454 3790 et
3482 3744 3692 3793 statue-

2097 3835 2225 3882 runt
2254 3827 2308 3881 in
2329 3825 2527 3893 medio,
2574 3841 2676 3881 nec
2725 3834 2903 3881 tamen
2934 3826 2999 3882 dc
3026 3826 3112 3881 bis
3164 3826 3516 3898 sibimetipsis
3540 3828 3692 3899 judi—

2097 3918 2240 3973 cium
2267 3917 2656 3987 permiserunt,
2693 3926 2754 3972 ut
2779 3916 2930 3972 illum
2959 3916 3205 3972 facerent
3255 3933 3417 3987 quem
3456 3920 3558 3989 ipsi
3593 3937 3692 3977 vo-

2095 4007 2321 4064 luissent
2352 4024 2367 4071 ;
2400 4027 2421 4059 ι
2458 4007 2550 4063 sed
2575 4018 2815 4073 orantes,
2866 4009 3060 4079 inquit,
3102 4008 3367 4064 miserunt
3395 4022 3623 4075 sortem,
3658 4033 3679 4065 ι

2095 4107 2157 4154 ut
2179 4115 2246 4154 ex
2278 4099 2382 4154 illis
2406 4099 2617 4155 duobus
2636 4114 2775 4169 quos
2804 4107 3113 4161 statuerant
3161 4100 3216 4154 in
3243 4111 3534 4171 conspectu
3566 4104 3686 4169 Dei,

2096 4190 2150 4245 id
2175 4198 2280 4255 est,
2308 4188 2509 4259 Ioseph
2540 4191 2633 4261 qui
2657 4192 2959 4246 vocabatur
2984 4191 3285 4257 Barnabas,
3302 4195 3394 4261 qui
3418 4197 3691 4264 cognomi-

2096 4290 2253 4338 natus
2298 4290 2383 4337 est
2427 4281 2634 4348 Iustus,
2687 4292 2742 4338 et
2793 4282 3072 4338 Matbiam.
3135 4302 3156 4334 ι
3196 4283 3426 4350 Cecidit,
3485 4286 3686 4354 inquit,

2096 4387 2215 4429 sors
2243 4388 2404 4443 super
2426 4373 2701 4440 Mathiam,
2726 4382 2781 4431 et
2809 4384 3198 4431 annmneratus
3220 4385 3305 4431 est
3334 4390 3457 4432 cum
3483 4375 3689 4432 Christi

2097 4467 2357 4538 apostolis
2395 4466 2533 4539 (Act.
2577 4466 2640 4539 ι).
2683 4487 2701 4519 ι
2769 4466 3120 4524 Ρηεοθάθηιθ
3164 4483 3401 4538 namque
3450 4469 3687 4535 ratione,

2097 4575 2203 4614 non
2224 4560 2337 4630 jam
2363 4576 2491 4616 casu
2523 4561 2617 4616 sed
2661 4561 2946 4632 prudentia
2999 4576 3119 4627 sors
3150 4561 3391 4618 divinum
3418 4559 3690 4632 judicium

2091 4651 2387 4708 deferebat.
2414 4653 2523 4710 Sed
2543 4653 2719 4709 adhuc
2733 4655 3044 4723 qumrebam
3072 4656 3126 4709 in
3153 4654 3303 4710 Novo
3331 4654 3690 4709 Testamento

2091 4747 2138 4801 si
2164 4762 2284 4802 sors
2311 4747 2366 4802 in
2395 4746 2611 4803 Christo
2636 4748 2718 4803 Vel
2749 4749 2803 4803 in
2837 4748 3077 4804 Ecclesia
3106 4750 3439 4814 nominatur,
3486 4748 3570 4803 vel
3622 4750 3681 4803 in

2091 4836 2253 4893 rebus
2274 4838 2517 4909 mysticis
2539 4854 2661 4909 qua:
2701 4840 2768 4894 ad
2797 4840 3034 4894 animam
3060 4840 3338 4911 pertinere
3368 4840 3685 4895 vidcantur.

2090 4927 2312 4984 Invenio
2354 4928 2577 4984 Paulum
2603 4931 2670 4985 ad
2695 4930 2957 5002 Ephesios
3001 4931 3353 4997 scribentem,
3382 4931 3563 4986 dicere
3615 4930 3688 4986 de

2093 5018 2309 5074 Christo
2341 5038 2355 5074 :
2392 5039 2411 5071 ι
2444 5019 2501 5074 In
2522 5036 2647 5090 qua,
2702 5021 2896 5092 inquit,
2923 5029 3070 5077 sorte
3101 5023 3276 5077 vocati
3304 5038 3514 5087 smnus,
3542 5036 3687 5091 prte-

2095 5110 2345 5166 destinati
2370 5113 2665 5167 secundum
2698 5112 3035 5182 propositum
3063 5111 3181 5180 ejus
3214 5112 3307 5183 qui
3346 5115 3530 5168 omnia
3556 5128 3687 5183 ope-

2095 5206 2244 5253 ratur
2264 5201 2557 5255 secundum
2581 5202 2866 5256 consilium
2912 5201 3203 5257 voluntatis
3228 5202 3367 5273 ejus.
3398 5211 3459 5258 ut
3507 5204 3686 5259 simus

2094 5288 2149 5342 in
2182 5287 2393 5343 laudem
2422 5289 2606 5360 gloriae
2628 5291 2746 5360 ejus
2790 5291 2881 5360 qui
2918 5302 3042 5346 ante
3073 5293 3409 5361 speravimus
3440 5294 3493 5347 in
3516 5291 3684 5349 Chri-

2094 5387 2179 5433 sto
2210 5378 2369 5449 (Eph.
2398 5382 2475 5450 1);
2511 5398 2530 5432 ι
2582 5381 2677 5436 sed
2713 5381 2779 5434 ad
2794 5380 3141 5437 Colossenses
3169 5383 3284 5438 tunc
3312 5383 3678 5439 scribentem:

2097 5485 2117 5518 ι
2146 5467 2361 5524 Gratias
2384 5476 2607 5540 agentes
2628 5472 2738 5526 Deo
2766 5471 2936 5538 Patri,
2959 5474 3051 5543 qui
3082 5474 3304 5528 idoneos
3328 5489 3426 5528 nos
3462 5472 3593 5528 fecit
3626 5475 3682 5528 in

2090 5565 2303 5627 partem
2350 5562 2513 5615 sortis
2534 5571 2842 5617 sanctorum
2885 5562 2939 5616 in
2970 5563 3173 5616 lumine
3204 5562 3341 5636 (Col.
3361 5563 3425 5635 ι).
3460 5580 3479 5614 ι
3536 5562 3679 5617 Tam

2092 5651 2278 5708 multis
2296 5668 2362 5708 ex
2389 5654 2685 5727 Scripturis
2706 5657 2914 5714 sanctis
2942 5656 3007 5712 de
3019 5660 3541 5714 commemoratione
3560 5673 3677 5712 sor-

2091 5742 2226 5799 tium
2259 5745 2583 5803 testimoniis
2602 5750 2963 5822 congregatis,
3003 5765 3112 5821 quo
3131 5764 3197 5806 ex
3216 5750 3514 5808 multorum
3538 5750 3670 5806 loco
