4000 6186
275 341 412 400 I085

1187 330 1540 390 COMMENT.
1581 326 1648 385 IN
1684 326 1945 385 LIBRUM
1981 326 2217 385 JOSUE.
2251 360 2322 372 --
2354 329 2483 385 LIB.
2525 328 2619 388 III.

3389 329 3529 388 1086

270 472 393 513 rum
415 452 845 512 consideratione
865 452 1117 505 virtutem
1140 448 1216 504 rei
1248 446 1520 517 possimus
1541 442 1850 514 diligentius
1876 445 1923 502 Α
1954 450 2121 497 recta.
2155 443 2266 514 Ego
2294 451 2496 508 autem,
2530 445 2583 497 in
2621 452 2879 513 quantum
2909 445 2975 500 ad
3003 446 3306 514 opinionem
3354 462 3530 503 meam

271 544 698 617 apprchendere,
724 541 856 596 mihi
891 540 1107 609 quidem
1131 553 1200 592 ex
1227 537 1312 591 his
1337 535 1592 590 omnibus
1621 533 1709 587 vel
1747 533 1856 587 evi-

267 638 408 692 dens
426 634 603 690 adhuc
625 646 817 688 sensus
869 631 939 686 ad
984 630 1246 699 liquidum
1283 636 1473 698 patere
1501 640 1609 679 non
1655 624 1851 694 potuit,

268 724 359 779 vel
390 723 553 779 etiam
585 722 653 776 de
674 735 733 776 re
761 726 913 774 tanta
939 717 1256 773 enuntiandi
1284 725 1341 771 et
1352 714 1660 786 proferendi
1685 715 1852 768 animi

270 822 450 869 metus
472 812 687 868 insedit.
732 810 865 866 Illud
888 817 1089 874 autem,
1138 808 1195 861 in
1223 816 1483 876 quantum
1508 819 1598 858 res
1623 804 1851 872 patitur,

269 904 567 974 contigisse
609 903 867 966 suiliciet,
912 900 1057 973 quod
1103 898 1258 953 nobis
1304 897 1372 952 ab
1418 895 1677 966 apostolis
1732 908 1852 948 sors

270 994 432 1049 ducta
464 993 742 1062 designat;
788 991 912 1060 quia
951 988 1045 1046 ubi
1074 989 1181 1045 fide
1221 989 1432 1057 integra
1479 1002 1545 1041 ac
1602 984 1852 1039 oratione

267 1078 565 1155 praemissa
589 1098 713 1139 sors
733 1083 956 1147 dicitur,
1005 1097 1069 1136 ea
1094 1096 1217 1149 quae
1262 1080 1354 1135 Dei
1393 1080 1648 1134 voluntas
1676 1078 1849 1132 conti-

268 1185 364 1233 net
386 1178 440 1232 in
465 1178 680 1233 occulto
706 1191 824 1232 sors
853 1175 1162 1231 hominibus
1191 1172 1429 1227 declarat
1458 1171 1514 1225 in
1537 1168 1845 1224 manifesto.

269 1268 582 1324 Secundum
606 1268 919 1324 interiorem
963 1277 1091 1321 vero
1115 1263 1464 1326 intellectum,
1488 1263 1628 1319 sicut
1649 1260 1849 1315 Paulus

266 1359 484 1413 videtur
509 1357 749 1413 indicare
772 1371 895 1411 cum
922 1353 1054 1409 dicit
1080 1375 1095 1408 :
1135 1370 1155 1405 ι
1188 1355 1245 1408 In
1270 1364 1422 1424 parte
1442 1353 1605 1407 sortis
1626 1360 1847 1407 sancto-

264 1463 390 1502 rum
410 1447 464 1502 in
494 1446 715 1510 lumine,
759 1453 815 1500 et
842 1451 990 1499 sorte
1018 1445 1225 1499 vocatis
1251 1444 1307 1497 in
1334 1442 1572 1506 Christo,
1608 1461 1628 1493 ι
1659 1441 1849 1497 viden-

262 1536 396 1591 dum
427 1544 511 1591 est
532 1550 603 1590 ne
630 1536 770 1590 forte
806 1549 914 1589 non
955 1532 1129 1588 solum
1151 1531 1461 1587 hominibus
1479 1529 1574 1586 sed
1602 1539 1658 1585 et
1680 1530 1734 1584 in
1760 1546 1848 1586 su~

263 1627 453 1697 pernis
473 1624 763 1682 virtutibus
779 1639 899 1680 sors
918 1625 1127 1695 agitur;
1154 1632 1210 1678 et
1230 1622 1513 1693 prmsideat
1542 1622 1723 1693 aliqua
1738 1622 1847 1676 vir-

265 1728 355 1774 tus
376 1720 507 1775 huic
528 1717 724 1782 officio,
745 1732 866 1786 quae
888 1715 1051 1771 verbi-
1066 1730 1230 1771 causa
1246 1714 1378 1770 Jesu
1408 1713 1518 1768 filio
1536 1712 1684 1769 Nave
1699 1729 1844 1770 nunc

1954 540 2185 600 spectat,
2230 540 2359 602 puto
2400 534 2663 588 audenter
2692 534 2975 588 dicendum
3006 537 3171 591 etiam
3201 537 3268 592 de
3296 538 3381 593 his
3418 538 3532 592 vir-

1952 623 2158 679 tutibus
2202 639 2322 693 quae
2365 626 2547 680 mundi
2597 622 2756 693 hujus
2798 626 3097 680 ministeria
3148 638 3527 697 susceperunt,

1950 716 2094 785 quod
2116 728 2222 771 non
2252 715 2477 769 fortuitu
2505 714 2591 770 vel
2615 731 2745 771 casu
2785 716 2874 770 illa
2909 717 3083 770 virtus
3109 716 3192 771 vel
3235 718 3325 772 illa
3369 727 3528 775 terra:

1953 809 2233 865 laboribus
2260 816 2316 864 et
2345 809 2828 880 germinatiouibus
2869 810 3056 879 prosit,
3092 809 3183 863 illa
3212 809 3405 865 fortius
3430 811 3534 864 ﬂu-

1951 899 2154 954 miuum
2194 897 2395 955 fluenta
2424 899 2754 956 sulhcienter
2799 902 3073 966 exhibeat,
3117 901 3221 955 alia
3250 900 3528 965 imbrium,

1950 989 2051 1044 alia
2074 992 2378 1055 ventorum,
2420 990 2524 1045 alia
2559 991 2806 1056 marinis,
2837 991 2941 1045 alia
2969 999 3152 1046 autem
3183 990 3532 1045 terrestribus

1950 1082 2273 1136 animalibus
2317 1081 2542 1149 singulis
2573 1082 2877 1153 quibusque
2918 1098 2949 1136 a
2990 1091 3135 1137 terra
3183 1082 3532 1153 gignentibus

1949 1171 2131 1238 limit
2159 1189 2172 1224 :
2207 1179 2263 1226 et
2283 1186 2407 1226 esse
2430 1172 2483 1226 in
2512 1173 2598 1227 his
2617 1172 2844 1243 singulis
2870 1179 3209 1228 sacramenta
3237 1171 3531 1229 ineffabilia

1948 1260 2143 1317 divinae
2169 1262 2610 1332 dispensationis,
2644 1271 2703 1317 ut
2727 1264 2901 1318 ordini
2938 1278 3036 1318 suo
3073 1271 3270 1319 cuncta
3295 1271 3352 1318 et
3377 1277 3530 1317 com-

1949 1352 2152 1421 petenti
2194 1368 2292 1422 per
2348 1369 2785 1424 unamquamque
2896 1355 3150 1408 virtutem
3205 1354 3531 1409 dirimantur

1947 1440 2140 1497 ofﬁcio.
2171 1441 2265 1497 Sic
2283 1443 2427 1497 enim
2457 1453 2513 1498 et
2550 1443 2841 1513 Apostolus
2875 1442 3005 1499 dicit
3031 1462 3043 1498 :
3079 1462 3097 1493 ι
3126 1442 3314 1497 Nonne
3337 1458 3528 1498 omnes

1948 1531 2320 1591 ministratorii
2368 1540 2496 1589 sunt
2545 1535 2798 1603 Spiritus,
2851 1534 2908 1589 in
2962 1533 3323 1588 ministerium
3371 1532 3527 1588 missi

1945 1631 2169 1695 propter
2180 1638 2273 1679 eos
2293 1623 2384 1693 qui
2407 1623 2777 1679 hmreditatem
2801 1625 3023 1695 capiunt
3042 1623 3265 1678 salutis?
3287 1643 3305 1675 ι
3331 1621 3522 1693 (Hebr.

1948 1712 2029 1784 ι.)
2081 1714 2164 1768 Ad
2216 1706 2408 1771 horum
2460 1714 2623 1785 igitur
2658 1714 3014 1768 imitationem
3069 1712 3393 1772 credendum
3442 1722 3527 1767 est

261 1811 791 1869 sortehzereditatem
814 1809 1308 1871 distribuendi,non
1335 1807 1569 1877 aliquam
1582 1808 1835 1877 gratiam,
1860 1794 1919 1859 Β
1946 1802 2110 1857 etiam
2155 1803 2240 1858 his
2278 1801 2685 1873 Scripturarum
2723 1804 3048 1859 auctoritate
3077 1802 3282 1857 referre
3326 1812 3522 1868 sortes,

260 1906 360 1961 sed
385 1904 678 1961 secundum
708 1904 812 1958 hoc
842 1904 983 1971 quod
1010 1902 1117 1958 scit
1157 1902 1370 1973 placere
1398 1902 1528 1966 Deo,
1551 1936 1559 1944 -
1583 1902 1841 1956 ducatum

207 2050 220 2057 ,
259 1997 500 2066 praebeat
531 1995 721 2057 sortis,
773 2002 829 2049 et
878 1993 951 2048 illi
985 1992 1204 2063 quidem
1246 1990 1411 2046 faciat
1456 1991 1677 2047 evenire
1720 2005 1843 2060 quae

257 2088 434 2158 prima
461 2094 605 2151 sunt,
634 2101 795 2156 quem
832 2086 937 2140 scit
974 2086 1119 2155 apud
1164 2081 1449 2140 Dominum
1491 2083 1839 2153 primumlo-

255 2194 384 2235 cum
419 2189 620 2247 tenere,
650 2180 839 2234 uthoc
862 2179 1006 2248 quod
1035 2178 1091 2232 in
1111 2177 1339 2233 occultis
1356 2177 1501 2247 apud
1532 2177 1701 2230 Deum
1745 2175 1839 2230 ha-

254 2271 436 2333 betur,
467 2271 630 2325 sortis
654 2270 1043 2341 gubernatione
1066 2270 1231 2324 etiam
1257 2268 1564 2323 hominibus
1608 2265 1836 2321 demon-

254 2368 501 2415 stretur:
528 2360 694 2414 alium
706 2375 837 2415 vero
859 2358 1038 2414 facere
1060 2360 1280 2415 secundi
1307 2359 1434 2421 loci,
1462 2368 1518 2414 et
1543 2358 1707 2413 alium
1731 2366 1840 2413 ter-

257 2449 341 2503 tii.
393 2448 549 2515 Quod
579 2463 685 2502 non
708 2448 881 2503 solum
908 2449 965 2502 in
995 2449 1154 2504 terris
1174 2449 1429 2513 arbitror,
1463 2464 1650 2504 verum
1671 2449 1837 2505 etiam

257 2541 313 2595 in
349 2540 701 2604 coelestibus;
757 2547 812 2594 et
841 2539 1149 2608 hujusmodi
1174 2552 1321 2598 sorte
1347 2557 1466 2611 quae
1494 2542 1634 2611 apud
1656 2541 1840 2595 Darni-

248 2646 381 2685 num
436 2612 750 2683 meritorum
783 2631 1237 2701 contemplatione
1274 2633 1642 2701 distinguitur,
1671 2632 1839 2687 etiam

252 2717 348 2773 illo
386 2728 630 2788 tempore
657 2718 947 2784 habeatur;
986 2735 1110 2774 cum
1139 2720 1393 2777 dividerit
1422 2722 1679 2778 Excelsus
1702 2738 1835 2793 gen-

253 2817 341 2863 tes
368 2848 384 2873 ,
421 2816 481 2862 et
521 2808 955 2865 disseminaverit
1001 2811 1141 2867 filios
1189 2814 1362 2868 Adam
1406 2814 1585 2884 (Deut.
1635 2813 1832 2885 χχχιι),

251 2905 310 2952 et
336 2896 679 2951 constituerit
713 2896 854 2954 ﬁlios
903 2900 1144 2968 gentium
1202 2901 1495 2955 secundum
1551 2918 1833 2959 numerum

254 2989 568 3061 angelorum
596 2990 724 3056 Dei;
751 2998 806 3045 et
829 2989 981 3045 facta
1002 3002 1088 3046 est
1106 2993 1286 3061 portio
1306 2992 1515 3048 Domini
1536 2993 1725 3058 Jacob,
1752 2993 1835 3049 fu-

251 3081 467 3137 niculus
488 3081 820 3137 hereditatis
840 3080 957 3149 ejus
980 3082 1162 3137 Israel.
1202 3082 1361 3138 Vides
1380 3098 1510 3153 ergo
1525 3093 1583 3139 et
1607 3085 1694 3140 hic
1714 3100 1779 3154 pa
1788 3100 1833 3139 r-

250 3180 362 3226 tem
389 3179 448 3226 et
491 3171 783 3227 funiculum
840 3174 1051 3229 Domini
1102 3173 1265 3228 Israel
1292 3175 1424 3229 dicit
1445 3190 1567 3231 esse
1604 3184 1826 3231 sortem.

250 3260 410 3317 Nunc
426 3276 558 3332 ergo
606 3262 831 3318 fortuito
865 3264 1239 3318 arbitrandum
1282 3265 1497 3320 venisse
1526 3275 1726 3321 sortem
1755 3266 1830 3322 illi

250 3354 469 3423 quidem
504 3355 697 3425 angelo
721 3356 937 3424 gentem
962 3354 1106 3408 illam
1130 3357 1420 3424 suscipere,
1480 3357 1629 3413 verbi
1655 3358 1833 3428 gratia

249 3442 661 3516 Egyptiorum:
693 3446 788 3500 alii
823 3454 1002 3501 autem
1034 3447 1246 3517 angelo,
1278 3447 1657 3514 ldumaeorum,
1684 3450 1830 3505 Moa-

248 3532 523 3599 bitarum;
558 3542 616 3590 et
634 3534 724 3590 alii
752 3525 966 3593 lndiam'
979 3535 1062 3591 vel
1089 3551 1524 3607 unamquamque
1554 3539 1830 3594 nationem

247 3638 442 3680 earum
465 3640 585 3694 quae
611 3632 739 3680 sunt
774 3641 937 3695 super
983 3635 1201 3689 terram.
1268 3626 1375 3682 Sed
1403 3635 1458 3682 et
1503 3627 1579 3681 ibi
1613 3629 1827 3683 etiamsi

250 3713 546 3769 secundum
594 3729 879 3773 numerum
923 3715 1236 3785 angelorum
1263 3716 1358 3773 Dei
1393 3716 1644 3773 dicantur
1680 3728 1829 3775 sorte

248 3813 441 3873 gentes
472 3804 591 3859 ista:
619 3804 825 3870 divisas,
850 3812 1032 3859 tamen
1066 3804 1155 3859 illa
1184 3820 1322 3871 sors,
1345 3807 1487 3862 sicut
1515 3807 1568 3862 in
1595 3809 1830 3865 homini-

248 3895 354 3950 bus
373 3895 628 3961 diximus,
657 3897 783 3966 quia
817 3897 910 3952 Dei
935 3895 1198 3962 judicium
1228 3898 1373 3966 quod
1403 3898 1457 3952 in
1505 3900 1717 3955 occulto
1744 3911 1829 3957 est

246 4001 368 4042 sors
388 3987 648 4056 panditin
678 3985 910 4056 publico,
965 3986 1039 4040 ita
1081 3987 1248 4041 etiam
1275 3988 1347 4041 ibi
1374 3987 1550 4045 fuisse
1602 3991 1829 4046 creden-

248 4078 377 4131 dum
400 4085 502 4143 est,
524 4086 584 4133 ut
601 4094 698 4147 pro
719 4080 911 4133 merito
931 4088 985 4134 et
1012 4080 1215 4134 virtute
1255 4083 1626 4153 unusquisque
1664 4101 1830 4157 ange-

249 4167 335 4223 lus
358 4170 522 4224 etiam
541 4179 596 4224 et
625 4170 769 4225 illam
786 4179 1007 4241 gentem
1057 4172 1112 4226 in
1138 4172 1457 4228 divisionem
1509 4177 1823 4247 susciperet.

246 4260 318 4315 Et
337 4260 465 4329 quid
488 4261 606 4316 dico
621 4260 911 4332 demagnis
943 4270 999 4317 et
1023 4263 1091 4318 de
1111 4265 1456 4334 generalibus
1493 4268 1673 4334 rebus,
1702 4285 1826 4325 cum

246 4368 320 4407 ne
344 4366 441 4422 per
467 4352 706 4425 singulos
732 4351 949 4422 quidem
976 4362 1240 4421 nostrum,
1275 4356 1478 4426 absque
1520 4357 1826 4428 hujusmodi

1941 1900 1997 1948 et
2035 1893 2155 1948 duci
2185 1909 2279 1962 per
2300 1892 2485 1950 Jesum
2515 1895 2907 1959 lmreditatem,
2956 1902 3012 1949 et
3040 1908 3139 1963 per
3161 1908 3512 1962 unamquam-

1940 1999 2045 2054 que
2094 1985 2290 2039 tribum
2341 1986 2520 2040 divina
2567 1985 2969 2055 dispensatione
3011 1983 3272 2048 decerni;
3322 1992 3377 2038 et
3427 1999 3525 2052 per

1941 2072 2264 2129 ineffabilem
2309 2075 2702 2143 providentiam
2746 2076 2842 2131 Dei
2883 2090 2917 2129 a
2955 2074 3311 2145 praesentibus
3352 2074 3406 2128 in
3437 2074 3523 2128 his

1939 2167 2178 2223 sortibus
2228 2166 2560 2232 adumbrari,
2610 2167 2804 2222 futurae
2851 2165 3186 2222 hacreditatis
3223 2166 3399 2236 portio
3427 2180 3521 2220 ex-

1937 2258 2166 2329 pleatur.
2210 2258 2475 2326 Quoniam
2513 2260 2732 2329 quidem
2772 2260 2858 2316 lex
2899 2259 3147 2314 umbram
3186 2258 3384 2313 dicitur
3427 2258 3524 2311 ha-

1937 2348 2066 2404 bere
2105 2348 2410 2404 futurorum
2448 2351 2735 2417 bonorum,
2780 2360 2837 2407 et
2875 2352 3016 2407 sicut
3058 2351 3189 2406 dicit
3230 2348 3520 2419 Apostolus

1939 2443 2005 2498 de
2031 2443 2118 2499 his
2140 2444 2233 2513 qui
2275 2444 2343 2500 ad
2372 2445 2658 2500 Dominum
2688 2443 2870 2500 Jesum
2912 2444 3190 2501 Christum
3231 2449 3518 2507 venerunt,

1936 2533 2064 2603 quia
2114 2551 2134 2584 ι
2169 2533 2476 2591 accessistis
2523 2535 2593 2588 ad
2642 2532 2773 2601 Sion
2821 2545 3084 2599 montem,
3138 2542 3197 2589 et
3245 2532 3521 2592 civitatem

1938 2623 2033 2679 Dei
2059 2625 2289 2680 viventis
2316 2623 2615 2681 Jerusalem
2658 2626 2932 2682 calestem
2980 2625 3176 2699 (Hebr.
3209 2623 3341 2695 χιι).
3374 2645 3392 2677 ι
3424 2624 3521 2680 Est

1936 2716 2114 2787 aliqua
2167 2718 2224 2772 in
2271 2717 2425 2773 etelis
2465 2719 2661 2774 civitas
2709 2734 2829 2789 qua:
2870 2719 3070 2773 dicitur
3121 2716 3418 2772 Jerusalem
3463 2721 3520 2772 et

1935 2822 2091 2862 mons
2114 2805 2265 2862 Sion.
2297 2808 2413 2863 Non
2445 2817 2529 2864 est
2551 2810 2737 2879 utique
2766 2810 2869 2864 hoc
2890 2809 3009 2863 sine
3031 2823 3195 2863 causa
3222 2807 3361 2877 quod
3384 2806 3519 2862 Ben-

1929 2895 2102 2964 jamin
2149 2897 2204 2952 in
2248 2907 2396 2953 sorte
2443 2914 2540 2954 sua
2587 2899 2799 2968 accepit
2846 2897 3145 2953 Jerusalem
3184 2906 3240 2952 et
3276 2906 3517 2952 montem

1937 2985 2087 3041 Sion.
2115 2988 2251 3054 Quia
2290 2988 2527 3044 coelestia
2573 2988 2718 3043 illius
2760 2987 3059 3044 Jerusalem
3104 2988 3242 3042 ratio
3272 2988 3390 3044 sine
3419 2989 3518 3044 du-

1934 3078 2025 3132 bio
2072 3078 2175 3134 hoc
2209 3079 2478 3149 exigebat,
2524 3087 2584 3133 ut
2603 3078 2720 3149 jam
2750 3078 2929 3151 aliqua
2963 3079 3241 3151 Benjamin
3276 3080 3391 3135 dari
3423 3079 3517 3134 de-

1933 3169 2082 3225 beret
2106 3168 2408 3226 Jerusalem
2451 3172 2748 3237 terrestris,
2785 3188 2904 3242 quae
2941 3172 3084 3227 illius
3116 3171 3352 3227 caelestis
3382 3170 3516 3242 figu-

1933 3277 2050 3319 ram
2088 3272 2270 3317 servat
2316 3278 2383 3318 ac
2426 3264 2678 3318 formam.
2712 3265 2974 3320 Similiter
3017 3273 3198 3320 autem
3229 3265 3296 3320 de
3321 3262 3515 3331 Benja-

1931 3354 2044 3407 min
2070 3353 2355 3408 dicendum
2379 3362 2466 3409 est
2489 3355 2633 3424 quod
2659 3362 2809 3410 certa
2838 3355 3019 3425 aliqua
3044 3355 3255 3411 ratione
3281 3356 3336 3409 in
3363 3353 3514 3409 Judze

1931 3454 2132 3501 sortem
2160 3446 2491 3512 decernitur,
2528 3447 2609 3503 vel
2642 3444 2879 3513 Hebron,
2912 3447 2997 3503 vel
3037 3448 3157 3503 alia:
3182 3447 3405 3517 singula:
3437 3446 3517 3502 ci-

1928 3538 2127 3593 vitates
2176 3538 2403 3609 singulis
2439 3540 2743 3609 quibusque
2781 3541 3028 3595 tribubus
3071 3540 3513 3605 conscribuntur,

1929 3626 2034 3681 nisi
2063 3626 2188 3697 quia
2232 3627 2324 3682 illa
2354 3626 2597 3683 cmlestia
2639 3628 2758 3683 loca
2801 3628 2855 3683 in
2886 3630 3083 3697 quibus
3119 3627 3419 3684 Jerusalem
3455 3636 3514 3683 et

1930 3714 2060 3777 Sion
2081 3708 2439 3772 memoratur’
2452 3730 2594 3781 esse,
2627 3718 2745 3773 sine
2773 3717 2936 3774 dubio
2964 3725 3021 3772 et
3049 3727 3242 3773 cetera
3280 3734 3399 3787 quae
3425 3719 3511 3773 his

1927 3804 2012 3859 vel
2038 3805 2220 3883 vicina
2250 3805 2333 3859 vel
2362 3804 2651 3874 conjuncta
2685 3813 2813 3861 sunt
2851 3807 2994 3873 loca,
3024 3807 3126 3863 hoc
3165 3808 3219 3862 in
3261 3822 3319 3867 se
3347 3821 3512 3863 causa

1927 3904 1983 3950 et
2015 3895 2223 3950 ratione
2249 3895 2602 3951 continebant
2650 3897 2704 3951 in
2749 3897 2904 3953 oculis
2949 3898 3094 3968 quod
3139 3905 3284 3953 sorte
3325 3897 3507 3952 distri-

1926 3990 2141 4045 buendo
2187 3988 2521 4066 figurabatur
2561 3991 2616 4045 in
2657 3990 2839 4049 terris.
2894 3990 3031 4047 Hinc
3069 4006 3199 4059 ergo
3247 3997 3331 4046 est
3366 3989 3511 4060 quod

1927 4080 2262 4151 dispensavit
2298 4081 2478 4136 divina
2522 4083 2785 4154 sapientia
2825 4084 3044 4139 nomina
3075 4084 3320 4154 quaedam
3364 4082 3511 4138 loco-

1926 4186 2046 4224 rum
2077 4172 2243 4227 scribi
2278 4173 2333 4227 in
2368 4172 2688 4245 Scripturis,
2736 4192 2857 4245 qua:
2897 4177 3180 4247 mysticam
3218 4174 3510 4243 quamdam

1927 4261 2430 4332 interpretationem
2477 4268 2806 4330 contineant,
2836 4277 2936 4336 per
2973 4282 3091 4336 quas
3122 4268 3390 4323 indicatur
3416 4283 3512 4323 vo-

1924 4351 2011 4408 bis
2038 4354 2132 4421 qui
2173 4354 2291 4410 hmo
2333 4357 2577 4422 cernitis,
2607 4358 2911 4428 quibusque
2949 4344 3267 4424 rationibus,
3307 4367 3362 4415 et
3399 4374 3509 4417 non

246 4451 397 4499 sorte
420 4458 540 4513 quae
565 4442 658 4498 Dei
673 4442 879 4511 judicio
903 4443 1262 4515 dispensatur,
1303 4447 1521 4503 evenire
1539 4448 1823 4503 dicendum
1852 4478 1902 4539 Ι)
1927 4455 2061 4539 casu
2085 4441 2168 4498 vel
2197 4441 2423 4539 fortuitu
2463 4444 2581 4501 fieri
2613 4446 3010 4516 dispensentur.
3050 4447 3109 4502 Si
3144 4448 3286 4503 enim
3311 4456 3394 4505 est
3411 4465 3511 4518 pu-

245 4540 368 4594 est?
412 4539 571 4594 Verbi
621 4554 803 4605 causa,
849 4548 907 4594 ut
937 4540 1075 4596 alius
1115 4539 1332 4610 quidem
1382 4550 1629 4597 nostrum
1664 4543 1824 4598 talem

244 4630 333 4686 vel
366 4629 528 4686 talem
582 4629 749 4684 vitam
777 4630 1020 4686 novitate
1064 4631 1320 4697 sortitur;
1356 4631 1442 4686 vel
1491 4640 1641 4688 certo
1692 4633 1826 4690 illud

246 4721 393 4790 quod
408 4734 536 4791 erga
564 4720 810 4775 homines
854 4720 970 4791 geri
1012 4735 1081 4775 ex
1119 4720 1418 4791 Scripturis
1449 4722 1652 4777 sanctis
1687 4737 1828 4794 saepe

248 4812 564 4877 docuimus,
611 4811 756 4882 quod
800 4819 858 4866 et
903 4810 1030 4866 boni
1075 4812 1252 4883 angeli
1294 4813 1473 4875 adsint
1494 4814 1826 4880 hominibus,

247 4907 308 4954 et
329 4898 625 4963 contrarii;
654 4899 798 4968 quod
828 4900 1015 4969 utique
1056 4899 1277 4956 fortuito
1301 4909 1363 4958 et
1377 4902 1582 4971 absque
1622 4903 1828 4973 judicio

243 4990 325 5045 sit
368 4975 458 5044 ille
482 4990 704 5061 angelus
731 4990 875 5045 illius
928 4990 1142 5056 animae,
1166 4991 1314 5047 verbi
1361 5008 1548 5058 causa,
1583 5001 1639 5053 et
1685 4992 1831 5049 Petri

248 5088 438 5135 custos
473 5077 698 5134 fortuitu
728 5080 820 5144 sit,
865 5086 921 5134 et
962 5079 1099 5134 alius
1138 5079 1310 5145 Pauli,
1352 5082 1439 5138 vel
1483 5082 1623 5138 alius
1672 5082 1833 5137 unius

248 5169 477 5227 infantis
534 5171 603 5226 de
638 5170 897 5236 Ecclesia,
946 5172 1014 5226 de
1056 5186 1286 5241 quorum
1327 5174 1529 5245 angelis
1559 5175 1691 5231 dicit
1727 5175 1834 5231 Do-

248 5262 436 5317 minus
492 5278 512 5312 α
545 5260 675 5330 quia
721 5276 937 5331 semper
967 5262 1153 5317 vident
1189 5261 1385 5319 faciem
1432 5264 1622 5324 Patris.
1651 5266 1828 5335 quiin

249 5351 405 5408 caelis
450 5361 536 5407 est
582 5349 728 5422 (Act.
770 5367 844 5406 χιι
874 5360 929 5417 ›;
968 5372 987 5405 ι
1022 5353 1090 5409 de
1125 5354 1325 5425 quibus
1357 5354 1542 5424 utique
1581 5355 1831 5411 dubitan-

246 5443 378 5498 dum
408 5458 518 5497 non
547 5448 633 5497 est
672 5443 814 5511 quod
833 5441 1040 5512 judicio
1083 5444 1201 5511 Dei,
1250 5446 1341 5515 qui
1373 5445 1458 5501 vel
1492 5446 1708 5501 illorum
1748 5446 1830 5501 di-

249 5534 458 5604 gnitate
490 5533 576 5588 vel
605 5542 803 5590 nostra:
840 5535 1031 5591 anima:
1075 5536 1279 5607 aliquid
1304 5536 1581 5605 perspicit,
1608 5543 1666 5590 et
1693 5550 1830 5605 qua-

251 5622 461 5679 litatem
507 5621 928 5692 uniuscujusque
956 5632 1200 5682 nostrum
1244 5632 1299 5680 et
1338 5624 1639 5681 custodiam
1674 5624 1832 5681 sorti-

255 5721 530 5779 tur,sorte
553 5714 791 5785 quadam
820 5715 1047 5786 mystica
1070 5715 1277 5772 .Christi
1315 5714 1716 5786 dispensatione
1748 5714 1828 5769 di-

1932 4532 2154 4588 tandum
2187 4534 2331 4603 quod
2360 4533 2587 4590 fortuitu
2616 4537 2896 4603 acciderit,
2924 4539 3075 4595 verbi
3105 4553 3288 4603 causa,
3327 4547 3389 4594 ut
3420 4539 3510 4594 ille

1932 4623 2157 4694 angelus
2201 4623 2430 4680 Michael
2456 4634 2773 4693 vocaretur,
2810 4627 2951 4683 alius
2979 4644 3109 4684 vero
3138 4627 3404 4698 Raphael;
3433 4636 3507 4694 et,

1932 4723 1994 4771 ut
2024 4715 2093 4771 ad
2121 4715 2353 4771 humana
2380 4715 2728 4783 descendam,
2760 4718 2901 4772 sicut
2927 4733 3032 4773 non
3061 4717 3306 4785 fortuitu,
3334 4726 3396 4773 ut
3423 4718 3513 4776 ille

1933 4807 2245 4877 patriarcha
2264 4807 2539 4863 Abraham
2557 4816 2874 4875 vocaretur,
2902 4817 2958 4865 et
2985 4809 3074 4866 ille
3098 4809 3267 4875 Isaac,
3294 4817 3350 4863 et
3372 4809 3511 4865 alius

1936 4894 2130 4962 lsrael;
2164 4897 2257 4952 sed
2302 4913 2369 4952 ne
2402 4898 2458 4953 in
2494 4896 2710 4954 feminis
2742 4898 2961 4969 quidem
2998 4916 3128 4957 casu
3167 4892 3384 4965 accidit,
3416 4900 3511 4956 sed

1933 4992 2082 5040 certe
2111 4985 2291 5040 divina
2322 4988 2547 5050 ratione,
2580 4996 2640 5041 ut
2659 4987 2748 5042 illa
2775 4986 2911 5043 Sara
2930 5001 3215 5046 vocaretur
3234 5006 3300 5045 ex
3329 4988 3508 5055 Sarni,

1932 5083 1988 5131 et
2017 5075 2105 5130 ille
2132 5076 2294 5133 Israel
2314 5093 2379 5132 ex
2403 5078 2573 5134 Jacob
2595 5080 2677 5134 vel
2701 5090 2849 5136 certe
2879 5081 3173 5137 Abraham.
3206 5083 3274 5136 Et
3302 5091 3361 5135 ut
3392 5063 3512 5135 cer;

1933 5173 2046 5221 tum
2067 5176 2152 5220 est
2174 5167 2316 5236 quod
2346 5169 2721 5239 unusquisque
2765 5171 3076 5240 angelorum
3114 5170 3196 5224 vel
3232 5168 3508 5223 hominum

1904 5295 1906 5298 μ
1932 5267 1995 5308 ex
2024 5252 2109 5308 his
2133 5269 2253 5323 qum
2277 5255 2380 5309 sibi
2423 5256 2777 5327 injunguntur
2804 5258 2995 5314 ciliciis
3022 5267 3077 5314 et
3112 5257 3323 5312 actibus
3345 5254 3510 5310 etiam

1930 5344 2149 5405 nomina
2195 5346 2515 5413 sortiuntur,
2564 5348 2637 5403 ita
2674 5364 3014 5419 consequens
3051 5356 3136 5404 est
3183 5347 3345 5401 etiam
3390 5344 3509 5405 loca

1929 5439 2175 5507 quaedam
2219 5454 2339 5494 esse
2373 5440 2614 5497 cmlestia
2658 5450 2715 5497 et
2757 5442 3027 5507 civitates,
3080 5440 3218 5493 sicut
3268 5435 3507 5492 caelestis

1930 5531 2127 5587 dicitur
2150 5530 2448 5589 Jerusalem
2484 5543 2540 5591 et
2572 5533 2739 5602 Sion;
2770 5550 2891 5590 esse
2916 5534 3080 5588 etiam
3109 5530 3243 5586 alias
3270 5543 3502 5599 quarum

1931 5627 2116 5691 typum
2150 5630 2206 5677 ct
2239 5622 2529 5695 imaginem
2566 5625 2685 5680 istae
2720 5640 2840 5693 qua:
2868 5622 2924 5677 in
2963 5620 3121 5681 terris
3156 5627 3282 5676 sunt
3329 5615 3506 5673 conti-

1930 5720 2081 5780 nent,
2108 5728 2226 5783 qua:
2251 5730 2395 5771 nunc
2428 5714 2483 5769 in
2513 5716 2614 5771 hac
2631 5714 2912 5784 Scriptura
2950 5712 3175 5783 mystice
3217 5709 3375 5766 nobis
3408 5717 3506 5780 per
