3996 6176
462 318 601 385 1087

1120 322 1180 377 Β.
1224 318 1474 376 RABANI
1514 319 1732 376 MAURI
1770 316 2046 374 ARClllEl

2149 314 2438 374 HOGUNT.
2481 315 2766 375 OPERUM
2804 315 2982 375 PARS
3019 319 3057 375 l.

3597 324 3749 380 l088

458 443 643 499 Iesum
669 440 813 495 Nave
839 438 1004 493 ﬁlium
1033 438 1399 508 designantur.
1429 437 1506 490 De
1542 436 1674 505 ipsis
1701 444 1830 507 puto
1853 435 2043 489 civita-
2069 434 2119 492 A
2148 443 2280 499 tum,
2317 444 2371 490 et
2396 435 2731 489 voluntatem
2755 450 2942 491 eorum
2965 437 3365 505 qnojammolo
3391 439 3617 496 exhilsct
3640 446 3747 514 qui

460 536 606 590 tibus
655 531 894 586 dictum:
922 548 938 578 ι
973 528 1408 584 ,ιΕὰἰίὶειιὺιιιιῑιιιδ
1462 527 1710 581 civitates
1752 525 1933 592 Iudae,
1991 535 2047 583 et

461 626 783 682 habitabant
807 623 900 688 ibi,
925 632 980 677 et
1000 622 1389 677 luereditabunt
1413 635 1531 676 eam
1553 621 1572 692 (
1598 618 1747 674 Psal.
1776 618 1986 690 vani).
2020 639 2039 672 ι

461 717 539 772 De
583 715 715 785 ipsis
754 715 917 769 etiam
962 713 1222 767 Dominus
1258 717 1312 766 e't
1356 710 1607 765 Salvator
1651 711 1804 776 dicit,
1850 729 1873 763 ι
1917 711 2044 781 quia

461 807 644 862 multae
672 806 980 860 mansiones
1017 812 1144 860 sunt
1180 804 1323 874 apud
1362 803 1579 859 Patrem
1623 819 1801 859 meum
1847 803 2041 876 (Ioau.

462 897 621 969 xw);
654 918 672 950 ι
703 904 759 952 et
796 896 862 950 de
884 895 1014 964 ipsis
1047 895 1378 949 credendum
1407 903 1491 949 est
1529 895 1838 951 civitatibus
1883 910 2045 951 servo

464 989 539 1043 illi
585 989 679 1058 qui
718 990 855 1044 bene
907 987 1212 1057 negotiatus
1254 986 1417 1042 fuerit
1474 988 1760 1041 Dominum
1814 981 2040 1041 dicere:

469 1098 489 1131 ‹
523 1078 672 1134 Habe
732 1059 1055 1149 potestatem
1103 1093 1263 1148 supra
1324 1079 1508 1133 decem
1558 1080 1809 1135 civitates
1868 1079 2041 1151 (Luc.

461 1185 554 1224 xu
578 1168 619 1239 ),
650 1188 668 1220 ι
696 1176 751 1223 et
775 1168 865 1222 alii
890 1182 1051 1238 supra
1078 1168 1335 1236 quinque.
1379 1167 1506 1222 Haec
1531 1169 1598 1224 de
1634 1170 1897 1224 divisione
1926 1186 2045 1225 sor-

464 1262 598 1315 tium
640 1267 799 1314 terra:
837 1258 986 1314 Iudae
1024 1258 1265 1329 proferre
1307 1259 1376 1313 ad
1408 1276 1521 1324 vos,
1566 1264 1619 1316 in
1661 1270 1921 1331 quantum
1962 1264 2047 1318 fas

461 1348 583 1414 fuit,
617 1349 732 1403 ausi
759 1363 946 1402 sumus
971 1346 1248 1417 Scriptura
1288 1359 1635 1417 provocante,
1680 1366 1801 1421 qua:
1827 1352 2047 1408 Ierusa-

461 1443 567 1499 lem
613 1443 745 1498 dicit
787 1442 1089 1505 cmlestem,
1133 1449 1187 1496 et
1225 1451 1462 1498 montem
1508 1442 1674 1509 Sion,
1716 1454 1772 1501 et
1795 1445 2046 1500 similiter

461 1540 658 1589 caetera
703 1547 825 1602 quae
865 1533 1065 1602 scripta
1101 1539 1229 1587 sunt
1268 1547 1390 1587 esse
1437 1533 1493 1587 in
1532 1534 1706 1598 caelis,
1741 1549 1860 1602 qua:
1888 1536 2047 1590 nobis

459 1625 802 1681 occasionem
856 1626 1120 1681 dederunt
1163 1625 1367 1679 sentire
1409 1624 1477 1679 de
1514 1625 1599 1680 his
1637 1628 1886 1682 omnibus
1926 1638 2046 1696 quae

462 1718 720 1787 mysteria
748 1718 801 1773 in
824 1718 911 1772 bis
933 1717 1175 1771 coelestia
1213 1717 1610 1772 describuntur.

542 1809 721 1880 (ιωυ.)
752 1828 771 1860 ι
803 1809 872 1863 Et
897 1808 1247 1865 Amorrhreus
1278 1809 1574 1878 permansit
1613 1817 1671 1862 ut
1698 1809 1967 1865 habitaret
1991 1810 2046 1865 in

468 1919 488 1949 ι
517 1899 670 1962 Elon,
696 1907 750 1953 et
775 1899 827 1952 in
853 1898 1099 1952 Salumin
1125 1915 1138 1950 :
1162 1908 1215 1951 et
1235 1906 1453 1966 gravata
1474 1906 1558 1952 est
1579 1913 1772 1953 manus
1792 1896 2047 1968 Ephraim

468 2009 488 2043 ι
520 2006 681 2062 super
708 2006 802 2047 eos
833 1998 926 2045 :et
964 1990 1089 2045 facti
1128 1998 1253 2044 sunt
1280 1989 1386 2044 illis
1413 1990 1707 2044 tributarii.
1745 2010 1761 2042 ι
1799 1989 1907 2061 (Ea:
1935 1992 2046 2045 Au-

462 2082 729 2153 gustino.)
771 2080 883 2136 lloc
925 2081 1039 2151 jam
1089 2089 1277 2134 contra
1326 2080 1538 2134 Domini
1579 2089 1906 2150 praeceptum
1951 2083 2047 2137 ﬁe-

461 2174 574 2232 bat.
614 2180 669 2226 et
707 2173 884 2227 adhuc
923 2173 1138 2226 vivebat
1161 2170 1348 2236 Iesus,
1385 2171 1482 2225 sed
1513 2171 1618 2225 dux
1641 2186 1829 2225 eorum
1856 2174 1910 2226 in
1944 2172 2050 2228 illis

461 2265 661 2336 praeliis
675 2265 786 2333 jam
810 2279 910 2334 pro
931 2272 1213 2320 senectute
1256 2280 1361 2319 non
1398 2273 1536 2319 erat.
1581 2265 1807 2334 Propter
1828 2267 1933 2321 hoc
1964 2267 2049 2321 di-

460 2368 607 2414 ctum
647 2367 752 2424 cst,
783 2375 812 2412 a
839 2360 1065 2414 Domino
1094 2360 1295 2415 factum
1328 2369 1492 2415 estut
1532 2360 1932 2416 confortaretur
1955 2378 2050 2419 cur

462 2449 697 2513 illorum,
729 2451 817 2518 qui
842 2450 1003 2503 simul
1027 2452 1477 2518 conspiraverunt
1520 2452 1598 2505 ire
1624 2453 1678 2507 in
1704 2453 1900 2507 bellum
1924 2469 2050 2509 con-

464 2547 544 2592 tra
589 2537 808 2603 Iesum,
852 2557 920 2594 ne
960 2541 1065 2594 ista
1108 2541 1213 2596 illis
1259 2542 1631 2598 misericordia
1680 2546 2044 2614 praeberetur,

463 2632 627 2689 etiam
670 2639 857 2685 contra
896 2633 989 2686 Dei
1023 2640 1375 2703 praeceptum,
1412 2634 1458 2688 si
1502 2637 1892 2691 remansissent
1938 2653 2047 2691 non

464 2721 773 2790 expugnati,
804 2728 860 2775 et
896 2732 1211 2777 senescente
1246 2721 1390 2783 Iesu,
1422 2723 1535 2777 sive
1571 2721 1848 2790 defuncto,
1884 2726 2049 2781 relin-

463 2822 761 2882 querentur
798 2816 1140 2884 expugnandi
1171 2814 1265 2868 lllii
1292 2816 1457 2870 Israel
1484 2817 1575 2886 qui
1599 2817 1678 2873 eis
1700 2827 1891 2872 contra
1912 2835 2050 2890 prm-

461 2914 679 2973 ceptum
714 2903 925 2958 Domini
963 2913 1182 2974 possent
1210 2921 1456 2975 parcere,
1481 2908 1623 2976 quod
1652 2908 1740 2963 ille
1762 2924 1866 2964 non
1910 2909 2052 2965 face-

464 3000 567 3046 ret.
614 2993 633 3065 (
678 2992 764 3047 Ex
818 2993 1155 3049 Adamamio.
1197 2995 1215 3066 )
1260 2996 1609 3052 Amorrhmus
1663 2998 2051 3071 interpretatur

463 3102 680 3142 amarus
701 3087 783 3141 vel
813 3087 1137 3141 amaritudo.
1165 3086 1483 3143 Habitantes
1505 3100 1635 3159 ergo
1658 3089 1710 3142 in
1739 3090 1895 3156 Elon,
1926 3106 2047 3160 quae

2144 524 2285 579 intra
2325 526 2704 580 hebetudinem
2733 534 2789 581 et
2816 525 3034 596 ﬂagitiis
3058 527 3211 582 vivit.
3247 527 3349 592 Qui
3377 545 3509 585 vero
3549 533 3603 587 in
3631 535 3742 589 bo-

2143 616 2229 670 nis
2256 617 2468 671 actibus
2500 619 2753 672 manuum
2794 633 3016 673 suarum
3061 621 3369 690 gravaverit
3409 638 3580 692 super
3616 642 3734 689 eos,

2142 707 2353 761 etiamsi
2378 708 2596 776 penitus
2610 723 2704 762 eos
2729 708 2998 777 expellere
3026 725 3131 765 non
3160 713 3417 780 potuerit,
3460 724 3615 771 certe
3639 718 3740 773 tri-

2142 802 2386 859 butarios
2418 816 2511 856 eos
2533 800 2665 856 facit
2684 810 2742 857 et
2770 800 3062 870 subjectos.

2768 914 2994 971 CAPUT
3030 916 3099 971 Χ.

2143 1004 2221 1058 De
2238 1021 2306 1077 eo
2325 1005 2465 1077 quod
2494 1002 2749 1077 dederunt
2800 1002 3109 1077 ﬁliiglsrael
3149 1010 3535 1077 possessionem
3565 1011 3745 1068 Iosue

2212 1076 2323 1145 ﬁlio
2349 1074 2476 1129 Nan
2497 1075 2552 1129 in
2579 1074 2751 1129 medio
2774 1075 2879 1139 sui,
2899 1075 3058 1146 juatta
3076 1074 3394 1149 prieseptum
3420 1079 3659 1137 Domini.

2215 1165 2373 1237 (CAP.
2409 1164 2555 1236 xxx.)
2585 1184 2604 1217 ι
2636 1164 2909 1220 Dederunt
2954 1166 3050 1220 ﬁlii
3104 1167 3272 1223 Israel
3325 1172 3744 1238 possessionem

2149 1274 2168 1306 ι
2188 1254 2358 1311 Iosue
2386 1255 2496 1311 ﬁlio
2523 1256 2639 1311 Non
2665 1257 2718 1310 in
2746 1256 2924 1311 medio
2955 1258 3058 1322 sui,
3086 1257 3242 1326 juxta
3267 1270 3602 1330 punct-ptum
3628 1263 3747 1317 Do-

2151 1366 2169 1400 ι
2201 1349 2357 1415 mini,
2400 1350 2590 1406 urbem
2629 1365 2791 1419 quam
2812 1350 3104 1420 postulavit
3128 1351 3436 1408 Thamnath
3462 1353 3635 1411 Sara:
3680 1358 3741 1410 in

2149 1457 2168 1490 ι
2205 1446 2389 1494 monte
2419 1439 2695 1510 prraim,
2721 1447 2777 1495 et
2798 1440 3088 1495 aediﬁcavit
3107 1442 3405 1507 civitatem,
3436 1444 3743 1500 habitavit.

2151 1548 2170 1582 ι
2206 1546 2313 1602 que
2338 1531 2497 1597 inea,
2528 1551 2549 1584 ι
2572 1539 2629 1585 et
2652 1531 2879 1601 reliqua.
2909 1530 3033 1604 (Ea:
3050 1530 3410 1606 Adamantio.)
3454 1535 3742 1602 Quantam

2144 1624 2612 1683 mansuetudinem
2640 1631 2697 1679 et
2737 1624 3095 1680 humilitatem
3137 1625 3282 1680 beati
3315 1624 3462 1690 Iesu,
3512 1629 3612 1697 qui
3651 1629 3748 1683 die

2145 1729 2282 1783 gnus
2323 1722 2443 1768 erat
2484 1712 2632 1769 ferre
2670 1728 2866 1773 nomen
2908 1712 3041 1770 Iesu
3066 1714 3284 1770 Domini
3329 1726 3383 1771 et
3431 1716 3747 1774 Salvator-is

2077 1791 2123 1851 B
2150 1804 2342 1869 nostri,
2375 1803 2653 1869 declarat;
2692 1804 2768 1859 ait
2800 1805 2944 1860 enim
2970 1820 2985 1858 :
3014 1805 3285 1861 Dederunt
3324 1809 3494 1871 enim,
3532 1809 3742 1877 inquit,

2153 1896 2246 1951 ﬁlii
2286 1894 2452 1950 lsrael
2481 1903 2681 1950 sortem
2704 1892 2833 1951 Iesu
2863 1895 2971 1949 ﬁlio
3011 1894 3157 1950 Nave
3184 1898 3241 1951 in
3261 1900 3568 1968 semetipsis
3595 1915 3744 1969 pra:-

2151 1993 2305 2056 cepto
2376 1985 2587 2041 Domini
2620 1986 2932 2041 z-dederuut
2988 1987 3264 2043 civitatem
3326 2004 3493 2058 quam
3540 1992 3795 2063 petivit-

2151 2077 2458 2135 Thamnath
2498 2076 2687 2139 Saraa,
2735 2093 2856 2148 qua:
2899 2079 3065 2134 estin
3106 2090 3292 2136 nionte
3335 2082 3627 2150 prraim;
3678 2095 3745 2141 et

2148 2168 2436 2225 aediﬁcavit
2466 2170 2758 2234 civitatem,
2786 2179 2842 2226 et
2866 2172 3129 2227 habitavit
3169 2175 3223 2227 iu
3249 2189 3334 2229 ea.
3378 2175 3499 2244 Ipse
3520 2187 3606 2232 est
3638 2179 3739 2248 qui

2150 2258 2298 2314 dedit
2336 2259 2713 2317 haereditatem
2760 2260 3010 2317 omnibus
3058 2262 3183 2318 ﬁliis
3221 2262 3357 2317 Iuda
3383 2305 3399 2329 ,
3439 2267 3533 2335 qui
3583 2268 3741 2322 dedit

2151 2349 2406 2417 Ephraim
2432 2358 2487 2403 et
2513 2350 2748 2405 dimidiae
2775 2351 2937 2405 tribui
2978 2351 3256 2419 Manasse;
3287 2354 3403 2425 ipse
3429 2356 3579 2411 dedit
3611 2373 3737 2413 uta-

2149 2438 2342 2508 gniﬁco
2384 2439 2457 2494 illi
2498 2438 2699 2509 Calepb
2741 2440 2850 2495 ﬁlio
2888 2439 3131 2511 Iephone
3168 2445 3571 2511 lucreditatem;
3617 2448 3739 2515 ipse

2150 2533 2298 2588 misit
2325 2543 2508 2590 ternos
2536 2551 2632 2605 per
2654 2537 2897 2605 singulas
2936 2538 3133 2603 tribus,
3164 2539 3255 2608 qui
3283 2540 3591 2595 universam
3618 2550 3741 2595 ter-

2151 2642 2267 2681 ram
2290 2636 2642 2698 peragrarent
2670 2636 2834 2697 atque
2857 2628 3250 2695 describerent,
3288 2639 3345 2685 et
3377 2618 3737 2688 ostenderent

2150 2719 2284 2784 sibi;
2315 2720 2430 2789 ipse
2449 2719 2600 2774 misit
2620 2721 2871 2776 omnibus
2897 2728 3103 2782 sortes,
3152 2730 3208 2776 et
3236 2736 3298 2776 se
3321 2722 3375 2775 in
3420 2722 3739 2777 novissimis

2152 2810 2470 2866 reservavit.
2507 2808 2685 2876 Quare
2708 2817 2868 2879 putas
2890 2810 3063 2865 voluit
3084 2810 3329 2866 omnium
3353 2826 3474 2866 esse
3502 2812 3738 2866 novissi-

2150 2902 2305 2961 mus?
2346 2900 2477 2956 Sine
2523 2901 2687 2962 dubio
2713 2909 2940 2956 utesset
2974 2903 3215 2979 omnium
3254 2903 3479 2973 primus.
3526 2903 3597 2957 Et
3632 2916 3738 2959 nec

2151 2994 2273 3062 ipse
2294 2992 2395 3048 sibi
2433 2992 2766 3048 haereditatis
2811 3002 3011 3050 sortem
3049 2996 3415 3064 praesumpsit,
3456 2996 3553 3050 sed
3577 3012 3609 3049 a
3635 3013 3736 3066 po-

2151 3082 2278 3153 pulo
2305 3083 2545 3153 accepit;
2589 3092 2645 3137 et
2666 3082 2746 3137 illi
2775 3085 2866 3138 dat
2892 3083 3122 3154 pepulus
3146 3084 3538 3150 hmreditatem,
3565 3103 3599 3141 a
3624 3103 3738 3156 quo

463 3179 849 3248 interpretatur
890 3194 1015 3248 pax,
1062 3179 1273 3248 paciﬁci
1312 3187 1652 3255 permanent,
1696 3187 1752 3235 et
1802 3180 2047 3234 habitam,
2073 3161 2118 3224 C
2152 3172 2265 3240 ipse
2284 3180 2603 3242 acceperat;
2647 3172 2726 3227 sic
2751 3174 2895 3228 enim
2938 3174 3197 3243 scriptum
3221 3183 3345 3230 est:
3374 3175 3440 3229 Et
3466 3177 3736 3232 dederunt

465 3271 854 3325 amaritudines
894 3272 949 3325 in
978 3272 1334 3326 arietantibus
1355 3280 1409 3327 et
1432 3272 1694 3341 paciﬁcis.
1737 3273 2048 3329 Arietantcs

465 3366 590 3412 sunt
629 3359 683 3413 bi
722 3359 834 3427 qui,
872 3359 926 3412 in
952 3344 1121 3429 agone
1158 3360 1340 3428 positi,
1388 3375 1701 3429 expugnare
1752 3360 2048 3418 diabolicas

465 3449 608 3502 ardes
648 3457 703 3504 et
741 3449 1018 3505 destruere
1060 3457 1359 3514 conantur;
1399 3451 1611 3520 pacilici
1651 3466 1800 3515 vero,
1855 3453 1946 3522 qui
1991 3454 2046 3507 in

468 3539 775 3595 carnalibus
823 3539 1272 3608 concupiscentiis
1322 3541 1559 3609 superati
1607 3557 1796 3612 pacem
1852 3544 2047 3599 anima:

465 3635 672 3704 egerint
709 3655 720 3689 :
763 3636 816 3689 in
859 3636 1105 3705 utrisque
1154 3644 1333 3691 tamen
1379 3651 1728 3707 perseverare
1768 3641 2048 3696 contendit

465 3728 739 3781 contraria
774 3727 948 3782 virtus
982 3727 1359 3782 amaritudinis
1383 3736 1436 3782 et
1471 3729 1804 3798 persistere;
1847 3731 1900 3784 in
1939 3746 2048 3801 quo

466 3815 573 3869 tale
602 3816 782 3885 aliquo
808 3816 1106 3888 intelligere
1138 3817 1427 3886 possimus,
1463 3818 1589 3887 quia
1614 3819 1763 3883 dicit,
1794 3836 2047 3890 perman-

467 3907 540 3959 sit
562 3906 909 3961 Amorrbmus
928 3908 983 3961 in
1011 3908 1161 3979 ipsis.
1189 3907 1348 3963 Verbi
1380 3910 1576 3981 gratia,
1625 3911 1670 3965 si
1694 3911 1911 3966 inimica
1938 3913 2049 3966 vir—

470 3998 601 4053 tutis
634 3998 895 4053 dazmonis
922 4014 986 4053 ex
1027 3999 1389 4054 amaritudine
1435 4009 1610 4054 turma
1641 4002 1868 4057 veniens
1902 4003 2049 4059 obsi-

468 4090 593 4144 deat
627 4087 854 4158 alicujus
878 4103 1107 4158 corpus,
1148 4091 1431 4158 perturbat
1456 4099 1511 4144 et
1535 4091 1754 4147 hebetat
1803 4103 2044 4160 ruentes,

468 4178 827 4233 adhibeantur
852 4186 1032 4233 autem
1067 4178 1249 4233 multa:
1290 4181 1566 4235 orationes
1603 4190 1697 4236 aut
1719 4184 1887 4237 multa
1907 4182 2049 4253 jeju-

466 4269 583 4335 nia,
619 4269 799 4323 multae
823 4268 1213 4323 exorcistarum
1239 4270 1391 4324 bonae
1421 4285 1612 4325 manus
1652 4271 2043 4341 impositiones.

469 4359 577 4415 Sed
615 4360 853 4415 adhibita
893 4360 994 4414 sibi
1039 4375 1106 4414 ex
1147 4360 1241 4414 Dei
1278 4361 1512 4415 nominis
1553 4362 1896 4420 invocatione
1937 4373 2049 4420 tor-

467 4461 650 4508 menta
679 4451 885 4506 mavult
905 4453 1015 4522 pati
1048 4466 1210 4521 quam
1239 4452 1517 4507 discedere
1548 4454 1616 4508 ab
1645 4454 1862 4511 homine
1882 4468 2042 4526 quem

469 4548 812 4617 impudenter
838 4547 1046 4601 obsidet
1067 4556 1121 4601 et
1158 4548 1407 4615 nequiter
1437 4565 1449 4600 :
1485 4548 1557 4602 ita
1581 4549 1748 4603 etiam
1775 4550 1862 4605 hic
1889 4550 2045 4605 intel-

468 4637 740 4707 ligendum
787 4647 872 4693 est
899 4639 953 4692 in
992 4638 1109 4693 istis
1151 4639 1243 4708 qui
1288 4639 1543 4693 dicuntur
1578 4639 1894 4705 Amorrbtei,
1949 4642 2042 4712 qui

468 4737 785 4795 permanent
808 4736 863 4783 et
899 4729 1194 4799 persistunt
1226 4729 1473 4783 habitare
1493 4730 1544 4783 in
1570 4730 1701 4785 Elon
1725 4739 1779 4785 et
1800 4732 1854 4786 in
1887 4730 2045 4787 Salu-

471 4816 603 4869 min.
651 4817 719 4870 Et
742 4826 803 4871 ut
827 4833 954 4874 vere
975 4819 1282 4874 ostenderet
1296 4818 1585 4889 Scriptura
1611 4821 1736 4890 quia
1767 4821 2045 4890 perferen-

469 4914 554 4960 tes
597 4920 784 4975 ptenas
823 4915 876 4962 et
925 4909 1131 4979 ﬂagella
1174 4910 1492 4979 persistunt,
1545 4911 1673 4965 dicit
1706 4929 1719 4964 :
1748 4912 1815 4967 Et
1865 4915 2045 4984 gravis

468 4996 610 5050 facta
632 5004 714 5051 est
742 5012 931 5051 manus
954 4999 1208 5067 Ephraim
1236 5013 1399 5067 super
1435 5000 1797 5057 Amorrhazos.
1840 5004 2047 5070 Quibus

470 5096 650 5143 autem
682 5086 863 5157 gravis
885 5087 1113 5141 edicitur
1137 5105 1329 5144 manus
1359 5091 1612 5160 Ephraim
1655 5108 1818 5163 super
1856 5095 2049 5150 Amor-

470 5179 666 5243 rhzeos,
695 5177 779 5231 vel
807 5180 1197 5234 exorcistarnm
1237 5190 1295 5234 ut
1324 5181 1574 5246 diximus,
1612 5198 1803 5238 manus
1824 5185 2047 5254 imposi-

364 5333 379 5345 ,Δ
468 5269 614 5324 tione
642 5269 910 5338 imposita,
935 5271 1149 5340 gravari
1185 5270 1383 5325 dicitur
1406 5287 1567 5341 super
1588 5274 1895 5330 immundos
1935 5276 2046 5345 Spi-

375 5342 404 5436 ᾖ
468 5360 604 5414 ritus
623 5374 814 5414 manus
836 5359 1091 5430 Ephraim
1112 5359 1196 5415 vel
1229 5360 1356 5415 boni
1377 5369 1550 5427 actus,
1590 5363 1674 5418 vel
1702 5365 1840 5420 bona
1879 5342 2043 5436 opera

378 5466 397 5478 ί
466 5452 746 5521 gravantia
791 5450 1030 5524 alliigunt
1061 5453 1366 5508 daemonum
1399 5470 1591 5525 genus,
1635 5457 2045 5526 contrariasque

467 5537 714 5594 virtutes.
739 5540 949 5608 Quanto
968 5544 1111 5598 enim
1138 5558 1236 5598 nos
1258 5545 1480 5599 meliora
1505 5541 1764 5615 gerimus,
1790 5554 1845 5602 et
1868 5563 2042 5617 quan-

469 5635 580 5683 tum
606 5630 661 5684 in
682 5633 899 5699 optimis
938 5649 1341 5699 conversamur,
1365 5642 1516 5690 tanto
1542 5636 1646 5690 illis
1668 5637 1784 5693 haec
1816 5639 2042 5694 molesta

467 5720 769 5776 eﬂiciuntur
792 5733 851 5778 et
873 5726 1075 5794 gravia.
1105 5726 1327 5781 Gratum
1369 5740 1498 5783 vero
1531 5727 1635 5785 illis
1664 5735 1748 5783 est
1769 5737 1822 5783 et
1853 5743 2041 5797 acc-rp.

2152 3262 2247 3316 ﬁlii
2288 3261 2456 3318 Israel
2504 3273 2709 3320 sortem
2752 3262 2881 3319 Iesu
2908 3264 3020 3319 ﬁlio
3066 3264 3231 3320 Nave.
3280 3265 3391 3321 Sed
3436 3267 3738 3336 ﬁguraliter

2149 3354 2534 3424 contingebant
2578 3355 2688 3410 illis
2733 3369 2854 3425 qua:
2895 3355 3051 3410 nobis
3094 3365 3469 3426 proponuntur
3512 3360 3578 3413 ad
3622 3360 3738 3414 for-

2148 3460 2315 3512 mam,
2354 3455 2419 3501 ut
2450 3453 2506 3501 et
2551 3461 2650 3502 nos
2681 3462 2962 3503 servemus
2994 3453 3321 3518 prze'ceptum
3354 3448 3485 3502 illud
3514 3451 3659 3519 quod
3680 3458 3743 3506 et

2148 3536 2252 3592 iste
2275 3551 2440 3605 opere
2465 3536 2724 3606 implevit,
2772 3538 2915 3606 quod
2937 3530 3138 3592 dicitur
3165 3555 3178 3592 :
3209 3554 3228 3587 ι
3268 3537 3484 3605 Quanto
3509 3556 3741 3609 magnus

2147 3642 2239 3692 es,
2286 3635 2436 3682 tanto
2475 3626 2697 3682 humilia
2745 3629 3014 3699 te-magis
3041 3629 3179 3697 apud
3214 3629 3522 3694 Dominum,
3561 3639 3618 3685 et
3657 3631 3742 3685 in-

2147 3718 2332 3773 venies
2379 3719 2608 3788 gratiam
2655 3718 2852 3789 (Eccli.
2900 3718 3021 3790 ιιι).
3069 3740 3088 3772 ι
3120 3719 3186 3774 Ει
3223 3719 3420 3775 iterum
3474 3720 3741 3789 scriptum

2146 3816 2269 3863 est:
2308 3827 2326 3860 ι
2364 3807 2421 3863 Si
2452 3818 2505 3864 te
2551 3809 2742 3865 ducem
2770 3810 3170 3876 ordinaverint,
3201 3825 3271 3865 ne
3308 3809 3608 3874 extollaris,
3644 3812 3745 3866 sed

2146 3908 2265 3952 esto
2302 3898 2447 3953 inter
2482 3913 2579 3954 eos
2616 3899 2768 3968 quasi
2798 3915 2937 3955 unus
2975 3915 3041 3954 ex
3089 3900 3219 3971 ipsis
3249 3899 3450 3973 (Eccli.
3476 3903 3684 3973 xxxii).
3714 3922 3735 3954 ι

2148 3990 2283 4045 Vide
2309 4005 2440 4060 ergo
2469 3992 2736 4061 quomodo
2763 3991 2995 4047 duxerat
3039 3992 3317 4062 populum,
3361 3994 3481 4061 ipse
3510 3995 3602 4063 qui
3642 4010 3739 4050 eos

2148 4080 2521 4136 introduxerat
2570 4083 2624 4136 in
2675 4091 2876 4137 terram
2935 4092 3218 4149 sanctam,
3278 4084 3333 4139 in
3385 4094 3588 4140 terram
3650 4101 3740 4141 re-

2147 4172 2568 4241 promissionis:
2610 4172 2724 4244 ipse
2763 4182 2883 4229 erat
2934 4189 3218 4230 successor
3265 4173 3460 4247 Moysi,
3513 4184 3569 4230 et
3625 4193 3737 4233 non

2148 4261 2266 4332 ipse
2312 4277 2527 4317 sumere
2576 4264 2831 4332 permisit
2885 4274 3087 4323 sortem
3134 4273 3293 4321 terra:
3318 4306 3334 4332 ,
3396 4266 3491 4321 sed
3542 4281 3737 4337 exspe-

2106 4361 2260 4411 ‘ctat
2304 4362 2364 4409 ut
2416 4354 2647 4425 accipiat
2698 4356 3117 4426 portiunculam.
3170 4357 3376 4429 Dignus
3421 4356 3582 4414 Iesus
3634 4360 3741 4416 hoc

2148 4447 2368 4503 nomine
2424 4448 2656 4504 aediﬁcat
2708 4449 2883 4505 locum
2933 4451 3109 4520 ipsum
3159 4466 3320 4520 quem
3373 4452 3615 4521 accepit,
3672 4462 3731 4507 et

2151 4540 2418 4594 construit
2436 4554 2582 4604 eum,
2616 4548 2675 4595 ut
2694 4555 2827 4595 vere
2853 4540 3072 4611 dignum
3100 4540 3267 4596 faciat
3296 4557 3523 4598 munere
3557 4544 3655 4598 Dei
3685 4553 3741 4600 et

2151 4631 2465 4685 bmreditate
2513 4631 2714 4686 divina.
2744 4630 2879 4687 Sed
2925 4634 3182 4702 quoniam
3231 4634 3298 4688 ad
3345 4633 3635 4688 Dominum
3684 4644 3740 4691 et

2152 4720 2489 4777 Salvatorem
2521 4710 2763 4777 nostrum
2794 4738 2860 4777 ea
2892 4739 3012 4793 quas
3033 4724 3099 4778 de
3138 4723 3264 4779 Iesu
3297 4725 3611 4779 scribuntur
3652 4740 3738 4779 re-

2150 4814 2295 4871 ferre
2324 4816 2720 4880 consuevimus,
2774 4816 3022 4872 fortassis
3048 4817 3214 4871 etiam
3238 4824 3425 4871 noster
3450 4816 3629 4871 omnis
3646 4816 3738 4872 hic

2149 4908 2378 4977 populus
2416 4908 2509 4963 dat
2553 4908 2787 4978 aliquam
2831 4909 3133 4978 portionem
3165 4923 3283 4963 meo
3329 4908 3560 4991 Domino
3581 4906 3735 4971 Iesu,

2156 5008 2212 5055 et
2248 4999 2608 5081 velut‘locum
2650 5000 2936 5069 quemdam
2981 5000 3308 5081 habitationi
3353 4999 3471 5068 ejus
3519 5000 3732 5054 tribuit.

2157 5090 2263 5144 Sed
2305 5105 2375 5144 ne
2394 5078 2725 5158 ’injuriosum
2774 5091 3019 5146 videatur
3047 5107 3168 5146 esse
3198 5078 3357 5161 quod
3383 5092 3602 5155 dicitur,
3653 5108 3739 5146 re-

2152 5181 2431 5249 quiremus
2459 5184 2730 5250 quomodo
2754 5182 2803 5236 ei
2830 5183 3023 5237 damus
3060 5197 3160 5236 nos
3197 5181 3339 5236 servi
3384 5182 3739 5236 habitationis

2153 5271 2349 5326 locum.
2377 5271 2490 5343 Ego
2520 5272 2565 5326 si
2596 5287 2812 5341 possum
2843 5274 3016 5328 bonus
3042 5273 3192 5335 ﬁeri,
3223 5273 3363 5327 dabo
3391 5272 3569 5327 locum
3596 5272 3737 5326 Filio

2152 5362 2248 5417 Dei
2285 5364 2338 5418 in
2364 5378 2482 5429 me;
2519 5372 2575 5418 et
2613 5372 2898 5433 acceptum
2927 5380 2959 5418 a
2987 5378 3073 5419 me
3097 5362 3274 5418 locum
3302 5363 3357 5417 in
3383 5363 3568 5417 anima
3611 5378 3734 5417 mea

2146 5456 2406 5512 Dominus
2437 5454 2593 5511 Iesus
2623 5455 2883 5520 aediﬁcat,
2924 5463 2981 5510 et
3018 5453 3149 5510 facit
3174 5455 3228 5509 iu
3266 5469 3332 5509 eo
3360 5469 3545 5508 muros
3585 5454 3736 5508 inex-

2145 5547 2462 5617 pugnabiles
2510 5554 2567 5601 et
2611 5554 2789 5601 turres
2836 5545 3101 5611 excelsas,
3154 5553 3216 5599 ut
3262 5543 3493 5599 aediﬁcet
3538 5545 3593 5598 in
3648 5557 3734 5599 me

2147 5638 2506 5702 mansionem,
2536 5636 2582 5692 si
2610 5651 2867 5700 mererer,
2915 5637 3133 5707 dignam
3163 5652 3224 5691 se
3248 5645 3307 5690 et
3334 5635 3498 5689 Patre
3529 5655 3543 5689 :
3568 5644 3629 5689 et
3656 5635 3727 5688 ita

2148 5729 2375 5786 adornet
2424 5729 2658 5785 animam
2710 5744 2907 5796 meam,
2953 5737 3013 5783 ut
3043 5742 3297 5798 capacem
3340 5742 3459 5783 eam
3488 5743 3601 5782 suae
3649 5743 3735 5782 sa-
