4000 6186
275 288 300 341 1
313 285 417 345 089

272 398 495 471 ρὶριιιὶω
537 401 593 452 et
629 394 795 450 totius
826 387 1130 448 sanctitatis
1170 391 1369 446 alliciat
1409 410 1421 444 :
1462 391 1515 447 in
1556 400 1761 446 tantum
1806 399 1866 446 ut
1891 391 1943 451 Α

274 493 443 547 etiam
473 489 637 543 faciat
679 501 860 542 secum
892 486 1115 549 intrare,
1147 492 1205 538 et
1224 484 1298 538 ‘in
1321 498 1387 538 ea
1420 483 1599 539 facere
1628 482 1864 537 mansio-

272 596 425 647 nem,
477 589 533 634 et
567 594 785 634 camare
819 578 982 631 etiam
1036 576 1176 646 apud
1219 575 1383 629 talem
1434 575 1669 629 animam
1715 573 1866 629 cibos

272 689 417 743 quos
447 674 548 728 iste
572 658 871 726 donaverit.
905 669 1194 724 Videamus
1226 681 1359 738 ergo
1393 668 1515 736 quis
1541 674 1625 721 est
1658 667 1760 720 iste
1790 666 1865 720 lo-

273 784 378 822 cus
401 769 454 822 in
480 782 586 835 quo
610 766 759 834 cupit
802 765 1049 819 habitare
1073 762 1233 849 Jesqs
1270 782 1284 817 :
1312 763 1371 818 ln
1421 771 1621 826 monte,
1668 762 1861 830 inquit,

277 859 560 928 Ephraim,
610 858 713 912 hoc
757 864 861 919 est,
914 857 967 910 in
1015 864 1198 910 monte
1239 854 1537 911 fructifera.
1579 854 1679 921 Qui
1708 865 1867 924 putas

277 960 405 1004 sunt
434 950 487 1003 in
517 949 670 1002 nobis
706 956 918 1003 montes
947 946 1209 1002 lructil‘eri
1238 948 1293 1001 in
1320 947 1517 1017 quibus
1543 946 1751 1001 habitet
1778 943 1866 1000 Je-

277 1041 405 1095 sus?
446 1040 506 1093 ln
531 1039 636 1093 illis
662 1038 905 1107 profecto
932 1038 985 1093 in
1014 1038 1211 1107 quibus
1242 1045 1367 1092 sunt
1394 1036 1602 1091 fructus
1630 1032 1865 1105 Spiritus

276 1129 475 1193 sancti,
509 1147 526 1177 ι
563 1128 837 1197 gaudium,
862 1143 987 1196 pax,
1010 1128 1289 1196 patientia,
1317 1127 1557 1181 charitas
1583 1123 1861 1196 (Gal.v),-p

275 1230 332 1275 et
390 1219 571 1275 eaateri
636 1220 693 1273 in
746 1218 941 1287 quibus
997 1227 1123 1273 sunt
1183 1227 1394 1273 montes
1457 1216 1724 1271 fructiferi
1774 1216 1866 1285 qui

276 1310 490 1364 fructus
542 1309 777 1379 Spiritus
816 1307 1064 1373 alterunt,
1112 1317 1168 1363 et
1197 1317 1377 1362 mente
1422 1322 1487 1362 ac
1523 1322 1620 1377 spe
1667 1306 1868 1362 excelsi

276 1409 427 1455 sunt.
462 1401 529 1453 Et
553 1399 679 1454 licet
721 1398 873 1469 pauci
917 1413 1038 1454 esse
1068 1398 1200 1454 tales
1226 1399 1454 1468 possint,
1500 1407 1681 1452 tamen
1709 1391 1868 1453 si'vel

279 1490 437 1561 pauci
464 1489 684 1555 fuerint,
730 1490 786 1543 in
813 1490 942 1560 ipsis
984 1489 1237 1544 habitans
1265 1489 1524 1543 Dominus
1552 1487 1730 1554 Iesus,
1774 1487 1868 1559 qui

276 1591 367 1636 est
390 1581 481 1634 lux
509 1596 633 1635 vera
663 1581 926 1645 omnium,
957 1580 1168 1634 emittet
1208 1578 1388 1634 radios
1415 1594 1542 1633 suos
1572 1578 1709 1634 lucis
1733 1594 1867 1644 sua),

278 1673 450 1728 etiam
491 1685 655 1740 super
682 1671 918 1740 reliquos
943 1685 1154 1733 omnes,
1193 1684 1330 1739 quos
1370 1670 1611 1723 nondum
1645 1670 1745 1723 sub
1774 1670 1871 1723 ha-

1174 280 1557 338 ‘COMMENT.
1598 280 1664 335 ΙΝ
1704 277 1966 335 LIBRUM
2000 276 2235 334 JOSUE.
2271 309 2341 319 —
2375 276 2501 333 LIB.
2541 276 2626 332 Ill.

3412 280 3553 337 1090

2576 388 2805 443 CAPUT
2848 390 2934 444 XI.

1964 504 2045 559 De
2068 504 2283 559 urbibus
2323 504 2683 575 fugitivorum,
2727 520 2845 574 qua’
2870 509 3163 560 constituite
3195 517 3315 561 sunt
3356 509 3426 562 ad
3464 509 3556 564 de-

2036 576 2322 644 fensionem
2351 592 2531 628 eorum
2553 575 2643 644 qui
2680 577 3027 641 percusseriut
3069 577 3301 631 animam
3323 579 3553 636 hominis

2036 647 2318 700 nescientes
2346 655 2393 699 et
2418 661 2522 699 non
2543 655 2742 714 sponte.

2036 755 2185 827 (Car.
2211 756 2326 825 xx.)
2359 773 2379 806 ι
2412 757 2479 809 Ει
2508 755 2718 812 locutus
2749 764 2836 811 est
2862 755 3119 812 Dominus
3155 760 3220 811 ad
3255 758 3435 826 Josue,
3467 762 3551 817 di-

1971 864 1990 899 ι
2019 862 2149 901 cens
2181 865 2193 900 :
2220 846 2463 917 Loquere
2507 847 2632 901 (iliis
2662 848 2840 914 Israel,
2873 859 2927 904 et
2954 850 3100 905 dices
3128 870 3140 903 :
3172 851 3430 921 Separate
3465 870 3557 908 ur-

1970 954 1990 989 ι
2026 938 2123 993 bes
2144 938 2513 1008 fugitivorum,
2537 939 2603 993 de
2624 942 2821 1009 quibus
2850 942 3061 997 locutus
3086 960 3203 997 sum
3244 947 3309 999 ad
3336 961 3433 999 vos
3452 960 3552 1014 per

1971 1046 1991 1080 ι
2021 1043 2238 1083 manum
2275 1028 2462 1100 Moysi,
2492 1039 2561 1084 ut
2579 1031 2851 1103 confugiat
2873 1032 2938 1086 ad
2970 1049 3063 1088 eas
3104 1036 3412 1106 quicunque
3433 1037 3555 1091 ani-

1973 1136 1993 1168 ι
2023 1133 2165 1172 mam
2197 1120 2524 1187 percusserit
2553 1122 2768 1175 nescius
2800 1140 2813 1178 :
2840 1130 2900 1176 ut
2946 1125 3115 1192 possit
3150 1131 3379 1180 evadere
3422 1126 3560 1180 iram

1975 1229 1992 1262 ι
2030 1212 2260 1280 proximi
2285 1212 2377 1280 qui
2406 1212 2551 1265 ultor
2572 1223 2655 1267 est
2687 1215 2982 1283 sanguinis,
3015 1231 3137 1270 cum
3171 1216 3236 1270 ad
3268 1232 3429 1271 unam
3458 1219 3561 1272 ha-
3588 1194 3597 1209 κ

1970 1318 1993 1352 ι
2027 1316 2146 1354 rum
2173 1299 2475 1371 confugerit
2522 1301 2819 1356 civitatem.
2872 1301 3156 1372 Stabitque
3199 1313 3322 1358 ante
3349 1314 3562 1375 portam

1974 1412 1994 1446 ι
2030 1393 2291 1459 civitatis,
2318 1402 2375 1448 et
2396 1393 2983 1462 loquetursenioribus
3012 1395 3160 1449 urbis
3190 1395 3332 1450 illius
3351 1411 3415 1450 ea
3441 1412 3563 1465 qua:

1976 1503 1996 1536 ι
2033 1499 2091 1540 se
2156 1485 2509 1553 comprobent
2575 1485 2950 1549 innocentem;
3020 1487 3204 1555 sicque
3267 1487 3565 1557 suscipient

1976 1593 1996 1626 ι
2034 1590 2180 1640 eum,
2225 1585 2281 1630 et
2302 1576 2504 1630 dabunt
2538 1575 2586 1630 ei
2621 1576 2798 1631 locum
2838 1577 2903 1630 ad
2931 1576 3312 1641 habitandum,
3350 1597 3368 1629 ι
3397 1587 3452 1631 et
3478 1592 3566 1632 re~

1974 1664 2140 1734 liqua.
2188 1664 2362 1722 Urbes
2407 1665 2597 1736 refuin
2645 1665 2846 1719 nullam
2882 1666 3072 1722 melius
3115 1683 3277 1737 quam
3319 1676 3561 1723 sanctam

281 1764 523 1819 bitaculo
553 1734 925 1832 principaliter
967 1734 1394 1816 induxit.—Nunc
1430 1773 1565 1832 ergo
1593 1760 1870 1815 videamus
1897 1734 1945 1792 Β
1973 1758 2270 1814 Ecclesiam
2298 1734 2583 1828 designare
2631 1773 2873 1828 possum,
2905 1760 2995 1813 ubi
3040 1734 3293 1828 pec—calor
3326 1775 3423 1831 per
3447 1774 3567 1831 pm-

280 1866 411 1922 quze
448 1860 574 1907 sunt
608 1852 888 1906 machaeras
914 1850 1141 1921 petrinm
1166 1849 1363 1919 quibus
1407 1850 1747 1907 circumcidit
1774 1849 1868 1906 Je-

281 1958 381 1999 sus
409 1941 752 1998 lilioslsrael.
786 1940 893 1995 Sed
919 1941 1089 1995 oretis
1106 1955 1205 2009 pro
1226 1940 1385 1995 nobis
1398 1950 1457 1994 ut
1484 1953 1664 1995 sermo
1688 1950 1874 1996 noster

280 2036 473 2089 vivens
507 2035 577 2089 sit
615 2042 669 2088 et
701 2032 912 2096 ellieax,
957 2037 1015 2087 et
1046 2031 1255 2085 acutior
1292 2044 1454 2100 super
1496 2045 1714 2085 omnem
1759 2045 1873 2084 ma-

282 2126 544 2187 clteram,
573 2122 850 2193 praestabit
894 2129 949 2175 et
981 2120 1136 2175 nobis
1170 2119 1327 2175 Jesus
1364 2121 1625 2175 Dominus
1664 2129 1725 2175 ut
1755 2135 1877 2175 ver-

281 2216 415 2269 bum
445 2214 540 2268 Dei
577 2213 719 2283 quod
744 2212 1015 2281 loquimur
1042 2211 1111 2265 ad
1151 2226 1246 2273 vos
1281 2210 1633 2265 circumcidat
1657 2226 1874 2267 omnem

212 2304 213 2311 “
284 2303 702 2366 immunditiam,
736 2311 942 2356 resecet
974 2300 1362 2370 impuritatem,
1391 2301 1609 2356 excidat
1648 2301 1785 2356 vitia
1808 2301 1875 2356 de

284 2395 585 2459 actoribus,
613 2401 669 2447 et
686 2400 927 2462 amputet
952 2408 1113 2446 omne
1140 2405 1247 2461 quo
1278 2392 1361 2446 vis
1390 2392 1587 2446 mentis
1617 2402 1672 2446 et
1702 2389 1877 2447 emea-

284 2484 371 2539 cia
399 2482 664 2537 naturalis
688 2482 992 2552 obtegitur;
1031 2490 1089 2535 et
1109 2482 1189 2536 sic
1207 2495 1307 2551 per
1330 2483 1557 2537 verbum
1587 2483 1704 2549 Dei,
1733 2483 1877 2552 quod

286 2590 433 2631 nunc
478 2573 748 2628 machaera
788 2571 1000 2640 petrina
1042 2572 1262 2637 dicitur,
1310 2572 1773 2628 circumcidemini
1809 2573 1878 2626 ab

286 2667 420 2723 Jcsu
460 2684 472 2719 :
508 2673 565 2720 et
616 2663 849 2719 audietis
894 2664 1020 2732 quia
1064 2660 1227 2721 hodie
1278 2665 1477 2721 abstuli
1529 2667 1877 2735 opprobrium

289 2756 516 2829 tEgypti
544 2770 575 2809 a
609 2755 780 2811 vobis.
827 2754 966 2821 Quid
993 2756 1214 2825 prodest
1245 2757 1422 2812 exisse
1451 2757 1517 2812 de
1539 2756 1799 2827 Egypto,
1824 2764 1880 2811 et

291 2847 576 2902 nobiscum
603 2847 892 2916 opprobria
915 2845 1136 2916 Egypti
1160 2846 1546 2903 circumferre?
1574 2844 1712 2912 Quid
1732 2846 1878 2905 enim

290 2938 514 3010 prodest
565 2937 842 2992 ambulare
867 2952 969 3007 per
994 2937 1270 2992 ercmum?
1318 2938 1422 2991 hoc
1460 2945 1560 3001 est,
1602 2937 1731 3007 quid
1779 2952 1879 2992 nos

293 3026 515 3096 adjuvat
542 3027 597 3081 in
622 3028 891 3097 baptismo
919 3029 1115 3082 saeculo
1144 3028 1488 3082 renuntiasse
1508 3068 1524 3093 ,
1570 3038 1626 3082 ct
1665 3043 1877 3083 morum

291 3128 603 3174 nostrorum
647 3118 907 3187 pristinas
943 3116 1133 3172 sordes
1179 3132 1245 3172 ac
1288 3118 1542 3172 vitiorum
1581 3118 1880 3173 carnalium

294 3208 668 3263 immunditias
702 3208 980 3264 obtinere?
1026 3207 1251 3279 Oportet
1290 3224 1417 3278 ergo
1454 3219 1577 3278 post
1618 3211 1885 3280 egressio-

295 3316 419 3356 nem
447 3300 614 3354 Rubri
642 3302 828 3365 maris,
853 3302 907 3355 id
934 3311 1036 3366 est,
1063 3311 1186 3370 post
1221 3303 1452 3372 gratiam
1482 3301 1757 3372 baptismi,
1789 3317 1886 3355 au-

297 3389 428 3444 ferri
482 3390 647 3445 etiam
687 3406 718 3444 a
762 3391 917 3445 nobis
963 3391 1200 3445 carnalia
1238 3392 1439 3447 veteris
1479 3391 1886 3446 consuetudinis

299 3480 429 3534 vitia
466 3496 566 3549 per
595 3480 779 3535 Jesum
802 3480 1079 3535 Christum
1119 3481 1407 3537 Dominum
1434 3493 1699 3553 nostrum,
1733 3482 1885 3535 utita

301 3570 518 3625 domum
540 3569 877 3641 Egyptiacis
900 3587 1088 3627 carere
1113 3573 1382 3641 possimus
1407 3572 1729 3642 opprobriis.
1780 3572 1884 3626 Po-

301 3669 506 3713 nuntur
556 3675 687 3730 ergo
725 3660 829 3716 illae
880 3661 1009 3731 ipsa:
1048 3664 1331 3716 machaera:
1366 3670 1422 3715 et
1458 3661 1619 3715 cultri
1666 3660 1884 3728 lapidei,

300 3750 502 3820 quibus
547 3752 782 3807 secundo
827 3751 1264 3807 circumcidimur
1307 3751 1376 3806 ab
1411 3749 1567 3816 Jesu,
1605 3751 1660 3806 in
1695 3751 1884 3809 eodem

300 3843 423 3900 loco
449 3859 612 3912 quem
639 3845 775 3914 petit
798 3842 955 3900 .lesus
992 3853 1047 3898 et
1071 3844 1300 3914 accipit;
1353 3844 1406 3898 in
1430 3844 1548 3899 loco
1571 3859 1731 3915 quem
1763 3859 1886 3913 pos-

304 3934 448 3989 sidet
482 3935 537 3989 in
565 3936 746 3989 anima
767 3934 920 4004 justi,
959 3936 1012 3989 in
1053 3935 1170 4005 ipso
1201 3935 1446 3990 recondit
1479 3943 1535 3990 et
1565 3935 1881 3989 machaeras.

302 4021 463 4093 Saepe
486 4024 821 4079 ostendimus
866 4025 1191 4079 machaeram
1221 4023 1372 4077 verbi
1400 4023 1496 4077 Dei
1526 4022 1749 4087 dictum,
1778 4036 1886 4091 quo

302 4114 474 4167 verbo
502 4113 854 4168 absciduntur
885 4123 940 4168 et
961 4125 1329 4183 expurgentur
1358 4124 1578 4183 peccata
1613 4114 1680 4169 de
1706 4114 1885 4170 anima

304 4206 657 4262 audientium.
690 4206 817 4269 Haec
843 4222 970 4278 ergo
994 4208 1163 4262 virtus
1190 4206 1340 4261 verbi
1367 4206 1534 4261 divini
1577 4207 1887 4263 reconditur

302 4298 358 4351 in
388 4312 455 4351 eo
480 4296 596 4351 loco
624 4296 710 4351 cui
735 4296 1093 4355 daturxscrmo
1123 4296 1361 4351 scientia:
1390 4306 1446 4351 et
1464 4311 1644 4351 sermo
1671 4296 1884 4366 sapien-

303 4387 414 4452 tiae,
449 4395 508 4480 ιιι
544 4394 847 4480 opportuno
884 4396 1123 4480 tempore
1146 4387 1326 4441 anima
1372 4387 1460 4480 illa
1490 4403 1620 4480 quas;
1653 4404 1749 4480 per
1788 4388 1884 4443 do—
1909 4422 1962 4480 Ι)

301 4493 434 4531 num
464 4476 701 4547 Spiritus
729 4477 904 4533 sancti
946 4478 1150 4547 repleta
1196 4485 1281 4532 est
1308 4477 1473 4532 verbo
1510 4478 1788 4545 sapientiae
1828 4488 1883 4534 et

300 4567 471 4621 verbo
520 4567 780 4633 scientia,
815 4566 1052 4637 proferat
1092 4570 1393 4623 machaeras
1421 4567 1478 4621 in
1522 4567 1781 4635 Ecclesia,
1828 4578 1884 4623 et

300 4655 656 4712 circumcidat
703 4658 940 4723 secundo
979 4672 1073 4713 eos
1096 4659 1192 4727 qui
1231 4660 1466 4716 secunda
1508 4661 1750 4729 indigent
1775 4661 1884 4716 cir-

302 4750 655 4805 cumcisione.
697 4751 851 4819 Quod
887 4760 1065 4805 autem
1113 4752 1242 4806 dicit
1276 4754 1517 4822 petrinas
1562 4755 1875 4818 machaeras,

302 4838 408 4894 hoc
433 4848 538 4904 est,
573 4841 651 4917 de:
668 4856 801 4895 saxo
825 4840 1047 4906 cultros,
1077 4849 1132 4896 et
1164 4857 1271 4897 non
1288 4841 1431 4897 ferro
1462 4843 1688 4902 artiﬁcis
1716 4858 1880 4913 opere

300 4928 613 4994 fabricatos,
650 4931 790 4987 illico
831 4931 1066 4988 ostendit
1102 4935 1245 5002 quod
1276 4948 1455 4989 sermo
1496 4934 1611 5000 Dei,
1661 4937 1755 5005 qui
1774 4936 1881 4989 cir-

302 5021 607 5076 cumcidere
640 5023 946 5077 auditorum
991 5023 1240 5077 cordibus
1279 5024 1648 5079 immunditias
1678 5033 1877 5095 potest,

303 5126 409 5163 non
444 5119 620 5164 estex
660 5120 777 5167 arte
822 5112 1172 5183 grammatica
1194 5113 1277 5166 vel
1324 5115 1594 5169 rhetorica
1634 5116 1877 5180 veniens,

300 5213 476 5267 neque
496 5200 775 5255 doctorum
798 5200 1005 5257 malleis
1025 5200 1310 5269 edomitus,
1334 5211 1427 5256 aut
1446 5203 1748 5259 studiorum
1769 5205 1886 5259 cul-

303 5285 446 5340 tibus
475 5286 748 5355 elimatus,
771 5288 863 5344 sed
890 5304 957 5344 ex
985 5289 1076 5344 illa
1119 5299 1272 5360 petra
1308 5292 1638 5347 descendens
1661 5306 1781 5362 qua}
1814 5295 1883 5349 de

301 5385 487 5433 monte
535 5378 652 5433 sine
700 5380 948 5436 manibus
993 5380 1203 5437 abscisa
1240 5390 1341 5449 est,
1386 5392 1441 5438 et
1485 5384 1676 5439 orbem
1722 5394 1883 5440 terrae

301 5470 611 5542 complevit,
642 5480 696 5527 et
715 5472 851 5528 dona
868 5472 1142 5543 spiritalia
1169 5473 1512 5532 credentibus
1543 5475 1747 5532 tribuit.

1971 1850 2259 1904 nitentiam
2292 1863 2445 1918 spem
2472 1849 2641 1903 veniae
2669 1850 2929 1919 percipit,
2961 1858 3013 1904 et
3057 1851 3145 1904 ubi
3176 1850 3438 1906 innocens
3478 1866 3567 1906 sa-

1976 1941 2104 1995 lutis
2140 1956 2250 1996 suae
2288 1940 2500 1994 ﬁrmam
2545 1941 2848 1995 custodiam
2889 1941 3110 1995 invenit.
3159 1940 3265 1997 Sed
3304 1943 3431 2011 quia
3472 1941 3556 1996 lex

1973 2026 2284 2088 distantiam
2324 2030 2455 2086 facit
2496 2033 2638 2086 inter
2673 2048 2796 2087 eum
2820 2033 2909 2102 qui
2943 2033 3247 2088 voluntarie
3282 2035 3555 2090 hominem

1974 2123 2262 2186 interfecit,
2282 2131 2349 2176 et
2379 2138 2503 2177 eum
2529 2123 2621 2192 qui
2663 2138 2769 2177 non
2801 2132 2990 2193 sponte
3031 2125 3381 2178 homicidium
3410 2140 3561 2179 com-

1974 2214 2143 2279 misit,
2177 2215 2402 2284 mystice
2425 2214 2764 2269 demonstrat
2802 2214 2927 2285 quia
2959 2214 3003 2268 si
3030 2215 3152 2284 quis
3172 2229 3272 2284 per
3299 2215 3561 2270 invidiam

1977 2314 2072 2359 aut
2100 2305 2283 2359 odium
2332 2318 2590 2360 mucrone
2611 2303 2829 2358 malitiae
2858 2304 3090 2373 aliquem
3125 2306 3475 2375 percusserit,
3507 2312 3566 2360 et

1976 2396 2031 2449 in
2074 2404 2303 2451 mortem
2332 2394 2523 2450 anima:
2545 2395 2840 2459 seduxerit,
2866 2403 3084 2450 teternae
3123 2396 3282 2450 morti
3329 2396 3447 2466 ipse
3470 2397 3568 2451 ob-

1978 2488 2172 2542 noxius
2195 2486 2319 2541 erit.
2364 2485 2518 2541 Unde
2548 2486 2663 2555 ipsa
2712 2486 2922 2540 Veritas
2949 2486 3065 2540 ait:
3102 2505 3121 2536 ι
3153 2487 3375 2555 Si-quis
3409 2501 3567 2542 scan-

1978 2578 2296 2632 dalizaverit
2324 2592 2493 2631 unum
2521 2577 2588 2631 de
2613 2571 2825 2647 pusillis
2846 2577 2964 2632 istis
2989 2577 3080 2647 qui
3108 2577 3162 2631 in
3190 2592 3277 2632 me
3310 2578 3561 2643 credunt,

1978 2668 2199 2738 expedit
2240 2667 2289 2722 ei
2330 2677 2392 2721 ut
2434 2666 2575 2721 mola
2617 2667 2853 2721 asinaria
2905 2667 3137 2721 addatur
3176 2667 3316 2722 collo
3346 2667 3482 2736 ejus,
3514 2676 3572 2722 ct

1981 2760 2332 2829 demergatur
2358 2760 2410 2814 in
2437 2758 2764 2827 profundum
2792 2757 3008 2830 (Matth.
3042 2757 3220 2829 XVIII).
3260 2778 3280 2810 ι
3317 2758 3383 2811 Et
3409 2756 3573 2812 Joan-

1982 2865 2078 2904 nes
2103 2850 2179 2905 ait
2212 2868 2224 2902 :
2258 2868 2277 2899 ι
2309 2849 2412 2916 Qui
2445 2849 2559 2903 odit
2600 2849 2825 2903 fratrem
2860 2864 3040 2914 suum,
3068 2849 3336 2903 homicida
3358 2860 3471 2913 est;
3515 2855 3572 2902 et

1981 2942 2135 2997 scitis
2170 2942 2297 3010 quia
2342 2941 2518 2995 omnis
2550 2940 2818 2994 homicida
2859 2954 2964 2993 non
3011 2939 3172 2994 habet
3203 2940 3369 2993 vitam
3413 2948 3571 2993 teter-

1984 3046 2108 3084 uam
2136 3015 2195 3083 in
2227 3044 2286 3084 se
2313 3037 2620 3083 manentem
2648 3027 2718 3100 (Ι
2740 3029 2900 3082 Joan.
2926 3028 3031 3098 ιιι).
3070 3048 3088 3080 ι
3118 3028 3216 3083 llic
3241 3029 3363 3082 talis
3392 3030 3461 3083 ab
3492 3028 3571 3082 al-

1988 3122 2093 3176 tari
2130 3122 2342 3176 Domini
2371 3120 2527 3175 evelli
2549 3119 2790 3188 juhetur,
2819 3121 2943 3191 quia
2981 3121 3230 3192 indignus
3263 3136 3574 3176 sacramen-

1984 3211 2056 3265 tis
2088 3210 2384 3265 Dominicis
2429 3225 2460 3264 a
2508 3210 2920 3280 participatione
2966 3211 3108 3265 sacri
3151 3209 3339 3264 altaris
3379 3212 3575 3263 merito

1984 3311 2310 3367 removetur,
2359 3316 2461 3356 nec
2496 3302 2741 3356 revocari
2787 3301 2855 3355 ad
2882 3302 3093 3355 veniam
3122 3301 3227 3355 nisi
3252 3312 3353 3370 per
3384 3300 3574 3355 condi-

1983 3410 2142 3464 gnam
2182 3394 2557 3464 paenitentiam
2600 3393 2711 3448 ullo
2746 3393 2907 3448 modo
2944 3402 3204 3448 meretur.
3254 3392 3356 3459 Qui
3394 3402 3572 3448 autem

1983 3500 2092 3538 non
2133 3492 2265 3537 voto
2300 3484 2553 3545 malitiae,
2599 3484 2692 3538 sed
2738 3499 2836 3553 per
2884 3483 3146 3535 incuriam
3195 3491 3291 3536 aut
3325 3482 3576 3551 ignoran-

1986 3579 2117 3627 tiam
2144 3573 2378 3641 aliquem
2405 3572 2625 3638 laeserit,
2654 3573 2817 3627 habet
2842 3571 3036 3640 refugii
3075 3570 3393 3635 Ecclesiam,
3416 3571 3570 3625 vide-

1984 3662 2112 3717 licet
2148 3660 2504 3727 catholicam,
2537 3661 2625 3715 ubi
2663 3676 2721 3716 se
2762 3663 3013 3733 angustia
3045 3661 3381 3729 paenitentia
3410 3674 3572 3714 coar-

1985 3762 2163 3819 ctans,
2192 3768 2292 3823 per
2322 3768 2484 3808 omne
2513 3761 2723 3822 tempus
2743 3752 3024 3821 przesentis
3052 3751 3177 3806 vitae
3204 3751 3361 3805 bonis
3389 3750 3571 3819 operi-

1983 3843 2087 3898 bus
2113 3843 2349 3898 studium
2386 3843 2703 3912 impendens
2732 3850 2967 3897 maneat.
2992 3842 3068 3906 Et
3095 3842 3139 3897 si
3165 3855 3317 3912 spem
3339 3856 3491 3897 suam
3516 3842 3593 3895 in

1986 3941 2163 3988 morte
2206 3932 2479 4002 pontificis
2527 3933 2748 3998 summi,
2794 3932 3153 4002 redemptoris
3200 3931 3450 3987 videlicet
3487 3930 3571 3986 sui

1984 4024 2246 4094 posuerit,
2276 4024 2379 4079 hac
2407 4023 2525 4079 sine
2562 4023 2726 4078 dubio
2754 4024 2807 4077 in
2838 4032 3101 4079 aeternum
3129 4023 3441 4079 salvahitur.

2058 4114 2235 4186 (ιω.)
2275 4132 2294 4166 ι
2323 4114 2797 4185 Decreveruntque
2826 4114 3001 4170 Cades
3037 4116 3092 4169 in
3127 4113 3342 4169 Galilaea
3372 4114 3575 4170 montis

1992 4205 2407 4276 iNephthalim,
2462 4216 2519 4263 et
2571 4207 2786 4262 Sichem
2839 4207 2893 4260 in
2950 4216 3131 4261 monte
3183 4206 3463 4276 Ephraim,
3519 4215 3574 4262 et

1993 4313 2013 4346 ι
2044 4295 2452 4362 Chariatbarbe,
2482 4298 2595 4365 ipsa
2625 4306 2709 4351 est
2741 4295 2955 4351 Hebron
2978 4336 2993 4361 ,
3020 4296 3074 4349 in
3115 4304 3296 4350 monte
3320 4295 3486 4361 Juda;
3516 4305 3574 4352 et

1994 4403 2013 4435 ι
2049 4394 2200 4441 trans
2234 4384 2526 4441 Jordanem
2573 4395 2765 4441 contra
2815 4386 3134 4441 orientalem
3178 4385 3391 4455 plagam
3434 4384 3575 4441 Jerio

1994 4492 2012 4524 ι
2049 4473 2174 4538 cho,
2222 4481 2527 4528 statuerunt
2553 4474 2740 4538 Bosor,
2772 4489 2891 4544 qua:
2920 4476 3021 4529 sita
3069 4482 3153 4528 est
3196 4474 3250 4527 in
3281 4476 3571 4544 campestri

1994 4578 2013 4611 ι
2055 4561 2345 4617 solitudine
2372 4562 2439 4617 de
2465 4562 2607 4616 tribu
2653 4562 2873 4626 Ruben,
2916 4571 2972 4617 et
3018 4563 3253 4618 Ramoth
3281 4565 3334 4618 in
3362 4563 3569 4621 Galaad

1993 4674 2012 4707 ι
2045 4656 2113 4712 de
2142 4657 2285 4712 tribu
2321 4655 2457 4721 Gad,
2508 4666 2563 4711 et
2598 4655 2805 4712 Gaulon
2846 4658 2899 4711 in
2944 4657 3118 4712 Basan
3159 4658 3225 4713 de
3271 4658 3414 4728 tribu
3463 4659 3573 4715 Ma-

1993 4765 2011 4799 ι
2046 4763 2223 4803 nasse.
2277 4748 2371 4804 Hae
2406 4749 2651 4804 civitates
2690 4749 2996 4804 constituta:
3023 4759 3152 4804 sunt
3189 4751 3403 4806 cunctis
3444 4751 3572 4809 ﬁliis

1993 4857 2012 4895 ι
2048 4837 2211 4894 Israel
2235 4847 2290 4893 et
2319 4841 2541 4894 advenis
2565 4840 2657 4908 qui
2700 4840 3018 4895 habitabant
3043 4841 3183 4895 inter
3214 4856 3340 4907 eos,
3380 4849 3435 4896 ut
3480 4840 3567 4896 fu-

1991 4946 2008 4978 ι
2044 4935 2194 4998 geret
2222 4929 2291 4982 ad
2316 4943 2410 5007 eas
2447 4928 2553 4997 qui
2577 4929 2814 4983 animam
2852 4931 3068 4985 nescius
3103 4933 3478 5001 percussisset,
3509 4941 3567 4989 et

1991 5036 2009 5069 ι
2047 5034 2155 5073 non
2181 5028 2484 5076 moreretur
2516 5020 2762 5074 inmanu
2795 5021 3050 5091 proximi,
3086 5021 3317 5079 ell’usum
3350 5025 3569 5094 sanguic

1993 5126 2011 5159 ι
2044 5122 2168 5162 nem
2196 5109 2471 5164 vindicare
2513 5111 2797 5180 cupientis,
2826 5112 2997 5169 donec
3038 5123 3209 5171 staret
3240 5126 3366 5171 ante
3399 5130 3568 5186 popu-

1994 5212 2012 5245 ι
2048 5194 2158 5250 lum
2206 5197 2549 5267 expositurus
2582 5213 2802 5254 causam
2850 5215 3024 5256 suam.
3048 5223 3067 5255 ι
3102 5203 3211 5275 (Ea:
3235 5203 3519 5258 Baclu'ario
3546 5202 3568 5271 )

1986 5286 2127 5343 Ecce
2154 5287 2322 5343 habes
2351 5303 2447 5344 sex
2484 5289 2674 5362 refugii
2702 5292 2971 5361 civitates,
2996 5309 3150 5364 quas,
3193 5294 3239 5349 si
3261 5294 3455 5364 placet,
3484 5294 3570 5350 lu-

1991 5379 2244 5450 gredere;
2282 5393 2346 5434 ac
2389 5379 2436 5434 si
2469 5378 2609 5436 forte
2649 5397 2749 5453 pro
2783 5384 3009 5439 scientia
3056 5392 3401 5453 peccatorum
3445 5383 3568 5440 illas

1990 5483 2110 5538 quae
2129 5477 2256 5523 sunt
2279 5469 2332 5523 in
2356 5479 2500 5525 terra
2519 5475 2971 5542 repromissionis,
2990 5478 3094 5532 hoc
3112 5485 3196 5531 est
3221 5476 3273 5530 in
3300 5476 3565 5544 Ecclesia,

1990 5563 2194 5617 intrare
2217 5577 2325 5617 non
2357 5565 2578 5630 audeas,
2605 5575 2690 5621 est
2713 5568 2880 5624 Bosor
2903 5569 3046 5623 circa
3071 5567 3363 5624 Iordanem
3393 5569 3447 5623 in
3476 5583 3567 5625 so-

1991 5654 2236 5720 litudine,
2263 5669 2379 5724 qua:
2412 5656 2798 5727 interpretatur
2828 5661 3073 5729 angustia
3094 5702 3109 5728 ,
3141 5662 3194 5717 id
3223 5670 3305 5717 cst
3326 5703 3342 5730 ,
3370 5662 3566 5720 cellula
