4000 6186
454 276 587 335 £09!

1102 270 1164 326 Β.
1204 266 1463 325 sum
1504 266 1725 325 MAURI
1762 261 2039 351 ARCHIEI

2142 257 2440 319 lIOGUNT.
2480 254 2769 316 OPEBUM
2803 257 2987 315 PARS
3024 258 3067 313 I.

3594 262 3750 317 1092

450 388 767 448 monasterii
797 398 965 457 parva
994 383 1080 438 vel
1104 383 1319 439 modica
1345 400 1358 435 :
1401 389 1457 437 et
1484 380 1689 452 optime
1718 377 1813 432 tibi
1844 389 2039 432 conve-
2065 375 2114 437 Α
2140 371 2400 442 scriptum
2429 381 2514 425 est
2543 388 2555 423 :
2596 387 2616 420 ‹
2652 369 2767 440 Ego
2799 368 3089 457 haereditate
3127 381 3341 437 eorum,
3388 380 3448 426 et
3472 378 3754 444 possessio

449 482 584 547 niet,
634 478 779 549 quod
817 478 885 532 de
913 484 1059 533 sorte
1095 475 1284 530 Ruben
1314 483 1419 541 est,
1458 482 1513 528 et
1549 473 1664 542 ipse
1698 471 1791 541 qui
1822 471 2039 525 thorum

447 571 622 643 patris
642 569 725 627 sui
758 566 1048 623 maculavit
1088 565 1294 621 illicite.
1321 564 1417 619 Est
1454 571 1509 619 et
1545 562 1778 617 Ramoth
1805 561 1871 615 de
1893 568 2041 615 sorte

450 662 583 724 Gad,
617 676 738 731 quae
765 660 1153 727 interpretatur
1181 655 1395 710 excelsa
1426 668 1590 718 mors,
1618 652 1701 708 vel
1723 652 1861 707 visio
1895 665 2041 705 mor-

450 754 539 809 tis.
564 750 702 807 Vere
732 751 878 806 enim
902 748 1118 804 excelsa
1147 762 1294 801 mors
1320 744 1644 816 poenitentia
1668 756 1789 798 esse
1811 740 2038 795 dicenda

449 851 534 900 est
604 857 727 899 eum
758 839 1099 895 mortiﬁcatis
1125 836 1387 892 membris
1425 835 1724 890 deducatur
1763 832 1927 885 homo
1972 828 2038 884 ad

451 933 667 991 excelsa
697 931 977 992 caelorum,
1020 927 1162 982 unde
1213 926 1389 980 fuerat
1422 932 1547 978 ante
1590 921 1865 991 delapsus.
1912 919 2041 975 Sive

444 1026 600 1097 juxta
631 1028 790 1081 istam
809 1023 1070 1079 humilem
1112 1028 1366 1083 mortem,
1400 1034 1519 1089 quae
1540 1017 1867 1088 generaliter
1890 1014 2039 1069 ornni

449 1119 600 1175 carni
630 1118 898 1182 imminet,
943 1115 1033 1170 illa
1068 1116 1134 1171 ad
1161 1112 1621 1183 comparationem
1647 1110 1761 1179 ejus
1804 1110 2041 1164 rationao

448 1210 630 1265 biliter
657 1208 876 1263 excelsa
924 1207 1255 1269 nominatur,
1294 1204 1420 1273 quia
1460 1202 1628 1256 multo
1675 1201 1910 1255 nobilius
1955 1207 2039 1254 est

447 1314 547 1369 per
573 1298 947 1368 pmnitentiam
999 1296 1135 1350 mori
1187 1309 1349 1365 quam
1381 1276 1656 1348 communi
1710 1292 1813 1345 hac
1866 1298 2039 1344 morte

450 1390 691 1447 dissolvi.
736 1389 792 1443 Si
824 1396 1004 1443 autem
1035 1388 1299 1442 visionem
1332 1384 1524 1439 mortis
1553 1384 1759 1438 sentire
1786 1382 2035 1447 velimus,

449 1480 522 1535 ita
567 1488 745 1551 potest
784 1478 1031 1550 intelligi,
1077 1477 1203 1548 quia
1233 1492 1354 1531 cum
1390 1491 1577 1530 smmis
1622 1476 1676 1529 in
1721 1475 2036 1544 p‘rnitentia

449 1570 749 1634 constituti,
794 1577 850 1623 et
875 1579 1001 1623 ante
1026 1569 1211 1623 oculos
1239 1567 1394 1621 nobis
1428 1568 1679 1636 ponimus
1702 1566 1898 1620 inferni
1927 1574 2039 1620 tor-

448 1668 652 1723 menta,
691 1659 932 1713 videmus
963 1660 1134 1730 ipsam
1167 1659 1404 1728 speciem
1432 1658 1646 1722 mortis,
1694 1656 1758 1711 de
1784 1672 1889 1725 qua
1916 1669 2036 1728 pce-

2141 462 2224 518 eis
2247 476 2356 517 non
2400 458 2617 516 dabitur
2652 459 2707 514 in
2734 458 2899 514 Israel
2925 456 3127 531 (Nam.
3168 459 3347 533 mn).
3387 478 3407 514 ι
3452 461 3571 534 Ego
3593 465 3746 522 enim

2142 569 2263 610 sum
2295 552 2569 623 possessio
2588 566 2799 608 eorum.
2829 551 3164 609 Clericorum
3200 554 3348 608 enim
3371 555 3662 611 haereditas
3684 567 3745 613 et

2142 647 2410 717 possessio
2446 647 2517 702 ob
2544 648 2648 702 hoc
2685 662 2746 703 se
2783 645 2891 702 dici
2921 646 3096 702 voluit
3135 647 3294 714 Deus,
3329 650 3458 719 quia
3504 650 3740 707 ministri

2141 738 2328 793 altaris
2354 736 2525 808 ipsius
2557 735 2734 792 eﬁ'ecti
2776 744 2906 792 sunt
2944 746 3000 793 et
3047 754 3186 804 sors,
3233 744 3462 810 propter
3503 742 3651 810 quod
3686 750 3739 797 et

2141 829 2319 884 clerus
2375 844 2496 885 sors
2544 830 2955 900 interpretatur.
3007 831 3150 903 Ergo
3201 832 3370 887 Deum
3418 832 3744 889 haereditate

2140 919 2336 974 metito
2386 920 2627 989 possidet
2672 921 2791 990 qui,
2844 930 2904 976 ut
2938 922 3144 992 absque
3191 922 3302 977 ullo
3348 923 3770 994 impedimento_

2140 1011 2415 1066 deservire
2441 1010 2552 1065 Deo
2581 1010 2781 1075 valeat,
2815 1027 3022 1082 panper
3044 1027 3167 1067 esse
3191 1013 3384 1082 spiritu
3410 1014 3738 1079 contendit;

2141 1108 2200 1154 ut
2247 1115 2485 1171 congrue
2535 1099 2663 1155 illud
2692 1100 2995 1157 Psalmistxe
3038 1101 3220 1156 dicere
3259 1103 3468 1172 possit:
3503 1120 3522 1153 ι
3553 1102 3741 1157 1)οωί-

2140 1205 2241 1244 nus
2266 1204 2392 1258 pars
2422 1190 2752 1245 hereditatis
2781 1204 2918 1245 mea:
2939 1197 2995 1245 et
3029 1190 3215 1245 calicis
3245 1191 3350 1245 mei
3380 1190 3553 1262 (Prol.
3581 1191 3731 1262 v).:

2141 1279 2293 1346 Quod
2321 1297 2452 1337 vero
2472 1281 2785 1336 habitacula
2812 1281 3016 1338 Levitis
3042 1282 3112 1337 ab
3133 1280 3261 1337 Jesu
3288 1298 3388 1353 per
3412 1298 3606 1338 omnes
3632 1285 3737 1338 tri-

2137 1371 2239 1427 bus
2268 1370 2654 1438 decernuntur,
2703 1372 3042 1442 signiﬁcatur
3071 1381 3131 1427 ut
3173 1373 3229 1428 hi
3256 1375 3347 1445 qui
3384 1374 3440 1428 in
3488 1374 3735 1431 Ecclesia

2140 1463 2234 1519 Dei
2258 1463 2500 1518 scientiae
2522 1479 2743 1533 operam
2791 1464 3014 1530 dantes,
3066 1464 3332 1520 doctrinm
3375 1466 3609 1536 gratiam
3634 1467 3733 1521 ad—
3825 1451 3835 1460 ’

2138 1555 2469 1620 ministrant,
2516 1571 2706 1611 rursus
2747 1557 2816 1611 ab
2859 1557 3112 1612 omnibus
3167 1557 3360 1628 quibus
3411 1558 3734 1629 dispensant

2140 1645 2344 1710 divina,
2379 1654 2590 1700 terrena
2620 1646 2859 1702 subsidia
2898 1661 3018 1716 quae
3052 1662 3161 1702 non
3203 1648 3403 1702 habent
3437 1649 3731 1719 recipiant,

448 1750 692 1804 nitentia:
717 1749 978 1806 beneﬁcio
1004 1750 1317 1804 liberemur.
1357 1750 1538 1803 Donec
1564 1749 1876 1803 memineris
1902 1756 1954 1802 te
1982 1748 2035 1801 in
2065 1733 2112 1793 B
2142 1742 2202 1788 ιη
2228 1735 2518 1804 impleatur
2546 1734 2676 1791 ίυιιά
2705 1736 2849 1805 (ιιιοά
2875 1736 3165 1807 APO-$10105
3185 1738 3461 1807 marcet)“.
3495 1737 3688 1792 dicens
3715 1755 3729 1790 ε

447 1840 658 1894 ancilla:
688 1840 780 1894 ﬁlii
826 1841 1046 1895 civitate
1075 1855 1236 1911 agere
1264 1841 1667 1910 pmuitentiam;
1707 1840 1835 1909 quia
1859 1840 2038 1895 omnis

448 1931 539 1999 qui
568 1939 754 1999 peccat
784 1945 973 1986 servus
998 1939 1079 1986 est
1117 1932 1344 2000 peccati,
1384 1940 1440 1986 et
1468 1930 1697 1986 formam
1724 1931 1865 1985 servi
1894 1933 2037 1986 acci-

446 2020 624 2091 piens,
653 2021 904 2076 humilies
930 2022 1158 2091 teipsum
1186 2038 1357 2093 usque
1388 2023 1453 2077 ad
1490 2032 1741 2078 mortem.
1771 2023 1865 2078 Est
1892 2022 2037 2078 Gau-

447 2111 537 2167 lon
569 2112 621 2165 iu
652 2111 852 2167 ﬁnibus
878 2112 1145 2178 Manasse,
1181 2129 1299 2182 qua:
1329 2113 1717 2183 interpretatur
1743 2113 2031 2180 volutatio;

447 2211 509 2257 ut
538 2212 593 2256 tu
639 2204 952 2258 memineris
980 2204 1075 2259 tibi
1107 2204 1158 2257 in
1210 2204 1388 2259 cilicio
1418 2213 1472 2259 et
1505 2205 1687 2259 cinere
1726 2217 1849 2259 esse
1886 2204 2038 2259 volu-

450 2295 710 2359 tandum;
736 2300 793 2348 et
833 2294 936 2349 hoc
989 2295 1043 2350 in
1075 2293 1274 2349 ﬁnibus
1302 2294 1568 2360 Manasse,
1596 2295 1689 2365 qui
1720 2295 2041 2363 interpreta-

447 2392 538 2439 tur
561 2382 783 2449 oblivie,
827 2391 885 2439 ut
923 2383 1263 2439 obliviscaris
1300 2398 1365 2439 ea
1409 2401 1529 2455 qua:
1557 2393 1683 2440 ante
1710 2385 1948 2456 gessisti,
1980 2393 2039 2440 et

448 2473 502 2528 in
523 2475 702 2543 priora
730 2483 781 2530 te
810 2475 1094 2531 extendas.
1125 2474 1225 2530 llic
1252 2489 1386 2546 ergo
1414 2476 1679 2542 inhabita,
1724 2486 1785 2531 ut
1809 2491 1910 2547 per
1938 2492 2036 2531 an-

447 2564 652 2635 gustias
705 2563 898 2619 mortis
942 2572 998 2618 et
1046 2564 1426 2631 volutationis,
1483 2566 1621 2620 iram
1668 2566 2036 2636 persecutoris

447 2651 668 2715 evadas,
717 2659 775 2705 et
825 2667 976 2722 spem
1009 2652 1198 2707 salutis
1246 2653 1507 2708 invenias.
1548 2653 1684 2708 Tum
1736 2655 1930 2711 deinde
1978 2657 2033 2711 in

447 2741 534 2798 his
561 2742 606 2796 si
633 2741 834 2811 aliquid
864 2742 1071 2798 utiliter
1097 2743 1296 2814 egeris,
1319 2744 1485 2799 etiam
1507 2743 1574 2799 ad
1602 2743 1776 2799 Cades
1804 2746 1859 2799 in
1888 2752 2035 2801 terra

447 2834 887 2906 repromissionis
924 2850 1047 2906 qua:
1089 2845 1175 2891 est
1214 2835 1268 2891 in
1313 2835 1555 2902 Galilata,
1606 2837 1812 2907 poteris
1844 2850 2036 2910 perve-

446 2927 600 2983 nire:
627 2942 747 2996 quat
790 2925 1187 2997 interpretatur
1229 2936 1457 2995 sancta;
1489 2936 1550 2982 ut
1591 2936 1648 2984 tu
1681 2944 1805 2984 cum
1847 2929 1902 2983 in
1939 2930 2037 2985 tri-

443 3016 718 3072 bulatione
740 3030 875 3086 opus
903 3016 1269 3086 corruptionis
1293 3014 1578 3085 abieceris,
1623 3017 1787 3073 etiam
1810 3016 1878 3072 ad
1904 3033 2033 3073 san-

446 3116 589 3164 ctam
619 3107 715 3162 tibi
742 3076 1039 3162 Ecclesiam
1066 3076 1336 3163 iribuatur
1356 3076 1609 3164 accessus
1636 3126 1650 3163 :
1680 3115 1740 3163 ιιι
1775 3108 1831 3163 in
1856 3107 2034 3179 Neph-
2060 3076 2105 3139 θ

448 3200 637 3256 thalim
682 3207 848 3262 sorte,
900 3200 996 3268 qui
1035 3198 1236 3253 dicitur
1258 3198 1386 3254 vitis
1440 3200 1692 3266 remissa,
1732 3200 1800 3254 de
1847 3214 2036 3255 sacra-

443 3299 629 3346 mento
657 3289 927 3345 Dominici
952 3288 1229 3357 sanguinis
1257 3288 1588 3358 participare
1614 3289 1895 3344 merearis.
1925 3287 2037 3344 Sed

445 3393 548 3434 nec
575 3378 791 3433 ilebron
821 3377 918 3432 tibi
947 3377 1126 3432 aditus
1151 3376 1439 3443 clauditur,
1482 3392 1606 3446 quae
1651 3377 2039 3447 interpretatur

446 3467 780 3537 coniunctio,
812 3464 1291 3537 siveconjugium.
1317 3465 1642 3522 Revertetur
1678 3467 1825 3522 enim
1854 3470 2037 3523 anima

446 3570 540 3616 tua
566 3559 633 3614 ad
656 3559 831 3614 virum
881 3573 1061 3622 suum,
1093 3558 1148 3613 id
1177 3567 1281 3625 est,
1329 3559 1396 3615 ad
1424 3558 1675 3629 spiritum
1704 3558 1825 3626 Dei,
1869 3576 1900 3615 a
1928 3576 2038 3632 quo

444 3666 546 3723 pro
591 3658 836 3721 tempore
879 3649 1261 3719 peccaminum
1309 3646 1489 3704 fuerat
1534 3649 1777 3705 viduata.
1839 3650 2038 3721 Sicque

444 3743 613 3797 etiam
639 3751 849 3796 sextam
868 3740 1146 3796 civitatem
1169 3738 1410 3804 Sichem,
1433 3753 1599 3809 quam
1621 3738 1820 3811 Joseph
1850 3749 2039 3797 noster

450 3834 505 3889 in
545 3833 917 3888 haereditatem
966 3831 1318 3900 consequitur
1364 3829 1617 3903 (propter
1655 3832 1800 3902 quod
1843 3832 1915 3888 ibi
1953 3849 2041 3888 se-

446 3926 631 3998 pultus
657 3924 773 3995 est)
819 3924 1027 3981 valebis
1063 3924 1304 3979 intrare:
1358 3938 1480 3993 quae
1524 3924 1911 3994 interpretatur
1937 3925 2038 3979 hu-

448 4032 654 4082 merus,
685 4018 802 4073 sive
826 4015 1012 4081 labor;
1038 4022 1098 4069 ιιι
1120 4014 1378 4070 ostendas
1409 4021 1462 4069 te
1485 4028 1585 4083 per
1605 4014 1845 4069 laborem
1863 4015 2039 4085 poeni-

448 4107 634 4165 tentia:
674 4106 743 4163 al:
790 4119 978 4162 errore
1018 4112 1113 4159 tuo
1156 4102 1359 4160 Christi
1398 4103 1642 4159 humeris
1682 4113 2034 4174 reportatum,

446 4207 505 4256 et
531 4198 845 4268 adiunctum
870 4196 1166 4267 nonaginta
1193 4208 1389 4250 novem
1413 4195 1608 4250 ovibus
1626 4193 1875 4251 eﬁ'ectum
1911 4210 2040 4250 cen-

448 4293 705 4347 tesimum
733 4307 745 4341 :
778 4288 906 4358 quia
941 4287 1056 4357 ipsa
1100 4284 1319 4342 Sicbem
1359 4286 1429 4342 ab
1468 4284 1784 4356 alienigenis
1818 4293 2037 4340 centum

450 4382 605 4455 agnis
629 4380 888 4438 scribitur
909 4387 1244 4450 comparata.
1277 4377 1371 4435 ﬂre
1401 4393 1533 4450 ergo
1556 4378 1807 4435 civitates
1834 4379 2038 4434 Levitis

449 4475 590 4530 datae
618 4481 765 4539 sunt,
808 4472 937 4541 quia
962 4470 1279 4526 doctoribus
1316 4469 1521 4525 sanctis
1546 4469 1923 4527 commendata
1952 4476 2038 4525 est

451 4566 712 4623 Ecclesia.
776 4564 846 4619 Et
888 4562 1011 4619 ideo
1058 4563 1278 4620 senario
1315 4577 1547 4619 numero
1597 4563 2032 4633 comprehensae,

450 4660 580 4730 quia
610 4658 872 4714 doctrinae
898 4666 956 4713 et
974 4670 1185 4713 morum
1212 4655 1474 4728 perfectio
1499 4657 1636 4714 bene
1672 4657 1926 4713 convenit
1951 4657 2039 4712 his

451 4750 544 4820 qui
566 4749 863 4821 magisterii
886 4749 1065 4804 locum
1089 4757 1294 4815 tenent,
1322 4757 1382 4803 ut
1412 4748 1648 4803 habeant
1666 4761 1880 4818 semper
1905 4748 2037 4803 sub-

446 4840 579 4911 jecti
605 4842 661 4897 in
701 4842 1114 4913 prepositorum
1157 4856 1379 4897 suorum
1416 4841 1829 4897 conversatione
1876 4849 2039 4911 atque

455 4931 704 4989 doctrina
731 4931 872 4986 unde
905 4931 1168 5001 proﬁcere
1195 4930 1423 5001 possint.
1473 4929 1612 4986 Hinc
1639 4931 1751 5000 ipse
1776 4931 2037 4988 Dominus

456 5025 513 5080 in
551 5021 839 5094 Evangelio
879 5023 1139 5092 apostolis
1183 5024 1261 5078 ait
1291 5044 1304 5078 :
1346 5021 1497 5077 «Vos
1532 5022 1666 5077 estis
1692 5021 1782 5075 lux
1828 5022 2034 5088 mundi,

457 5124 515 5173 et
545 5131 644 5173 vos
675 5113 808 5170 estis
846 5113 926 5168 sal
957 5124 1134 5169 terrm.
1178 5114 1365 5170 Estote
1407 5112 1631 5185 perfecti
1666 5112 1808 5168 sicut
1844 5122 1900 5168 et
1931 5112 2038 5167 Pa-

459 5218 544 5266 ter
592 5215 772 5263 vester
822 5203 1061 5260 celestis
1112 5203 1384 5274 perfectus
1433 5214 1537 5259 est.
1594 5202 1687 5258 Sic
1726 5203 1902 5259 luceat
1946 5205 2038 5259 lux

458 5309 637 5358 vestra
675 5315 858 5355 coram
905 5297 1232 5363 hominibus,
1286 5306 1347 5351 ut
1387 5296 1603 5351 videant
1648 5311 1811 5367 opera
1857 5307 2039 5353 vestra

457 5396 619 5459 bona,
649 5402 706 5448 et
722 5390 1023 5463 gloriﬁcent
1050 5389 1265 5444 Patrem
1297 5396 1537 5444 vestrum
1576 5389 1665 5458 qui
1696 5390 1750 5444 in
1778 5388 1932 5445 coalis
1959 5399 2044 5445 est

462 5485 689 5558 (Matth.
725 5484 803 5558 v).
828 5503 847 5537 ι
882 5482 1001 5556 (Ea:
1037 5480 1294 5555 Isidoro.)
1341 5481 1494 5550 Quod
1522 5496 1653 5538 vero
1689 5482 1889 5539 Levita:
1937 5500 2043 5538 non

463 5585 790 5646 acceperunt
833 5575 1203 5632 hereditatem
1250 5582 1429 5639 terrae,
1476 5574 1669 5644 utique
1710 5574 1835 5644 quia
1887 5574 2045 5631 Jesus

468 5665 725 5722 Dominus
771 5676 955 5724 noster
1004 5667 1120 5738 ipse
1168 5674 1253 5722 est
1290 5665 1581 5723 bzercditas
1630 5679 1855 5734 eorum,
1905 5668 2046 5722 sicut

2145 1843 2165 1875 ι
2208 1824 2266 1880 Si
2308 1840 2408 1880 nos
2437 1826 2590 1881 vobis
2639 1827 2905 1896 spiritalia
2946 1829 3298 1895 seminamns,
3348 1844 3602 1899 magnum
3645 1839 3733 1885 est

2137 1928 2198 1973 ut
2221 1918 2460 1974 carnalia
2491 1927 2669 1975 vestra
2699 1929 2966 1976 metamus
3007 1920 3058 1993 (1
3086 1921 3207 1976 Cor.
3240 1920 3348 1993 nt).
3386 1942 3405 1973 ι
3439 1921 3509 1975 Ει
3533 1922 3735 1976 merito

2138 2010 2227 2064 isti
2262 2010 2319 2064 in
2345 2010 2555 2064 cunctis
2585 2009 2834 2065 tribubus
2858 2011 3017 2065 divisi
3047 2010 3323 2077 dicuntur,
3353 2012 3482 2082 quia
3514 2012 3731 2083 dispen-

2137 2098 2347 2156 satione
2373 2107 2701 2156 cunctorum-
2723 2100 2931 2155 vivunt.

2741 2210 2968 2267 CAPUT
3013 2211 3126 2266 XII.

2135 2304 2213 2361 De
2237 2305 2364 2375 ﬁliis
2386 2305 2513 2377 Levi
2534 2304 2624 2377 qui
2646 2305 3042 2377 postulaverunt
3070 2306 3133 2359 ab
3161 2300 3423 2377 Eleazaro
3452 2307 3728 2363 sacerdote

2205 2386 2253 2430 et
2276 2378 2340 2430 de
2366 2375 2530 2430 Iosue
2546 2375 2660 2445 ﬁlio
2697 2376 2826 2430 Nam
2859 2375 3013 2429 urbes
3039 2376 3111 2429 ad
3128 2375 3494 2441 habitandum,
3524 2388 3571 2429 et
3595 2379 3724 2431 sub-

2207 2447 2412 2502 urbana
2436 2463 2621 2501 eorum
2647 2447 2718 2501 ad
2746 2446 2939 2501 alenda
2951 2447 3215 2516 jumento.

2206 2558 2373 2631 (Car.
2429 2558 2568 2630 xxi.)
2600 2574 2621 2610 ι
2663 2557 3131 2628 Accesseruntque
3174 2558 3451 2629 principes
3496 2556 3728 2614 familia-

2142 2666 2160 2699 ι
2196 2664 2314 2702 rum
2360 2648 2488 2702 Levi
2520 2647 2585 2702 ad
2616 2646 2843 2702 Eleazar
2870 2650 3231 2713 sacerdotem,
3281 2655 3336 2701 et
3366 2647 3531 2704 Josue
3557 2648 3724 2705 ﬁliam

2141 2755 2162 2789 ι
2194 2737 2312 2793 Non
2342 2747 2397 2794 et
2422 2739 2588 2794 duces
2618 2739 2999 2810 cognationum
3040 2752 3140 2809 per
3177 2738 3418 2810 singulas
3456 2739 3632 2794 tribus
3662 2738 3728 2794 ﬁ-

2141 2847 2160 2882 ι
2200 2830 2393 2885 liorum
2446 2830 2657 2886 Israel:
2707 2830 2980 2901 locutique
3029 2837 3155 2885 sunt
3203 2830 3273 2884 ad
3325 2845 3420 2885 eos
3468 2834 3525 2885 in
3580 2830 3723 2896 Silo,

2141 2940 2161 2973 ι
2192 2931 2337 2976 terra
2356 2921 2636 2987 Chanaan,
2674 2931 2837 2994 atque
2863 2922 3117 2977 dixerunt
3143 2939 3158 2975 :
3189 2921 3450 2985 Dominus
3470 2922 3730 2993 praecepit

2143 3033 2162 3066 ι
2191 3030 2288 3086 per
2335 3030 2553 3068 manum
2584 3014 2753 3088 Moysi
2782 3023 2840 3069 ut
2867 3015 3125 3069 darentur
3148 3013 3306 3068 nobis
3335 3014 3499 3068 urbes
3533 3013 3599 3067 ad
3632 3015 3728 3068 ha-

2143 3124 2162 3158 ι
2192 3106 2493 3170 bitandum,
2526 3111 2581 3160 et
2613 3105 2921 3161 suburbana
2944 3120 3132 3159 earum
3162 3104 3230 3158 ad
3253 3103 3441 3158 alenda
3458 3103 3722 3174 iumenta.

2143 3215 2164 3250 ι
2204 3198 2579 3268 Dederuntque
2623 3197 2717 3252 ﬁlii
2765 3196 2930 3252 Israel
2983 3195 3051 3250 de
3096 3196 3535 3268 possessionibus
3589 3197 3721 3261 suis.

2142 3307 2162 3339 ι
2187 3289 2342 3363 juxta
2385 3288 2672 3360 imperium
2719 3288 2969 3353 Domini,
3023 3288 3272 3343 civitates
3318 3296 3374 3341 et
3415 3287 3723 3342 suburbana

2143 3396 2161 3429 ι
2191 3393 2434 3443 earum,»
2463 3388 2520 3433 'et
2552 3377 2779 3448 reliqua.
2824 3374 2944 3450 (Ea:
2994 3377 3345 3451 Augustino.)
3390 3376 3592 3433 Omnes
3626 3376 3726 3433 ﬁlii

2135 3469 2299 3524 Israel
2336 3478 2663 3540 acceperunt
2713 3474 2888 3525 sortes
2932 3484 3059 3524 suas
3098 3469 3151 3523 in
3187 3478 3359 3532 terra,
3397 3468 3602 3524 Levitis
3631 3484 3723 3523 au-

2137 3570 2247 3616 tem
2287 3561 2574 3615 [Hereditas
2619 3559 2766 3616 solus
2794 3558 2991 3615 suﬁlcit
3037 3560 3201 3615 Deus.
3237 3560 3436 3614 Verum
3467 3561 3722 3630 quoniam

2137 3652 2407 3725 accipiunt
2429 3651 2630 3707 Levitte
2654 3651 2923 3722 primitias
2944 3658 2998 3706 et
3022 3651 3264 3706 decimas
3293 3650 3361 3705 de
3386 3650 3657 3706 fructibus
3689 3668 3721 3707 a

2137 3741 2262 3796 ﬁliis
2287 3741 2453 3798 Israel
2470 3757 2572 3812 per
2596 3750 2924 3812 praeceptum
2959 3741 3075 3808 Dei,
3101 3741 3388 3813 oportebat
3424 3758 3520 3798 eos
3557 3744 3722 3799 etiam

2135 3835 2202 3888 de
2232 3843 2395 3899 terra,
2442 3843 2501 3889 ut
2540 3835 2615 3889 ita
2653 3833 2830 3890 dicam
2855 3875 2869 3901 ,
2911 3843 2968 3890 et
2999 3835 3064 3889 de
3099 3835 3424 3890 habitaculis
3462 3835 3612 3906 (hoc
3644 3844 3725 3891 est

2135 3926 2279 3979 enim
2309 3926 2378 3981 ab
2404 3925 2695 3997 omnibus)
2718 3925 2958 3981 decimas
2989 3927 3284 3995 accepisse.
3316 3925 3381 3980 Et
3409 3925 3534 3981 illeo
3568 3941 3724 3983 acce-

2136 4017 2325 4072 dentes
2353 4017 2597 4088 primarii
2625 4018 2727 4072 viri
2760 4018 2853 4088 qui
2878 4028 3035 4074 erant
3062 4020 3128 4075 de
3159 4019 3286 4075 ﬁliis
3314 4020 3446 4076 Levi
3474 4020 3543 4077 ad
3572 4016 3726 4076 Elea-

2137 4128 2234 4169 zar
2282 4114 2643 4179 sacerdotem,
2694 4122 2751 4169 et
2792 4114 2859 4168 ad
2904 4112 3087 4169 Jesum
3141 4114 3309 4171 ﬁlium
3358 4113 3530 4181 Nave,
3565 4125 3619 4171 et
3655 4115 3721 4170 ad

2136 4202 2409 4273 principes
2435 4202 2672 4257 tribuum
2702 4202 2935 4257 ﬁliorum
2965 4203 3151 4270 Israel,
3186 4204 3240 4258 in
3267 4199 3449 4271 Sclon,
3490 4205 3547 4259 in
3576 4213 3722 4260 terra

2136 4293 2393 4349 Chanaan
2438 4294 2692 4349 dixerunt
2737 4312 2750 4347 :
2792 4311 2811 4345 ι
2844 4294 3103 4349 Dominus
3144 4294 3401 4365 prrecepit
3451 4293 3508 4348 in
3561 4309 3723 4348 manu

2141 4387 2309 4458 Moysi
2338 4385 2455 4441 dari
2493 4387 2648 4442 nobis
2674 4387 2920 4442 civitates
2945 4387 3013 4443 ad
3042 4387 3408 4453 habitandum,
3448 4393 3504 4442 et
3530 4387 3724 4441 subur-

2140 4483 2279 4536 bana
2319 4495 2503 4535 earum
2557 4481 2881 4535 animalibus
2930 4481 3152 4537 nostris.
3191 4500 3208 4531 ι
3244 4480 3543 4550 Oportebat
3593 4495 3722 4551 ergo

2139 4570 2303 4625 etiam
2331 4570 2398 4625 de
2440 4570 2763 4624 suburbanis
2806 4578 2857 4625 et
2890 4570 2956 4623 de
2988 4570 3298 4624 civitatibus
3332 4578 3536 4623 sortem
3582 4569 3721 4633 ﬁeri,

2140 4677 2208 4716 ne
2253 4659 2395 4715 forte
2448 4660 2737 4715 indiscrete
2776 4671 2829 4715 et
2869 4660 3090 4716 fortuito
3135 4660 3278 4715 inter
3322 4658 3542 4716 chitas
3584 4662 3723 4716 cele-

2139 4757 2293 4811 brata
2319 4754 2510 4809 divisio
2537 4753 2833 4809 videretur.
2850 4736 3019 4809 Sicut
3047 4769 3176 4825 ergo
3212 4754 3525 4809 distributio
3562 4753 3721 4808 sortis

2140 4858 2261 4917 qua:
2313 4845 2455 4900 facta
2482 4851 2566 4899 est
2608 4844 2663 4899 in
2707 4845 2833 4901 ﬁliis
2868 4845 3035 4901 Israel
3078 4845 3270 4900 habuit
3305 4845 3575 4900 rationem
3616 4859 3721 4915 qua

2139 4937 2262 5007 quis
2288 4937 2461 5007 prima
2491 4945 2639 4991 sorte
2666 4936 2856 5007 dignus
2899 4935 3210 5003 haberetur,
3246 4952 3352 5006 qua
3379 4946 3433 4991 et
3463 4936 3607 4993 alius
3637 4950 3722 4990 se-

2139 5028 2345 5092 cunda;
2374 5027 2443 5080 de
2484 5042 2589 5096 qua
2629 5034 2691 5079 ut
2733 5027 3007 5097 potuimus
3031 5026 3144 5097 jam
3174 5036 3300 5082 ante
3333 5026 3719 5091 tractavimus,

2142 5118 2235 5176 sed
2262 5129 2317 5174 et
2338 5118 2392 5173 hi
2417 5118 2506 5187 qui
2534 5128 2631 5188 per
2658 5116 2875 5188 Moysen
2896 5117 3039 5172 ultra
3067 5116 3376 5182 .Iordanem,
3405 5124 3461 5171 et
3498 5118 3569 5171 ab
3599 5115 3723 5169 Jesu

2141 5212 2195 5266 in
2216 5220 2362 5266 terra
2387 5208 2819 5277 repromissionis
2846 5209 3137 5278 accipiunt,
3164 5209 3253 5264 ubi
3284 5210 3458 5278 prima
3487 5224 3611 5262 sors
3638 5223 3725 5261 ce.

2140 5300 2271 5357 cidit
2314 5300 2368 5355 in
2407 5297 2718 5367 Beniamin,
2754 5307 2809 5353 et
2837 5301 3175 5369 postmodum
3220 5300 3360 5353 inter
3382 5309 3633 5362 cazteros,
3670 5298 3722 5351 in

2141 5384 2338 5463 quibus
2380 5389 2481 5447 fuit
2516 5390 2739 5447 ultimus
2781 5393 2929 5459 Dan;
2966 5390 3041 5447 ita
3079 5406 3299 5446 necesse
3339 5400 3426 5444 est
3466 5405 3585 5447 esse
3629 5389 3724 5443 ali-

2142 5500 2302 5555 quam
2338 5485 2605 5538 rationem
2635 5485 2797 5538 etiam
2836 5483 2889 5536 in
2917 5482 3107 5538 ordine
3144 5482 3509 5537 sacerdotalis
3545 5490 3604 5536 et
3629 5480 3723 5533 Le-

2142 5574 2318 5628 viticze
2348 5573 2531 5637 sortis,
2579 5580 2638 5626 ut
2676 5571 2764 5626 alii
2805 5572 2999 5641 prima,
3043 5570 3132 5625 alii
3162 5569 3421 5633 secunda,
3472 5569 3562 5622 alii
3600 5582 3722 5621 vero

2147 5665 2303 5721 tertia
2340 5679 2458 5720 sors
2497 5664 2745 5729 ducatur,
2772 5677 2870 5732 per
2897 5677 3035 5734 quas
3075 5661 3162 5717 illa
3195 5660 3279 5716 vel
3325 5659 3415 5715 illa
3461 5658 3581 5715 loca
3607 5658 3722 5712 uni-
