3996 6176
281 280 421 337 £095

1189 272 1547 332 ΕΟΜΜΕΝΤ.
1588 272 1657 328 IN
1694 272 1959 330 LIBRUM
1988 269 2222 329 JOSUE.
2262 303 2334 315 —
2368 271 2496 328 LIB.
2538 271 2625 329 Ill.

3416 281 3558 341 1094

280 390 477 466 cuique
516 394 904 450 decernuntur.
937 388 1200 443 Dicuntur
1230 396 1409 443 autem
1448 386 1544 441 ﬁlii
1568 401 1692 442 esse
1715 385 1868 452 Levi,
1897 389 1944 449 Α
1972 383 2243 454 accipiunt
2271 384 2447 438 tribus
2470 386 2772 441 videamus.
2804 387 2882 442 Ex
2913 387 3084 465 tribu.
3125 390 3331 460 inquit.
3360 391 3556 450 Ruben

278 487 517 551 Gerson,
545 494 600 538 et
629 482 824 546 Caath,
848 488 905 536 et
932 478 1149 543 Merari,
1181 486 1237 532 et
1255 477 1560 532 ostenditur
1578 476 1870 546 primatum

280 576 521 633 tenuisse
568 574 623 627 in
650 574 857 628 honore
895 569 1089 634 Caatb,
1139 569 1242 623 hoc
1288 576 1393 632 est,
1433 567 1524 637 qui
1560 566 1654 621 ﬁlii
1696 566 1871 622 Caatb

280 667 501 723 fuerunt
519 680 586 720 ex
614 664 857 718 Ammm.
887 661 1022 715 Nam
1047 662 1114 715 de
1141 675 1206 715 eo
1236 659 1471 730 Moyses,
1502 667 1560 713 et
1585 658 1791 724 Aaron,
1817 665 1874 713 et

280 761 470 818 Maria.
502 759 670 830 tgitur
696 756 765 810 de
784 753 954 809 Caath
986 768 1114 823 pars
1143 753 1363 823 quidem
1388 749 1546 821 ’plebs
1570 748 1762 805 eifecta
1789 756 1872 803 est

282 849 657 912 sacerdotalis,
684 860 805 917 qua:
829 855 913 902 est
932 844 1110 899 Aaron
1143 854 1199 898 et
1223 843 1322 897 ﬁlii
1355 842 1492 912 ejus.
1536 840 1747 912 Moyses
1776 854 1873 893 au-

279 955 390 996 tem
413 940 580 995 autin
606 937 929 994 sacerdotali
952 937 1162 1002 ordine,
1208 942 1301 989 aut
1325 935 1373 989 si
1398 933 1529 1005 quid
1559 933 1728 988 etiam
1758 945 1873 984 am-

278 1032 422 1103 plius
446 1046 477 1084 a
505 1027 831 1086 sacerdotali
868 1043 994 1083 esse
1040 1034 1240 1096 potest,
1284 1025 1565 1082 habendus
1600 1032 1702 1080 est.
1750 1021 1872 1076 Alia

278 1140 413 1180 vero
434 1132 521 1179 est
550 1123 694 1176 ratio
717 1121 784 1174 de
809 1119 933 1174 ﬁliis
960 1120 1094 1189 ejus.
1134 1118 1399 1173 Caeterum
1441 1125 1622 1172 autem
1649 1129 1717 1171 ex
1747 1113 1873 1169 ﬁliis

278 1217 453 1271 Caatb
479 1213 777 1271 secundum
800 1219 1091 1266 tenuerunt
1116 1212 1169 1265 in
1200 1210 1341 1265 tribu
1372 1210 1523 1275 Levi,
1554 1210 1599 1265 si
1626 1212 1717 1279 qui
1744 1217 1872 1264 sunt

277 1325 345 1362 ex
370 1306 638 1370 lssacbar,
679 1311 735 1359 et
774 1303 1013 1368 ilebron,
1044 1312 1100 1358 et
1138 1301 1311 1357 0diel.
1359 1300 1495 1355 Tum
1534 1300 1729 1356 deinde
1750 1307 1873 1370 post

279 1399 386 1454 hoc
408 1397 683 1466 accipiunt
722 1402 935 1465 partem
975 1400 1189 1463 proptei
1222 1391 1417 1456 Caath,
1448 1407 1479 1446 e
1508 1390 1633 1445 ﬁliis
1660 1390 1870 1445 Gerson

280 1491 444 1548 tertio
488 1489 627 1556 loco,
673 1487 1002 1543 novissimus
1034 1502 1166 1541 vero
1196 1484 1436 1540 omnium
1478 1483 1693 1540 Merari.
1743 1482 1870 1540 Htec

283 1593 369 1640 est
401 1590 582 1637 autem
616 1578 921 1635 dili'erentia
960 1568 1120 1649 primi
1151 1578 1378 1642 ordinis,
1410 1575 1655 1641 secundi,
1687 1584 1741 1632 et
1763 1587 1872 1631 ter-

283 1675 368 1739 tii,
391 1672 477 1728 vel
501 1671 705 1743 quarti,
735 1685 896 1741 quam
920 1670 1097 1739 primo
1117 1669 1359 1725 omnium
1384 1668 1791 1723 observavimus
1813 1668 1867 1722 in

1975 483 2129 529 trans
2164 474 2489 540 Jordanem,
2530 485 2587 531 et
2632 477 2698 531 de
2741 478 2886 532 tribu
2915 479 3189 545 Zabulou,
3221 483 3313 551 qui
3349 493 3405 538 et
3442 485 3558 555 ipse

1973 567 2194 622 ultimus
2222 575 2309 622 est
2340 568 2484 622 inter
2508 568 2647 623 ﬁlios
2669 568 2803 633 Lite,
2826 571 3099 640 accipiunt
3123 583 3325 627 sortem
3362 576 3555 629 civita-

1974 669 2055 714 tes
2084 660 2388 715 duodecim.
2435 659 2541 716 Sed
2574 664 2699 716 dum
2745 678 2808 717 ea
2849 678 2971 733 qua:
3010 666 3181 734 magis
3223 665 3556 723 observanda

1971 758 2099 803 sunt
2126 750 2177 803 in
2206 749 2342 804 locis
2369 750 2722 820 contigimus,
2756 752 2821 806 de
2846 754 3042 821 quibus
3069 754 3279 810 etiamsi
3320 759 3557 825 pandere

1972 840 2327 909 profundiora
2374 857 2481 895 non
2515 857 2805 911 possumus
2825 884 2838 907 ,
2871 842 3062 897 saltem
3092 860 3301 898 summa
3332 862 3559 915 quaeque

1973 935 2337 1005 perstringere
2363 950 2469 989 non
2504 934 2741 1005 pigebit,
2768 945 2828 988 ut
2852 950 2918 989 ex
2951 936 3036 989 his
3066 937 3440 1006 unusquisque
3468 953 3560 992 au-

1973 1027 2115 1082 ditor
2169 1028 2510 1083 occasionem
2564 1029 2741 1098 capiat
2810 1028 3181 1097 intelligentia:
3247 1028 3455 1083 altioris
3503 1037 3560 1083 et

1972 1118 2214 1187 mysticm
2239 1118 2636 1187 perquircudm.
2662 1117 2796 1173 Cum
2822 1127 3053 1188 quatuor
3070 1128 3253 1190 partes
3276 1121 3387 1174 sint
3410 1121 3561 1175 orbis

1973 1216 2152 1273 terras,
2181 1207 2351 1262 Caath
2377 1208 2575 1278 accipit
2601 1217 2805 1264 sortem
2840 1209 3051 1279 primus
3091 1211 3236 1264 inter
3260 1210 3400 1266 ﬁlios
3428 1211 3556 1265 Levi

1973 1316 2001 1354 a
2053 1308 2209 1369 parte
2249 1300 2563 1363 orientalis,
2614 1316 2736 1355 cum
2785 1301 2890 1355 illis
2926 1302 3175 1357 tribubus
3208 1318 3328 1372 qua:
3351 1315 3402 1358 et
3428 1303 3559 1374 ipsae

1971 1393 2265 1462 primatum
2292 1392 2534 1445 omnium
2571 1400 2776 1446 tenent.
2807 1393 2942 1447 Vide
2972 1409 3102 1464 ergo
3142 1395 3409 1462 quomodo
3439 1394 3559 1448 1ιηί-

1971 1500 2127 1539 versa
2158 1484 2504 1538 conveniunt.
2529 1484 2583 1536 ln
2616 1491 2850 1552 quatuor
2881 1483 3029 1537 orbis
3065 1484 3310 1553 partibus
3351 1492 3558 1538 certum

1972 1584 2058 1630 cst
2089 1574 2413 1629 orientalem
2463 1573 2674 1644 plagam
2724 1573 3041 1627 nobiliorem
3088 1574 3277 1627 videri.
3322 1574 3389 1627 Et
3439 1589 3561 1644 quas

1976 1663 2218 1718 nobilior
2250 1662 2493 1717 omnium
2525 1662 2855 1730 reliquarum
2882 1659 3035 1716 Judae
3065 1663 3235 1716 tribus
3272 1663 3559 1726 habeatur,

280 1764 524 1820 numeris
550 1777 566 1817 :
590 1768 778 1834 postea
810 1762 956 1817 enim
990 1776 1152 1832 quam
1180 1761 1444 1816 ordinata:
1482 1760 1701 1816 fuerant
1733 1761 1869 1817 duo-
1901 1763 1942 1821 Β
1970 1761 2026 1808 et
2050 1754 2149 1808 lilii
2173 1753 2358 1809 Aaron
2386 1754 2702 1809 sacerdotes
2728 1754 2961 1822 primam
2993 1753 3183 1807 dicunt
3212 1755 3264 1807 in
3305 1754 3498 1823 primis
3528 1769 3559 1808 e

279 1853 458 1909 decim
487 1853 662 1907 tribus
690 1866 789 1922 per
820 1860 1060 1921 quatuor
1104 1851 1252 1906 orbis
1296 1859 1455 1905 terrae
1498 1861 1680 1922 partes
1724 1852 1867 1907 circa

280 1960 466 2000 arcam
500 1942 808 1999 testamenti
830 1941 1040 1996 Domini
1071 1941 1329 1996 excubias
1351 1956 1509 2011 agere
1540 1960 1555 1996 :
1580 1951 1635 2003 et
1653 1951 1871 1998 statuta:

278 2044 408 2091 sunt
449 2044 559 2090 tres
611 2033 832 2111 quidem
869 2034 1044 2088 tribus
1086 2032 1157 2086 ab
1180 2032 1411 2098 oriente,
1437 2040 1623 2088 ettres
1651 2033 1869 2102 quidem

277 2125 350 2180 ab
374 2124 581 2188 Africo,
625 2132 680 2177 et
722 2122 1043 2187 meridiano,
1085 2131 1197 2176 tres
1231 2129 1411 2177 autem
1459 2124 1526 2178 ad
1551 2138 1703 2178 mare
1726 2123 1870 2194 quod

277 2221 364 2270 est
384 2213 454 2268 ad
483 2211 844 2275 occidentem,
889 2218 1002 2265 tres
1030 2225 1160 2264 vero
1189 2211 1257 2265 ad
1299 2211 1631 2280 aquilonem,
1663 2214 1755 2282 qui
1783 2218 1870 2266 est

276 2304 576 2375 septentrio
601 2320 619 2356 :
640 2303 731 2358 ubi
784 2302 950 2357 etiam
993 2301 1082 2357 isti
1126 2316 1227 2372 per
1253 2309 1485 2372 quatuor
1515 2304 1664 2358 orbis
1708 2310 1868 2358 term

264 2380 466 2466 partes
493 2393 683 2449 eodem
711 2391 903 2447 ordine
939 2392 1285 2462 deputantur,
1329 2402 1384 2448 et
1412 2396 1481 2450 ab
1502 2394 1714 2451 oriente
1752 2395 1872 2464 qui-

279 2485 429 2550 dem,
459 2483 552 2539 ubi
590 2491 713 2539 erat
752 2483 929 2537 tribus
957 2480 1115 2548 Juda,
1160 2497 1278 2552 quae
1303 2493 1424 2539 erat
1461 2486 1603 2539 inter
1644 2494 1870 2541 ceteros

278 2574 488 2645 prima;
536 2574 717 2629 Aaron
761 2580 925 2642 atque
979 2570 1072 2627 ﬁlii
1116 2571 1234 2642 ejus
1276 2574 1614 2630 collocantur
1652 2574 1866 2631 :Caath

284 2681 420 2720 vero
447 2674 499 2719 et
542 2665 731 2734 reliqui
760 2665 850 2734 qui
877 2671 1034 2719 erant
1062 2664 1158 2719 ﬁlii
1189 2680 1373 2720 arcam
1416 2668 1730 2721 testamenti
1758 2669 1867 2723 Do-

280 2756 415 2811 mini
439 2755 620 2811 levare
646 2756 701 2809 in
730 2756 987 2810 humeros
1022 2763 1078 2809 et
1117 2755 1261 2809 tubis
1287 2769 1487 2810 cauere
1524 2766 1865 2823 statuuntur;

281 2848 357 2901 ita
385 2854 444 2900 ut
471 2861 594 2901 cum
633 2846 808 2916 prima
845 2845 970 2900 tuba
1010 2847 1329 2909 cecinisset,
1364 2855 1644 2902 moverent
1688 2857 1868 2904 castra

282 2938 342 2992 bi
371 2938 462 3008 qui
490 2944 650 2992 erant
671 2937 739 2991 ab
759 2936 1001 3001 oriente;
1033 2951 1156 2991 cum
1187 2951 1318 2993 vero
1362 2939 1599 2993 secunda
1640 2939 1869 2995 cecinis-

278 3036 384 3093 set,
415 3026 473 3082 hi
502 3026 594 3096 qui
621 3034 778 3082 erant
797 3041 829 3080 a
850 3027 1151 3082 meridiano
1171 3037 1590 3099 consurgerent;
1619 3030 1779 3084 tertia
1800 3031 1868 3086 ab

1973 1845 2145 1900 tribus
2180 1844 2329 1900 orbis
2366 1845 2611 1914 partibus
2641 1851 2842 1899 sortem
2874 1859 2995 1898 cum
3030 1843 3238 1898 Gerson
3263 1855 3317 1899 et
3341 1845 3560 1911 Morari,

1969 1936 2060 2005 qui
2084 1943 2241 1989 erant
2266 1935 2427 2003 primi
2458 1934 2603 1988 inter
2646 1933 2789 1988 ﬁlios
2834 1934 2983 1989 Levi.
3031 1933 3087 1989 Si
3132 1948 3262 2006 ergo
3305 1944 3418 1990 tres
3464 1935 3561 1990 ﬁlii

1969 2025 2097 2080 Levi
2128 2025 2403 2094 accipiunt
2438 2024 2746 2090 orientem;
2791 2025 3132 2080 occidentem
3158 2041 3286 2080 vero
3317 2027 3404 2081 ubi
3443 2035 3562 2081 erat

1970 2117 2158 2172 Ruben
2184 2126 2241 2171 et
2266 2116 2486 2171 Simeon
2513 2124 2569 2170 et
2593 2114 2730 2181 Gad,
2759 2115 2987 2171 sortitur
3016 2116 3250 2171 secunda
3275 2126 3421 2171 sorte
3443 2115 3560 2171 Gad

1969 2214 2024 2264 et
2069 2209 2245 2263 tribus
2278 2206 2570 2262 Simeonis.
2610 2205 2838 2260 Meraris
2883 2219 3012 2261 vero
3058 2206 3293 2275 primum
3334 2206 3561 2260 sortitur

1970 2299 2191 2363 Ruben,
2240 2307 2297 2353 et
2336 2297 2534 2352 iterum
2578 2296 2776 2350 Merari
2830 2297 3048 2351 tertium
3102 2297 3158 2351 in
3209 2298 3451 2352 numeris
3489 2297 3557 2351 ab

1970 2393 2180 2447 oriente
2207 2391 2418 2461 accepit
2442 2388 2709 2455 Zabulon,
2745 2398 2803 2443 ut
2828 2389 3041 2459 justitia
3065 2398 3313 2444 servetur
3334 2392 3387 2445 in
3413 2398 3560 2449 sorte

1971 2502 2091 2558 qua:
2114 2487 2411 2541 secundum
2441 2482 2610 2538 Deum
2633 2484 2870 2549 ducitur,
2895 2491 2949 2537 et
2978 2483 3318 2538 credentium
3346 2491 3556 2537 mentes

1970 2580 2039 2634 ad
2068 2578 2388 2650 mysterium
2418 2575 2582 2631 futuri
2615 2574 2799 2630 smculi
2834 2575 3032 2644 dirigat
3074 2574 3399 2628 contuenda.
3430 2572 3563 2628 Post

1970 2671 2087 2725 haec
2113 2684 2300 2723 eorum
2343 2667 2435 2737 qui
2480 2668 2547 2722 ad
2586 2682 2736 2721 mare
2765 2679 2947 2733 erant,
2978 2666 3033 2720 id
3062 2675 3146 2721 est
3178 2666 3459 2734 Ephraim,
3492 2672 3550 2720 et

1976 2761 2292 2830 Benjamin,
2322 2759 2588 2814 Manasse.
2623 2757 2739 2813 Gad
2779 2773 2902 2812 cum
2950 2757 3278 2827 suscepisset
3322 2755 3559 2811 secunda

1970 2865 2118 2910 sorte
2145 2856 2344 2909 tribum
2369 2853 2671 2922 Benjamin,
2702 2853 2884 2908 caeteri
2914 2868 2982 2906 ex
3011 2850 3213 2905 familia
3239 2850 3355 2919 ejus
3380 2849 3559 2905 sortiti

1973 2954 2100 3001 sunt
2134 2945 2413 3015 Ephraim.
2458 2943 2588 2999 Post
2623 2945 2739 2998 haec
2781 2957 2876 2997 eos
2916 2942 3007 3013 qui
3039 2952 3197 2995 erant
3225 2956 3293 2995 ex
3334 2940 3560 2994 dimidia

1973 3035 2118 3088 tribu
2150 3033 2421 3098 Manasse,
2449 3033 2541 3103 qui
2572 3032 2672 3086 fuit
2699 3032 2752 3086 in
2788 3039 2934 3085 terra
2972 3030 3215 3097 Gerson;
3260 3038 3317 3084 et
3360 3031 3559 3084 iterum

278 3118 596 3183 occidente,
630 3126 824 3186 quarta
859 3118 928 3172 ab
962 3117 1233 3188 aquilones
1273 3119 1435 3175 Vides
1467 3129 1705 3189 quantus
1729 3121 1863 3176 ordo
1892 3108 1935 3171 C
1970 3124 2088 3194 ipse
2111 3122 2320 3179 Gerson
2344 3124 2573 3178 sortitur
2599 3122 2761 3175 aliam
2789 3121 3069 3177 dimidiam
3108 3121 3309 3175 tribum
3341 3120 3555 3174 Manas-

278 3219 336 3266 et
362 3217 567 3280 quanta
594 3208 899 3266 differentia
934 3211 986 3266 in
1016 3210 1314 3283 Scripturis
1348 3220 1403 3268 et
1446 3229 1627 3269 rerum
1667 3229 1860 3271 conse-

279 3302 503 3372 quentia
537 3302 888 3369 describitur,
917 3307 1190 3379 quomodo
1226 3306 1365 3361 nihii
1395 3308 1499 3363 nisi
1532 3323 1654 3363 cum
1684 3310 1866 3365 mode-

280 3393 495 3447 ratione
539 3401 594 3447 et
623 3392 817 3449 ordine
848 3394 1075 3465 geritur.
1106 3394 1321 3452 Intuere
1353 3394 1694 3469 diligentius,
1726 3408 1781 3455 et
1807 3401 1863 3456 in

281 3483 428 3538 omni
466 3483 751 3556 Scriptura
795 3485 911 3540 haec
955 3486 1030 3541 ita
1082 3486 1324 3542 invenies
1367 3490 1639 3545 ordinata.
1669 3490 1774 3546 Sed
1818 3492 1865 3547 si

282 3573 382 3628 tibi
417 3572 635 3628 dillicile
664 3583 748 3629 est
787 3591 886 3646 per
932 3591 1121 3633 omnes
1155 3577 1322 3635 libros
1350 3580 1659 3651 vigilantem
1686 3584 1865 3639 cordis

280 3663 498 3719 oculum
537 3666 769 3730 ducere,
802 3666 856 3721 in
900 3668 1005 3722 hoc
1044 3668 1230 3723 saltem
1261 3670 1380 3726 loco
1408 3670 1721 3744 diligentius
1746 3689 1866 3745 quae

280 3754 600 3810 referuntur
621 3756 863 3812 adverte.
896 3757 1094 3822 Prima,
1126 3760 1332 3831 inquit,
1365 3763 1479 3818 exit
1520 3779 1638 3820 sors
1659 3765 1828 3821 Caath
1848 3808 1863 3834 ,

279 3856 337 3902 et
373 3847 515 3901 facta
548 3856 634 3902 est
676 3847 805 3904 ﬁliis
843 3848 1025 3903 Aaron
1056 3852 1428 3909 sacerdotibus
1477 3855 1567 3924 qui
1609 3865 1766 3911 erant
1809 3858 1865 3912 in

276 3937 504 3996 Levitis.
531 3937 628 3992 Cui
659 3939 834 4008 prima
867 3954 989 3996 sors
1017 3941 1201 3996 debuit
1227 3944 1379 3999 exire
1399 3985 1415 4010 ,
1448 3947 1536 4000 cui
1583 3950 1869 4016 oportebat

277 4029 576 4100 primatum
607 4030 748 4096 dari,
777 4030 882 4085 nisi
913 4029 1097 4086 Aaron
1126 4033 1302 4103 primo
1327 4028 1592 4104 pontiﬁci,
1616 4039 1791 4108 primo
1810 4041 1864 4095 in

279 4120 406 4174 vitae
430 4121 658 4186 meritis,
687 4122 867 4190 primo
901 4122 952 4176 in
979 4122 1275 4179 honoribus
1303 4134 1357 4180 et
1385 4129 1621 4184 virtute?
1646 4131 1865 4187 Certum

280 4216 368 4265 est
393 4212 537 4280 apud
559 4226 660 4266 nos
685 4227 829 4267 nunc
859 4213 1054 4269 saltem
1084 4214 1226 4285 quod
1252 4232 1361 4271 non
1395 4218 1467 4272 sit
1501 4234 1620 4275 sors
1649 4222 1721 4276 ita
1750 4222 1865 4278 for-

280 4300 442 4367 tuita,
468 4301 562 4356 sed
596 4302 741 4358 adsit
777 4304 951 4358 virtus
990 4318 1246 4374 superna,
1276 4307 1590 4378 gubernans
1627 4328 1747 4368 eam
1779 4329 1864 4369 se-

281 4390 514 4445 cundum
544 4391 739 4447 divina
768 4394 1121 4463 providentiae
1140 4392 1425 4464 judicium.
1453 4399 1557 4455 Ubi
1584 4418 1711 4473 ergo
1736 4403 1862 4459 ﬁliis

1969 3224 2051 3269 se.
2081 3212 2189 3268 Sed
2224 3213 2349 3283 quia
2385 3211 2672 3282 oportebat
2709 3225 2803 3266 eos
2847 3210 2958 3280 qui
2986 3218 3149 3265 erant
3198 3210 3268 3263 ab
3309 3208 3560 3277 aquilone

1971 3304 2175 3374 aliquid
2203 3303 2561 3359 sacerdotalis
2589 3305 2779 3373 gratia:
2805 3302 3087 3371 eonSequi,
3117 3316 3186 3355 ne
3211 3300 3424 3371 penitus
3450 3316 3555 3354 uu-

1948 3397 2079 3466 dali
2108 3398 2272 3453 "donis
2301 3396 2614 3452 calestibus
2645 3396 2954 3459 videantur,
2984 3395 3037 3448 in
3062 3395 3145 3449 his
3172 3408 3302 3463 ergo
3325 3407 3560 3464 quorum

1964 3488 2293 3545 novissimus
2320 3488 2453 3542 ordo
2495 3495 2617 3541 erat
2657 3484 2712 3539 in
2761 3484 3035 3554 aquilone,
3087 3484 3140 3538 id
3187 3491 3293 3548 est,
3323 3483 3377 3536 in
3413 3481 3561 3546 Dan,

1966 3577 2336 3649 Nephthalim,
2383 3574 2543 3640 Aser,
2595 3590 2813 3629 rursum
2845 3572 2961 3627 Gad
3006 3588 3112 3627 non
3161 3573 3380 3643 quidem
3421 3572 3565 3626 inter

1966 3671 2294 3735 sacerdotes,
2325 3669 2419 3724 sed
2444 3670 2586 3723 inter
2613 3681 2645 3722 c
2662 3679 2839 3721 cteros
2862 3665 3094 3736 primam
3130 3664 3328 3735 accipit
3357 3674 3561 3719 sortem

1968 3763 2022 3817 in
2061 3760 2211 3827 Dan;
2250 3761 2541 3816 secundam
2592 3774 2724 3813 vero
2761 3757 2969 3813 Gerson
3012 3757 3065 3811 in
3094 3756 3252 3821 Aser,
3280 3765 3335 3810 et
3372 3755 3561 3821 tertii,

1969 3855 2023 3911 id
2050 3862 2135 3910 est
2162 3837 2396 3919 Gerson,
2420 3851 2473 3906 in
2499 3850 2866 3922 Nephthalim.
2900 3849 3032 3917 Quis
3057 3856 3235 3920 potest
3258 3834 3555 3904 ascendere

1968 3945 2085 3999 haec
2112 3942 2293 3999 omnia
2319 3952 2373 3996 et
2397 3942 2903 4011 comprehendere?
2925 3940 3057 4008 Quis
3098 3939 3410 3993 meminisse
3443 3938 3553 3993 sal-

1969 4043 2078 4092 tem
2107 4045 2161 4092 et
2189 4036 2482 4091 observare
2516 4035 2764 4091 ordinem
2790 4033 3174 4105 mysteriorum
3211 4031 3390 4086 valet?
3418 4029 3561 4100 quod

1970 4127 2266 4185 secundum
2296 4127 2533 4182 litteram
2566 4126 2739 4182 solam
2766 4124 2982 4180 diliicile
3019 4132 3196 4179 textus
3232 4120 3561 4176 narrationis

1968 4220 2229 4290 explicari
2258 4225 2470 4289 potest,
2500 4225 2554 4274 et
2585 4216 2871 4287 permistio
2908 4215 2992 4269 vel
3025 4216 3265 4269 locorum
3308 4213 3392 4267 vel
3434 4228 3561 4284 per-

1969 4324 2225 4365 sonarum
2272 4323 2392 4379 quae
2441 4308 2495 4363 in
2547 4309 2772 4365 historia
2823 4307 3137 4362 continetur
3176 4304 3369 4360 evolvi.
3417 4304 3559 4373 Quid

1969 4401 2199 4456 dicimus
2233 4403 2301 4455 de
2330 4401 2417 4455 his
2446 4400 2804 4455 sacramentis
2829 4413 2949 4468 quae
2984 4412 3082 4469 per
3106 4398 3211 4452 hoc
3242 4397 3560 4452 describun-

279 4482 463 4536 Aaron
487 4483 664 4552 prima
692 4484 998 4541 habitacula
1027 4463 1153 4543 sors,
1185 4489 1301 4543 hinc
1327 4487 1473 4557 justa
1504 4463 1860 4549 decernittln
1887 4463 1940 4522 Β
1971 4500 2081 4556 tur,
2121 4500 2176 4545 et
2210 4492 2265 4545 in
2302 4490 2497 4560 quibus
2535 4463 2944 4547 distributiones
2985 4463 3183 4545 futurae
3227 4489 3558 4544 hmreditatis

283 4575 447 4639 tribu,
479 4576 672 4645 inquit,
700 4576 860 4643 Juda,
886 4585 941 4632 et
962 4576 1106 4633 tribu
1132 4579 1376 4645 Simeon,
1398 4589 1453 4636 et
1477 4582 1529 4636 in
1557 4583 1697 4638 tribu
1726 4585 1867 4640 Ben-

272 4664 478 4734 jamin‘,
507 4682 608 4738 per
633 4675 837 4722 sortem
887 4668 1136 4725 civitates
1184 4669 1489 4727 duodecim.
1526 4674 1691 4749 Vides
1733 4691 1868 4746 quo-

278 4757 440 4810 moda
485 4757 540 4812 in
580 4757 767 4814 electis
802 4758 965 4825 viris,
994 4769 1047 4816 et
1074 4761 1126 4815 in
1156 4762 1343 4818 electis
1372 4763 1620 4821 tribubus
1654 4766 1867 4823 habita-

277 4845 399 4900 cula
441 4847 842 4919 dispensantur.
870 4849 1015 4915 Quos
1061 4859 1240 4905 autem
1284 4836 1539 4922 oportuit.
1569 4857 1862 4913 sccnndam

278 4948 483 4993 sortem
509 4940 821 5010 suscipere?
848 4940 1014 4996 Filios
1038 4981 1053 5007 ,
1087 4942 1289 5012 inquit,
1321 4944 1497 5000 Caath
1534 4948 1625 5016 qui
1665 4948 1862 5019 reliqui

279 5038 437 5084 erant
481 5039 607 5099 post
647 5031 788 5087 ﬁlios
831 5032 1035 5086 Aaron.
1078 5033 1146 5087 Et
1192 5051 1330 5105 quas
1365 5037 1537 5093 tribus
1575 5039 1675 5109 ipsi
1717 5043 1862 5096 acci-

278 5117 469 5189 piunt?
489 5120 547 5174 In
576 5122 740 5188 tribu,
772 5122 965 5192 inquit,
993 5122 1363 5191 Ephraim,’et~
1379 5126 1434 5181 in
1463 5128 1607 5185 tribu
1637 5128 1775 5195 Dan,
1806 5138 1861 5186 et

278 5213 334 5268 in
360 5214 583 5270 dimidia
615 5216 759 5270 tribu
802 5215 1079 5280 Manassc,
1104 5215 1352 5272 civitates
1385 5220 1570 5274 decem
1607 5237 1707 5292 per
1743 5239 1861 5279 sor-

279 5311 410 5358 tem.
438 5304 541 5373 Qui
568 5314 696 5360 sunt
720 5316 899 5362 autem
931 5308 1072 5362 tertii
1103 5306 1196 5361 ﬁlii
1226 5306 1436 5364 Gerson
1456 5351 1473 5376 ,
1499 5319 1554 5366 et
1582 5313 1635 5367 in
1666 5312 1861 5383 quibus
1892 5336 1903 5347 ·

279 5393 451 5449 tribus
475 5396 812 5451 sortiuntur?
842 5398 899 5451 In
922 5397 1195 5463 lssachar,
1227 5407 1282 5453 et
1302 5397 1465 5467 Aser,
1501 5410 1555 5456 et
1588 5402 1862 5473 Nephtha—

278 5482 394 5549 lim,
422 5493 478 5538 et
508 5486 561 5539 in
593 5485 816 5541 dimidia
851 5490 991 5543 tribu
1030 5488 1282 5545 Manassc
1302 5532 1316 5557 ,
1354 5507 1474 5560 qua:
1499 5503 1582 5549 est
1606 5496 1659 5550 iu
1696 5495 1863 5553 Para-

280 5575 452 5630 nitide
489 5574 740 5633 civitates
785 5580 1219 5651 duodeciszui
1250 5588 1377 5639 sunt
1407 5584 1578 5642 ultimi
1620 5588 1674 5643 in
1704 5588 1861 5645 Levi-

284 5663 391 5719 tis?
418 5666 562 5735 Filii,
593 5669 782 5741 inquit,
814 5670 1009 5727 Merari
1041 5672 1130 5729 isti
1159 5675 1471 5745 novissimi,
1499 5677 1630 5735 etin
1661 5681 1858 5751 quibus

1968 4583 2382 4648 adumbrantur,
2421 4590 2476 4636 et
2501 4598 2600 4653 per
2627 4597 2746 4652 qua:
2774 4589 2977 4637 sanctae
2999 4590 3188 4647 terrai,
3221 4590 3385 4649 quam
3408 4594 3558 4634 man-

1967 4675 2104 4731 sueti
2153 4674 2470 4729 haereditate
2520 4675 2848 4746 suscipient,
2908 4673 3107 4728 divisio
3152 4672 3553 4728 celebrabitur?

1967 4768 2101 4835 Quis
2140 4775 2444 4823 castrorum
2485 4768 2640 4823 sedes
2684 4766 2929 4821 diversas
2972 4765 3243 4837 explicet?
3275 4764 3555 4832 Quomodo

1966 4859 2081 4914 hate
2118 4858 2171 4912 in
2208 4859 2608 4914 resurrectione
2643 4873 2742 4929 per
2784 4857 3024 4929 singulos
3062 4872 3305 4927 quosque
3342 4863 3554 4912 sancto-

1966 4964 2086 5003 rum
2118 4948 2439 5005 sacerdotali
2471 4950 2555 5004 vel
2577 4950 2820 5004 Levitico
2848 4950 3037 5005 ordine
3065 4949 3309 5005 habenda
3345 4949 3417 5005 sit
3444 4948 3553 5003 dis-

1968 5038 2229 5108 tributio,
2275 5051 2374 5108 ut,
2431 5044 2885 5113 quemadmodum
2935 5044 3070 5099 dicit
3119 5042 3436 5115 Apostolus,
3493 5040 3551 5093 in

1968 5138 2365 5192 resurrectione
2391 5151 2496 5190 non
2526 5134 2749 5190 confuse
2771 5144 3003 5206 agantur
3024 5136 3226 5199 omnia,
3254 5134 3347 5188 sed
3368 5132 3550 5185 veniat

1967 5231 2338 5301 unusquisque
2367 5230 2418 5284 in
2444 5227 2541 5285 suo
2557 5231 2782 5286 ordine?
2810 5230 3028 5286 Initium
3056 5230 3321 5293 Christus,
3352 5223 3549 5280 deinde

1967 5319 2021 5373 hi
2053 5320 2142 5389 qui
2170 5329 2295 5375 sunt
2324 5319 2542 5393 Christi,
2575 5321 2665 5391 qui
2693 5322 2745 5376 in
2775 5322 3007 5376 adventu
3032 5317 3145 5387 ejus
3168 5321 3546 5387 speravel‘llmo

1962 5424 2086 5464 cum
2119 5411 2404 5467 tradiderit
2445 5427 2671 5483 regnum
2718 5412 2825 5466 Deo
2860 5423 2913 5465 et
2939 5407 3109 5469 Patri,
3137 5413 3192 5457 et
3220 5417 3344 5457 cuin
3370 5399 3548 5471 subje-

1963 5500 2101 5556 cerit
2127 5502 2177 5556 ei
2206 5518 2422 5558 omnem
2449 5501 2812 5573 principatum
2841 5508 2895 5556 et
2926 5503 3281 5568 potestatem;
3310 5493 3399 5548 ubi
3431 5494 3549 5550 sine

1961 5589 2123 5646 dubio
2159 5590 2293 5646 tales
2324 5592 2733 5648 distributiones
2769 5600 2823 5645 et
2851 5590 3070 5644 ordines
3108 5600 3172 5640 ac
3200 5586 3449 5640 tubarum
3481 5586 3549 5641 si-

1960 5680 2335 5751 gniﬁcationes
2363 5691 2540 5737 erunt.
2576 5682 2730 5749 Quod
2759 5688 2937 5735 autem
2958 5720 2973 5746 ,
3010 5677 3256 5746 exceptis
3278 5690 3371 5733 sex
3402 5677 3548 5734 urbi-
