4000 6186
409 268 548 328 1095

1046 267 1108 322 B.
1150 264 1405 322 RABANI
1441 262 1660 319 LIAURI
1694 262 2011 319 ARCIIIEP.
2054 261 2362 319 MOGUNT.
2406 258 2691 317 OPERUM
2729 256 2910 314 PARS
2949 258 2987 312 I.

3529 260 3671 317 £096

404 383 509 439 bus
539 381 912 452 fugitivorum,
945 380 1082 437 alias
1108 379 1470 449 quadraginta
1498 378 1633 432 duas
1676 377 1841 431 urbes
1880 375 1984 429 Le-
2010 379 2061 438 Α
2084 374 2334 431 omnibus
2363 373 2676 429 civitatibus
2702 387 2824 442 qum
2864 371 3022 442 longe
3045 380 3170 427 sunt
3196 385 3230 425 a
3253 382 3306 426 te
3330 373 3491 427 valde
3508 412 3524 437 ,
3547 387 3675 441 quae

406 473 531 526 vitae
553 471 849 541 accipiunt,
880 470 1249 525 indubitanter
1280 469 1395 538 ipsa
1426 467 1742 537 prmdieatio
1780 472 1990 520 saneto-

409 577 527 615 rum
557 561 823 629 signatur.
865 559 970 628 Ipsi
1010 558 1153 612 enim
1197 558 1477 626 possident
1522 556 1822 611 doctrinam
1868 570 1989 623 quae

409 660 621 708 constat
657 652 794 721 legis
834 650 1135 719 Decalogp,
1167 658 1220 702 et
1252 647 1554 718 quadriﬁda
1596 645 1871 715 Evangelii
1897 662 1991 700 nu-

410 759 578 805 mero,
612 742 765 812 quasi
803 742 981 796 decies
1013 750 1307 809 quaternas
1344 740 1504 794 urbes
1546 739 1825 792 habentes.
1856 735 1989 802 Qui-

409 835 509 888 bus
551 834 713 887 etiam
763 832 881 885 dum
933 831 1282 900 adjiciuntur,
1317 829 1442 897 quia
1492 828 1749 882 nimirum
1798 836 1990 880 cuncta

410 937 530 991 qua:
580 921 876 991 prredicant
923 918 1112 973 morali
1170 935 1233 972 ac
1281 919 1510 987 mystico
1565 930 1730 972 sensu
1784 932 1994 971 annun-

413 1013 573 1066 tiant.

1004 1096 1229 1152 CAPUT
1256 1096 1393 1151 XIII.

410 1208 489 1263 De
520 1225 578 1261 eo
605 1207 743 1278 quod
768 1207 934 1260 omnis
961 1216 1101 1278 terra
1130 1203 1382 1259 Chanaan
1412 1203 1547 1278 data
1577 1213 1655 1257 est
1694 1203 1991 1278 nu'Domino

480 1273 651 1331 Israel
694 1279 746 1331 in
788 1277 1194 1347 possessionem;
1236 1284 1283 1337 et
1320 1273 1660 1344 possederunt
1692 1274 1839 1329 illam
1873 1292 1993 1329 cum

482 1365 627 1418 pace.

484 1456 660 1527 (lmn.)
699 1476 716 1507 ι
753 1457 1019 1527 Deditque
1050 1457 1307 1513 Dominus
1337 1458 1520 1513 Israeli
1546 1473 1761 1513 omnem
1796 1466 1994 1511 terram

419 1566 437 1596 ι
486 1562 645 1615 quam
684 1547 1005 1600 traditurum
1037 1562 1094 1600 se
1130 1548 1378 1616 patribus
1406 1562 1588 1603 eorum
1613 1546 1912 1616 juraverat,
1943 1556 1995 1611 et

418 1655 435 1687 ί
482 1637 833 1705 possederunt
866 1635 1033 1701 illam,
1059 1645 1221 1706 atque
1246 1637 1624 1693 habitaverunt
1651 1638 1704 1692 in
1731 1653 1816 1692 ea.
1840 1637 1996 1691 Data-

419 1747 437 1778 ι
485 1744 590 1798 que
618 1737 702 1782 est
728 1729 797 1782 ab
829 1744 893 1784 eo
920 1745 1025 1799 pax
1054 1729 1106 1782 in
1137 1744 1326 1785 omnes
1356 1746 1455 1799 per
1502 1729 1788 1784 circuitum
1814 1730 1993 1784 natio-
2026 1720 2070 1778 Β

419 1836 438 1870 ι
486 1834 622 1872 nes:
657 1819 942 1889 nullusque
974 1820 1053 1874 eis
1092 1820 1330 1875 hostium
1373 1821 1628 1876 resistere
1671 1836 1836 1875 ausus
1876 1828 1990 1885 est,

422 1926 441 1960 ι
485 1909 583 1963 sed
608 1909 789 1964 cuncti
837 1909 894 1963 in
937 1924 1124 1964 eorum
1168 1911 1428 1965 ditionem
1478 1912 1683 1973 redacti
1726 1919 1870 1966 sunt.
1917 1910 1997 1966 Ne

421 2016 441 2051 ι
485 2016 650 2055 unum
681 2001 897 2071 quidem
928 2003 1149 2057 verbum
1181 2004 1324 2071 quod
1373 2003 1477 2058 illis
1524 2019 1583 2059 se
1616 2013 1997 2073 praestaturum

423 2110 443 2146 ι
488 2108 609 2147 esse
632 2094 977 2162 promiserat,
1017 2094 1231 2148 irritum
1265 2095 1402 2160 fuit,
1448 2094 1541 2151 sed
1586 2096 1749 2151 rebus
1786 2096 2023 2166 expleta'

422 2201 442 2235 ι
485 2194 612 2240 sunt
653 2186 855 2239 omnia.
895 2206 913 2236 ι
950 2185 1057 2257 (Ex
1092 2186 1434 2257 Augustino.l
1478 2186 1669 2242 Merito
1716 2189 1995 2257 quaeritur,

418 2288 542 2328 cum
569 2274 734 2328 Israel
772 2289 876 2328 non
910 2275 1080 2329 solum
1109 2277 1390 2345 usquead
1429 2277 1570 2333 diem
1616 2278 1806 2332 mortis
1836 2275 1993 2342 Iesu,

420 2378 608 2417 verum
650 2365 815 2418 etiam
852 2375 1042 2434 postea
1090 2381 1197 2421 non
1245 2366 1599 2423 eradicaverit
1636 2377 1830 2437 gentes
1880 2382 2013 2436 quae.

423 2457 628 2506 terram
673 2456 1105 2522 repromissionis
1138 2458 1421 2522 tenebant,
1451 2458 1700 2528 quamvis
1733 2473 1803 2512 ex
1843 2468 2000 2527 parte

425 2542 532 2597 illis
562 2542 839 2598 debellatis
870 2545 922 2599 in
953 2546 1139 2601 eadem
1174 2549 1441 2616 promissa
1473 2548 1788 2604 haereditate
1828 2549 2004 2603 consi—

424 2643 661 2698 sterent;
683 2636 952 2703 quomodo
974 2636 1377 2708 intelligendum
1404 2639 1477 2692 sit
1498 2638 1642 2708 quod
1662 2638 1864 2693 dictum
1886 2648 1999 2694 est:

425 2724 493 2779 It
526 2724 674 2778 dedit
699 2724 960 2780 Dominus
986 2725 1149 2781 Israel
1177 2743 1394 2782 onmem
1425 2738 1624 2783 terram
1663 2742 1823 2798 quam
1844 2727 2002 2797 jura-

429 2827 582 2872 verat
608 2817 738 2872 dare
764 2818 1006 2886 patribus
1042 2833 1250 2887 eorum,
1283 2828 1337 2873 et
1371 2820 1825 2876 haereditaverunt
1847 2837 2001 2888 eam,

425 2918 480 2962 et
510 2908 891 2963 habitaverunt
919 2909 971 2962 in
1001 2924 1062 2964 ea
1093 2928 1105 2963 :
1135 2918 1191 2964 et
1223 2910 1461 2980 requiem
1501 2911 1648 2965 dedit
1677 2911 1780 2965 illis
1824 2911 2006 2966 Domi-

428 3017 528 3055 nus
551 3001 606 3055 in
631 3001 880 3067 circuitu,
912 3003 1052 3057 sicut
1072 3001 1351 3071 juraverat
1374 3004 1619 3073 patribus
1646 3019 1836 3057 eorum
1858 3020 1873 3067 ;
1896 3018 2004 3057 non

2089 480 2199 520 non
2227 473 2355 519 sunt
2384 480 2415 518 a
2439 463 2751 518 civitatibus
2772 462 3013 532 gentium
3036 460 3283 516 istarum.
3321 459 3463 515 Ecce
3486 470 3676 517 autem

2091 569 2157 609 ex
2190 554 2503 609 civitatibus
2530 553 2671 617 istis,
2698 567 2836 620 quas
2857 551 3116 604 Dominus
3134 550 3284 605 Deus
3302 558 3428 605 tuus
3452 550 3552 606 dat
3575 551 3673 608 tibi

2090 648 2414 702 haereditare
2461 655 2664 702 terram
2704 660 2894 699 eorum
2919 684 2933 707 ,
2962 659 3072 698 non
3116 642 3415 698 viviﬁcabis
3452 659 3673 699 omnem

2089 739 2270 791 vivum
2287 778 2301 799 ,
2349 738 2444 792 sed
2487 736 2978 790 anathematizabis
3005 749 3128 799 eos,
3153 734 3455 801 Cethzeum,
3479 734 3680 789 Amor—

2092 830 2330 893 rhmum,
2382 836 2437 882 et
2484 828 2850 883 Chananmum
2871 866 2887 889 ,
2917 833 2974 880 et
3006 824 3384 890 Pherezzeum,
3418 834 3476 879 et
3510 822 3680 880 Iebu-

2091 932 2290 981 szeum,
2318 925 2374 972 et
2400 917 2682 980 Hevaeum,
2714 925 2771 971 et
2810 915 3153 984 Gergeszenm
3174 956 3189 981 ,
3219 916 3679 986 quemadmodum

2090 1009 2364 1063 mandavit
2389 1009 2484 1062 tibi
2509 1009 2768 1062 Dominus
2792 1008 2933 1062 De‘us
2953 1018 3077 1063 tuus
3102 1007 3280 1078 (Deut.
3304 1007 3419 1079 xx).
3450 1028 3469 1060 ι
3494 1008 3561 1063 Et
3588 1009 3679 1063 hic

2092 1099 2320 1153 istarum
2355 1106 2560 1168 septem
2586 1098 2828 1167 gentium
2880 1108 3080 1152 terram
3109 1099 3433 1168 promissam
3475 1098 3529 1152 in
3566 1100 3677 1155 ha!-

2093 1187 2344 1253 reditate,
2375 1203 2538 1259 quam
2565 1188 2848 1243 debellatis
2885 1204 3056 1258 usque
3097 1189 3526 1244 internecionem
3564 1191 3678 1245 eis-

2093 1278 2215 1333 dem
2245 1278 2499 1347 gentibus
2528 1276 2783 1332 Israelitze
2811 1278 3172 1347 possiderent,
3195 1277 3540 1333 manifestum
3567 1289 3671 1334 est.

2094 1365 2330 1422 Caeteras
2358 1381 2490 1421 vero
2517 1381 2637 1435 qua:
2667 1366 3011 1436 longinquius
3036 1374 3189 1421 extra
3221 1367 3356 1421 istas
3378 1377 3566 1438 gentes
3601 1369 3676 1423 in-

2093 1459 2430 1524 venirentur,
2461 1458 2630 1512 voluit
2658 1458 2773 1513 ﬁeri
2806 1459 3123 1513 tributarias
3147 1473 3360 1524 eorum,
3388 1461 3434 1514 si
3458 1476 3565 1514 non
3593 1477 3679 1515 re-

2095 1550 2383 1615 sisterent;
2412 1550 2457 1604 si
2484 1558 2663 1603 autem
2690 1550 3038 1615 resisterent,
3063 1550 3230 1607 etiam
3260 1552 3403 1621 ipsas
3441 1550 3677 1606 interﬁci

2094 1651 2151 1697 et
2183 1643 2235 1696 in
2269 1642 2623 1711 perditionem
2655 1641 2807 1706 dari,
2845 1644 3085 1711 exceptis
3126 1643 3413 1711 pecoribus
3453 1652 3511 1697 et
3553 1657 3680 1712 qua:

2100 1735 2152 1788 in
2182 1732 2418 1803 pandam
2453 1740 2671 1803 possent
2697 1733 2899 1788 venire.
2925 1733 3058 1786 Item
3084 1732 3193 1787 alio
3231 1733 3349 1787 loco
3391 1733 3444 1786 in
3479 1732 3680 1787 Dente-

2100 1823 2347 1877 ronomio
2384 1824 2458 1877 ita
2489 1822 2703 1894 legitur.
2740 1840 2759 1873 ι
2798 1823 2866 1877 Et
2893 1825 2997 1877 erit
3025 1839 3146 1877 cum
3191 1822 3465 1878 induxerit
3491 1832 3544 1879 te
3568 1825 3678 1879 Do-

2098 1915 2276 1969 minus
2300 1913 2443 1969 Deus
2478 1923 2601 1968 tuus
2629 1914 2684 1968 in
2720 1923 2919 1969 terram
2946 1916 2999 1969 in
3027 1930 3191 1984 quam
3219 1917 3520 1972 transibitis
3562 1918 3680 1972 ha:-

2100 2005 2341 2059 reditare
2361 2019 2504 2070 eam,
2535 2012 2591 2057 et
2617 2004 2906 2059 abstulerit
2938 2015 3375 2077 gentemagnas
3399 2015 3455 2061 et
3478 2006 3679 2062 multas

2097 2110 2128 2148 a
2150 2102 2443 2165 conspectu
2471 2103 2595 2159 tuo;
2627 2093 2901 2149 Cethaeum
2929 2105 2984 2149 et
3008 2094 3354 2165 Gergezaaum
3373 2135 3388 2160 ,
3412 2105 3469 2149 et
3488 2096 3679 2151 Amor-

2100 2187 2325 2251 rhaaum,
2352 2194 2411 2240 et
2434 2187 2799 2251 l’herezamm,
2821 2195 2877 2240 et
2901 2185 3290 2250 Chananaeum,
3315 2196 3373 2241 et
3392 2185 3669 2252 llevaaum,

2098 2283 2156 2330 et
2184 2275 2490 2330 Jebusteum
2510 2316 2525 2340 ,
2553 2284 2760 2346 septem
2787 2284 2974 2346 gentes
2995 2292 3218 2346 magnas
3261 2286 3319 2330 et
3354 2277 3583 2343 multas,
3621 2286 3677 2332 et

2100 2366 2356 2423 fortiores
2384 2366 2538 2421 vobis
2566 2384 2579 2418 :
2618 2372 2672 2421 et
2702 2366 2878 2420 tradet
2897 2380 2991 2423 eas
3014 2365 3273 2420 Dominus
3302 2364 3445 2421 Deus
3475 2375 3598 2421 tuus
3622 2367 3678 2423 in

2100 2472 2296 2512 manus
2323 2466 2474 2522 tuas,
2498 2465 2552 2512 et
2578 2456 2850 2525 percuties
2893 2471 3017 2520 eos,
3051 2465 3107 2511 et
3151 2457 3473 2510 exterminio
3509 2464 3684 2510 exter.

2102 2551 2334 2606 minabis
2356 2566 2468 2607 eos.
2498 2549 2614 2604 Non
2645 2549 2897 2619 dispones
2925 2548 2992 2602 ad
3021 2563 3116 2604 eos
3148 2556 3555 2611 testamentum,
3592 2561 3680 2600 ne-

2101 2656 2207 2711 que
2228 2641 2575 2696 misereberis
2596 2654 2807 2705 eorum,
2829 2654 3003 2709 neque
3017 2639 3360 2695 matrimonio
3373 2637 3675 2708 jungamiui

2104 2748 2229 2787 cum
2257 2734 2356 2787 eis.
2382 2731 2571 2786 Filiam
2602 2739 2751 2787 tuam
2778 2747 2884 2785 non
2912 2731 3069 2785 dabis
3097 2730 3206 2785 ﬁlio
3237 2729 3385 2798 ejus,
3414 2740 3469 2783 et
3514 2729 3678 2783 ﬁliam

2102 2821 2219 2889 ejus
2243 2838 2349 2877 non
2380 2836 2563 2877 sumes
2597 2821 2705 2876 ﬁlio
2736 2830 2850 2887 tuo,
2877 2830 2981 2876 etc.
3012 2820 3194 2894 (Deut.
3237 2820 3356 2891 vn).
3388 2841 3407 2872 ι
3450 2818 3681 2873 Proinde

2104 2910 2188 2965 his
2222 2918 2384 2980 atque
2414 2910 2534 2964 aliis
2574 2909 2979 2980 Scripturarum
3026 2910 3157 2964 locis
3199 2925 3342 2980 s.'epe
3383 2908 3685 2964 ostenditur

2104 3003 2298 3057 harum
2327 3011 2532 3071 septem
2559 3003 2797 3074 gentium
2826 3011 3000 3057 terras
3027 3002 3099 3057 ita
3122 3003 3397 3072 accepisse
3433 3003 3488 3056 in
3517 3002 3682 3056 haere-

429 3092 626 3145 restitit
650 3093 934 3162 quisquam
958 3102 1083 3148 ante
1106 3093 1298 3150 faciem
1320 3071 1533 3151 illorum
1554 3095 1622 3151 ab
1636 3095 1885 3163 omnibus
1905 3095 2006 3149 ini-
2032 3071 2077 3133 Ο
2109 3094 2332 3149 ditatem
2356 3092 2497 3148 ﬁlios
2525 3071 2710 3158 Israel,
2742 3103 2801 3147 ut
2827 3109 2932 3147 non
2963 3109 3084 3148 cum
3114 3093 3194 3148 eis
3221 3071 3311 3162 qui
3338 3092 3558 3147 easdem
3581 3099 3685 3146 ter-

437 3180 596 3234 micis
623 3195 808 3235 eorum
837 3200 850 3235 :
878 3198 1066 3237 omnes
1089 3182 1337 3238 inimicos
1361 3199 1548 3238 eorum
1580 3184 1800 3238 tradidit
1832 3184 2008 3239 Domi-

436 3285 537 3323 nus
568 3271 620 3323 in
653 3286 845 3325 manus
876 3285 1060 3326 eorum
1080 3289 1093 3338 ;
1115 3289 1221 3327 non
1245 3274 1443 3329 decidit
1463 3289 1527 3331 ex
1555 3274 1808 3330 omnibus
1826 3276 2008 3331 verbis

436 3358 593 3411 bonis
630 3375 751 3427 qua:
774 3361 992 3416 locutus
1027 3370 1111 3417 est
1154 3363 1410 3418 Dominus
1440 3362 1565 3417 ﬁliis
1594 3363 1794 3428 Israel,
1822 3365 2006 3418 omnia

437 3447 794 3504 advenerunt.
826 3450 1122 3521 Diligenter
1158 3467 1286 3523 ergo
1329 3454 1580 3509 universa
1622 3456 2010 3512 consideranda

432 3548 583 3604 sunt,
612 3550 666 3594 et
692 3540 927 3611 primum
959 3542 1244 3596 videndum
1271 3541 1413 3613 quod
1438 3544 1676 3615 gentium
1706 3554 1847 3615 terra
1877 3562 2009 3616 pro-

435 3624 619 3684 missa'
642 3631 713 3685 sit
745 3631 1025 3687 lsraelitis.
1060 3633 1276 3702 Septem
1316 3634 1532 3702 quidem
1566 3644 1752 3705 gentes
1793 3636 2008 3692 assidue

435 3719 684 3775 videntur
710 3722 1141 3787 commemorari,
1166 3723 1307 3777 sicut
1330 3723 1383 3777 in
1413 3723 1598 3779 Exodo
1626 3723 1858 3795 legitur:
1894 3745 1913 3776 ι
1943 3726 2010 3782 Et

435 3814 573 3868 dixit
600 3811 859 3867 Dominus
887 3813 954 3866 ad
986 3811 1246 3884 Moysen:
1276 3812 1444 3879 Vade,
1468 3816 1696 3871 ascende
1724 3817 1847 3871 hinc
1873 3828 1928 3872 tu
1958 3827 2012 3873 et

448 3900 679 3972 populus
712 3909 855 3963 tuus,
886 3912 1018 3968 quos
1052 3900 1285 3955 eduxisti
1307 3900 1371 3955 de
1396 3910 1537 3956 terra
1562 3900 1800 3974 Egypti,
1829 3905 1884 3958 in
1910 3915 2015 3959 ter-

442 4009 557 4048 ram
572 4007 731 4061 quam
747 3988 927 4059 juravi
941 3991 1235 4058 Abraham,
1250 4002 1303 4048 et
1317 3992 1483 4059 Isaac,
1507 4003 1563 4049 et
1585 3993 1771 4061 Jacob,
1791 3997 1975 4053 dicens
1996 4014 2010 4052 :

442 4085 647 4141 Semini
670 4091 852 4138 vestro
873 4082 1008 4138 dabo
1037 4097 1179 4149 eam,
1193 4092 1248 4139 et
1263 4085 1423 4139 simul
1448 4086 1658 4141 mittam
1675 4096 1798 4141 ante
1820 4088 2013 4144 facient

442 4188 588 4233 tuam
637 4177 886 4248 angelum
934 4192 1117 4232 meum
1158 4196 1170 4231 :
1213 4188 1269 4234 et
1307 4179 1487 4250 cjiciet
1515 4178 1909 4249 Amorrhaanm,
1960 4192 2017 4240 et

440 4274 806 4337 Cethzeum,et
818 4270 1182 4337 Pherezaeum,
1206 4280 1260 4327 et
1281 4271 1650 4346 Gergezaeum,
1667 4284 1721 4331 et
1738 4273 2013 4346 llevaanm,

442 4372 495 4419 et
516 4363 841 4428 Jebusamm,
862 4369 917 4417 et
933 4360 1291 4417 Chananreum
1309 4363 1503 4435 (Exod.
1524 4364 1740 4437 xxxiii).
1771 4387 1789 4419 ›
1815 4366 2013 4425 llarum

444 4444 573 4525 ergo
601 4462 806 4524 septem
845 4453 1084 4521 gentium
1124 4461 1326 4508 terram
1353 4454 1563 4511 videtur
1588 4455 1732 4513 Deus
1769 4460 2014 4529 patribus

444 4543 779 4613 promisisse.
834 4540 1105 4610 Scriptum
1152 4549 1236 4599 est
1284 4544 1449 4598 etiam
1496 4544 1551 4599 in
1602 4546 2021 4621 Deuteronomio,

446 4633 614 4687 multo
640 4632 986 4702 expressius:
1024 4649 1044 4684 ι
1084 4631 1142 4687 Si
1176 4642 1356 4689 autem
1389 4637 1684 4693 accesseris
1732 4639 1797 4692 ad
1834 4640 2017 4693 civita-

446 4731 552 4777 tem
579 4738 885 4792 expugnare
912 4738 1061 4787 eam,
1103 4731 1159 4778 et
1201 4725 1515 4780 evocaveris
1541 4741 1662 4780 eam
1690 4743 1813 4782 cum
1850 4745 2014 4799 pace,

447 4813 711 4882 siquidem
741 4812 965 4883 paciﬁca
993 4815 1371 4886 responderint
1419 4817 1556 4883 tibi,
1606 4828 1663 4871 et
1707 4820 2016 4885 aperuerint

448 4903 567 4966 tibi,
592 4902 766 4955 omnis
792 4904 1020 4972 populus
1060 4905 1151 4973 qui
1201 4894 1403 4960 inventi
1443 4903 1644 4958 fuerint
1683 4905 1737 4959 in
1768 4906 2016 4972 civitate,

446 5001 607 5049 erunt
635 4993 727 5046 tibi
755 4994 1024 5049 tributarii
1046 5005 1099 5051 et
1124 4997 1456 5053 obedientes.
1484 4996 1541 5051 Si
1564 5005 1744 5052 autem
1766 5014 1871 5053 non
1894 5002 2022 5055 obe-

448 5085 648 5138 dierint
678 5083 803 5149 tibi,
832 5094 888 5139 et
912 5086 1139 5141 fecerint
1167 5090 1234 5143 ad
1262 5100 1311 5143 te
1342 5088 1542 5143 bellum
1561 5129 1575 5155 ,
1603 5089 2025 5165 circumscdebls‘

447 5190 591 5240 eam,
615 5184 669 5227 et
691 5174 864 5228 tradet
883 5189 1001 5228 eam
1029 5176 1285 5231 Dominus
1312 5177 1365 5235 in
1385 5194 1578 5232 manus
1599 5186 1719 5232 tuas
1745 5197 1757 5231 :
1783 5190 1838 5233 et
1859 5179 2025 5234 inter-

448 5264 599 5318 ﬁcies
628 5278 789 5318 omne
817 5262 1171 5319 masculinum
1199 5265 1314 5334 ejus
1351 5266 1405 5321 in
1436 5281 1568 5321 nece
1594 5267 1792 5340 gladii,
1825 5278 2021 5337 prazter

448 5355 720 5411 mulieres.
754 5354 822 5410 Et
851 5355 1259 5426 supellectilem,
1287 5367 1341 5413 et
1370 5359 1549 5413 omnia
1573 5374 1788 5437 pecora,
1813 5369 1868 5415 et
1900 5378 2019 5415 om-

448 5446 535 5500 nia
556 5462 675 5515 qua:
697 5446 897 5502 fuerint
925 5448 976 5501 in
1000 5447 1241 5515 civitate,
1266 5459 1320 5505 et
1333 5450 1515 5505 omnia
1535 5452 1780 5507 utensilia
1814 5454 2024 5524 praeda-

450 5537 595 5591 neris
620 5536 718 5592 tibi
743 5555 755 5593 :
782 5548 838 5592 et
864 5537 991 5593 edes
1018 5553 1235 5595 omnem
1262 5539 1646 5611 praedationem
1675 5544 2021 5599 inimicorum

454 5636 686 5692 tuorum,
702 5645 861 5698 quam
878 5631 1132 5688 Dominus
1147 5632 1287 5688 Deus
1305 5641 1427 5689 tuus
1446 5633 1594 5689 dabit
1616 5636 1727 5690 tibi.
1750 5635 1839 5691 Sic
1858 5635 2024 5694 facies

2108 3201 2197 3240 ras
2227 3185 2501 3247 tenebant,
2530 3183 2624 3238 sed
2646 3199 2745 3254 pro
2779 3184 2861 3239 eis
2891 3183 2998 3238 illic
3033 3183 3367 3239 habitarent:
3398 3182 3683 3237 Verumta-

2111 3289 2235 3329 men
2264 3274 2319 3327 in
2346 3273 2545 3329 Genesi
2570 3288 2677 3327 non
2715 3273 2831 3327 istae
2861 3282 3069 3329 tantum
3104 3281 3311 3343 septem
3342 3280 3563 3341 gentes,
3592 3271 3684 3325 sed

2111 3364 2365 3419 undecim
2391 3364 2783 3433 promittuntur
2814 3363 3007 3417 semini
3036 3356 3284 3416 Abrahae.
3318 3360 3413 3415 Sie
3444 3360 3590 3414 enim
3612 3358 3685 3413 le-

2112 3454 2298 3525 gitur:
2340 3472 2357 3504 ‹
2392 3452 2448 3507 In
2482 3453 2567 3506 die
2587 3452 2678 3507 illa
2718 3451 2982 3522 disposuit
3026 3450 3285 3505 Dominus
3330 3450 3472 3503 Deus
3516 3458 3685 3502 testa-

2110 3548 2352 3605 mentum
2381 3544 2450 3598 ad
2471 3543 2771 3606 Abraham,
2804 3544 2989 3598 dicens
3015 3561 3028 3595 :
3063 3542 3267 3597 Semini
3309 3550 3401 3595 tuo
3423 3541 3564 3595 dabo
3585 3550 3690 3594 ter-

2113 3653 2235 3703 ram,
2286 3637 2465 3703 hanc,
2514 3652 2544 3690 a
2600 3634 2818 3689 ﬂumine
2859 3633 3079 3704 Egypti
3131 3646 3304 3702 usque
3351 3630 3421 3684 ad
3469 3630 3688 3683 ﬂuvium

2112 3744 2363 3800 magnum
2395 3728 2737 3796 Euphraten;
2767 3710 2987 3782 Cetueos
3012 3735 3069 3781 et
3099 3724 3387 3779 Cenezaros
3409 3763 3425 3786 ,
3451 3731 3508 3775 et
3539 3720 3691 3776 Chel-

2112 3832 2379 3880 montuos,
2409 3825 2465 3870 et
2508 3816 2785 3880 Cetlneos,
2818 3824 2872 3870 et
2900 3814 3250 3879 Pherezaeos,
3286 3822 3344 3871 et
3385 3810 3607 3871 Rafam,
3638 3820 3693 3865 et

2114 3907 2492 3970 Atnorrlimos,
2524 3916 2579 3961 et
2604 3905 2971 3971 Chananazos,
3003 3914 3058 3959 et
3095 3903 3352 3967 Hevaeos,
3392 3911 3451 3957 et
3491 3900 3695 3971 Gerge-

2115 4013 2275 4064 zzeos,
2300 4006 2356 4051 et
2379 3995 2655 4052 Jebusaeos
2678 3984 2831 4069 (Gen.
2856 3998 2968 4068 xv).
3003 4016 3020 4049 ι
3051 3995 3179 4063 Quae
3201 3996 3276 4049 ita
3298 3994 3530 4051 solvitur
3549 4009 3694 4063 qua:-

2116 4088 2254 4154 stio,
2286 4098 2345 4144 ut
2384 4089 2746 4159 intelligamus
2786 4090 2927 4144 hanc
2949 4088 3291 4159 praecessisse
3322 4088 3690 4157 prophetiam.

2118 4180 2261 4251 quod
2284 4180 2339 4234 in
2366 4196 2433 4235 eo
2469 4179 2603 4235 ﬁnes
2632 4196 2817 4252 regum
2841 4177 3020 4234 fuerat
3047 4188 3397 4248 porrecturus
3414 4189 3471 4233 et
3499 4179 3694 4233 dilata-

2121 4279 2275 4325 turus
2303 4270 2577 4335 Salomon,
2608 4270 2673 4324 de
2694 4282 2799 4339 quo
2830 4271 2906 4324 ita
2935 4272 3197 4338 scriptum
3231 4276 3351 4343 est:
3384 4285 3403 4317 ι
3439 4268 3508 4321 Et
3535 4281 3695 4322 omne

2122 4362 2453 4431 propositum
2477 4359 2779 4416 Salomonis
2796 4360 2939 4431 quod
2959 4361 3324 4421 destinaverat
3348 4359 3616 4416 :ediﬁeare
3640 4360 3697 4413 in

2120 4453 2440 4519 Jerusalem,
2464 4464 2518 4508 et
2540 4454 2766 4520 Libano,
2801 4461 2857 4511 et
2895 4454 2950 4509 in
2986 4456 3132 4509 omni
3164 4451 3697 4532 terrapossessiouis

2123 4560 2267 4610 suae;
2294 4545 2469 4599 omnis
2493 4544 2721 4613 populus
2761 4544 2855 4613 qui
2880 4543 3169 4611 derelictus
3205 4553 3290 4599 est
3328 4561 3360 4598 a
3388 4543 3609 4599 Cctbzeo
3642 4553 3696 4597 et

2122 4635 2457 4701 Amorrhaeo,
2482 4645 2537 4690 et
2556 4635 2860 4702 l’herezaao,
2887 4635 3184 4700 et~llevaeo,
3226 4644 3281 4690 et
3312 4633 3579 4697 Jebuszeo,
3604 4633 3698 4703 qui

2124 4743 2232 4783 non
2262 4736 2418 4781 erant
2443 4743 2510 4783 ex
2535 4727 2725 4792 Israel,
2748 4728 2800 4783 id
2829 4737 2931 4794 est,
2966 4742 3033 4782 ex
3072 4728 3196 4783 ﬁliis
3223 4742 3413 4783 eorum
3443 4727 3535 4796 qui
3565 4726 3700 4780 resi-

2124 4818 2215 4873 dui
2243 4829 2397 4873 erant
2427 4835 2551 4874 cum
2577 4820 2657 4875 eis
2691 4820 2744 4873 in
2775 4829 2919 4875 terra
2937 4860 2952 4884 ,
2978 4834 3116 4888 quos
3156 4833 3262 4873 non
3289 4829 3694 4873 consuntmave

2122 4920 2247 4965 rant
2270 4910 2370 4965 ﬁlii
2393 4910 2579 4966 Israel.
2599 4910 2664 4964 Et
2687 4908 2991 4981 subjugavit
3020 4926 3114 4964 eos
3149 4909 3403 4962 Salomon
3437 4908 3491 4961 in
3522 4907 3694 4960 tribu-

2123 5014 2234 5058 tum
2264 5018 2435 5074 usque
2464 5004 2516 5057 in
2548 5004 2688 5058 diem
2727 5004 2867 5057 hanc
2898 5002 3015 5074 (III
3042 5000 3166 5071 Reg.
3199 4999 3296 5072 ix).
3337 5019 3356 5051 ι
3395 4999 3540 5057 Ecce
3569 4996 3699 5051 resi-

2122 5096 2226 5148 dua
2261 5093 2578 5163 populorum
2605 5093 3042 5149 debellandorum
3073 5100 3233 5160 atque
3256 5090 3480 5144 omnino
3511 5104 3578 5143 ex
3605 5088 3696 5143 Dei

2122 5195 2390 5254 praecepto
2416 5184 2808 5251 perdendorum
2832 5181 3139 5252 subiugavit
3167 5179 3420 5234 Salomon
3448 5179 3503 5232 in
3528 5179 3699 5232 tribu-

2102 5283 2261 5343 ,tum,
2288 5290 2422 5344 quos
2445 5275 2628 5344 utique
2660 5274 2951 5333 secundum
2974 5279 3299 5342 prreeeptum
3341 5268 3436 5322 Dei
3472 5269 3699 5338 perdere

2125 5365 2342 5431 debuit;
2395 5366 2491 5420 sed
2552 5374 2730 5419 tamen
2786 5362 3054 5433 subjugati
3106 5370 3356 5429 tanquam
3424 5357 3699 5413 tributarii

2125 5458 2358 5528 possessi
2403 5465 2546 5512 sunt.
2588 5456 2754 5511 Paulo
2799 5464 2921 5525 post
2964 5464 3141 5511 autem
3186 5454 3259 5507 ita
3307 5453 3547 5523 legitur:
3579 5469 3598 5500 ι
3636 5450 3695 5504 Et

2125 5556 2242 5601 erat
2286 5546 2569 5602 dominans
2615 5546 2668 5600 in
2725 5545 2975 5599 omnibus
3020 5544 3363 5615 regionibus,
3409 5556 3441 5595 a
3481 5541 3697 5597 IImnine

2127 5654 2296 5709 usque
2326 5640 2392 5693 ad
2420 5647 2617 5693 terram
2646 5636 2987 5700 Philisthiim,
3016 5643 3070 5690 et
3093 5649 3261 5706 usque
3288 5634 3353 5687 ad
3375 5631 3514 5687 ﬁnes
3535 5630 3698 5701 ΑΞεῑσ
