4000 6186
282 339 421 397 I097

1197 325 1549 385 COSIMEN'I'.
1594 324 1658 378 IN
1698 318 1958 377 LIBRUM
1998 317 2232 375 IOSUE.
2275 350 2343 359 —
2380 319 2507 373 LIII.
2546 312 2630 374 III.

3422 313 3438 367 Ι
3450 311 3553 370 008

278 462 358 531 ιιιί
393 456 514 533 (III
544 453 675 525 Reg.
707 452 799 521 ιν).
836 471 852 503 ι
887 451 1028 505 Ecce
1065 449 1154 503 ubi
1188 448 1464 517 impletum
1503 455 1588 500 est
1625 443 1768 512 quod
1810 442 1862 495 in
1898 442 1941 499 Α
1971 441 2280 497 constituta.
2320 441 2505 493 Restat
2532 453 2661 507 ergo
2685 434 2866 492 ut'hoc
2892 436 3034 508 quod
3062 437 3176 490 ait:
3213 453 3230 485 ι
3266 435 3425 489 Dedit
3453 434 3558 488 Do-

280 546 483 607 Genesi
520 545 663 619 (cap.
686 543 776 614 xv)
798 541 944 597 Deus
968 541 1033 595 ad
1063 540 1340 595 Abraham
1378 539 1607 608 loquens
1645 534 1876 605 promit-

284 652 515 708 tepsque
546 634 903 707 praedixerat:
934 649 952 682 ι
992 646 1024 685 a
1050 630 1268 684 ﬂumine
1296 649 1315 681 ι
1345 628 1542 698 quippe
1569 626 1659 680 hic
1683 623 1881 677 intelli-

287 731 455 801 gitur,
472 728 539 781 ab
553 726 858 794 Euphrate;
880 736 1132 792 magnum
1154 720 1299 774 enim
1320 716 1576 772 ﬂumenin
1596 715 1699 769 illis
1725 712 1875 775 locis,

290 824 457 879 etiam
475 820 695 893 proprio
716 817 936 872 nomine
957 830 1062 869 non
1083 813 1288 877 addito,
1310 817 1490 880 potest
1510 806 1753 877 intelligi.
1782 804 1884 858 Ne-

288 931 398 986 que
419 915 562 969 enim
589 911 657 966 de
686 908 925 964 Iordane
949 908 1056 961 hoc
1093 903 1263 972 accipi
1287 908 1498 972 potest,
1524 915 1647 954 cum
1670 906 1723 951 et
1749 896 1884 951 citra

289 1006 584 1062 Iordanem
604 1010 660 1056 et
675 1000 814 1055 ultra
833 997 1122 1052 Iordanem
1137 993 1247 1063 iam
1274 988 1718 1047 terraslsraelita:
1738 986 1884 1040 obti-

296 1106 549 1161 nuerant,
571 1103 697 1150 ante
725 1106 948 1162 regnum
974 1086 1298 1144 Salomonis.
1324 1085 1468 1153 E-rgo
1490 1098 1520 1136 a
1541 1080 1760 1134 ﬂumine
1783 1079 1887 1131 Eu-

296 1190 369 1260 pb
377 1196 492 1242 rate
505 1203 571 1240 ex
584 1183 828 1256 partibus
840 1180 1086 1244 orientis,
1099 1193 1269 1246 usque
1285 1176 1352 1230 ad
1368 1174 1501 1228 ﬁnes
1517 1170 1750 1241 (Egypti,
1769 1184 1890 1260 qua:

298 1259 431 1350 pars
454 1278 558 1333 illis
588 1282 706 1331 erat
728 1274 796 1328 ab
820 1273 1098 1328 occidente
1116 1311 1130 1335 ,
1157 1283 1381 1339 regnum
1411 1263 1714 1320 Salomonis
1738 1259 1888 1315 Scri-

300 1380 461 1442 ptura
474 1369 781 1438 Regnorum
798 1363 934 1419 dixit
946 1362 1113 1417 fuisse
1122 1367 1450 1430 porrectum.
1470 1356 1621 1410 Tunc
1633 1368 1761 1423 ergo
1778 1370 1803 1406 a
1813 1367 1893 1406 m-

302 1461 444 1531 plius
468 1456 808 1527 subiugatum
834 1462 939 1518 est,
967 1467 1128 1522 quam
1161 1459 1366 1521 septem
1397 1448 1502 1503 illae
1530 1455 1718 1517 gentes
1741 1453 1892 1499 tene-

304 1553 468 1616 bant;
492 1566 555 1605 ac
576 1564 673 1619 per
694 1549 794 1602 hoc
812 1554 939 1600 tunc
961 1545 1014 1598 in
1035 1543 1349 1599 servitutem
1367 1540 1599 1595 redactae
1618 1545 1765 1599 sunt,
1788 1548 1893 1588 non

307 1651 551 1711 septem,
570 1639 665 1694 sed
692 1636 942 1691 undecim
968 1643 1174 1705 gentes.
1204 1631 1356 1699 Quod
1381 1631 1526 1685 enim
1574 1629 1627 1683 in
1673 1627 1892 1696 Regno—

310 1748 432 1786 rum
459 1730 612 1785 libris
637 1727 899 1798 scriptum
924 1735 1005 1781 est
1027 1767 1042 1791 ,
1081 1743 1100 1776 ‹
1137 1740 1311 1794 usque
1335 1723 1401 1777 ad
1432 1721 1569 1775 ﬁnes
1591 1717 1833 1789 .IEgvpti,
1870 1737 1888 1768 ι

1981 532 2162 587 minus
2204 529 2367 585 Israel
2401 539 2615 584 omnem
2656 536 2854 581 terram
2900 542 3063 595 quam
3106 524 3389 593 iuraverat
3430 526 3562 580 dare

1978 628 2224 699 patribus
2268 640 2487 687 eorum,
2528 642 2547 675 ι
2582 621 2876 678 secundum
2917 621 3022 675 hoc
3051 620 3404 691 intelligatur,
3434 618 3562 689 quia

1979 720 2081 775 etsi
2121 718 2297 774 adlmc
2346 723 2506 771 erant
2548 729 2614 768 ex
2666 712 2774 768 illis
2824 710 3077 783 gentibus
3112 708 3353 778 reliquiae
3382 717 3569 764 conte-

1980 810 2164 866 renda:
2195 816 2252 864 et
2269 805 2714 869 exterminandre,
2737 803 2822 859 vel
2843 818 2909 857 ex
2937 801 3059 856 aliis
3080 816 3253 871 usque
3277 800 3344 854 ad
3366 798 3567 854 ﬂumen

1981 901 2335 970 Euphratem,
2367 905 2461 952 aut
2484 895 2832 967 subjuganda:
2863 894 2909 949 si
2941 909 3048 949 non
3091 893 3444 955 resisterent,
3477 899 3572 945 aut

1984 990 2275 1062 perdendae
2314 989 2360 1044 si
2391 987 2735 1049 resisterent,
2765 992 2948 1039 tamen
2982 980 3036 1037 in
3067 999 3223 1038 usum
3263 996 3451 1037 eorum
3487 995 3577 1035 re-

1986 1083 2131 1138 lictae
2183 1088 2309 1136 sunt
2357 1080 2413 1135 in
2461 1075 2658 1148 quibus
2697 1083 3117 1140 exercerentur;
3159 1089 3227 1129 ne
3266 1070 3579 1127 carnalibus

1989 1172 2271 1229 affectibus
2300 1177 2356 1226 et
2380 1167 2769 1241 cupiditatibus
2805 1165 3037 1230 inﬁrmi,
3078 1164 3415 1234 repentinam
3458 1170 3579 1215 tan-

1990 1278 2152 1336 quam
2202 1279 2387 1319 rerum
2433 1258 2812 1332 temporalium
2863 1258 3281 1329 prosperitatcm
3335 1253 3581 1309 modeste

1993 1373 2058 1413 ac
2086 1357 2379 1412 salubriter
2405 1355 2676 1411 sustinere
2705 1371 2813 1409 non
2842 1359 3094 1423 possent,
3123 1350 3218 1406 sed
3245 1348 3375 1405 elati
3417 1348 3580 1402 citius

1993 1449 2299 1512 interirent,
2327 1446 2471 1517 quod
2494 1454 2801 1516 opportune
2822 1444 2929 1499 alio
2957 1443 3075 1497 loco
3097 1439 3577 1496 demonstrabitur.

1995 1539 2186 1596 Omnis
2209 1553 2339 1609 ergo
2362 1532 2470 1592 illis
2496 1546 2641 1591 terra
2671 1537 2794 1590 data
2821 1543 2925 1598 est,
2954 1534 3080 1602 quia
3107 1540 3163 1586 et
3192 1530 3280 1585 illa
3307 1545 3435 1599 pars
3461 1544 3582 1599 qua:

1998 1633 2235 1690 nondum
2271 1632 2401 1686 data
2431 1629 2607 1684 fuerat
2638 1629 2691 1683 in
2718 1628 3141 1698 possessionem,
3161 1625 3274 1695 iam
3309 1623 3435 1677 data
3467 1621 3583 1676 fue—

2000 1733 2084 1779 rat
2124 1725 2175 1777 in
2209 1721 2497 1792 quamdam
2521 1718 2930 1775 exercitationis
2952 1716 3261 1771 utilitatem.
3281 1712 3436 1781 Quod
3463 1712 3579 1765 ait:

317 1838 337 1871 ‹
374 1835 404 1873 a
436 1817 674 1878 ﬂumine,
713 1837 731 1867 ι
767 1830 890 1871 cum
931 1813 1212 1883 Scriptura
1251 1812 1319 1865 ab
1358 1809 1571 1864 oriente
1615 1788 1787 1876 usque
1827 1804 1894 1858 ad

2016 1816 2115 1870 (θη
2148 1814 2354 1869 resistit
2384 1812 2670 1882 quisquam
2698 1820 2825 1865 ante
2848 1809 3041 1864 faciem
3074 1806 3290 1862 illorum
3316 1805 3383 1860 ab
3408 1802 3585 1858 omni-

311 1910 651 1965 occidentem
679 1914 941 1976 quantum
969 1911 1276 1976 porrectum
1312 1910 1457 1957 esset
1506 1915 1727 1969 regnum
1745 1941 1760 1963 ,
1787 1898 1899 1952 vel-

313 1999 390 2055 let
422 1997 733 2061 ostendere;
766 1996 871 2050 hoc
899 1995 1040 2049 idem
1072 1994 1125 2047 in
1154 1992 1346 2048 Genesi
1378 2006 1501 2046 cum
1531 1991 1599 2044 ab
1620 1988 1899 2045 occidente

314 2105 490 2159 usque
513 2089 579 2144 ad
601 2088 868 2142 orientem
890 2084 1273 2156 przeﬁniretur,
1302 2083 1503 2138 dictum
1523 2088 1607 2136 est
1630 2098 1643 2133 :
1682 2098 1700 2129 ε
1734 2078 1778 2132 Α
1809 2076 1902 2131 ﬂu-

316 2181 465 2235 mine
491 2178 708 2250 IEgypti
741 2193 914 2248 usque
945 2176 1010 2231 ad
1046 2174 1267 2229 ﬂuvium
1301 2188 1553 2241 magnum
1590 2170 1900 2241 Euphraten

318 2268 477 2342 (Gen.
524 2270 636 2341 xv).
685 2289 705 2322 ι
742 2267 966 2323 Flumen
1012 2266 1210 2336 quippe
1253 2263 1505 2334 Egypti,
1537 2262 1630 2332 qui
1660 2261 1783 2315 ﬁnis
1819 2266 1903 2314 est

317 2361 710 2417 disterminans
735 2373 962 2429 regnum
992 2356 1159 2411 Israel
1186 2356 1254 2410 ab
1287 2353 1543 2425 Egypto,
1568 2368 1674 2407 non
1704 2360 1787 2406 est
1818 2347 1898 2404 Ni-

319 2448 428 2514 lus,
459 2449 556 2505 sed
581 2448 719 2501 alius
747 2455 832 2501 est
857 2459 964 2499 non
998 2460 1226 2516 magnus
1252 2442 1476 2507 ﬂuvius,
1520 2441 1610 2512 qui
1653 2440 1773 2494 ﬂuit
1808 2454 1905 2510 per

320 2548 758 2605 Rhinocoruram
782 2542 1083 2604 civitatem,
1105 2541 1250 2595 unde
1272 2538 1383 2607 iam
1405 2539 1471 2592 ad
1495 2537 1760 2592 orientem
1785 2550 1907 2588 ver-

319 2652 417 2692 sus
455 2633 645 2701 incipit
674 2639 819 2685 terra
854 2628 1250 2700 promissionis.
1288 2628 1381 2682 Sic
1411 2641 1540 2697 ergo
1576 2624 1753 2680 fuerat
1780 2639 1907 2678 con—

323 2727 577 2783 stitutum
621 2721 748 2776 ﬁliis
793 2719 991 2784 Israel,
1043 2726 1103 2773 ut
1151 2726 1359 2788 septem
1409 2718 1649 2788 gentium
1698 2721 1906 2779 terras,

322 2811 704 2871 exterminatis
732 2818 787 2864 et
809 2809 1031 2880 perditis
1060 2808 1167 2862 illis
1201 2808 1473 2879 gentibus,
1502 2806 1604 2876 ipsi
1633 2805 1907 2860 inhabita-

326 2913 479 2975 rent;
512 2903 634 2959 aliis
664 2911 843 2958 autem
881 2908 1174 2973 regnarent
1200 2899 1429 2955 subditis
1473 2907 1638 2966 atque
1680 2896 1911 2950 tributa-

327 2997 449 3061 riis,
473 3009 642 3063 usque
669 2994 735 3047 ad
764 2991 962 3046 ﬂumen
982 2990 1337 3061 Euphratem.
1365 2990 1434 3044 Et
1456 2987 1705 3058 quamvis
1725 2988 1779 3042 in
1808 2988 1913 3044 hoc

329 3087 444 3141 Deo
473 3100 577 3139 non
602 3085 1084 3153 obtemperassent,
1106 3081 1232 3151 quia
1261 3089 1316 3135 et
1343 3097 1411 3137 ex
1438 3080 1544 3136 illis
1567 3095 1703 3150 quas
1724 3088 1910 3135 exter-

333 3278 515 3325 tamen
548 3265 880 3337 temporibus
907 3262 1214 3319 Salomonis
1248 3261 1409 3319 fidem
1448 3279 1559 3318 suae
1595 3262 1916 3332 promissio-

330 3358 422 3414 nis
464 3356 723 3426 implevit.
766 3354 920 3410 Nunc
956 3354 1139 3425 itaque
1166 3354 1220 3408 in
1252 3353 1392 3409 libro
1428 3352 1554 3409 Iesu
1585 3353 1735 3408 Nave
1773 3354 1918 3424 quod

333 3449 683 3506 considerare
713 3446 1068 3517 suscepimus,
1101 3446 1374 3516 quomodo
1399 3446 1505 3501 erit
1530 3461 1721 3502 verum
1748 3465 1759 3500 :
1795 3465 1814 3496 ι
1845 3446 1919 3500 Et

334 3543 487 3600 dedit
502 3542 642 3598 Deus
662 3540 825 3596 Israel
847 3554 1063 3595 omnem
1086 3547 1286 3594 terram
1307 3554 1468 3608 quam
1483 3539 1766 3608 iuraverat
1790 3538 1921 3593 dare

335 3631 586 3704 patribus
610 3644 819 3694 eorum,
840 3636 895 3682 et
916 3627 1378 3682 haereditaverunt
1403 3627 1559 3681 eam?
1589 3645 1608 3678 ι
1638 3624 1921 3692 Quomodo

335 3722 516 3777 adhuc
537 3720 753 3774 vivente
775 3717 905 3773 Iesu
933 3731 1148 3773 omnem
1178 3724 1381 3770 terram
1407 3714 1573 3779 dedit,
1603 3730 1727 3769 cum
1756 3714 1922 3769 etiam

336 3811 599 3889 reliquias
641 3809 855 3865 illarum
890 3815 1094 3877 septem
1137 3805 1377 3877 gentium
1418 3803 1660 3859 nondum
1702 3818 1928 3874 supera-

334 3900 582 3957 vissent?
612 3897 746 3953 Nam
794 3897 939 3967 quod
981 3895 1265 3965 sequitur:
1300 3912 1321 3947 ι
1354 3894 1423 3950 Et
1468 3894 1928 3949 haereditaverunt

336 4006 487 4055 eam,
522 4009 540 4042 ι
572 4005 758 4044 verum
792 3995 911 4054 est;
942 3987 1071 4057 quia
1114 3986 1186 4040 ibi
1226 3994 1403 4051 erant,
1447 3986 1631 4057 ibique
1671 3985 1927 4041 consede-

337 4088 491 4137 runt.
520 4070 725 4135 Deinde
750 4080 897 4151 quod
923 4078 1166 4150 adiungit
1193 4096 1206 4131 :
1239 4097 1257 4131 ‹
1283 4078 1350 4133 Ει
1380 4080 1627 4149 requiem
1655 4077 1803 4134 dedit
1825 4079 1930 4134 Do-

338 4174 527 4231 minus
554 4172 660 4228 illis
690 4172 748 4227 in
774 4171 1004 4226 circuitu
1028 4211 1044 4237 ,
1072 4170 1212 4225 sicut
1241 4167 1518 4238 iuraverat
1544 4169 1809 4226 Dominus
1837 4186 1932 4241 pa-

338 4264 521 4321 tribus
547 4278 761 4329 eorum,
796 4281 815 4317 ι
847 4276 1036 4317 verum
1077 4267 1189 4328 est;
1235 4261 1362 4330 quia
1407 4261 1531 4315 vivo
1577 4261 1756 4316 adhuc
1802 4259 1929 4315 Jesu

340 4370 454 4409 non
483 4354 563 4409 eis
587 4352 804 4423 quidem
833 4351 1099 4407 cedebant
1138 4351 1382 4420 reliquiae
1426 4351 1640 4409 illarum
1666 4351 1931 4422 gentium,

340 4444 443 4499 sed
468 4443 611 4497 nulla
638 4457 824 4498 earum
851 4457 945 4497 eos
977 4442 1031 4497 in
1067 4441 1227 4496 terris
1266 4440 1359 4496 ubi
1401 4441 1760 4496 consederant
1786 4440 1926 4495 bello

342 4534 621 4588 lacescere
651 4532 903 4586 audebat.
950 4529 1076 4585 Ideo
1103 4529 1308 4585 dictum
1346 4536 1432 4583 est
1470 4536 1525 4583 et
1553 4527 1697 4598 quod
1735 4528 1928 4584 deinde

343 4623 660 4694 adiungitur
687 4636 702 4675 :
734 4621 852 4676 Non
880 4620 1081 4676 restitit
1109 4619 1396 4689 quisquam
1434 4626 1560 4673 ante
1584 4617 1778 4673 faciem
1809 4618 1929 4673 illo-

343 4734 470 4772 rum
510 4718 578 4771 ab
614 4716 867 4771 omnibus
910 4714 1146 4769 inimicis
1172 4729 1383 4769 eorum.
1406 4712 1562 4781 Quod
1590 4728 1721 4768 vero
1750 4714 1925 4783 sequi-

346 4817 438 4862 tur
464 4825 477 4859 :
510 4824 529 4857 ι
564 4803 673 4860 Sed
698 4820 887 4861 omnes
917 4805 1167 4859 inimicos
1193 4818 1381 4858 eorum
1412 4804 1637 4859 tradidit
1671 4804 1931 4860 Dominus

347 4896 459 4952 illis
487 4898 541 4951 in
568 4912 761 4952 manus
788 4910 997 4959 eorum,
1034 4915 1053 4948 ι
1086 4896 1186 4950 hos
1213 4894 1438 4965 intelligi
1470 4896 1642 4950 voluit
1680 4896 1930 4952 inimicos

346 4989 439 5059 qui
471 4990 686 5044 obviam
714 4989 791 5042 ire
820 4988 875 5041 in
905 4987 1104 5042 bellum
1133 4986 1250 5042 ausi
1278 4995 1421 5042 sunt.
1449 4986 1651 5042 Deinde
1674 4987 1817 5058 quod
1848 4987 1931 5041 di-
1960 5028 1975 5035 κ

346 5080 469 5135 cit:
504 5097 523 5129 ι
562 5077 679 5132 Νοη
726 5078 927 5133 decidit
975 5091 1043 5131 ex
1097 5076 1355 5131 omnibus
1401 5077 1582 5131 verbis
1621 5077 1778 5132 bonis
1811 5092 1933 5147 qua:

348 5169 562 5223 locutus
582 5177 666 5224 est
682 5168 943 5225 Dominus.
955 5168 1079 5221 ﬁliis
1098 5166 1283 5229 Israel,
1305 5167 1486 5221 omnia
1507 5167 1873 5232 advenerunt;
1907 5186 1926 5218 ι

349 5260 427 5315 ita
452 5259 567 5313 vult
589 5259 834 5328 intelligi,
858 5259 983 5327 quia
1006 5273 1128 5313 cum
1145 5257 1259 5327 iam
1286 5257 1360 5311 illi
1392 5266 1579 5311 contra
1600 5265 1932 5327 praceptum

352 5350 566 5406 Domini
588 5347 859 5414 fecissent,
876 5349 1196 5419 quibusdam
1215 5348 1486 5418 parcendo
1500 5362 1566 5402 ex
1588 5348 1693 5404 illis
1722 5357 1929 5417 septem

353 5442 629 5514 gentibus,
657 5450 713 5498 et
739 5457 833 5497 eos
860 5443 1174 5498 obedientes
1208 5442 1457 5498 faciendo
1480 5483 1495 5509 ,
1540 5445 1717 5499 adhuc
1751 5452 1936 5499 tamen

357 5535 502 5589 inter
530 5549 624 5588 eos
653 5532 789 5588 salvi
813 5542 987 5588 erant.
1013 5531 1136 5588 Ideo
1160 5549 1284 5588 cum
1310 5533 1536 5589 dixisset
1566 5552 1578 5588 :
1608 5551 1626 5584 ι
1657 5534 1733 5588 Ex
1756 5535 1935 5589 omni-

356 5628 461 5681 bus
492 5628 689 5692 verbis,
721 5647 738 5678 ›
772 5626 921 5682 addit
955 5644 972 5677 ι
1005 5625 1181 5692 bonis,
1221 5646 1240 5679 ι
1274 5626 1403 5696 quia
1434 5626 1671 5681 nondum
1699 5628 1935 5683 advene-

362 5727 486 5773 rant
534 5717 817 5772 maled‘icta
853 5713 1314 5784 contemptoribus
1350 5724 1405 5771 et
1448 5716 1937 5789 transgressoribus

764 5813 1041 5903 PATRQL.
1081 5806 1290 5869 CVIII.

2000 1910 2103 1964 bus
2129 1907 2365 1963 inimicis
2393 1921 2580 1961 eorum
2601 1946 2616 1971 ,
2652 1906 2826 1974 quaeri
2856 1910 3037 1974 potest
3086 1901 3360 1973 quomodo
3399 1911 3586 1954 verum

1988 2002 2092 2065 sit,
2118 2016 2242 2055 cum
2269 1999 2335 2053 de
2363 1998 2503 2052 tribu
2530 1997 2644 2051 Dan
2668 1995 2917 2065 superius
2943 1994 3209 2064 scriptum
3234 1992 3306 2047 sit
3325 1992 3470 2061 quod
3495 2003 3591 2043 eos

2002 2094 2188 2147 hostes
2217 2104 2405 2144 eorum
2428 2103 2535 2143 non
2560 2086 2913 2157 permiserint
2946 2082 3274 2140 descendere
3297 2082 3348 2136 in
3370 2079 3588 2138 vallem.

2002 2191 2058 2239 et
2083 2180 2471 2253 pratvaluerint
2500 2178 2580 2234 eis
2610 2178 2664 2233 in
2694 2176 2993 2233 montibus.
3027 2174 3135 2232 Sed
3173 2174 3317 2245 quod
3355 2172 3594 2229 diximus

2006 2289 2130 2330 cum
2155 2271 2441 2327 duodecim
2466 2269 2602 2325 ﬁlios
2627 2266 2794 2324 Iacob
2820 2267 3099 2338 Scriptura
3130 2267 3183 2321 in
3208 2262 3596 2335 Mesopotamia

2006 2373 2159 2420 natos
2194 2369 2710 2424 commemorasset,
2740 2358 2832 2415 ubi
2860 2374 2968 2413 non
3010 2359 3187 2412 fuerat
3215 2363 3377 2412 natus
3397 2353 3595 2423 Benia-

2007 2456 2156 2520 min;
2190 2456 2295 2510 hoc
2322 2453 2485 2508 etiam
2509 2451 2599 2506 hic
2629 2447 3035 2519 intelligendum
3058 2455 3165 2512 est,
3197 2445 3324 2517 quia
3344 2459 3446 2515 pro
3468 2444 3594 2499 uni-

2008 2561 2170 2602 verso
2217 2544 2418 2617 p0pulo
2470 2543 2723 2599 undecim
2777 2540 2957 2596 tribus
3004 2540 3278 2610 deputatae
3326 2546 3488 2601 sunt,
3534 2551 3601 2592 ea

2012 2635 2350 2707 regulalqum
2377 2633 2500 2688 aliis
2540 2632 2947 2702 Scripturarum
2987 2627 3123 2684 locis
3164 2627 3321 2683 nobis
3350 2626 3486 2681 satis
3520 2626 3605 2680 in-

2012 2726 2209 2781 notuit.
2251 2723 2426 2780 Causa
2457 2729 2638 2777 autem
2669 2720 2713 2775 si
2746 2720 3010 2791 qumritur
3039 2733 3138 2773 cur
3175 2717 3294 2771 lucc
3339 2715 3513 2770 tribus
3547 2713 3605 2769 in

2014 2832 2080 2872 ea
2108 2825 2256 2873 sorte
2287 2832 2407 2886 quae
2445 2813 2520 2868 illi
2557 2814 2777 2869 obvenit
2808 2827 2915 2866 non
2942 2808 3241 2865 obtinuerit
3273 2806 3604 2863 sufficientes

2016 2921 2213 2973 terras,
2246 2914 2299 2961 et
2325 2907 2393 2961 ab
2415 2905 2495 2959 eis
2524 2919 2555 2959 a
2591 2902 2790 2973 quibus
2824 2900 3149 2957 tenebantur
3189 2897 3388 2954 aﬂlicta
3413 2897 3514 2961 sit,
3544 2896 3602 2950 in

2020 2998 2115 3054 Dei
2158 2997 2377 3068 quidem
2425 3002 2638 3049 secreto
2676 2990 2906 3045 consilio
2948 3004 3071 3044 esse
3119 2988 3453 3043 credendum
3483 2995 3603 3064 est.

1974 3112 1981 3119 ‘
2017 3096 2404 3150 Verumtamen
2430 3105 2552 3144 cum
2574 3084 2741 3142 Iacob
2766 3084 2905 3139 ﬁlios
2927 3097 3056 3139 suos
3080 3080 3451 3143 benediceret,
3478 3078 3609 3133 talia

329 3178 545 3233 minare
575 3174 853 3239 deberent,
879 3172 1194 3229 obedientes
1219 3172 1431 3241 aliquos
1467 3171 1739 3236 fecerant,
1772 3170 1915 3226 Deus
1942 3153 1988 3216 Ο

2022 3187 2161 3243 dixit
2188 3185 2254 3240 de
2285 3184 2392 3239 isto
2426 3181 2567 3246 Dan,
2596 3188 2657 3236 ut
2698 3181 2764 3235 de
2811 3177 2927 3243 ipsa
2959 3176 3101 3232 tribu
3131 3175 3477 3231 existimetur
3515 3188 3612 3228 ex-

2015 3281 2362 3333 surrecturus
2407 3270 2779 3326 Antichristus
2822 3264 2975 3340 (Gen.
3026 3262 3212 3338 xux).
3264 3263 3418 3321 Unde
3462 3279 3612 3319 nunc

2014 3366 2170 3438 plura
2209 3364 2392 3419 dicere
2441 3376 2549 3416 non
2600 3359 2960 3430 suscipimus‘,
3010 3374 3136 3415 cum
3168 3358 3331 3413 etiam
3367 3357 3448 3413 sic
3475 3355 3614 3412 solvi

2017 3454 2190 3527 possit
2224 3453 2343 3508 haec
2378 3450 2626 3519 quaastio,
2661 3448 2789 3520 quia
2811 3463 2919 3503 non
2946 3446 3149 3503 restitit
3172 3447 3459 3517 quisquam
3482 3453 3611 3500 ante

2019 3546 2219 3602 faciem
2270 3542 2484 3597 illorum
2520 3540 2589 3594 ab
2632 3539 2883 3595 omnibus
2930 3536 3167 3592 inimicis
3211 3551 3438 3602 eorum,
3487 3549 3614 3591 cum

2022 3636 2181 3693 simul
2208 3634 2309 3690 sub
2333 3632 2496 3687 unius
2525 3630 2679 3685 ducis
2706 3628 2939 3700 imperio
2966 3626 3171 3682 bellum
3205 3634 3480 3697 gererent,
3507 3640 3608 3678 an-

2022 3736 2242 3796 tequam
2276 3720 2501 3792 singulis
2530 3719 2775 3775 tribubus
2804 3732 2901 3775 sua
2930 3715 3267 3773 defendenda
3299 3713 3611 3770 divideren-

2025 3824 2116 3870 tur
2141 3812 2282 3868 loca.

2614 3896 2845 3958 CAPUT
2881 3900 3014 3957 XIV.

2028 4018 2115 4089 De,
2139 4036 2198 4073 eo
2226 4019 2365 4089 quod
2393 4014 2681 4089 Rubeng’tas
2708 4026 2756 4089 et
2787 4012 3046 4089 Qaddilas
3065 4054 3079 4077 ,
3109 4022 3159 4067 et
3200 4012 3474 4089 dimidiam
3509 4012 3609 4064 tri-

2100 4083 2511 4143 bum'Manasse
2554 4084 2753 4141 dimisit
2802 4084 2966 4141 Iosue
3010 4085 3064 4138 in
3109 4083 3454 4154 possessiones
3491 4097 3617 4135 suns
3658 4098 3665 4103 ο

2102 4176 2221 4213 cum
2248 4175 2394 4231 pace.

2107 4267 2261 4340 (Car.
2291 4268 2453 4339 χχιι.)
2492 4287 2510 4318 ι
2547 4267 2751 4322 Eodem
2788 4272 3032 4335 tempore
3061 4263 3275 4318 vocavit
3313 4259 3477 4317 Iosue
3506 4260 3619 4314 Ru-

2043 4381 2062 4413 ι
2105 4360 2337 4425 benitas,
2369 4368 2425 4415 et
2448 4359 2731 4424 Gadditas,
2756 4367 2811 4414 et
2830 4358 3107 4412 dimidiam
3131 4358 3328 4412 tribum
3350 4357 3618 4419 Manasse,

2044 4472 2063 4504 ‹
2108 4450 2350 4519 dixitque
2377 4450 2444 4505 ad
2469 4463 2598 4503 eos:
2630 4447 2861 4503 Fecistis
2882 4447 3064 4503 omnia
3092 4462 3212 4516 quae
3238 4446 3392 4501 vobis
3416 4461 3620 4515 przece-

2039 4560 2058 4593 ‹
2103 4541 2183 4611 pit
2208 4539 2420 4611 Moyses
2449 4538 2681 4593 famulus
2712 4536 2926 4592 Domini
2958 4555 2971 4590 :
3008 4534 3137 4590 mihi
3174 4551 3389 4607 quoque
3410 4537 3463 4590 in
3493 4552 3620 4591 om—

2039 4652 2058 4686 ‹
2107 4633 2269 4687 nibus
2314 4626 2608 4689 obedlstis.
2658 4643 2758 4684 nec
2816 4626 3113 4698 reliquistis
3163 4626 3361 4683 fratres
3407 4635 3620 4683 vestros

2038 4741 2057 4774 ί
2102 4722 2266 4791 longo
2290 4729 2537 4791 tempore
2574 4732 2747 4789 usque
2785 4717 2839 4772 in
2880 4725 3203 4787 praesentem
3233 4714 3406 4784 diem,
3437 4727 3621 4774 custo-

2036 4830 2056 4863 ι
2099 4812 2317 4867 dientes
2349 4809 2636 4880 imperium
2671 4806 2888 4863 Domini
2914 4805 3009 4860 Dei
3047 4807 3236 4861 vestri.
3270 4805 3406 4876 Quia
3449 4807 3614 4880 igitur

2040 4921 2059 4954 ‹
2105 4901 2256 4958 dedit
2283 4889 2546 4956 deinus
2568 4900 2713 4957 Deus
2739 4905 2924 4953 vester
2952 4895 3209 4953 fratribus
3236 4899 3433 4953 vestris
3461 4899 3617 4968 quic-

2041 5013 2059 5045 ε
2104 5002 2214 5048 tem
2244 5001 2300 5049 et
2323 5007 2513 5063 pacem
2548 4991 2689 5045 sicut
2712 4988 2989 5060 pollicitus
3017 4996 3130 5054 est,
3165 4990 3533 5053 revertimini,
3565 4998 3621 5043 ct

2038 5102 2057 5135 ι
2103 5084 2178 5138 ite
2212 5083 2267 5136 in
2298 5078 2649 5137 tabernacula
2674 5086 2884 5141 vestra,
2914 5086 2972 5133 et
2997 5077 3051 5132 in
3082 5085 3283 5134 terram
3322 5077 3621 5149 possessio-

2040 5195 2059 5228 α
2099 5175 2186 5229 nis
2213 5188 2374 5244 quam
2403 5171 2625 5227 tradidit
2651 5171 2805 5227 vobis
2842 5169 3052 5242 Moyses
3093 5170 3324 5226 famulus
3368 5168 3616 5233 Domini,

2041 5285 2060 5317 ‹
2107 5273 2259 5319 trans
2282 5261 2596 5325 Iordanem,
2629 5270 2737 5317 etc.
2768 5281 2788 5314 ι
2823 5261 2931 5333 (Ea;
2950 5257 3311 5328 Adamantio.)
3340 5257 3467 5312 Post
3499 5258 3620 5312 hate

2038 5357 2198 5412 Iesus
2222 5361 2484 5410 convocat
2523 5353 2664 5408 ﬁlios
2707 5353 2896 5409 Ruben
2915 5395 2930 5419 ,
2964 5361 3017 5407 et
3043 5352 3181 5407 ﬁlios
3209 5350 3356 5416 Gad,
3382 5358 3438 5403 et
3461 5348 3621 5403 dimi-

2044 5449 2189 5504 diam
2224 5446 2426 5501 tribum
2476 5445 2754 5510 Manasse,
2786 5445 2877 5513 qui
2928 5458 3110 5499 secum
3154 5440 3516 5495 militaverant
3551 5439 3619 5492 ad

2040 5538 2227 5594 hostes
2255 5535 2582 5592 Israeliticos
2607 5537 2964 5605 superandos,
2991 5541 3045 5587 et
3079 5531 3306 5586 dimittit
3328 5545 3423 5586 eos
3450 5530 3530 5585 ire
3557 5530 3613 5585 in

2040 5628 2407 5684 haereditatem
2436 5642 2611 5690 suam,
2635 5625 2777 5680 datis
2816 5626 2903 5680 his
2941 5624 3105 5678 etiam
3147 5622 3470 5692 quibusdam
3495 5638 3620 5677 mu-

2040 5719 2284 5785 neribus,
2312 5718 2453 5774 sicut
2484 5716 2743 5787 scriptum
2769 5723 2871 5772 est.
2900 5715 2957 5770 In
2988 5729 3094 5784 quo
3121 5714 3339 5772 videtur
3366 5714 3498 5772 illud
3530 5715 3618 5771 in-

3073 5808 3146 5874 35
