  <div class='ocr_page' id='page_1' title='image "/cluster/home/n/w/nwhite01/storage/ocr_20150623/108/hvd.32044054759733/555.png"; bbox 0 0 4000 6186; ppageno 0'>
   <div class='ocr_carea' id='block_1_1' title="bbox 424 306 560 364">
    <p class='ocr_par' dir='ltr' id='par_1_1' title="bbox 424 306 560 364">
     <span class='ocr_line' id='line_1_1' title="bbox 424 306 560 364; baseline -0.007 0"><span class='ocrx_word' id='word_1_1' title='bbox 424 311 446 364; x_wconf 81' lang='grc'><strong>1</strong></span> <span class='ocrx_word' id='word_1_2' title='bbox 456 306 560 364; x_wconf 73' lang='lat'><strong>099</strong></span> 
     </span>
    </p>
   </div>
   <div class='ocr_carea' id='block_1_2' title="bbox 1054 306 3004 366">
    <p class='ocr_par' dir='ltr' id='par_1_2' title="bbox 1054 306 3004 366">
     <span class='ocr_line' id='line_1_2' title="bbox 1054 306 3004 366; baseline 0 -3"><span class='ocrx_word' id='word_1_3' title='bbox 1054 306 1115 364; x_wconf 89' lang='lat' dir='ltr'><strong>B.</strong></span> <span class='ocrx_word' id='word_1_4' title='bbox 1157 307 1411 364; x_wconf 76' lang='lat' dir='ltr'><strong>RABANI</strong></span> <span class='ocrx_word' id='word_1_5' title='bbox 1449 308 1667 365; x_wconf 78' lang='lat' dir='ltr'><strong>MAURI</strong></span> <span class='ocrx_word' id='word_1_6' title='bbox 1706 308 2027 366; x_wconf 77' lang='lat' dir='ltr'><strong>ARCHIEP.</strong></span> <span class='ocrx_word' id='word_1_7' title='bbox 2072 307 2377 365; x_wconf 76' lang='lat' dir='ltr'><strong>MOGUNT.</strong></span> <span class='ocrx_word' id='word_1_8' title='bbox 2419 308 2707 366; x_wconf 76' lang='lat' dir='ltr'><strong>OPERUM</strong></span> <span class='ocrx_word' id='word_1_9' title='bbox 2748 308 2925 365; x_wconf 75' lang='lat' dir='ltr'><strong>PARS</strong></span> <span class='ocrx_word' id='word_1_10' title='bbox 2966 310 3004 364; x_wconf 92' lang='lat' dir='ltr'><strong>l.</strong></span> 
     </span>
    </p>
   </div>
   <div class='ocr_carea' id='block_1_3' title="bbox 3535 316 3684 371">
    <p class='ocr_par' dir='ltr' id='par_1_3' title="bbox 3535 316 3684 371">
     <span class='ocr_line' id='line_1_3' title="bbox 3535 316 3684 371; baseline 0.02 -3"><span class='ocrx_word' id='word_1_11' title='bbox 3535 316 3684 371; x_wconf 75' lang='lat'><strong>“00</strong></span> 
     </span>
    </p>
   </div>
   <div class='ocr_carea' id='block_1_4' title="bbox 415 421 3691 500">
    <p class='ocr_par' dir='ltr' id='par_1_4' title="bbox 415 421 3691 500">
     <span class='ocr_line' id='line_1_4' title="bbox 415 421 3691 500; baseline 0.002 -21"><span class='ocrx_word' id='word_1_12' title='bbox 415 424 599 479; x_wconf 87' lang='lat' dir='ltr'><strong>dicare</strong></span> <span class='ocrx_word' id='word_1_13' title='bbox 629 421 967 492; x_wconf 86' lang='lat' dir='ltr'><strong>mysterium,</strong></span> <span class='ocrx_word' id='word_1_14' title='bbox 998 422 1141 492; x_wconf 91' lang='lat' dir='ltr'><strong>quod</strong></span> <span class='ocrx_word' id='word_1_15' title='bbox 1164 436 1285 477; x_wconf 90' lang='lat' dir='ltr'><strong>cum</strong></span> <span class='ocrx_word' id='word_1_16' title='bbox 1323 421 1600 494; x_wconf 93' lang='lat' dir='ltr'><strong>plenitudo</strong></span> <span class='ocrx_word' id='word_1_17' title='bbox 1636 422 1872 493; x_wconf 87' lang='lat' dir='ltr'><strong>gentium</strong></span> <span class='ocrx_word' id='word_1_18' title='bbox 1908 423 1989 476; x_wconf 88' lang='lat' dir='ltr'><strong>in—</strong></span> <span class='ocrx_word' id='word_1_19' title='bbox 2020 427 2069 485; x_wconf 76' lang='grc' dir='ltr'><strong>Α</strong></span> <span class='ocrx_word' id='word_1_20' title='bbox 2095 422 2373 477; x_wconf 80' lang='lat' dir='ltr'><strong>dicentes:</strong></span> <span class='ocrx_word' id='word_1_21' title='bbox 2407 443 2425 475; x_wconf 85' lang='grc'><strong><em>‹</em></strong></span> <span class='ocrx_word' id='word_1_22' title='bbox 2459 422 2691 496; x_wconf 81' lang='lat' dir='ltr'><strong>Sanguis</strong></span> <span class='ocrx_word' id='word_1_23' title='bbox 2724 426 2869 482; x_wconf 89' lang='lat' dir='ltr'><strong>illius</strong></span> <span class='ocrx_word' id='word_1_24' title='bbox 2901 441 3062 496; x_wconf 86' lang='lat' dir='ltr'><strong>super</strong></span> <span class='ocrx_word' id='word_1_25' title='bbox 3084 440 3204 492; x_wconf 89' lang='lat' dir='ltr'><strong>nos,</strong></span> <span class='ocrx_word' id='word_1_26' title='bbox 3238 438 3294 483; x_wconf 91' lang='lat' dir='ltr'><strong>et</strong></span> <span class='ocrx_word' id='word_1_27' title='bbox 3335 444 3504 500; x_wconf 89' lang='lat' dir='ltr'><strong>super</strong></span> <span class='ocrx_word' id='word_1_28' title='bbox 3540 432 3691 488; x_wconf 75' lang='lat' dir='ltr'><strong>[ilius</strong></span> 
     </span>
    </p>
   </div>
   <div class='ocr_carea' id='block_1_5' title="bbox 418 512 1991 583">
    <p class='ocr_par' dir='ltr' id='par_1_5' title="bbox 418 512 1991 583">
     <span class='ocr_line' id='line_1_5' title="bbox 418 512 1991 583; baseline 0 -15"><span class='ocrx_word' id='word_1_29' title='bbox 418 515 629 576; x_wconf 89' lang='lat' dir='ltr'><strong>troirct,</strong></span> <span class='ocrx_word' id='word_1_30' title='bbox 658 521 715 567; x_wconf 92' lang='lat' dir='ltr'><strong>et</strong></span> <span class='ocrx_word' id='word_1_31' title='bbox 737 527 858 582; x_wconf 72' lang='lat' dir='ltr'><strong>qua:</strong></span> <span class='ocrx_word' id='word_1_32' title='bbox 894 513 1222 583; x_wconf 89' lang='lat' dir='ltr'><strong>repromissa</strong></span> <span class='ocrx_word' id='word_1_33' title='bbox 1254 524 1379 568; x_wconf 89' lang='lat' dir='ltr'><strong>sunt</strong></span> <span class='ocrx_word' id='word_1_34' title='bbox 1414 514 1495 567; x_wconf 91' lang='lat' dir='ltr'><strong>eis</strong></span> <span class='ocrx_word' id='word_1_35' title='bbox 1532 529 1563 567; x_wconf 89' lang='lat' dir='ltr'><strong>a</strong></span> <span class='ocrx_word' id='word_1_36' title='bbox 1608 513 1837 567; x_wconf 90' lang='lat' dir='ltr'><strong>Domino</strong></span> <span class='ocrx_word' id='word_1_37' title='bbox 1864 512 1991 568; x_wconf 87' lang='lat' dir='ltr'><strong>Jesu</strong></span> 
     </span>
    </p>
   </div>
   <div class='ocr_carea' id='block_1_6' title="bbox 413 604 1991 676">
    <p class='ocr_par' dir='ltr' id='par_1_6' title="bbox 413 604 1991 676">
     <span class='ocr_line' id='line_1_6' title="bbox 413 604 1991 676; baseline -0.001 -16"><span class='ocrx_word' id='word_1_38' title='bbox 413 606 720 674; x_wconf 84' lang='lat' dir='ltr'><strong>reciperent</strong></span> <span class='ocrx_word' id='word_1_39' title='bbox 764 604 838 658; x_wconf 92' lang='lat' dir='ltr'><strong>illi</strong></span> <span class='ocrx_word' id='word_1_40' title='bbox 889 604 982 674; x_wconf 92' lang='lat' dir='ltr'><strong>qui</strong></span> <span class='ocrx_word' id='word_1_41' title='bbox 1028 620 1128 675; x_wconf 90' lang='lat' dir='ltr'><strong>per</strong></span> <span class='ocrx_word' id='word_1_42' title='bbox 1170 604 1390 676; x_wconf 81' lang='lat' dir='ltr'><strong>Moysen</strong></span> <span class='ocrx_word' id='word_1_43' title='bbox 1424 605 1622 659; x_wconf 90' lang='lat' dir='ltr'><strong>eruditi</strong></span> <span class='ocrx_word' id='word_1_44' title='bbox 1655 613 1710 659; x_wconf 87' lang='lat' dir='ltr'><strong>et</strong></span> <span class='ocrx_word' id='word_1_45' title='bbox 1739 604 1991 660; x_wconf 91' lang='lat' dir='ltr'><strong>instructi</strong></span> 
     </span>
    </p>
   </div>
   <div class='ocr_carea' id='block_1_7' title="bbox 413 692 1991 765">
    <p class='ocr_par' dir='ltr' id='par_1_7' title="bbox 413 692 1991 765">
     <span class='ocr_line' id='line_1_7' title="bbox 413 692 1991 765; baseline 0.001 -18"><span class='ocrx_word' id='word_1_46' title='bbox 413 694 649 762; x_wconf 82' lang='lat' dir='ltr'><strong>fuerant,</strong></span> <span class='ocrx_word' id='word_1_47' title='bbox 697 702 753 747; x_wconf 89' lang='lat' dir='ltr'><strong>et</strong></span> <span class='ocrx_word' id='word_1_48' title='bbox 796 694 886 764; x_wconf 88' lang='lat' dir='ltr'><strong>qui</strong></span> <span class='ocrx_word' id='word_1_49' title='bbox 932 692 1087 750; x_wconf 91' lang='lat' dir='ltr'><strong>nobis</strong></span> <span class='ocrx_word' id='word_1_50' title='bbox 1134 695 1187 748; x_wconf 92' lang='lat' dir='ltr'><strong>in</strong></span> <span class='ocrx_word' id='word_1_51' title='bbox 1236 695 1533 749; x_wconf 92' lang='lat' dir='ltr'><strong>certamine</strong></span> <span class='ocrx_word' id='word_1_52' title='bbox 1571 695 1763 765; x_wconf 88' lang='lat' dir='ltr'><strong>positis</strong></span> <span class='ocrx_word' id='word_1_53' title='bbox 1793 695 1991 749; x_wconf 76' lang='lat' dir='ltr'><strong>auxilia</strong></span> 
     </span>
    </p>
   </div>
   <div class='ocr_carea' id='block_1_8' title="bbox 412 784 1990 856">
    <p class='ocr_par' dir='ltr' id='par_1_8' title="bbox 412 784 1990 856">
     <span class='ocr_line' id='line_1_8' title="bbox 412 784 1990 856; baseline 0 -15"><span class='ocrx_word' id='word_1_54' title='bbox 412 786 751 841; x_wconf 83' lang='lat' dir='ltr'><strong>orationibus</strong></span> <span class='ocrx_word' id='word_1_55' title='bbox 778 794 832 840; x_wconf 90' lang='lat' dir='ltr'><strong>et</strong></span> <span class='ocrx_word' id='word_1_56' title='bbox 858 786 1109 854; x_wconf 84' lang='lat' dir='ltr'><strong>precibus</strong></span> <span class='ocrx_word' id='word_1_57' title='bbox 1135 784 1471 851; x_wconf 88' lang='lat' dir='ltr'><strong>detulerant;</strong></span> <span class='ocrx_word' id='word_1_58' title='bbox 1508 794 1563 839; x_wconf 93' lang='lat' dir='ltr'><strong>et</strong></span> <span class='ocrx_word' id='word_1_59' title='bbox 1598 786 1725 856; x_wconf 86' lang='lat' dir='ltr'><strong>quia</strong></span> <span class='ocrx_word' id='word_1_60' title='bbox 1753 784 1990 841; x_wconf 87' lang='lat' dir='ltr'><strong>nondum</strong></span> 
     </span>
    </p>
   </div>
   <div class='ocr_carea' id='block_1_9' title="bbox 410 878 1991 951">
    <p class='ocr_par' dir='ltr' id='par_1_9' title="bbox 410 878 1991 951">
     <span class='ocr_line' id='line_1_9' title="bbox 410 878 1991 951; baseline 0.001 -18"><span class='ocrx_word' id='word_1_61' title='bbox 410 880 858 951; x_wconf 87' lang='lat' dir='ltr'><strong>repromissiones</strong></span> <span class='ocrx_word' id='word_1_62' title='bbox 874 878 1146 933; x_wconf 89' lang='lat' dir='ltr'><strong>consecuti</strong></span> <span class='ocrx_word' id='word_1_63' title='bbox 1170 886 1317 943; x_wconf 92' lang='lat' dir='ltr'><strong>sunt,</strong></span> <span class='ocrx_word' id='word_1_64' title='bbox 1345 886 1724 949; x_wconf 76' lang='lat' dir='ltr'><strong>exspectantes</strong></span> <span class='ocrx_word' id='word_1_65' title='bbox 1747 888 1805 931; x_wconf 91' lang='lat' dir='ltr'><strong>ut</strong></span> <span class='ocrx_word' id='word_1_66' title='bbox 1829 878 1991 935; x_wconf 90' lang='lat' dir='ltr'><strong>etiam</strong></span> 
     </span>
    </p>
   </div>
   <div class='ocr_carea' id='block_1_10' title="bbox 410 967 1989 1038">
    <p class='ocr_par' dir='ltr' id='par_1_10' title="bbox 410 967 1989 1038">
     <span class='ocr_line' id='line_1_10' title="bbox 410 967 1989 1038; baseline -0.003 -14"><span class='ocrx_word' id='word_1_67' title='bbox 410 977 598 1024; x_wconf 90' lang='lat' dir='ltr'><strong>nostra</strong></span> <span class='ocrx_word' id='word_1_68' title='bbox 646 968 857 1023; x_wconf 78' lang='lat' dir='ltr'><strong>vacatio</strong></span> <span class='ocrx_word' id='word_1_69' title='bbox 902 967 1258 1037; x_wconf 82' lang='lat' dir='ltr'><strong>compleatur,</strong></span> <span class='ocrx_word' id='word_1_70' title='bbox 1301 969 1443 1022; x_wconf 84' lang='lat' dir='ltr'><strong>sicut</strong></span> <span class='ocrx_word' id='word_1_71' title='bbox 1490 968 1622 1023; x_wconf 86' lang='lat' dir='ltr'><strong>dicit</strong></span> <span class='ocrx_word' id='word_1_72' title='bbox 1663 967 1989 1038; x_wconf 84' lang='lat' dir='ltr'><strong>Apostolus,</strong></span> 
     </span>
    </p>
   </div>
   <div class='ocr_carea' id='block_1_11' title="bbox 413 1055 1989 1127">
    <p class='ocr_par' dir='ltr' id='par_1_11' title="bbox 413 1055 1989 1127">
     <span class='ocr_line' id='line_1_11' title="bbox 413 1055 1989 1127; baseline 0 -16"><span class='ocrx_word' id='word_1_73' title='bbox 413 1073 555 1112; x_wconf 88' lang='lat' dir='ltr'><strong>nunc</strong></span> <span class='ocrx_word' id='word_1_74' title='bbox 579 1057 792 1112; x_wconf 91' lang='lat' dir='ltr'><strong>demum</strong></span> <span class='ocrx_word' id='word_1_75' title='bbox 816 1056 1200 1127; x_wconf 79' lang='lat' dir='ltr'><strong>perfectionem</strong></span> <span class='ocrx_word' id='word_1_76' title='bbox 1228 1072 1348 1125; x_wconf 65' lang='lat' dir='ltr'><strong>quae</strong></span> <span class='ocrx_word' id='word_1_77' title='bbox 1372 1056 1452 1112; x_wconf 91' lang='lat' dir='ltr'><strong>eis</strong></span> <span class='ocrx_word' id='word_1_78' title='bbox 1475 1056 1638 1111; x_wconf 90' lang='lat' dir='ltr'><strong>dilata</strong></span> <span class='ocrx_word' id='word_1_79' title='bbox 1668 1055 1844 1111; x_wconf 81' lang='lat' dir='ltr'><strong>fuerat</strong></span> <span class='ocrx_word' id='word_1_80' title='bbox 1864 1072 1989 1112; x_wconf 88' lang='lat' dir='ltr'><strong>con-</strong></span> 
     </span>
    </p>
   </div>
   <div class='ocr_carea' id='block_1_12' title="bbox 410 1145 1990 1217">
    <p class='ocr_par' dir='ltr' id='par_1_12' title="bbox 410 1145 1990 1217">
     <span class='ocr_line' id='line_1_12' title="bbox 410 1145 1990 1217; baseline 0.001 -16"><span class='ocrx_word' id='word_1_81' title='bbox 410 1155 732 1217; x_wconf 81' lang='lat' dir='ltr'><strong>sequantur,</strong></span> <span class='ocrx_word' id='word_1_82' title='bbox 764 1161 887 1200; x_wconf 88' lang='lat' dir='ltr'><strong>cum</strong></span> <span class='ocrx_word' id='word_1_83' title='bbox 914 1147 1229 1201; x_wconf 88' lang='lat' dir='ltr'><strong>muneribus</strong></span> <span class='ocrx_word' id='word_1_84' title='bbox 1258 1162 1377 1215; x_wconf 88' lang='lat' dir='ltr'><strong>quae</strong></span> <span class='ocrx_word' id='word_1_85' title='bbox 1420 1146 1694 1216; x_wconf 90' lang='lat' dir='ltr'><strong>accipiunt</strong></span> <span class='ocrx_word' id='word_1_86' title='bbox 1732 1147 1800 1201; x_wconf 88' lang='lat' dir='ltr'><strong>ab</strong></span> <span class='ocrx_word' id='word_1_87' title='bbox 1832 1145 1990 1213; x_wconf 85' lang='lat' dir='ltr'><strong>.lesu,</strong></span> 
     </span>
    </p>
   </div>
   <div class='ocr_carea' id='block_1_13' title="bbox 410 1236 1993 1309">
    <p class='ocr_par' dir='ltr' id='par_1_13' title="bbox 410 1236 1993 1309">
     <span class='ocr_line' id='line_1_13' title="bbox 410 1236 1993 1309; baseline 0.003 -20"><span class='ocrx_word' id='word_1_88' title='bbox 410 1244 471 1292; x_wconf 90' lang='lat' dir='ltr'><strong>ut</strong></span> <span class='ocrx_word' id='word_1_89' title='bbox 507 1236 873 1307; x_wconf 87' lang='lat' dir='ltr'><strong>unusquisque</strong></span> <span class='ocrx_word' id='word_1_90' title='bbox 920 1236 1130 1292; x_wconf 89' lang='lat' dir='ltr'><strong>habitet</strong></span> <span class='ocrx_word' id='word_1_91' title='bbox 1157 1237 1210 1289; x_wconf 91' lang='lat' dir='ltr'><strong>in</strong></span> <span class='ocrx_word' id='word_1_92' title='bbox 1244 1251 1396 1307; x_wconf 90' lang='lat' dir='ltr'><strong>pace,</strong></span> <span class='ocrx_word' id='word_1_93' title='bbox 1442 1237 1590 1291; x_wconf 91' lang='lat' dir='ltr'><strong>omni</strong></span> <span class='ocrx_word' id='word_1_94' title='bbox 1640 1237 1781 1293; x_wconf 92' lang='lat' dir='ltr'><strong>bello</strong></span> <span class='ocrx_word' id='word_1_95' title='bbox 1828 1247 1993 1309; x_wconf 90' lang='lat' dir='ltr'><strong>atque</strong></span> 
     </span>
    </p>
   </div>
   <div class='ocr_carea' id='block_1_14' title="bbox 407 1326 1993 1397">
    <p class='ocr_par' dir='ltr' id='par_1_14' title="bbox 407 1326 1993 1397">
     <span class='ocr_line' id='line_1_14' title="bbox 407 1326 1993 1397; baseline 0.002 -15"><span class='ocrx_word' id='word_1_96' title='bbox 407 1327 559 1382; x_wconf 89' lang='lat' dir='ltr'><strong>omni</strong></span> <span class='ocrx_word' id='word_1_97' title='bbox 589 1326 993 1397; x_wconf 88' lang='lat' dir='ltr'><strong>impugnatione</strong></span> <span class='ocrx_word' id='word_1_98' title='bbox 1016 1335 1283 1381; x_wconf 84' lang='lat' dir='ltr'><strong>cessante.</strong></span> <span class='ocrx_word' id='word_1_99' title='bbox 1310 1327 1439 1381; x_wconf 84' lang='lat' dir='ltr'><strong>Post</strong></span> <span class='ocrx_word' id='word_1_100' title='bbox 1465 1328 1581 1381; x_wconf 82' lang='lat' dir='ltr'><strong>haec</strong></span> <span class='ocrx_word' id='word_1_101' title='bbox 1606 1327 1806 1384; x_wconf 91' lang='lat' dir='ltr'><strong>lectum</strong></span> <span class='ocrx_word' id='word_1_102' title='bbox 1836 1331 1993 1386; x_wconf 86' lang='lat' dir='ltr'><strong>nobis</strong></span> 
     </span>
    </p>
   </div>
   <div class='ocr_carea' id='block_1_15' title="bbox 410 1417 1994 1488">
    <p class='ocr_par' dir='ltr' id='par_1_15' title="bbox 410 1417 1994 1488">
     <span class='ocr_line' id='line_1_15' title="bbox 410 1417 1994 1488; baseline 0.002 -14"><span class='ocrx_word' id='word_1_103' title='bbox 410 1427 496 1475; x_wconf 86' lang='lat' dir='ltr'><strong>est</strong></span> <span class='ocrx_word' id='word_1_104' title='bbox 515 1418 641 1488; x_wconf 85' lang='lat' dir='ltr'><strong>quia</strong></span> <span class='ocrx_word' id='word_1_105' title='bbox 668 1418 762 1472; x_wconf 90' lang='lat' dir='ltr'><strong>ﬁlii</strong></span> <span class='ocrx_word' id='word_1_106' title='bbox 807 1417 1033 1484; x_wconf 85' lang='lat' dir='ltr'><strong>Ruben,</strong></span> <span class='ocrx_word' id='word_1_107' title='bbox 1075 1427 1131 1485; x_wconf 82' lang='lat' dir='ltr'><strong>et</strong></span> <span class='ocrx_word' id='word_1_108' title='bbox 1157 1419 1251 1473; x_wconf 93' lang='lat' dir='ltr'><strong>ﬁlii</strong></span> <span class='ocrx_word' id='word_1_109' title='bbox 1291 1418 1436 1485; x_wconf 88' lang='lat' dir='ltr'><strong>Gad,</strong></span> <span class='ocrx_word' id='word_1_110' title='bbox 1469 1428 1524 1474; x_wconf 90' lang='lat' dir='ltr'><strong>et</strong></span> <span class='ocrx_word' id='word_1_111' title='bbox 1566 1421 1787 1476; x_wconf 91' lang='lat' dir='ltr'><strong>dimidia</strong></span> <span class='ocrx_word' id='word_1_112' title='bbox 1820 1423 1994 1478; x_wconf 90' lang='lat' dir='ltr'><strong>tribus</strong></span> 
     </span>
    </p>
   </div>
   <div class='ocr_carea' id='block_1_16' title="bbox 409 1508 1993 1578">
    <p class='ocr_par' dir='ltr' id='par_1_16' title="bbox 409 1508 1993 1578">
     <span class='ocr_line' id='line_1_16' title="bbox 409 1508 1993 1578; baseline 0.003 -15"><span class='ocrx_word' id='word_1_113' title='bbox 409 1509 676 1574; x_wconf 82' lang='lat' dir='ltr'><strong>Manasse,</strong></span> <span class='ocrx_word' id='word_1_114' title='bbox 701 1510 790 1578; x_wconf 88' lang='lat' dir='ltr'><strong>qui</strong></span> <span class='ocrx_word' id='word_1_115' title='bbox 815 1517 971 1563; x_wconf 90' lang='lat' dir='ltr'><strong>erant</strong></span> <span class='ocrx_word' id='word_1_116' title='bbox 990 1518 1140 1565; x_wconf 89' lang='lat' dir='ltr'><strong>trans</strong></span> <span class='ocrx_word' id='word_1_117' title='bbox 1153 1508 1465 1577; x_wconf 75' lang='lat' dir='ltr'><strong>Iordanem,</strong></span> <span class='ocrx_word' id='word_1_118' title='bbox 1489 1511 1823 1569; x_wconf 58' lang='lat' dir='ltr'><strong>aediﬁcarent</strong></span> <span class='ocrx_word' id='word_1_119' title='bbox 1843 1528 1993 1568; x_wconf 90' lang='lat' dir='ltr'><strong>aram</strong></span> 
     </span>
    </p>
   </div>
   <div class='ocr_carea' id='block_1_17' title="bbox 412 1601 1993 1676">
    <p class='ocr_par' dir='ltr' id='par_1_17' title="bbox 412 1601 1993 1676">
     <span class='ocr_line' id='line_1_17' title="bbox 412 1601 1993 1676; baseline 0.004 -20"><span class='ocrx_word' id='word_1_120' title='bbox 412 1602 721 1671; x_wconf 88' lang='lat' dir='ltr'><strong>ingentem;</strong></span> <span class='ocrx_word' id='word_1_121' title='bbox 753 1601 846 1655; x_wconf 90' lang='lat' dir='ltr'><strong>ﬁlii</strong></span> <span class='ocrx_word' id='word_1_122' title='bbox 877 1617 1007 1656; x_wconf 88' lang='lat' dir='ltr'><strong>vero</strong></span> <span class='ocrx_word' id='word_1_123' title='bbox 1035 1602 1201 1657; x_wconf 83' lang='lat' dir='ltr'><strong>Israel</strong></span> <span class='ocrx_word' id='word_1_124' title='bbox 1226 1603 1443 1673; x_wconf 86' lang='lat' dir='ltr'><strong>reliqui,</strong></span> <span class='ocrx_word' id='word_1_125' title='bbox 1473 1605 1785 1675; x_wconf 90' lang='lat' dir='ltr'><strong>ignorantes</strong></span> <span class='ocrx_word' id='word_1_126' title='bbox 1821 1622 1993 1676; x_wconf 88' lang='lat' dir='ltr'><strong>quare</strong></span> 
     </span>
    </p>
   </div>
   <div class='ocr_carea' id='block_1_18' title="bbox 411 1691 1990 1759">
    <p class='ocr_par' dir='ltr' id='par_1_18' title="bbox 411 1691 1990 1759">
     <span class='ocr_line' id='line_1_18' title="bbox 411 1691 1990 1759; baseline 0.003 -11"><span class='ocrx_word' id='word_1_127' title='bbox 411 1693 529 1748; x_wconf 74' lang='lat' dir='ltr'><strong>haec</strong></span> <span class='ocrx_word' id='word_1_128' title='bbox 554 1707 649 1747; x_wconf 87' lang='lat' dir='ltr'><strong>ara</strong></span> <span class='ocrx_word' id='word_1_129' title='bbox 680 1691 872 1748; x_wconf 82' lang='lat' dir='ltr'><strong>fuisset</strong></span> <span class='ocrx_word' id='word_1_130' title='bbox 906 1702 1222 1748; x_wconf 88' lang='lat' dir='ltr'><strong>constructa</strong></span> <span class='ocrx_word' id='word_1_131' title='bbox 1242 1735 1257 1759; x_wconf 92' lang='lat'><strong>,</strong></span> <span class='ocrx_word' id='word_1_132' title='bbox 1301 1695 1523 1749; x_wconf 87' lang='lat' dir='ltr'><strong>mittunt</strong></span> <span class='ocrx_word' id='word_1_133' title='bbox 1558 1695 1791 1753; x_wconf 86' lang='lat' dir='ltr'><strong>Phinees</strong></span> <span class='ocrx_word' id='word_1_134' title='bbox 1821 1697 1990 1753; x_wconf 88' lang='lat' dir='ltr'><strong>ﬁlium</strong></span> 
     </span>
    </p>
   </div>
   <div class='ocr_carea' id='block_1_19' title="bbox 2094 515 3683 598">
    <p class='ocr_par' dir='ltr' id='par_1_19' title="bbox 2094 515 3683 598">
     <span class='ocr_line' id='line_1_19' title="bbox 2094 515 3683 598; baseline 0.008 -28"><span class='ocrx_word' id='word_1_135' title='bbox 2094 524 2308 571; x_wconf 85' lang='lat' dir='ltr'><strong>nostros</strong></span> <span class='ocrx_word' id='word_1_136' title='bbox 2351 515 2563 588; x_wconf 75' lang='lat' dir='ltr'><strong>(Matth.</strong></span> <span class='ocrx_word' id='word_1_137' title='bbox 2606 519 2813 590; x_wconf 81' lang='lat' dir='ltr'><strong>xxvu);</strong></span> <span class='ocrx_word' id='word_1_138' title='bbox 2853 540 2871 573; x_wconf 77' lang='grc' dir='ltr'><strong>ι</strong></span> <span class='ocrx_word' id='word_1_139' title='bbox 2908 521 3049 576; x_wconf 91' lang='lat' dir='ltr'><strong>unde</strong></span> <span class='ocrx_word' id='word_1_140' title='bbox 3089 531 3146 575; x_wconf 90' lang='lat' dir='ltr'><strong>et</strong></span> <span class='ocrx_word' id='word_1_141' title='bbox 3180 525 3415 579; x_wconf 69' lang='lat' dir='ltr'><strong>comnis</strong></span> <span class='ocrx_word' id='word_1_142' title='bbox 3458 530 3683 598; x_wconf 78' lang='lat' dir='ltr'><strong>sanguis</strong></span> 
     </span>
    </p>
   </div>
   <div class='ocr_carea' id='block_1_20' title="bbox 2087 604 3680 684">
    <p class='ocr_par' dir='ltr' id='par_1_20' title="bbox 2087 604 3680 684">
     <span class='ocr_line' id='line_1_20' title="bbox 2087 604 3680 684; baseline 0.007 -25"><span class='ocrx_word' id='word_1_143' title='bbox 2087 604 2266 674; x_wconf 85' lang='lat' dir='ltr'><strong>justus</strong></span> <span class='ocrx_word' id='word_1_144' title='bbox 2295 607 2385 677; x_wconf 90' lang='lat' dir='ltr'><strong>qui</strong></span> <span class='ocrx_word' id='word_1_145' title='bbox 2411 606 2615 662; x_wconf 88' lang='lat' dir='ltr'><strong>effusus</strong></span> <span class='ocrx_word' id='word_1_146' title='bbox 2644 618 2726 663; x_wconf 89' lang='lat' dir='ltr'><strong>est</strong></span> <span class='ocrx_word' id='word_1_147' title='bbox 2755 624 2921 679; x_wconf 90' lang='lat' dir='ltr'><strong>super</strong></span> <span class='ocrx_word' id='word_1_148' title='bbox 2950 619 3175 677; x_wconf 89' lang='lat' dir='ltr'><strong>terram,</strong></span> <span class='ocrx_word' id='word_1_149' title='bbox 3201 627 3233 665; x_wconf 91' lang='lat' dir='ltr'><strong>a</strong></span> <span class='ocrx_word' id='word_1_150' title='bbox 3255 615 3523 684; x_wconf 76' lang='lat' dir='ltr'><strong>sanguine</strong></span> <span class='ocrx_word' id='word_1_151' title='bbox 3548 614 3680 673; x_wconf 78' lang='lat' dir='ltr'><strong>Abel</strong></span> 
     </span>
    </p>
   </div>
   <div class='ocr_carea' id='block_1_21' title="bbox 2086 695 3686 773">
    <p class='ocr_par' dir='ltr' id='par_1_21' title="bbox 2086 695 3686 773">
     <span class='ocr_line' id='line_1_21' title="bbox 2086 695 3686 773; baseline 0.008 -24"><span class='ocrx_word' id='word_1_152' title='bbox 2086 695 2220 765; x_wconf 84' lang='lat' dir='ltr'><strong>justi</strong></span> <span class='ocrx_word' id='word_1_153' title='bbox 2247 712 2419 766; x_wconf 87' lang='lat' dir='ltr'><strong>usque</strong></span> <span class='ocrx_word' id='word_1_154' title='bbox 2451 698 2519 752; x_wconf 89' lang='lat' dir='ltr'><strong>ad</strong></span> <span class='ocrx_word' id='word_1_155' title='bbox 2554 699 2874 770; x_wconf 89' lang='lat' dir='ltr'><strong>sanguinem</strong></span> <span class='ocrx_word' id='word_1_156' title='bbox 2908 701 3220 766; x_wconf 75' lang='lat' dir='ltr'><strong>Zacharize,</strong></span> <span class='ocrx_word' id='word_1_157' title='bbox 3254 718 3415 773; x_wconf 90' lang='lat' dir='ltr'><strong>quem</strong></span> <span class='ocrx_word' id='word_1_158' title='bbox 3459 705 3686 763; x_wconf 83' lang='lat' dir='ltr'><strong>interfe-</strong></span> 
     </span>
    </p>
   </div>
   <div class='ocr_carea' id='block_1_22' title="bbox 2092 786 3688 866">
    <p class='ocr_par' dir='ltr' id='par_1_22' title="bbox 2092 786 3688 866">
     <span class='ocr_line' id='line_1_22' title="bbox 2092 786 3688 866; baseline 0.006 -26"><span class='ocrx_word' id='word_1_159' title='bbox 2092 794 2283 840; x_wconf 84' lang='lat' dir='ltr'><strong>cerunt</strong></span> <span class='ocrx_word' id='word_1_160' title='bbox 2306 786 2448 841; x_wconf 89' lang='lat' dir='ltr'><strong>inter</strong></span> <span class='ocrx_word' id='word_1_161' title='bbox 2478 787 2735 857; x_wconf 89' lang='lat' dir='ltr'><strong>templum</strong></span> <span class='ocrx_word' id='word_1_162' title='bbox 2768 797 2825 843; x_wconf 88' lang='lat' dir='ltr'><strong>et</strong></span> <span class='ocrx_word' id='word_1_163' title='bbox 2867 789 3036 844; x_wconf 88' lang='lat' dir='ltr'><strong>altare</strong></span> <span class='ocrx_word' id='word_1_164' title='bbox 3064 789 3281 861; x_wconf 80' lang='lat' dir='ltr'><strong>(Matth.</strong></span> <span class='ocrx_word' id='word_1_165' title='bbox 3319 793 3501 866; x_wconf 83' lang='lat' dir='ltr'><strong>xxm),</strong></span> <span class='ocrx_word' id='word_1_166' title='bbox 3536 815 3556 847; x_wconf 78' lang='grc' dir='ltr'><strong>ι</strong></span> <span class='ocrx_word' id='word_1_167' title='bbox 3592 810 3688 851; x_wconf 78' lang='lat' dir='ltr'><strong>re-</strong></span> 
     </span>
    </p>
   </div>
   <div class='ocr_carea' id='block_1_23' title="bbox 2094 875 3690 957">
    <p class='ocr_par' dir='ltr' id='par_1_23' title="bbox 2094 875 3690 957">
     <span class='ocr_line' id='line_1_23' title="bbox 2094 875 3690 957; baseline 0.009 -30"><span class='ocrx_word' id='word_1_168' title='bbox 2094 875 2402 944; x_wconf 90' lang='lat' dir='ltr'><strong>quireretur</strong></span> <span class='ocrx_word' id='word_1_169' title='bbox 2435 891 2466 930; x_wconf 92' lang='lat' dir='ltr'><strong>a</strong></span> <span class='ocrx_word' id='word_1_170' title='bbox 2507 879 2856 945; x_wconf 82' lang='lat' dir='ltr'><strong>generatione</strong></span> <span class='ocrx_word' id='word_1_171' title='bbox 2899 879 2988 935; x_wconf 92' lang='lat' dir='ltr'><strong>illa</strong></span> <span class='ocrx_word' id='word_1_172' title='bbox 3032 896 3153 950; x_wconf 68' lang='lat' dir='ltr'><strong>qua:</strong></span> <span class='ocrx_word' id='word_1_173' title='bbox 3190 882 3364 937; x_wconf 79' lang='lat' dir='ltr'><strong>dixit:</strong></span> <span class='ocrx_word' id='word_1_174' title='bbox 3397 902 3418 935; x_wconf 74' lang='grc' dir='ltr'><strong>ι</strong></span> <span class='ocrx_word' id='word_1_175' title='bbox 3446 886 3690 957; x_wconf 83' lang='lat' dir='ltr'><strong>Sanguis</strong></span> 
     </span>
    </p>
   </div>
   <div class='ocr_carea' id='block_1_24' title="bbox 2094 964 3689 1047">
    <p class='ocr_par' dir='ltr' id='par_1_24' title="bbox 2094 964 3689 1047">
     <span class='ocr_line' id='line_1_24' title="bbox 2094 964 3689 1047; baseline 0.008 -29"><span class='ocrx_word' id='word_1_176' title='bbox 2094 964 2209 1033; x_wconf 88' lang='lat' dir='ltr'><strong>ejus</strong></span> <span class='ocrx_word' id='word_1_177' title='bbox 2239 982 2401 1037; x_wconf 83' lang='lat' dir='ltr'><strong>super</strong></span> <span class='ocrx_word' id='word_1_178' title='bbox 2440 982 2540 1022; x_wconf 90' lang='lat' dir='ltr'><strong>nos</strong></span> <span class='ocrx_word' id='word_1_179' title='bbox 2568 977 2626 1023; x_wconf 91' lang='lat' dir='ltr'><strong>et</strong></span> <span class='ocrx_word' id='word_1_180' title='bbox 2668 984 2832 1039; x_wconf 88' lang='lat' dir='ltr'><strong>super</strong></span> <span class='ocrx_word' id='word_1_181' title='bbox 2869 969 3012 1025; x_wconf 88' lang='lat' dir='ltr'><strong>ﬁlios</strong></span> <span class='ocrx_word' id='word_1_182' title='bbox 3054 980 3291 1026; x_wconf 82' lang='lat' dir='ltr'><strong>nostros.</strong></span> <span class='ocrx_word' id='word_1_183' title='bbox 3327 993 3346 1025; x_wconf 72' lang='grc' dir='ltr'><strong>ι</strong></span> <span class='ocrx_word' id='word_1_184' title='bbox 3376 973 3519 1029; x_wconf 88' lang='lat' dir='ltr'><strong>Sunt</strong></span> <span class='ocrx_word' id='word_1_185' title='bbox 3551 992 3689 1047; x_wconf 85' lang='lat' dir='ltr'><strong>ergo</strong></span> 
     </span>
    </p>
   </div>
   <div class='ocr_carea' id='block_1_25' title="bbox 2094 1056 3689 1132">
    <p class='ocr_par' dir='ltr' id='par_1_25' title="bbox 2094 1056 3689 1132">
     <span class='ocr_line' id='line_1_25' title="bbox 2094 1056 3689 1132; baseline 0.007 -23"><span class='ocrx_word' id='word_1_186' title='bbox 2094 1056 2182 1109; x_wconf 88' lang='lat' dir='ltr'><strong>isti</strong></span> <span class='ocrx_word' id='word_1_187' title='bbox 2214 1073 2340 1126; x_wconf 89' lang='lat' dir='ltr'><strong>pars</strong></span> <span class='ocrx_word' id='word_1_188' title='bbox 2376 1057 2573 1132; x_wconf 86' lang='lat' dir='ltr'><strong>populi,</strong></span> <span class='ocrx_word' id='word_1_189' title='bbox 2609 1059 2700 1127; x_wconf 86' lang='lat' dir='ltr'><strong>qui</strong></span> <span class='ocrx_word' id='word_1_190' title='bbox 2728 1073 2905 1128; x_wconf 87' lang='lat' dir='ltr'><strong>neque</strong></span> <span class='ocrx_word' id='word_1_191' title='bbox 2928 1075 3139 1130; x_wconf 84' lang='lat' dir='ltr'><strong>azyma,</strong></span> <span class='ocrx_word' id='word_1_192' title='bbox 3169 1077 3349 1132; x_wconf 87' lang='lat' dir='ltr'><strong>neque</strong></span> <span class='ocrx_word' id='word_1_193' title='bbox 3375 1064 3493 1119; x_wconf 90' lang='lat' dir='ltr'><strong>dies</strong></span> <span class='ocrx_word' id='word_1_194' title='bbox 3515 1063 3689 1120; x_wconf 84' lang='lat' dir='ltr'><strong>festos</strong></span> 
     </span>
    </p>
   </div>
   <div class='ocr_carea' id='block_1_26' title="bbox 2094 1131 3689 1219">
    <p class='ocr_par' dir='ltr' id='par_1_26' title="bbox 2094 1131 3689 1219">
     <span class='ocr_line' id='line_1_26' title="bbox 2094 1131 3689 1219; baseline 0.008 -20"><span class='ocrx_word' id='word_1_195' title='bbox 2094 1131 2697 1219; x_wconf 78' lang='lat' dir='ltr'><strong>eompetenter&#39;agunt,</strong></span> <span class='ocrx_word' id='word_1_196' title='bbox 2726 1149 2821 1204; x_wconf 90' lang='lat' dir='ltr'><strong>sed</strong></span> <span class='ocrx_word' id='word_1_197' title='bbox 2854 1151 3103 1205; x_wconf 82' lang='lat' dir='ltr'><strong>conversi</strong></span> <span class='ocrx_word' id='word_1_198' title='bbox 3128 1131 3267 1206; x_wconf 89' lang='lat' dir='ltr'><strong>sunt</strong></span> <span class='ocrx_word' id='word_1_199' title='bbox 3284 1153 3402 1208; x_wconf 89' lang='lat' dir='ltr'><strong>dies</strong></span> <span class='ocrx_word' id='word_1_200' title='bbox 3443 1153 3568 1209; x_wconf 88' lang='lat' dir='ltr'><strong>festi</strong></span> <span class='ocrx_word' id='word_1_201' title='bbox 3591 1170 3689 1211; x_wconf 87' lang='lat' dir='ltr'><strong>eo-</strong></span> 
     </span>
    </p>
   </div>
   <div class='ocr_carea' id='block_1_27' title="bbox 2096 1238 3683 1304">
    <p class='ocr_par' dir='ltr' id='par_1_27' title="bbox 2096 1238 3683 1304">
     <span class='ocr_line' id='line_1_27' title="bbox 2096 1238 3683 1304; baseline 0.008 -14"><span class='ocrx_word' id='word_1_202' title='bbox 2096 1252 2216 1291; x_wconf 90' lang='lat' dir='ltr'><strong>rum</strong></span> <span class='ocrx_word' id='word_1_203' title='bbox 2245 1238 2299 1291; x_wconf 92' lang='lat' dir='ltr'><strong>in</strong></span> <span class='ocrx_word' id='word_1_204' title='bbox 2331 1238 2557 1304; x_wconf 90' lang='lat' dir='ltr'><strong>luctum,</strong></span> <span class='ocrx_word' id='word_1_205' title='bbox 2587 1248 2642 1295; x_wconf 90' lang='lat' dir='ltr'><strong>et</strong></span> <span class='ocrx_word' id='word_1_206' title='bbox 2666 1240 2881 1296; x_wconf 91' lang='lat' dir='ltr'><strong>cantica</strong></span> <span class='ocrx_word' id='word_1_207' title='bbox 2903 1256 3092 1297; x_wconf 89' lang='lat' dir='ltr'><strong>eorum</strong></span> <span class='ocrx_word' id='word_1_208' title='bbox 3126 1242 3180 1297; x_wconf 91' lang='lat' dir='ltr'><strong>in</strong></span> <span class='ocrx_word' id='word_1_209' title='bbox 3214 1242 3683 1302; x_wconf 86' lang='lat' dir='ltr'><strong>lamentationem.</strong></span> 
     </span>
    </p>
   </div>
   <div class='ocr_carea' id='block_1_28' title="bbox 2096 1327 3683 1407">
    <p class='ocr_par' dir='ltr' id='par_1_28' title="bbox 2096 1327 3683 1407">
     <span class='ocr_line' id='line_1_28' title="bbox 2096 1327 3683 1407; baseline 0.007 -26"><span class='ocrx_word' id='word_1_210' title='bbox 2096 1327 2214 1381; x_wconf 88' lang='lat' dir='ltr'><strong>Non</strong></span> <span class='ocrx_word' id='word_1_211' title='bbox 2241 1337 2532 1398; x_wconf 91' lang='lat' dir='ltr'><strong>potuerunt</strong></span> <span class='ocrx_word' id='word_1_212' title='bbox 2559 1329 2704 1386; x_wconf 89' lang='lat' dir='ltr'><strong>diem</strong></span> <span class='ocrx_word' id='word_1_213' title='bbox 2733 1331 2933 1387; x_wconf 90' lang='lat' dir='ltr'><strong>festum</strong></span> <span class='ocrx_word' id='word_1_214' title='bbox 2968 1332 3247 1388; x_wconf 88' lang='lat' dir='ltr'><strong>celebrare</strong></span> <span class='ocrx_word' id='word_1_215' title='bbox 3286 1334 3341 1389; x_wconf 93' lang='lat' dir='ltr'><strong>in</strong></span> <span class='ocrx_word' id='word_1_216' title='bbox 3368 1335 3490 1391; x_wconf 81' lang='lat' dir='ltr'><strong>loco</strong></span> <span class='ocrx_word' id='word_1_217' title='bbox 3516 1352 3683 1407; x_wconf 87' lang='lat' dir='ltr'><strong>quem</strong></span> 
     </span>
    </p>
   </div>
   <div class='ocr_carea' id='block_1_29' title="bbox 2094 1417 3687 1493">
    <p class='ocr_par' dir='ltr' id='par_1_29' title="bbox 2094 1417 3687 1493">
     <span class='ocr_line' id='line_1_29' title="bbox 2094 1417 3687 1493; baseline 0.004 -19"><span class='ocrx_word' id='word_1_218' title='bbox 2094 1417 2258 1488; x_wconf 91' lang='lat' dir='ltr'><strong>elegit</strong></span> <span class='ocrx_word' id='word_1_219' title='bbox 2284 1417 2543 1474; x_wconf 89' lang='lat' dir='ltr'><strong>Dominus</strong></span> <span class='ocrx_word' id='word_1_220' title='bbox 2571 1419 2731 1474; x_wconf 89' lang='lat' dir='ltr'><strong>Deus.</strong></span> <span class='ocrx_word' id='word_1_221' title='bbox 2757 1420 2823 1475; x_wconf 87' lang='lat' dir='ltr'><strong>Et</strong></span> <span class='ocrx_word' id='word_1_222' title='bbox 2847 1436 2947 1477; x_wconf 90' lang='lat' dir='ltr'><strong>nos</strong></span> <span class='ocrx_word' id='word_1_223' title='bbox 2972 1423 3193 1493; x_wconf 87' lang='lat' dir='ltr'><strong>quidem</strong></span> <span class='ocrx_word' id='word_1_224' title='bbox 3219 1439 3327 1482; x_wconf 87' lang='lat' dir='ltr'><strong>non</strong></span> <span class='ocrx_word' id='word_1_225' title='bbox 3355 1424 3595 1481; x_wconf 78' lang='lat' dir='ltr'><strong>diximus</strong></span> <span class='ocrx_word' id='word_1_226' title='bbox 3614 1425 3687 1480; x_wconf 84' lang='lat' dir='ltr'><strong>ad</strong></span> 
     </span>
    </p>
   </div>
   <div class='ocr_carea' id='block_1_30' title="bbox 2095 1506 3688 1582">
    <p class='ocr_par' dir='ltr' id='par_1_30' title="bbox 2095 1506 3688 1582">
     <span class='ocr_line' id='line_1_30' title="bbox 2095 1506 3688 1582; baseline 0.009 -21"><span class='ocrx_word' id='word_1_227' title='bbox 2095 1506 2248 1573; x_wconf 91' lang='lat' dir='ltr'><strong>illos,</strong></span> <span class='ocrx_word' id='word_1_228' title='bbox 2276 1508 2401 1578; x_wconf 86' lang='lat' dir='ltr'><strong>quia</strong></span> <span class='ocrx_word' id='word_1_229' title='bbox 2427 1524 2534 1562; x_wconf 85' lang='lat' dir='ltr'><strong>non</strong></span> <span class='ocrx_word' id='word_1_230' title='bbox 2574 1509 2680 1565; x_wconf 87' lang='lat' dir='ltr'><strong>erit</strong></span> <span class='ocrx_word' id='word_1_231' title='bbox 2720 1511 2876 1567; x_wconf 90' lang='lat' dir='ltr'><strong>vobis</strong></span> <span class='ocrx_word' id='word_1_232' title='bbox 2903 1527 3030 1582; x_wconf 83' lang='lat' dir='ltr'><strong>pars</strong></span> <span class='ocrx_word' id='word_1_233' title='bbox 3066 1513 3120 1567; x_wconf 92' lang='lat' dir='ltr'><strong>in</strong></span> <span class='ocrx_word' id='word_1_234' title='bbox 3152 1512 3257 1570; x_wconf 87' lang='lat' dir='ltr'><strong>hoc</strong></span> <span class='ocrx_word' id='word_1_235' title='bbox 3281 1514 3438 1569; x_wconf 82' lang='lat' dir='ltr'><strong>altari</strong></span> <span class='ocrx_word' id='word_1_236' title='bbox 3459 1556 3474 1580; x_wconf 95' lang='lat'><strong>,</strong></span> <span class='ocrx_word' id='word_1_237' title='bbox 3506 1515 3590 1569; x_wconf 84' lang='lat' dir='ltr'><strong>vel</strong></span> <span class='ocrx_word' id='word_1_238' title='bbox 3627 1516 3688 1575; x_wconf 82' lang='lat' dir='ltr'><strong>in</strong></span> 
     </span>
    </p>
   </div>
   <div class='ocr_carea' id='block_1_31' title="bbox 2094 1597 3690 1679">
    <p class='ocr_par' dir='ltr' id='par_1_31' title="bbox 2094 1597 3690 1679">
     <span class='ocr_line' id='line_1_31' title="bbox 2094 1597 3690 1679; baseline 0.006 -28"><span class='ocrx_word' id='word_1_239' title='bbox 2094 1597 2413 1652; x_wconf 67' lang='lat' dir='ltr'><strong>haereditate</strong></span> <span class='ocrx_word' id='word_1_240' title='bbox 2437 1598 2674 1665; x_wconf 88' lang='lat' dir='ltr'><strong>Domini,</strong></span> <span class='ocrx_word' id='word_1_241' title='bbox 2699 1600 2792 1655; x_wconf 91' lang='lat' dir='ltr'><strong>sed</strong></span> <span class='ocrx_word' id='word_1_242' title='bbox 2822 1601 2923 1670; x_wconf 84' lang='lat' dir='ltr'><strong>ipsi</strong></span> <span class='ocrx_word' id='word_1_243' title='bbox 2954 1610 3270 1679; x_wconf 80' lang='lat' dir='ltr'><strong>spontesua</strong></span> <span class='ocrx_word' id='word_1_244' title='bbox 3300 1604 3473 1659; x_wconf 87' lang='lat' dir='ltr'><strong>altare</strong></span> <span class='ocrx_word' id='word_1_245' title='bbox 3495 1619 3690 1661; x_wconf 85' lang='lat' dir='ltr'><strong>verum</strong></span> 
     </span>
    </p>
   </div>
   <div class='ocr_carea' id='block_1_32' title="bbox 2096 1688 3692 1763">
    <p class='ocr_par' dir='ltr' id='par_1_32' title="bbox 2096 1688 3692 1763">
     <span class='ocr_line' id='line_1_32' title="bbox 2096 1688 3692 1763; baseline 0.003 -21"><span class='ocrx_word' id='word_1_246' title='bbox 2096 1696 2152 1742; x_wconf 90' lang='lat' dir='ltr'><strong>et</strong></span> <span class='ocrx_word' id='word_1_247' title='bbox 2177 1688 2455 1744; x_wconf 78' lang='lat' dir='ltr'><strong>ccelestem</strong></span> <span class='ocrx_word' id='word_1_248' title='bbox 2482 1688 2792 1760; x_wconf 87' lang='lat' dir='ltr'><strong>pontiﬁcem</strong></span> <span class='ocrx_word' id='word_1_249' title='bbox 2820 1689 3149 1757; x_wconf 89' lang='lat' dir='ltr'><strong>refutarunt,</strong></span> <span class='ocrx_word' id='word_1_250' title='bbox 3178 1700 3235 1747; x_wconf 90' lang='lat' dir='ltr'><strong>et</strong></span> <span class='ocrx_word' id='word_1_251' title='bbox 3260 1709 3326 1749; x_wconf 88' lang='lat' dir='ltr'><strong>eo</strong></span> <span class='ocrx_word' id='word_1_252' title='bbox 3345 1709 3516 1763; x_wconf 89' lang='lat' dir='ltr'><strong>usque</strong></span> <span class='ocrx_word' id='word_1_253' title='bbox 3546 1693 3692 1748; x_wconf 81' lang='lat' dir='ltr'><strong>infe-</strong></span> 
     </span>
    </p>
   </div>
   <div class='ocr_carea' id='block_1_33' title="bbox 410 1776 3688 1857">
    <p class='ocr_par' dir='ltr' id='par_1_33' title="bbox 410 1776 3688 1857">
     <span class='ocr_line' id='line_1_33' title="bbox 410 1776 3688 1857; baseline 0.002 -19"><span class='ocrx_word' id='word_1_254' title='bbox 410 1785 654 1850; x_wconf 85' lang='lat' dir='ltr'><strong>Eleazar,</strong></span> <span class='ocrx_word' id='word_1_255' title='bbox 688 1784 781 1839; x_wconf 93' lang='lat' dir='ltr'><strong>ﬁlii</strong></span> <span class='ocrx_word' id='word_1_256' title='bbox 804 1785 985 1839; x_wconf 88' lang='lat' dir='ltr'><strong>Aaron</strong></span> <span class='ocrx_word' id='word_1_257' title='bbox 1012 1786 1338 1851; x_wconf 89' lang='lat' dir='ltr'><strong>sacerdotis,</strong></span> <span class='ocrx_word' id='word_1_258' title='bbox 1372 1802 1494 1841; x_wconf 92' lang='lat' dir='ltr'><strong>cum</strong></span> <span class='ocrx_word' id='word_1_259' title='bbox 1532 1788 1717 1843; x_wconf 90' lang='lat' dir='ltr'><strong>decem</strong></span> <span class='ocrx_word' id='word_1_260' title='bbox 1763 1790 1894 1846; x_wconf 87' lang='lat' dir='ltr'><strong>viris</strong></span> <span class='ocrx_word' id='word_1_261' title='bbox 1924 1790 1989 1845; x_wconf 92' lang='lat' dir='ltr'><strong>de</strong></span> <span class='ocrx_word' id='word_1_262' title='bbox 2018 1776 2065 1836; x_wconf 81' lang='grc' dir='ltr'><strong>Β</strong></span> <span class='ocrx_word' id='word_1_263' title='bbox 2093 1780 2327 1835; x_wconf 66' lang='grc' dir='ltr'><strong>Ιίοίιειθε</strong></span> <span class='ocrx_word' id='word_1_264' title='bbox 2347 1781 2428 1836; x_wconf 70' lang='lat' dir='ltr'><strong>eis</strong></span> <span class='ocrx_word' id='word_1_265' title='bbox 2457 1790 2604 1847; x_wconf 71' lang='lat' dir='ltr'><strong>sum.</strong></span> <span class='ocrx_word' id='word_1_266' title='bbox 2636 1791 2696 1836; x_wconf 82' lang='grc' dir='ltr'><strong>ιιι</strong></span> <span class='ocrx_word' id='word_1_267' title='bbox 2724 1791 2779 1837; x_wconf 69' lang='lat' dir='ltr'><strong>cl</strong></span> <span class='ocrx_word' id='word_1_268' title='bbox 2806 1782 3096 1857; x_wconf 66' lang='lat' dir='ltr'><strong>imaginem</strong></span> <span class='ocrx_word' id='word_1_269' title='bbox 3122 1785 3444 1854; x_wconf 68' lang='lat' dir='ltr'><strong>perderent.</strong></span> <span class='ocrx_word' id='word_1_270' title='bbox 3486 1793 3542 1839; x_wconf 71' lang='lat' dir='ltr'><strong>et</strong></span> <span class='ocrx_word' id='word_1_271' title='bbox 3573 1800 3688 1839; x_wconf 82' lang='lat' dir='ltr'><strong>non</strong></span> 
     </span>
    </p>
   </div>
   <div class='ocr_carea' id='block_1_34' title="bbox 407 1876 1990 1953">
    <p class='ocr_par' dir='ltr' id='par_1_34' title="bbox 407 1876 1990 1953">
     <span class='ocr_line' id='line_1_34' title="bbox 407 1876 1990 1953; baseline 0.004 -23"><span class='ocrx_word' id='word_1_272' title='bbox 407 1876 635 1947; x_wconf 85' lang='lat' dir='ltr'><strong>singulis</strong></span> <span class='ocrx_word' id='word_1_273' title='bbox 662 1876 905 1932; x_wconf 88' lang='lat' dir='ltr'><strong>tribubus</strong></span> <span class='ocrx_word' id='word_1_274' title='bbox 934 1876 1153 1943; x_wconf 86' lang='lat' dir='ltr'><strong>electis,</strong></span> <span class='ocrx_word' id='word_1_275' title='bbox 1186 1886 1244 1931; x_wconf 88' lang='lat' dir='ltr'><strong>ut</strong></span> <span class='ocrx_word' id='word_1_276' title='bbox 1279 1878 1323 1932; x_wconf 91' lang='lat' dir='ltr'><strong>si</strong></span> <span class='ocrx_word' id='word_1_277' title='bbox 1354 1877 1494 1933; x_wconf 87' lang='lat' dir='ltr'><strong>forte</strong></span> <span class='ocrx_word' id='word_1_278' title='bbox 1531 1887 1787 1953; x_wconf 89' lang='lat' dir='ltr'><strong>tanquam</strong></span> <span class='ocrx_word' id='word_1_279' title='bbox 1822 1882 1990 1937; x_wconf 89' lang='lat' dir='ltr'><strong>disce-</strong></span> 
     </span>
    </p>
   </div>
   <div class='ocr_carea' id='block_1_35' title="bbox 408 1967 1990 2040">
    <p class='ocr_par' dir='ltr' id='par_1_35' title="bbox 408 1967 1990 2040">
     <span class='ocr_line' id='line_1_35' title="bbox 408 1967 1990 2040; baseline 0.004 -17"><span class='ocrx_word' id='word_1_280' title='bbox 408 1969 600 2023; x_wconf 90' lang='lat' dir='ltr'><strong>dentes</strong></span> <span class='ocrx_word' id='word_1_281' title='bbox 628 1983 657 2022; x_wconf 91' lang='lat' dir='ltr'><strong>a</strong></span> <span class='ocrx_word' id='word_1_282' title='bbox 682 1967 791 2022; x_wconf 91' lang='lat' dir='ltr'><strong>Deo</strong></span> <span class='ocrx_word' id='word_1_283' title='bbox 815 1968 919 2022; x_wconf 90' lang='lat' dir='ltr'><strong>hoc</strong></span> <span class='ocrx_word' id='word_1_284' title='bbox 943 1967 1220 2034; x_wconf 84' lang='lat' dir='ltr'><strong>fecissent,</strong></span> <span class='ocrx_word' id='word_1_285' title='bbox 1248 1968 1395 2023; x_wconf 87' lang='lat' dir='ltr'><strong>velut</strong></span> <span class='ocrx_word' id='word_1_286' title='bbox 1422 1979 1680 2040; x_wconf 64' lang='lat' dir='ltr'><strong>apostata:</strong></span> <span class='ocrx_word' id='word_1_287' title='bbox 1712 1971 1910 2039; x_wconf 86' lang='lat' dir='ltr'><strong>ell‘ecti,</strong></span> <span class='ocrx_word' id='word_1_288' title='bbox 1935 1984 1990 2029; x_wconf 90' lang='lat' dir='ltr'><strong>et</strong></span> 
     </span>
    </p>
   </div>
   <div class='ocr_carea' id='block_1_36' title="bbox 407 2055 1988 2130">
    <p class='ocr_par' dir='ltr' id='par_1_36' title="bbox 407 2055 1988 2130">
     <span class='ocr_line' id='line_1_36' title="bbox 407 2055 1988 2130; baseline 0.006 -21"><span class='ocrx_word' id='word_1_289' title='bbox 407 2062 595 2109; x_wconf 85' lang='lat' dir='ltr'><strong>contra</strong></span> <span class='ocrx_word' id='word_1_290' title='bbox 643 2055 952 2109; x_wconf 89' lang='lat' dir='ltr'><strong>mandatum</strong></span> <span class='ocrx_word' id='word_1_291' title='bbox 1006 2056 1101 2111; x_wconf 90' lang='lat' dir='ltr'><strong>Dei</strong></span> <span class='ocrx_word' id='word_1_292' title='bbox 1152 2066 1433 2127; x_wconf 80' lang='lat' dir='ltr'><strong>gerentes,</strong></span> <span class='ocrx_word' id='word_1_293' title='bbox 1483 2071 1919 2130; x_wconf 78' lang='lat' dir='ltr'><strong>expugnarentur</strong></span> <span class='ocrx_word' id='word_1_294' title='bbox 1956 2080 1988 2118; x_wconf 88' lang='lat' dir='ltr'><strong>a</strong></span> 
     </span>
    </p>
   </div>
   <div class='ocr_carea' id='block_1_37' title="bbox 407 2146 1984 2217">
    <p class='ocr_par' dir='ltr' id='par_1_37' title="bbox 407 2146 1984 2217">
     <span class='ocr_line' id='line_1_37' title="bbox 407 2146 1984 2217; baseline 0.004 -15"><span class='ocrx_word' id='word_1_295' title='bbox 407 2148 631 2217; x_wconf 89' lang='lat' dir='ltr'><strong>reliquis</strong></span> <span class='ocrx_word' id='word_1_296' title='bbox 663 2146 790 2202; x_wconf 89' lang='lat' dir='ltr'><strong>ﬁliis</strong></span> <span class='ocrx_word' id='word_1_297' title='bbox 811 2147 1011 2213; x_wconf 88' lang='lat' dir='ltr'><strong>Israel;</strong></span> <span class='ocrx_word' id='word_1_298' title='bbox 1037 2148 1120 2203; x_wconf 93' lang='lat' dir='ltr'><strong>sin</strong></span> <span class='ocrx_word' id='word_1_299' title='bbox 1149 2148 1327 2214; x_wconf 87' lang='lat' dir='ltr'><strong>aliter,</strong></span> <span class='ocrx_word' id='word_1_300' title='bbox 1352 2158 1411 2205; x_wconf 91' lang='lat' dir='ltr'><strong>ut</strong></span> <span class='ocrx_word' id='word_1_301' title='bbox 1438 2162 1726 2205; x_wconf 87' lang='lat' dir='ltr'><strong>noscerent</strong></span> <span class='ocrx_word' id='word_1_302' title='bbox 1744 2167 1984 2208; x_wconf 89' lang='lat' dir='ltr'><strong>causam.</strong></span> 
     </span>
    </p>
   </div>
   <div class='ocr_carea' id='block_1_38' title="bbox 408 2237 1989 2313">
    <p class='ocr_par' dir='ltr' id='par_1_38' title="bbox 408 2237 1989 2313">
     <span class='ocr_line' id='line_1_38' title="bbox 408 2237 1989 2313; baseline 0.001 -19"><span class='ocrx_word' id='word_1_303' title='bbox 408 2237 489 2294; x_wconf 91' lang='lat' dir='ltr'><strong>llli</strong></span> <span class='ocrx_word' id='word_1_304' title='bbox 515 2252 647 2292; x_wconf 90' lang='lat' dir='ltr'><strong>vero</strong></span> <span class='ocrx_word' id='word_1_305' title='bbox 676 2237 1023 2294; x_wconf 88' lang='lat' dir='ltr'><strong>satisfaciunt</strong></span> <span class='ocrx_word' id='word_1_306' title='bbox 1050 2238 1115 2293; x_wconf 86' lang='lat' dir='ltr'><strong>de</strong></span> <span class='ocrx_word' id='word_1_307' title='bbox 1154 2254 1247 2293; x_wconf 89' lang='lat' dir='ltr'><strong>ara</strong></span> <span class='ocrx_word' id='word_1_308' title='bbox 1273 2248 1328 2293; x_wconf 90' lang='lat' dir='ltr'><strong>et</strong></span> <span class='ocrx_word' id='word_1_309' title='bbox 1350 2239 1575 2294; x_wconf 92' lang='lat' dir='ltr'><strong>dicunt:</strong></span> <span class='ocrx_word' id='word_1_310' title='bbox 1611 2239 1826 2298; x_wconf 87' lang='lat' dir='ltr'><strong>Scimus</strong></span> <span class='ocrx_word' id='word_1_311' title='bbox 1862 2243 1989 2313; x_wconf 88' lang='lat' dir='ltr'><strong>quia</strong></span> 
     </span>
    </p>
   </div>
   <div class='ocr_carea' id='block_1_39' title="bbox 408 2327 1989 2400">
    <p class='ocr_par' dir='ltr' id='par_1_39' title="bbox 408 2327 1989 2400">
     <span class='ocr_line' id='line_1_39' title="bbox 408 2327 1989 2400; baseline 0.003 -18"><span class='ocrx_word' id='word_1_312' title='bbox 408 2329 581 2384; x_wconf 73' lang='lat' dir='ltr'><strong>altare</strong></span> <span class='ocrx_word' id='word_1_313' title='bbox 610 2342 795 2383; x_wconf 86' lang='lat' dir='ltr'><strong>verum</strong></span> <span class='ocrx_word' id='word_1_314' title='bbox 826 2336 927 2392; x_wconf 89' lang='lat' dir='ltr'><strong>est,</strong></span> <span class='ocrx_word' id='word_1_315' title='bbox 953 2327 1109 2384; x_wconf 89' lang='lat' dir='ltr'><strong>Jesus</strong></span> <span class='ocrx_word' id='word_1_316' title='bbox 1131 2329 1270 2400; x_wconf 90' lang='lat' dir='ltr'><strong>apud</strong></span> <span class='ocrx_word' id='word_1_317' title='bbox 1295 2344 1389 2384; x_wconf 88' lang='lat' dir='ltr'><strong>vos</strong></span> <span class='ocrx_word' id='word_1_318' title='bbox 1416 2330 1657 2395; x_wconf 88' lang='lat' dir='ltr'><strong>habitat;</strong></span> <span class='ocrx_word' id='word_1_319' title='bbox 1684 2347 1783 2386; x_wconf 92' lang='lat' dir='ltr'><strong>nos</strong></span> <span class='ocrx_word' id='word_1_320' title='bbox 1804 2340 1989 2387; x_wconf 89' lang='lat' dir='ltr'><strong>autem</strong></span> 
     </span>
    </p>
   </div>
   <div class='ocr_carea' id='block_1_40' title="bbox 407 2416 1990 2479">
    <p class='ocr_par' dir='ltr' id='par_1_40' title="bbox 407 2416 1990 2479">
     <span class='ocr_line' id='line_1_40' title="bbox 407 2416 1990 2479; baseline 0.004 -8"><span class='ocrx_word' id='word_1_321' title='bbox 407 2417 637 2472; x_wconf 83' lang='lat' dir='ltr'><strong>fecimus</strong></span> <span class='ocrx_word' id='word_1_322' title='bbox 681 2416 852 2475; x_wconf 84' lang='lat' dir='ltr'><strong>altare</strong></span> <span class='ocrx_word' id='word_1_323' title='bbox 882 2418 985 2473; x_wconf 90' lang='lat' dir='ltr'><strong>hoc</strong></span> <span class='ocrx_word' id='word_1_324' title='bbox 1030 2418 1097 2473; x_wconf 92' lang='lat' dir='ltr'><strong>ad</strong></span> <span class='ocrx_word' id='word_1_325' title='bbox 1147 2418 1553 2477; x_wconf 90' lang='lat' dir='ltr'><strong>similitudinem</strong></span> <span class='ocrx_word' id='word_1_326' title='bbox 1608 2421 1749 2477; x_wconf 92' lang='lat' dir='ltr'><strong>illius</strong></span> <span class='ocrx_word' id='word_1_327' title='bbox 1800 2423 1990 2479; x_wconf 88' lang='lat' dir='ltr'><strong>altaris</strong></span> 
     </span>
    </p>
   </div>
   <div class='ocr_carea' id='block_1_41' title="bbox 410 2508 1989 2585">
    <p class='ocr_par' dir='ltr' id='par_1_41' title="bbox 410 2508 1989 2585">
     <span class='ocr_line' id='line_1_41' title="bbox 410 2508 1989 2585; baseline 0.006 -24"><span class='ocrx_word' id='word_1_328' title='bbox 410 2508 555 2577; x_wconf 89' lang='lat' dir='ltr'><strong>quod</strong></span> <span class='ocrx_word' id='word_1_329' title='bbox 585 2508 724 2580; x_wconf 83' lang='lat' dir='ltr'><strong>apud</strong></span> <span class='ocrx_word' id='word_1_330' title='bbox 753 2524 851 2564; x_wconf 82' lang='lat' dir='ltr'><strong>vos</strong></span> <span class='ocrx_word' id='word_1_331' title='bbox 880 2517 1249 2564; x_wconf 89' lang='lat' dir='ltr'><strong>constructum</strong></span> <span class='ocrx_word' id='word_1_332' title='bbox 1288 2519 1389 2574; x_wconf 88' lang='lat' dir='ltr'><strong>est,</strong></span> <span class='ocrx_word' id='word_1_333' title='bbox 1419 2520 1480 2565; x_wconf 88' lang='lat' dir='ltr'><strong>ut</strong></span> <span class='ocrx_word' id='word_1_334' title='bbox 1505 2514 1648 2582; x_wconf 89' lang='lat' dir='ltr'><strong>apud</strong></span> <span class='ocrx_word' id='word_1_335' title='bbox 1683 2530 1783 2569; x_wconf 92' lang='lat' dir='ltr'><strong>nos</strong></span> <span class='ocrx_word' id='word_1_336' title='bbox 1818 2513 1989 2585; x_wconf 89' lang='lat' dir='ltr'><strong>ﬁgura</strong></span> 
     </span>
    </p>
   </div>
   <div class='ocr_carea' id='block_1_42' title="bbox 408 2602 1986 2673">
    <p class='ocr_par' dir='ltr' id='par_1_42' title="bbox 408 2602 1986 2673">
     <span class='ocr_line' id='line_1_42' title="bbox 408 2602 1986 2673; baseline 0.005 -17"><span class='ocrx_word' id='word_1_337' title='bbox 408 2611 464 2657; x_wconf 89' lang='lat' dir='ltr'><strong>et</strong></span> <span class='ocrx_word' id='word_1_338' title='bbox 493 2602 670 2673; x_wconf 80' lang='lat' dir='ltr'><strong>imago</strong></span> <span class='ocrx_word' id='word_1_339' title='bbox 706 2605 823 2657; x_wconf 91' lang='lat' dir='ltr'><strong>veri</strong></span> <span class='ocrx_word' id='word_1_340' title='bbox 865 2602 1052 2658; x_wconf 90' lang='lat' dir='ltr'><strong>altaris</strong></span> <span class='ocrx_word' id='word_1_341' title='bbox 1081 2603 1365 2669; x_wconf 86' lang='lat' dir='ltr'><strong>habeatur,</strong></span> <span class='ocrx_word' id='word_1_342' title='bbox 1423 2621 1492 2660; x_wconf 90' lang='lat' dir='ltr'><strong>ne</strong></span> <span class='ocrx_word' id='word_1_343' title='bbox 1538 2604 1677 2662; x_wconf 90' lang='lat' dir='ltr'><strong>forte</strong></span> <span class='ocrx_word' id='word_1_344' title='bbox 1718 2608 1986 2673; x_wconf 88' lang='lat' dir='ltr'><strong>crastino,</strong></span> 
     </span>
    </p>
   </div>
   <div class='ocr_carea' id='block_1_43' title="bbox 411 2693 1989 2767">
    <p class='ocr_par' dir='ltr' id='par_1_43' title="bbox 411 2693 1989 2767">
     <span class='ocr_line' id='line_1_43' title="bbox 411 2693 1989 2767; baseline 0.005 -18"><span class='ocrx_word' id='word_1_345' title='bbox 411 2695 615 2764; x_wconf 87' lang='lat' dir='ltr'><strong>inquit,</strong></span> <span class='ocrx_word' id='word_1_346' title='bbox 654 2693 867 2765; x_wconf 90' lang='lat' dir='ltr'><strong>placeat</strong></span> <span class='ocrx_word' id='word_1_347' title='bbox 901 2694 1053 2750; x_wconf 81' lang='lat' dir='ltr'><strong>vobis</strong></span> <span class='ocrx_word' id='word_1_348' title='bbox 1079 2695 1262 2751; x_wconf 91' lang='lat' dir='ltr'><strong>dicere</strong></span> <span class='ocrx_word' id='word_1_349' title='bbox 1291 2697 1415 2767; x_wconf 90' lang='lat' dir='ltr'><strong>quia</strong></span> <span class='ocrx_word' id='word_1_350' title='bbox 1443 2695 1697 2754; x_wconf 87' lang='lat' dir='ltr'><strong>Jordanis</strong></span> <span class='ocrx_word' id='word_1_351' title='bbox 1727 2699 1989 2757; x_wconf 86' lang='lat' dir='ltr'><strong>ﬁnitimus</strong></span> 
     </span>
    </p>
   </div>
   <div class='ocr_carea' id='block_1_44' title="bbox 409 2785 1987 2859">
    <p class='ocr_par' dir='ltr' id='par_1_44' title="bbox 409 2785 1987 2859">
     <span class='ocr_line' id='line_1_44' title="bbox 409 2785 1987 2859; baseline 0.007 -20"><span class='ocrx_word' id='word_1_352' title='bbox 409 2794 494 2840; x_wconf 87' lang='lat' dir='ltr'><strong>est</strong></span> <span class='ocrx_word' id='word_1_353' title='bbox 521 2785 665 2841; x_wconf 89' lang='lat' dir='ltr'><strong>inter</strong></span> <span class='ocrx_word' id='word_1_354' title='bbox 703 2801 803 2842; x_wconf 87' lang='lat' dir='ltr'><strong>nos</strong></span> <span class='ocrx_word' id='word_1_355' title='bbox 843 2796 898 2842; x_wconf 91' lang='lat' dir='ltr'><strong>et</strong></span> <span class='ocrx_word' id='word_1_356' title='bbox 925 2802 1022 2843; x_wconf 88' lang='lat' dir='ltr'><strong>vos</strong></span> <span class='ocrx_word' id='word_1_357' title='bbox 1046 2796 1100 2842; x_wconf 93' lang='lat' dir='ltr'><strong>et</strong></span> <span class='ocrx_word' id='word_1_358' title='bbox 1127 2788 1241 2859; x_wconf 89' lang='lat' dir='ltr'><strong>ipse</strong></span> <span class='ocrx_word' id='word_1_359' title='bbox 1279 2788 1560 2855; x_wconf 90' lang='lat' dir='ltr'><strong>decernit,</strong></span> <span class='ocrx_word' id='word_1_360' title='bbox 1608 2800 1663 2846; x_wconf 91' lang='lat' dir='ltr'><strong>et</strong></span> <span class='ocrx_word' id='word_1_361' title='bbox 1714 2792 1835 2848; x_wconf 89' lang='lat' dir='ltr'><strong>ideo</strong></span> <span class='ocrx_word' id='word_1_362' title='bbox 1880 2809 1987 2850; x_wconf 92' lang='lat' dir='ltr'><strong>non</strong></span> 
     </span>
    </p>
   </div>
   <div class='ocr_carea' id='block_1_45' title="bbox 407 2876 1989 2955">
    <p class='ocr_par' dir='ltr' id='par_1_45' title="bbox 407 2876 1989 2955">
     <span class='ocr_line' id='line_1_45' title="bbox 407 2876 1989 2955; baseline 0.006 -24"><span class='ocrx_word' id='word_1_363' title='bbox 407 2876 619 2933; x_wconf 86' lang='lat' dir='ltr'><strong>habetis</strong></span> <span class='ocrx_word' id='word_1_364' title='bbox 646 2878 951 2951; x_wconf 91' lang='lat' dir='ltr'><strong>portionem</strong></span> <span class='ocrx_word' id='word_1_365' title='bbox 980 2880 1033 2934; x_wconf 92' lang='lat' dir='ltr'><strong>in</strong></span> <span class='ocrx_word' id='word_1_366' title='bbox 1068 2880 1223 2935; x_wconf 89' lang='lat' dir='ltr'><strong>altari</strong></span> <span class='ocrx_word' id='word_1_367' title='bbox 1244 2889 1453 2938; x_wconf 91' lang='lat' dir='ltr'><strong>nostro.</strong></span> <span class='ocrx_word' id='word_1_368' title='bbox 1487 2881 1612 2937; x_wconf 74' lang='lat' dir='ltr'><strong>[hnc</strong></span> <span class='ocrx_word' id='word_1_369' title='bbox 1637 2883 1741 2939; x_wconf 90' lang='lat' dir='ltr'><strong>illis</strong></span> <span class='ocrx_word' id='word_1_370' title='bbox 1767 2900 1989 2955; x_wconf 88' lang='lat' dir='ltr'><strong>respon-</strong></span> 
     </span>
    </p>
   </div>
   <div class='ocr_carea' id='block_1_46' title="bbox 408 2968 1989 3043">
    <p class='ocr_par' dir='ltr' id='par_1_46' title="bbox 408 2968 1989 3043">
     <span class='ocr_line' id='line_1_46' title="bbox 408 2968 1989 3043; baseline 0.006 -22"><span class='ocrx_word' id='word_1_371' title='bbox 408 2981 467 3021; x_wconf 88' lang='lat' dir='ltr'><strong>sa</strong></span> <span class='ocrx_word' id='word_1_372' title='bbox 496 2968 780 3023; x_wconf 88' lang='lat' dir='ltr'><strong>miserunt.</strong></span> <span class='ocrx_word' id='word_1_373' title='bbox 812 2968 920 3024; x_wconf 85' lang='lat' dir='ltr'><strong>Sed</strong></span> <span class='ocrx_word' id='word_1_374' title='bbox 944 2969 1226 3026; x_wconf 89' lang='lat' dir='ltr'><strong>videamus</strong></span> <span class='ocrx_word' id='word_1_375' title='bbox 1251 2971 1381 3041; x_wconf 90' lang='lat' dir='ltr'><strong>quid</strong></span> <span class='ocrx_word' id='word_1_376' title='bbox 1409 2971 1536 3028; x_wconf 89' lang='lat' dir='ltr'><strong>facti</strong></span> <span class='ocrx_word' id='word_1_377' title='bbox 1570 2972 1729 3043; x_wconf 83' lang='lat' dir='ltr'><strong>hujus</strong></span> <span class='ocrx_word' id='word_1_378' title='bbox 1749 2976 1989 3032; x_wconf 69' lang='lat' dir='ltr'><strong>cnntinet</strong></span> 
     </span>
    </p>
   </div>
   <div class='ocr_carea' id='block_1_47' title="bbox 409 3058 1986 3132">
    <p class='ocr_par' dir='ltr' id='par_1_47' title="bbox 409 3058 1986 3132">
     <span class='ocr_line' id='line_1_47' title="bbox 409 3058 1986 3132; baseline 0.005 -20"><span class='ocrx_word' id='word_1_379' title='bbox 409 3067 829 3115; x_wconf 81' lang='lat' dir='ltr'><strong>sacramentum.</strong></span> <span class='ocrx_word' id='word_1_380' title='bbox 860 3058 1015 3115; x_wconf 89' lang='lat' dir='ltr'><strong>Prior</strong></span> <span class='ocrx_word' id='word_1_381' title='bbox 1049 3062 1282 3132; x_wconf 90' lang='lat' dir='ltr'><strong>populus</strong></span> <span class='ocrx_word' id='word_1_382' title='bbox 1317 3063 1747 3121; x_wconf 89' lang='lat' dir='ltr'><strong>circumeisionis</strong></span> <span class='ocrx_word' id='word_1_383' title='bbox 1790 3065 1842 3120; x_wconf 92' lang='lat' dir='ltr'><strong>in</strong></span> <span class='ocrx_word' id='word_1_384' title='bbox 1872 3066 1986 3120; x_wconf 86' lang='lat' dir='ltr'><strong>Ru-</strong></span> 
     </span>
    </p>
   </div>
   <div class='ocr_carea' id='block_1_48' title="bbox 407 3149 1988 3226">
    <p class='ocr_par' dir='ltr' id='par_1_48' title="bbox 407 3149 1988 3226">
     <span class='ocr_line' id='line_1_48' title="bbox 407 3149 1988 3226; baseline 0.004 -21"><span class='ocrx_word' id='word_1_385' title='bbox 407 3150 542 3215; x_wconf 85' lang='lat' dir='ltr'><strong>ben,</strong></span> <span class='ocrx_word' id='word_1_386' title='bbox 571 3150 664 3220; x_wconf 89' lang='lat' dir='ltr'><strong>qui</strong></span> <span class='ocrx_word' id='word_1_387' title='bbox 710 3149 888 3205; x_wconf 82' lang='lat' dir='ltr'><strong>fuerat</strong></span> <span class='ocrx_word' id='word_1_388' title='bbox 912 3150 1325 3223; x_wconf 85' lang='lat' dir='ltr'><strong>primogenitus,</strong></span> <span class='ocrx_word' id='word_1_389' title='bbox 1356 3153 1698 3226; x_wconf 88' lang='lat' dir='ltr'><strong>designatur;</strong></span> <span class='ocrx_word' id='word_1_390' title='bbox 1724 3156 1818 3212; x_wconf 90' lang='lat' dir='ltr'><strong>sed</strong></span> <span class='ocrx_word' id='word_1_391' title='bbox 1850 3166 1904 3211; x_wconf 91' lang='lat' dir='ltr'><strong>et</strong></span> <span class='ocrx_word' id='word_1_392' title='bbox 1935 3159 1988 3211; x_wconf 94' lang='lat' dir='ltr'><strong>in</strong></span> 
     </span>
    </p>
   </div>
   <div class='ocr_carea' id='block_1_49' title="bbox 408 3240 1991 3315">
    <p class='ocr_par' dir='ltr' id='par_1_49' title="bbox 408 3240 1991 3315">
     <span class='ocr_line' id='line_1_49' title="bbox 408 3240 1991 3315; baseline 0.005 -20"><span class='ocrx_word' id='word_1_393' title='bbox 408 3240 525 3295; x_wconf 80' lang='lat' dir='ltr'><strong>Gad</strong></span> <span class='ocrx_word' id='word_1_394' title='bbox 545 3281 560 3307; x_wconf 93' lang='lat'><strong>,</strong></span> <span class='ocrx_word' id='word_1_395' title='bbox 601 3242 691 3312; x_wconf 89' lang='lat' dir='ltr'><strong>qui</strong></span> <span class='ocrx_word' id='word_1_396' title='bbox 734 3250 790 3298; x_wconf 91' lang='lat' dir='ltr'><strong>et</strong></span> <span class='ocrx_word' id='word_1_397' title='bbox 824 3242 937 3313; x_wconf 90' lang='lat' dir='ltr'><strong>ipse</strong></span> <span class='ocrx_word' id='word_1_398' title='bbox 965 3243 1360 3314; x_wconf 87' lang='lat' dir='ltr'><strong>primogenitus</strong></span> <span class='ocrx_word' id='word_1_399' title='bbox 1380 3253 1461 3301; x_wconf 92' lang='lat' dir='ltr'><strong>est</strong></span> <span class='ocrx_word' id='word_1_400' title='bbox 1490 3260 1556 3300; x_wconf 83' lang='lat' dir='ltr'><strong>ex</strong></span> <span class='ocrx_word' id='word_1_401' title='bbox 1583 3248 1761 3315; x_wconf 86' lang='lat' dir='ltr'><strong>Zelfa;</strong></span> <span class='ocrx_word' id='word_1_402' title='bbox 1794 3258 1847 3304; x_wconf 91' lang='lat' dir='ltr'><strong>et</strong></span> <span class='ocrx_word' id='word_1_403' title='bbox 1875 3249 1991 3303; x_wconf 60' lang='lat' dir='ltr'><strong>Ma-</strong></span> 
     </span>
    </p>
   </div>
   <div class='ocr_carea' id='block_1_50' title="bbox 409 3332 1993 3405">
    <p class='ocr_par' dir='ltr' id='par_1_50' title="bbox 409 3332 1993 3405">
     <span class='ocr_line' id='line_1_50' title="bbox 409 3332 1993 3405; baseline 0.008 -21"><span class='ocrx_word' id='word_1_404' title='bbox 409 3340 568 3386; x_wconf 85' lang='lat' dir='ltr'><strong>nasse</strong></span> <span class='ocrx_word' id='word_1_405' title='bbox 605 3332 955 3388; x_wconf 90' lang='lat' dir='ltr'><strong>nihilominus</strong></span> <span class='ocrx_word' id='word_1_406' title='bbox 1002 3333 1415 3404; x_wconf 84' lang='lat' dir='ltr'><strong>primogenitus.</strong></span> <span class='ocrx_word' id='word_1_407' title='bbox 1454 3335 1609 3405; x_wconf 86' lang='lat' dir='ltr'><strong>Quod</strong></span> <span class='ocrx_word' id='word_1_408' title='bbox 1658 3349 1838 3395; x_wconf 91' lang='lat' dir='ltr'><strong>autem</strong></span> <span class='ocrx_word' id='word_1_409' title='bbox 1874 3341 1993 3397; x_wconf 91' lang='lat' dir='ltr'><strong>dico</strong></span> 
     </span>
    </p>
   </div>
   <div class='ocr_carea' id='block_1_51' title="bbox 407 3424 1995 3506">
    <p class='ocr_par' dir='ltr' id='par_1_51' title="bbox 407 3424 1995 3506">
     <span class='ocr_line' id='line_1_51' title="bbox 407 3424 1995 3506; baseline 0.008 -29"><span class='ocrx_word' id='word_1_410' title='bbox 407 3424 831 3495; x_wconf 88' lang='lat' dir='ltr'><strong>primogenitus,</strong></span> <span class='ocrx_word' id='word_1_411' title='bbox 876 3425 1171 3480; x_wconf 88' lang='lat' dir='ltr'><strong>secundum</strong></span> <span class='ocrx_word' id='word_1_412' title='bbox 1216 3434 1427 3497; x_wconf 89' lang='lat' dir='ltr'><strong>tempus</strong></span> <span class='ocrx_word' id='word_1_413' title='bbox 1469 3428 1678 3501; x_wconf 87' lang='lat' dir='ltr'><strong>loquor.</strong></span> <span class='ocrx_word' id='word_1_414' title='bbox 1709 3431 1836 3488; x_wconf 67' lang='lat' dir='ltr'><strong>llam</strong></span> <span class='ocrx_word' id='word_1_415' title='bbox 1864 3447 1995 3506; x_wconf 88' lang='lat' dir='ltr'><strong>ergo</strong></span> 
     </span>
    </p>
   </div>
   <div class='ocr_carea' id='block_1_52' title="bbox 411 3514 1992 3593">
    <p class='ocr_par' dir='ltr' id='par_1_52' title="bbox 411 3514 1992 3593">
     <span class='ocr_line' id='line_1_52' title="bbox 411 3514 1992 3593; baseline 0.008 -24"><span class='ocrx_word' id='word_1_416' title='bbox 411 3515 687 3580; x_wconf 88' lang='lat' dir='ltr'><strong>dicuntur,</strong></span> <span class='ocrx_word' id='word_1_417' title='bbox 736 3530 804 3570; x_wconf 89' lang='lat' dir='ltr'><strong>ne</strong></span> <span class='ocrx_word' id='word_1_418' title='bbox 848 3514 987 3570; x_wconf 88' lang='lat' dir='ltr'><strong>inter</strong></span> <span class='ocrx_word' id='word_1_419' title='bbox 1036 3532 1135 3571; x_wconf 92' lang='lat' dir='ltr'><strong>nos</strong></span> <span class='ocrx_word' id='word_1_420' title='bbox 1165 3526 1219 3571; x_wconf 90' lang='lat' dir='ltr'><strong>et</strong></span> <span class='ocrx_word' id='word_1_421' title='bbox 1261 3517 1381 3573; x_wconf 89' lang='lat' dir='ltr'><strong>illos</strong></span> <span class='ocrx_word' id='word_1_422' title='bbox 1413 3520 1505 3593; x_wconf 90' lang='lat' dir='ltr'><strong>qui</strong></span> <span class='ocrx_word' id='word_1_423' title='bbox 1535 3529 1662 3577; x_wconf 89' lang='lat' dir='ltr'><strong>ante</strong></span> <span class='ocrx_word' id='word_1_424' title='bbox 1702 3522 1992 3581; x_wconf 85' lang='lat' dir='ltr'><strong>adventum</strong></span> 
     </span>
    </p>
   </div>
   <div class='ocr_carea' id='block_1_53' title="bbox 411 3603 1996 3684">
    <p class='ocr_par' dir='ltr' id='par_1_53' title="bbox 411 3603 1996 3684">
     <span class='ocr_line' id='line_1_53' title="bbox 411 3603 1996 3684; baseline 0.007 -24"><span class='ocrx_word' id='word_1_425' title='bbox 411 3604 613 3660; x_wconf 87' lang='lat' dir='ltr'><strong>Christi</strong></span> <span class='ocrx_word' id='word_1_426' title='bbox 644 3603 859 3661; x_wconf 87' lang='lat' dir='ltr'><strong>fuerant</strong></span> <span class='ocrx_word' id='word_1_427' title='bbox 890 3604 1059 3673; x_wconf 89' lang='lat' dir='ltr'><strong>justi,</strong></span> <span class='ocrx_word' id='word_1_428' title='bbox 1088 3606 1280 3663; x_wconf 82' lang='lat' dir='ltr'><strong>divisio</strong></span> <span class='ocrx_word' id='word_1_429' title='bbox 1313 3608 1490 3679; x_wconf 88' lang='lat' dir='ltr'><strong>aliqua</strong></span> <span class='ocrx_word' id='word_1_430' title='bbox 1517 3626 1582 3667; x_wconf 88' lang='lat' dir='ltr'><strong>ac</strong></span> <span class='ocrx_word' id='word_1_431' title='bbox 1613 3616 1887 3684; x_wconf 87' lang='lat' dir='ltr'><strong>separatio</strong></span> <span class='ocrx_word' id='word_1_432' title='bbox 1916 3618 1996 3671; x_wconf 80' lang='lat' dir='ltr'><strong>vi-</strong></span> 
     </span>
    </p>
   </div>
   <div class='ocr_carea' id='block_1_54' title="bbox 411 3696 1993 3763">
    <p class='ocr_par' dir='ltr' id='par_1_54' title="bbox 411 3696 1993 3763">
     <span class='ocr_line' id='line_1_54' title="bbox 411 3696 1993 3763; baseline 0.006 -11"><span class='ocrx_word' id='word_1_433' title='bbox 411 3696 658 3762; x_wconf 88' lang='lat' dir='ltr'><strong>deretur;</strong></span> <span class='ocrx_word' id='word_1_434' title='bbox 685 3696 777 3752; x_wconf 90' lang='lat' dir='ltr'><strong>sed</strong></span> <span class='ocrx_word' id='word_1_435' title='bbox 801 3706 858 3752; x_wconf 91' lang='lat' dir='ltr'><strong>ut</strong></span> <span class='ocrx_word' id='word_1_436' title='bbox 878 3697 1276 3763; x_wconf 87' lang='lat' dir='ltr'><strong>ostenderetur,</strong></span> <span class='ocrx_word' id='word_1_437' title='bbox 1306 3700 1520 3755; x_wconf 85' lang='lat' dir='ltr'><strong>etiamsi</strong></span> <span class='ocrx_word' id='word_1_438' title='bbox 1549 3711 1674 3757; x_wconf 91' lang='lat' dir='ltr'><strong>ante</strong></span> <span class='ocrx_word' id='word_1_439' title='bbox 1702 3704 1993 3761; x_wconf 86' lang='lat' dir='ltr'><strong>adventum</strong></span> 
     </span>
    </p>
   </div>
   <div class='ocr_carea' id='block_1_55' title="bbox 410 3787 1997 3853">
    <p class='ocr_par' dir='ltr' id='par_1_55' title="bbox 410 3787 1997 3853">
     <span class='ocr_line' id='line_1_55' title="bbox 410 3787 1997 3853; baseline 0.006 -10"><span class='ocrx_word' id='word_1_440' title='bbox 410 3788 614 3844; x_wconf 81' lang='lat' dir='ltr'><strong>Christi</strong></span> <span class='ocrx_word' id='word_1_441' title='bbox 663 3787 910 3853; x_wconf 87' lang='lat' dir='ltr'><strong>fuerant,</strong></span> <span class='ocrx_word' id='word_1_442' title='bbox 958 3788 1156 3845; x_wconf 87' lang='lat' dir='ltr'><strong>fratres</strong></span> <span class='ocrx_word' id='word_1_443' title='bbox 1200 3798 1379 3846; x_wconf 88' lang='lat' dir='ltr'><strong>tamen</strong></span> <span class='ocrx_word' id='word_1_444' title='bbox 1409 3800 1628 3848; x_wconf 88' lang='lat' dir='ltr'><strong>nostros</strong></span> <span class='ocrx_word' id='word_1_445' title='bbox 1671 3809 1810 3849; x_wconf 90' lang='lat' dir='ltr'><strong>esse.</strong></span> <span class='ocrx_word' id='word_1_446' title='bbox 1845 3796 1997 3853; x_wconf 90' lang='lat' dir='ltr'><strong>Licet</strong></span> 
     </span>
    </p>
   </div>
   <div class='ocr_carea' id='block_1_56' title="bbox 409 3880 1996 3944">
    <p class='ocr_par' dir='ltr' id='par_1_56' title="bbox 409 3880 1996 3944">
     <span class='ocr_line' id='line_1_56' title="bbox 409 3880 1996 3944; baseline 0.005 -9"><span class='ocrx_word' id='word_1_447' title='bbox 409 3881 554 3935; x_wconf 88' lang='lat' dir='ltr'><strong>enim</strong></span> <span class='ocrx_word' id='word_1_448' title='bbox 588 3880 878 3935; x_wconf 90' lang='lat' dir='ltr'><strong>habuerint</strong></span> <span class='ocrx_word' id='word_1_449' title='bbox 907 3880 1079 3936; x_wconf 89' lang='lat' dir='ltr'><strong>altare</strong></span> <span class='ocrx_word' id='word_1_450' title='bbox 1109 3890 1237 3937; x_wconf 89' lang='lat' dir='ltr'><strong>tunc</strong></span> <span class='ocrx_word' id='word_1_451' title='bbox 1266 3892 1390 3937; x_wconf 86' lang='lat' dir='ltr'><strong>ante</strong></span> <span class='ocrx_word' id='word_1_452' title='bbox 1427 3884 1716 3939; x_wconf 88' lang='lat' dir='ltr'><strong>adventum</strong></span> <span class='ocrx_word' id='word_1_453' title='bbox 1749 3886 1996 3944; x_wconf 81' lang='lat' dir='ltr'><strong>Salvato-</strong></span> 
     </span>
    </p>
   </div>
   <div class='ocr_carea' id='block_1_57' title="bbox 412 3972 1995 4045">
    <p class='ocr_par' dir='ltr' id='par_1_57' title="bbox 412 3972 1995 4045">
     <span class='ocr_line' id='line_1_57' title="bbox 412 3972 1995 4045; baseline 0.004 -16"><span class='ocrx_word' id='word_1_454' title='bbox 412 3975 509 4037; x_wconf 87' lang='lat' dir='ltr'><strong>ris,</strong></span> <span class='ocrx_word' id='word_1_455' title='bbox 535 3972 781 4027; x_wconf 86' lang='lat' dir='ltr'><strong>sciebant</strong></span> <span class='ocrx_word' id='word_1_456' title='bbox 810 3980 987 4027; x_wconf 90' lang='lat' dir='ltr'><strong>tamen</strong></span> <span class='ocrx_word' id='word_1_457' title='bbox 1012 3981 1067 4032; x_wconf 88' lang='lat' dir='ltr'><strong>et</strong></span> <span class='ocrx_word' id='word_1_458' title='bbox 1084 3974 1388 4031; x_wconf 89' lang='lat' dir='ltr'><strong>sentiebant</strong></span> <span class='ocrx_word' id='word_1_459' title='bbox 1413 3976 1539 4045; x_wconf 89' lang='lat' dir='ltr'><strong>quia</strong></span> <span class='ocrx_word' id='word_1_460' title='bbox 1568 3993 1673 4032; x_wconf 90' lang='lat' dir='ltr'><strong>non</strong></span> <span class='ocrx_word' id='word_1_461' title='bbox 1697 3988 1842 4033; x_wconf 87' lang='lat' dir='ltr'><strong>esset</strong></span> <span class='ocrx_word' id='word_1_462' title='bbox 1866 3979 1995 4035; x_wconf 93' lang='lat' dir='ltr'><strong>illud</strong></span> 
     </span>
    </p>
   </div>
   <div class='ocr_carea' id='block_1_58' title="bbox 414 4061 1991 4136">
    <p class='ocr_par' dir='ltr' id='par_1_58' title="bbox 414 4061 1991 4136">
     <span class='ocr_line' id='line_1_58' title="bbox 414 4061 1991 4136; baseline 0.005 -19"><span class='ocrx_word' id='word_1_463' title='bbox 414 4061 581 4117; x_wconf 86' lang='lat' dir='ltr'><strong>altare</strong></span> <span class='ocrx_word' id='word_1_464' title='bbox 619 4076 844 4125; x_wconf 88' lang='lat' dir='ltr'><strong>verum,</strong></span> <span class='ocrx_word' id='word_1_465' title='bbox 884 4062 978 4116; x_wconf 91' lang='lat' dir='ltr'><strong>sed</strong></span> <span class='ocrx_word' id='word_1_466' title='bbox 1009 4063 1134 4133; x_wconf 91' lang='lat' dir='ltr'><strong>quia</strong></span> <span class='ocrx_word' id='word_1_467' title='bbox 1170 4063 1341 4118; x_wconf 90' lang='lat' dir='ltr'><strong>forma</strong></span> <span class='ocrx_word' id='word_1_468' title='bbox 1370 4073 1424 4119; x_wconf 89' lang='lat' dir='ltr'><strong>et</strong></span> <span class='ocrx_word' id='word_1_469' title='bbox 1458 4065 1628 4136; x_wconf 88' lang='lat' dir='ltr'><strong>ﬁgura</strong></span> <span class='ocrx_word' id='word_1_470' title='bbox 1677 4066 1845 4122; x_wconf 84' lang='lat' dir='ltr'><strong>futuri</strong></span> <span class='ocrx_word' id='word_1_471' title='bbox 1879 4070 1991 4125; x_wconf 90' lang='lat' dir='ltr'><strong>veri</strong></span> 
     </span>
    </p>
   </div>
   <div class='ocr_carea' id='block_1_59' title="bbox 410 4151 1994 4230">
    <p class='ocr_par' dir='ltr' id='par_1_59' title="bbox 410 4151 1994 4230">
     <span class='ocr_line' id='line_1_59' title="bbox 410 4151 1994 4230; baseline 0.006 -23"><span class='ocrx_word' id='word_1_472' title='bbox 410 4152 579 4208; x_wconf 89' lang='lat' dir='ltr'><strong>illius.</strong></span> <span class='ocrx_word' id='word_1_473' title='bbox 608 4151 884 4207; x_wconf 80' lang='lat' dir='ltr'><strong>Noveram</strong></span> <span class='ocrx_word' id='word_1_474' title='bbox 913 4152 1048 4219; x_wconf 61' lang='lat' dir='ltr'><strong>haec,</strong></span> <span class='ocrx_word' id='word_1_475' title='bbox 1089 4154 1215 4223; x_wconf 91' lang='lat' dir='ltr'><strong>quia</strong></span> <span class='ocrx_word' id='word_1_476' title='bbox 1240 4170 1384 4209; x_wconf 83' lang='lat' dir='ltr'><strong>verae</strong></span> <span class='ocrx_word' id='word_1_477' title='bbox 1412 4156 1601 4212; x_wconf 67' lang='lat' dir='ltr'><strong>hostire</strong></span> <span class='ocrx_word' id='word_1_478' title='bbox 1629 4167 1683 4211; x_wconf 87' lang='lat' dir='ltr'><strong>et</strong></span> <span class='ocrx_word' id='word_1_479' title='bbox 1724 4175 1842 4229; x_wconf 74' lang='lat' dir='ltr'><strong>qum</strong></span> <span class='ocrx_word' id='word_1_480' title='bbox 1870 4176 1994 4230; x_wconf 88' lang='lat' dir='ltr'><strong>pos-</strong></span> 
     </span>
    </p>
   </div>
   <div class='ocr_carea' id='block_1_60' title="bbox 410 4246 1993 4317">
    <p class='ocr_par' dir='ltr' id='par_1_60' title="bbox 410 4246 1993 4317">
     <span class='ocr_line' id='line_1_60' title="bbox 410 4246 1993 4317; baseline 0.007 -19"><span class='ocrx_word' id='word_1_481' title='bbox 410 4251 534 4299; x_wconf 87' lang='lat' dir='ltr'><strong>sent</strong></span> <span class='ocrx_word' id='word_1_482' title='bbox 584 4246 798 4300; x_wconf 87' lang='lat' dir='ltr'><strong>auferre</strong></span> <span class='ocrx_word' id='word_1_483' title='bbox 840 4255 1098 4317; x_wconf 89' lang='lat' dir='ltr'><strong>peccata,</strong></span> <span class='ocrx_word' id='word_1_484' title='bbox 1151 4262 1256 4302; x_wconf 89' lang='lat' dir='ltr'><strong>non</strong></span> <span class='ocrx_word' id='word_1_485' title='bbox 1297 4247 1374 4302; x_wconf 88' lang='lat' dir='ltr'><strong>illi</strong></span> <span class='ocrx_word' id='word_1_486' title='bbox 1420 4248 1576 4304; x_wconf 89' lang='lat' dir='ltr'><strong>altari</strong></span> <span class='ocrx_word' id='word_1_487' title='bbox 1625 4250 1993 4311; x_wconf 71' lang='lat' dir='ltr'><strong>offerebantur</strong></span> 
     </span>
    </p>
   </div>
   <div class='ocr_carea' id='block_1_61' title="bbox 410 4333 1991 4409">
    <p class='ocr_par' dir='ltr' id='par_1_61' title="bbox 410 4333 1991 4409">
     <span class='ocr_line' id='line_1_61' title="bbox 410 4333 1991 4409; baseline 0.008 -21"><span class='ocrx_word' id='word_1_488' title='bbox 410 4333 552 4404; x_wconf 87' lang='lat' dir='ltr'><strong>quod</strong></span> <span class='ocrx_word' id='word_1_489' title='bbox 580 4335 817 4391; x_wconf 87' lang='lat' dir='ltr'><strong>habebat</strong></span> <span class='ocrx_word' id='word_1_490' title='bbox 841 4337 1230 4408; x_wconf 89' lang='lat' dir='ltr'><strong>primogenitus</strong></span> <span class='ocrx_word' id='word_1_491' title='bbox 1262 4338 1519 4409; x_wconf 86' lang='lat' dir='ltr'><strong>populus,</strong></span> <span class='ocrx_word' id='word_1_492' title='bbox 1552 4341 1647 4396; x_wconf 89' lang='lat' dir='ltr'><strong>sed</strong></span> <span class='ocrx_word' id='word_1_493' title='bbox 1677 4343 1729 4397; x_wconf 92' lang='lat' dir='ltr'><strong>in</strong></span> <span class='ocrx_word' id='word_1_494' title='bbox 1769 4344 1872 4399; x_wconf 90' lang='lat' dir='ltr'><strong>isto</strong></span> <span class='ocrx_word' id='word_1_495' title='bbox 1901 4345 1991 4399; x_wconf 84' lang='lat' dir='ltr'><strong>ubi</strong></span> 
     </span>
    </p>
   </div>
   <div class='ocr_carea' id='block_1_62' title="bbox 2099 1872 3690 1941">
    <p class='ocr_par' dir='ltr' id='par_1_62' title="bbox 2099 1872 3690 1941">
     <span class='ocr_line' id='line_1_62' title="bbox 2099 1872 3690 1941; baseline 0.002 -15"><span class='ocrx_word' id='word_1_496' title='bbox 2099 1872 2434 1941; x_wconf 88' lang='lat' dir='ltr'><strong>susciperent</strong></span> <span class='ocrx_word' id='word_1_497' title='bbox 2455 1872 2763 1930; x_wconf 75' lang='lat' dir='ltr'><strong>veritatem.</strong></span> <span class='ocrx_word' id='word_1_498' title='bbox 2788 1872 2855 1930; x_wconf 84' lang='lat' dir='ltr'><strong>Et</strong></span> <span class='ocrx_word' id='word_1_499' title='bbox 2875 1873 2998 1929; x_wconf 91' lang='lat' dir='ltr'><strong>ideo</strong></span> <span class='ocrx_word' id='word_1_500' title='bbox 3018 1873 3218 1929; x_wconf 92' lang='lat' dir='ltr'><strong>dicitur</strong></span> <span class='ocrx_word' id='word_1_501' title='bbox 3237 1874 3303 1929; x_wconf 91' lang='lat' dir='ltr'><strong>ad</strong></span> <span class='ocrx_word' id='word_1_502' title='bbox 3330 1889 3461 1929; x_wconf 90' lang='lat' dir='ltr'><strong>eos:</strong></span> <span class='ocrx_word' id='word_1_503' title='bbox 3495 1895 3511 1925; x_wconf 72' lang='grc' dir='ltr'><strong>ι</strong></span> <span class='ocrx_word' id='word_1_504' title='bbox 3544 1875 3690 1930; x_wconf 85' lang='lat' dir='ltr'><strong>Ecce</strong></span> 
     </span>
    </p>
   </div>
   <div class='ocr_carea' id='block_1_63' title="bbox 2099 1963 3684 2035">
    <p class='ocr_par' dir='ltr' id='par_1_63' title="bbox 2099 1963 3684 2035">
     <span class='ocr_line' id='line_1_63' title="bbox 2099 1963 3684 2035; baseline -0.001 -17"><span class='ocrx_word' id='word_1_505' title='bbox 2099 1963 2438 2035; x_wconf 85' lang='lat' dir='ltr'><strong>relinquetur</strong></span> <span class='ocrx_word' id='word_1_506' title='bbox 2482 1965 2637 2020; x_wconf 89' lang='lat' dir='ltr'><strong>vobis</strong></span> <span class='ocrx_word' id='word_1_507' title='bbox 2685 1964 2881 2020; x_wconf 89' lang='lat' dir='ltr'><strong>domus</strong></span> <span class='ocrx_word' id='word_1_508' title='bbox 2938 1972 3119 2020; x_wconf 89' lang='lat' dir='ltr'><strong>vestra</strong></span> <span class='ocrx_word' id='word_1_509' title='bbox 3180 1965 3393 2020; x_wconf 87' lang='lat' dir='ltr'><strong>deserta</strong></span> <span class='ocrx_word' id='word_1_510' title='bbox 3453 1964 3684 2035; x_wconf 75' lang='lat' dir='ltr'><strong>(Matth.</strong></span> 
     </span>
    </p>
   </div>
   <div class='ocr_carea' id='block_1_64' title="bbox 2097 2056 3689 2129">
    <p class='ocr_par' dir='ltr' id='par_1_64' title="bbox 2097 2056 3689 2129">
     <span class='ocr_line' id='line_1_64' title="bbox 2097 2056 3689 2129; baseline -0.001 -18"><span class='ocrx_word' id='word_1_511' title='bbox 2097 2056 2279 2129; x_wconf 68' lang='grc' dir='ltr'>χχιιι).</span> <span class='ocrx_word' id='word_1_512' title='bbox 2312 2078 2329 2110; x_wconf 79' lang='grc' dir='ltr'><strong>ι</strong></span> <span class='ocrx_word' id='word_1_513' title='bbox 2360 2057 2647 2113; x_wconf 85' lang='lat' dir='ltr'><strong>Translata</strong></span> <span class='ocrx_word' id='word_1_514' title='bbox 2678 2065 2763 2111; x_wconf 93' lang='lat' dir='ltr'><strong>est</strong></span> <span class='ocrx_word' id='word_1_515' title='bbox 2804 2057 2950 2114; x_wconf 90' lang='lat' dir='ltr'><strong>enim</strong></span> <span class='ocrx_word' id='word_1_516' title='bbox 2977 2057 3044 2113; x_wconf 88' lang='lat' dir='ltr'><strong>ad</strong></span> <span class='ocrx_word' id='word_1_517' title='bbox 3082 2065 3270 2128; x_wconf 89' lang='lat' dir='ltr'><strong>gentes</strong></span> <span class='ocrx_word' id='word_1_518' title='bbox 3298 2057 3473 2128; x_wconf 89' lang='lat' dir='ltr'><strong>gratia</strong></span> <span class='ocrx_word' id='word_1_519' title='bbox 3514 2056 3689 2126; x_wconf 83' lang='lat' dir='ltr'><strong>Spiri-</strong></span> 
     </span>
    </p>
   </div>
   <div class='ocr_carea' id='block_1_65' title="bbox 2098 2145 3685 2217">
    <p class='ocr_par' dir='ltr' id='par_1_65' title="bbox 2098 2145 3685 2217">
     <span class='ocr_line' id='line_1_65' title="bbox 2098 2145 3685 2217; baseline -0.001 -16"><span class='ocrx_word' id='word_1_520' title='bbox 2098 2154 2186 2201; x_wconf 92' lang='lat' dir='ltr'><strong>tus</strong></span> <span class='ocrx_word' id='word_1_521' title='bbox 2223 2146 2418 2211; x_wconf 89' lang='lat' dir='ltr'><strong>sancti,</strong></span> <span class='ocrx_word' id='word_1_522' title='bbox 2458 2146 2737 2203; x_wconf 70' lang='lat' dir='ltr'><strong>translatze</strong></span> <span class='ocrx_word' id='word_1_523' title='bbox 2771 2155 2898 2201; x_wconf 89' lang='lat' dir='ltr'><strong>sunt</strong></span> <span class='ocrx_word' id='word_1_524' title='bbox 2943 2146 3012 2201; x_wconf 89' lang='lat' dir='ltr'><strong>ad</strong></span> <span class='ocrx_word' id='word_1_525' title='bbox 3052 2155 3241 2217; x_wconf 88' lang='lat' dir='ltr'><strong>gentes</strong></span> <span class='ocrx_word' id='word_1_526' title='bbox 3279 2145 3685 2209; x_wconf 84' lang='lat' dir='ltr'><strong>solemnitatcs,</strong></span> 
     </span>
    </p>
   </div>
   <div class='ocr_carea' id='block_1_66' title="bbox 2098 2235 3683 2309">
    <p class='ocr_par' dir='ltr' id='par_1_66' title="bbox 2098 2235 3683 2309">
     <span class='ocr_line' id='line_1_66' title="bbox 2098 2235 3683 2309; baseline -0.002 -17"><span class='ocrx_word' id='word_1_527' title='bbox 2098 2244 2154 2292; x_wconf 90' lang='lat' dir='ltr'><strong>et</strong></span> <span class='ocrx_word' id='word_1_528' title='bbox 2180 2237 2425 2309; x_wconf 83' lang='lat' dir='ltr'><strong>pontifex</strong></span> <span class='ocrx_word' id='word_1_529' title='bbox 2446 2278 2462 2303; x_wconf 96' lang='lat'><strong>,</strong></span> <span class='ocrx_word' id='word_1_530' title='bbox 2496 2253 2601 2292; x_wconf 92' lang='lat' dir='ltr'><strong>non</strong></span> <span class='ocrx_word' id='word_1_531' title='bbox 2634 2237 2991 2307; x_wconf 89' lang='lat' dir='ltr'><strong>imaginarius</strong></span> <span class='ocrx_word' id='word_1_532' title='bbox 3011 2278 3025 2301; x_wconf 91' lang='lat'><strong>,</strong></span> <span class='ocrx_word' id='word_1_533' title='bbox 3054 2237 3149 2293; x_wconf 90' lang='lat' dir='ltr'><strong>sed</strong></span> <span class='ocrx_word' id='word_1_534' title='bbox 3174 2251 3357 2301; x_wconf 85' lang='lat' dir='ltr'><strong>verus,</strong></span> <span class='ocrx_word' id='word_1_535' title='bbox 3387 2235 3683 2291; x_wconf 85' lang='lat' dir='ltr'><strong>secundum</strong></span> 
     </span>
    </p>
   </div>
   <div class='ocr_carea' id='block_1_67' title="bbox 2097 2327 3684 2391">
    <p class='ocr_par' dir='ltr' id='par_1_67' title="bbox 2097 2327 3684 2391">
     <span class='ocr_line' id='line_1_67' title="bbox 2097 2327 3684 2391; baseline -0.003 -7"><span class='ocrx_word' id='word_1_536' title='bbox 2097 2328 2347 2384; x_wconf 89' lang='lat' dir='ltr'><strong>ordinem</strong></span> <span class='ocrx_word' id='word_1_537' title='bbox 2392 2327 2789 2383; x_wconf 79' lang='lat' dir='ltr'><strong>Melchisedech</strong></span> <span class='ocrx_word' id='word_1_538' title='bbox 2834 2328 3073 2391; x_wconf 87' lang='lat' dir='ltr'><strong>electus;</strong></span> <span class='ocrx_word' id='word_1_539' title='bbox 3101 2337 3157 2383; x_wconf 91' lang='lat' dir='ltr'><strong>et</strong></span> <span class='ocrx_word' id='word_1_540' title='bbox 3194 2342 3419 2382; x_wconf 89' lang='lat' dir='ltr'><strong>necesse</strong></span> <span class='ocrx_word' id='word_1_541' title='bbox 3448 2336 3532 2381; x_wconf 88' lang='lat' dir='ltr'><strong>est</strong></span> <span class='ocrx_word' id='word_1_542' title='bbox 3559 2342 3684 2381; x_wconf 86' lang='lat' dir='ltr'><strong>eum</strong></span> 
     </span>
    </p>
   </div>
   <div class='ocr_carea' id='block_1_68' title="bbox 2096 2416 3687 2492">
    <p class='ocr_par' dir='ltr' id='par_1_68' title="bbox 2096 2416 3687 2492">
     <span class='ocr_line' id='line_1_68' title="bbox 2096 2416 3687 2492; baseline 0 -20"><span class='ocrx_word' id='word_1_543' title='bbox 2096 2432 2257 2472; x_wconf 89' lang='lat' dir='ltr'><strong>veras</strong></span> <span class='ocrx_word' id='word_1_544' title='bbox 2282 2418 2491 2473; x_wconf 90' lang='lat' dir='ltr'><strong>hostias</strong></span> <span class='ocrx_word' id='word_1_545' title='bbox 2508 2459 2524 2484; x_wconf 92' lang='lat'><strong>,</strong></span> <span class='ocrx_word' id='word_1_546' title='bbox 2567 2419 2620 2474; x_wconf 90' lang='lat' dir='ltr'><strong>id</strong></span> <span class='ocrx_word' id='word_1_547' title='bbox 2659 2428 2744 2474; x_wconf 90' lang='lat' dir='ltr'><strong>est</strong></span> <span class='ocrx_word' id='word_1_548' title='bbox 2770 2459 2785 2483; x_wconf 92' lang='lat'><strong>,</strong></span> <span class='ocrx_word' id='word_1_549' title='bbox 2814 2426 2869 2473; x_wconf 90' lang='lat' dir='ltr'><strong>et</strong></span> <span class='ocrx_word' id='word_1_550' title='bbox 2897 2418 3170 2492; x_wconf 78' lang='lat' dir='ltr'><strong>Spiritales</strong></span> <span class='ocrx_word' id='word_1_551' title='bbox 3193 2416 3390 2473; x_wconf 83' lang='lat' dir='ltr'><strong>oll‘erre</strong></span> <span class='ocrx_word' id='word_1_552' title='bbox 3418 2418 3558 2489; x_wconf 91' lang='lat' dir='ltr'><strong>apud</strong></span> <span class='ocrx_word' id='word_1_553' title='bbox 3586 2433 3687 2472; x_wconf 84' lang='lat' dir='ltr'><strong>nos</strong></span> 
     </span>
    </p>
   </div>
   <div class='ocr_carea' id='block_1_69' title="bbox 2097 2508 3687 2582">
    <p class='ocr_par' dir='ltr' id='par_1_69' title="bbox 2097 2508 3687 2582">
     <span class='ocr_line' id='line_1_69' title="bbox 2097 2508 3687 2582; baseline 0.003 -21"><span class='ocrx_word' id='word_1_554' title='bbox 2097 2510 2189 2565; x_wconf 92' lang='lat' dir='ltr'><strong>ubi</strong></span> <span class='ocrx_word' id='word_1_555' title='bbox 2217 2508 2518 2565; x_wconf 79' lang='lat' dir='ltr'><strong>aediﬁcatur</strong></span> <span class='ocrx_word' id='word_1_556' title='bbox 2553 2510 2785 2569; x_wconf 89' lang='lat' dir='ltr'><strong>ecclesia</strong></span> <span class='ocrx_word' id='word_1_557' title='bbox 2813 2519 2868 2566; x_wconf 87' lang='lat' dir='ltr'><strong>et</strong></span> <span class='ocrx_word' id='word_1_558' title='bbox 2875 2511 3158 2582; x_wconf 63' lang='lat' dir='ltr'><strong>Jemplum</strong></span> <span class='ocrx_word' id='word_1_559' title='bbox 3200 2511 3294 2566; x_wconf 91' lang='lat' dir='ltr'><strong>Dei</strong></span> <span class='ocrx_word' id='word_1_560' title='bbox 3342 2526 3374 2565; x_wconf 91' lang='lat' dir='ltr'><strong>a</strong></span> <span class='ocrx_word' id='word_1_561' title='bbox 3419 2511 3687 2580; x_wconf 88' lang='lat' dir='ltr'><strong>lapidibus</strong></span> 
     </span>
    </p>
   </div>
   <div class='ocr_carea' id='block_1_70' title="bbox 2096 2602 3687 2675">
    <p class='ocr_par' dir='ltr' id='par_1_70' title="bbox 2096 2602 3687 2675">
     <span class='ocr_line' id='line_1_70' title="bbox 2096 2602 3687 2675; baseline 0.001 -20"><span class='ocrx_word' id='word_1_562' title='bbox 2096 2602 2258 2666; x_wconf 88' lang='lat' dir='ltr'><strong>vivis,</strong></span> <span class='ocrx_word' id='word_1_563' title='bbox 2282 2618 2401 2675; x_wconf 66' lang='lat' dir='ltr'><strong>quae</strong></span> <span class='ocrx_word' id='word_1_564' title='bbox 2422 2610 2505 2657; x_wconf 90' lang='lat' dir='ltr'><strong>est</strong></span> <span class='ocrx_word' id='word_1_565' title='bbox 2536 2602 2778 2661; x_wconf 84' lang='lat' dir='ltr'><strong>Ecclesia</strong></span> <span class='ocrx_word' id='word_1_566' title='bbox 2804 2604 2900 2659; x_wconf 89' lang='lat' dir='ltr'><strong>Dei</strong></span> <span class='ocrx_word' id='word_1_567' title='bbox 2927 2603 3181 2669; x_wconf 85' lang='lat' dir='ltr'><strong>viventis,</strong></span> <span class='ocrx_word' id='word_1_568' title='bbox 3208 2611 3260 2658; x_wconf 89' lang='lat' dir='ltr'><strong>et</strong></span> <span class='ocrx_word' id='word_1_569' title='bbox 3296 2603 3389 2658; x_wconf 87' lang='lat' dir='ltr'><strong>ubi</strong></span> <span class='ocrx_word' id='word_1_570' title='bbox 3414 2612 3500 2657; x_wconf 90' lang='lat' dir='ltr'><strong>est</strong></span> <span class='ocrx_word' id='word_1_571' title='bbox 3528 2617 3687 2657; x_wconf 79' lang='lat' dir='ltr'><strong>verus</strong></span> 
     </span>
    </p>
   </div>
   <div class='ocr_carea' id='block_1_71' title="bbox 2096 2691 2280 2747">
    <p class='ocr_par' dir='ltr' id='par_1_71' title="bbox 2096 2691 2280 2747">
     <span class='ocr_line' id='line_1_71' title="bbox 2096 2691 2280 2747; baseline 0.005 -1"><span class='ocrx_word' id='word_1_572' title='bbox 2096 2691 2280 2747; x_wconf 89' lang='lat' dir='ltr'><strong>lsracl.</strong></span> 
     </span>
    </p>
   </div>
   <div class='ocr_carea' id='block_1_72' title="bbox 2709 2783 3083 2840">
    <p class='ocr_par' dir='ltr' id='par_1_72' title="bbox 2709 2783 3083 2840">
     <span class='ocr_line' id='line_1_72' title="bbox 2709 2783 3083 2840; baseline 0 0"><span class='ocrx_word' id='word_1_573' title='bbox 2709 2784 2937 2840; x_wconf 76' lang='lat' dir='ltr'><strong>CAPUT</strong></span> <span class='ocrx_word' id='word_1_574' title='bbox 2969 2783 3083 2840; x_wconf 74' lang='lat' dir='ltr'><strong>XV.</strong></span> 
     </span>
    </p>
   </div>
   <div class='ocr_carea' id='block_1_73' title="bbox 2098 2892 3686 2964">
    <p class='ocr_par' dir='ltr' id='par_1_73' title="bbox 2098 2892 3686 2964">
     <span class='ocr_line' id='line_1_73' title="bbox 2098 2892 3686 2964; baseline -0.004 -13"><span class='ocrx_word' id='word_1_575' title='bbox 2098 2894 2381 2951; x_wconf 75' lang='lat' dir='ltr'><strong>Sermones</strong></span> <span class='ocrx_word' id='word_1_576' title='bbox 2403 2895 2566 2963; x_wconf 71' lang='lat' dir='ltr'><strong>Iosue</strong></span> <span class='ocrx_word' id='word_1_577' title='bbox 2593 2895 2663 2950; x_wconf 81' lang='lat' dir='ltr'><strong>ad</strong></span> <span class='ocrx_word' id='word_1_578' title='bbox 2688 2892 2937 2964; x_wconf 85' lang='lat' dir='ltr'><strong>populum</strong></span> <span class='ocrx_word' id='word_1_579' title='bbox 2958 2934 2972 2955; x_wconf 87' lang='lat'><strong>,</strong></span> <span class='ocrx_word' id='word_1_580' title='bbox 3002 2903 3050 2947; x_wconf 85' lang='lat' dir='ltr'><strong>et</strong></span> <span class='ocrx_word' id='word_1_581' title='bbox 3087 2893 3512 2948; x_wconf 78' lang='lat' dir='ltr'><strong>commemoratio</strong></span> <span class='ocrx_word' id='word_1_582' title='bbox 3552 2909 3686 2964; x_wconf 66' lang='lat' dir='ltr'><strong>prcr-</strong></span> 
     </span>
    </p>
   </div>
   <div class='ocr_carea' id='block_1_74' title="bbox 2167 2962 3683 3037">
    <p class='ocr_par' dir='ltr' id='par_1_74' title="bbox 2167 2962 3683 3037">
     <span class='ocr_line' id='line_1_74' title="bbox 2167 2962 3683 3037; baseline -0.003 -17"><span class='ocrx_word' id='word_1_583' title='bbox 2167 2977 2433 3037; x_wconf 81' lang='lat' dir='ltr'><strong>ceptorum</strong></span> <span class='ocrx_word' id='word_1_584' title='bbox 2456 2962 2670 3037; x_wconf 70' lang='lat' dir='ltr'><strong>Domini</strong></span> <span class='ocrx_word' id='word_1_585' title='bbox 2689 2962 3150 3037; x_wconf 7' lang='lat' dir='ltr'><strong>ietgbencﬁciorum</strong></span> <span class='ocrx_word' id='word_1_586' title='bbox 3178 2963 3293 3034; x_wconf 77' lang='lat' dir='ltr'><strong>ejus</strong></span> <span class='ocrx_word' id='word_1_587' title='bbox 3314 3004 3328 3030; x_wconf 91' lang='lat'><strong>,</strong></span> <span class='ocrx_word' id='word_1_588' title='bbox 3352 2980 3470 3033; x_wconf 77' lang='lat' dir='ltr'><strong>qua:</strong></span> <span class='ocrx_word' id='word_1_589' title='bbox 3495 2962 3683 3016; x_wconf 70' lang='lat' dir='ltr'><strong>collata</strong></span> 
     </span>
    </p>
   </div>
   <div class='ocr_carea' id='block_1_75' title="bbox 2166 3033 3118 3104">
    <p class='ocr_par' dir='ltr' id='par_1_75' title="bbox 2166 3033 3118 3104">
     <span class='ocr_line' id='line_1_75' title="bbox 2166 3033 3118 3104; baseline 0.001 -15"><span class='ocrx_word' id='word_1_590' title='bbox 2166 3033 2287 3091; x_wconf 84' lang='lat' dir='ltr'><strong>sunt</strong></span> <span class='ocrx_word' id='word_1_591' title='bbox 2314 3038 2387 3089; x_wconf 70' lang='lat' dir='ltr'><strong>eis</strong></span> <span class='ocrx_word' id='word_1_592' title='bbox 2412 3035 2860 3090; x_wconf 80' lang='lat' dir='ltr'><strong>abundantissime</strong></span> <span class='ocrx_word' id='word_1_593' title='bbox 2889 3033 2953 3088; x_wconf 76' lang='lat' dir='ltr'><strong>ab</strong></span> <span class='ocrx_word' id='word_1_594' title='bbox 2986 3035 3118 3104; x_wconf 73' lang='lat' dir='ltr'><strong>ipso.</strong></span> 
     </span>
    </p>
   </div>
   <div class='ocr_carea' id='block_1_76' title="bbox 2165 3167 3677 3240">
    <p class='ocr_par' dir='ltr' id='par_1_76' title="bbox 2165 3167 3677 3240">
     <span class='ocr_line' id='line_1_76' title="bbox 2165 3167 3677 3240; baseline -0.003 -15"><span class='ocrx_word' id='word_1_595' title='bbox 2165 3169 2317 3240; x_wconf 66' lang='lat' dir='ltr'><strong>(Car.</strong></span> <span class='ocrx_word' id='word_1_596' title='bbox 2350 3169 2532 3240; x_wconf 81' lang='lat' dir='ltr'><strong>xxm.)</strong></span> <span class='ocrx_word' id='word_1_597' title='bbox 2572 3187 2590 3218; x_wconf 72' lang='grc' dir='ltr'><strong>ι</strong></span> <span class='ocrx_word' id='word_1_598' title='bbox 2628 3169 2707 3222; x_wconf 84' lang='lat' dir='ltr'><strong>En</strong></span> <span class='ocrx_word' id='word_1_599' title='bbox 2733 3184 2834 3239; x_wconf 90' lang='lat' dir='ltr'><strong>ego</strong></span> <span class='ocrx_word' id='word_1_600' title='bbox 2861 3168 3023 3224; x_wconf 89' lang='lat' dir='ltr'><strong>hodie</strong></span> <span class='ocrx_word' id='word_1_601' title='bbox 3058 3167 3335 3239; x_wconf 84' lang='lat' dir='ltr'><strong>ingrediar</strong></span> <span class='ocrx_word' id='word_1_602' title='bbox 3369 3168 3517 3221; x_wconf 82' lang='lat' dir='ltr'><strong>viam</strong></span> <span class='ocrx_word' id='word_1_603' title='bbox 3554 3167 3677 3222; x_wconf 88' lang='lat' dir='ltr'><strong>uni-</strong></span> 
     </span>
    </p>
   </div>
   <div class='ocr_carea' id='block_1_77' title="bbox 2100 3259 3685 3328">
    <p class='ocr_par' dir='ltr' id='par_1_77' title="bbox 2100 3259 3685 3328">
     <span class='ocr_line' id='line_1_77' title="bbox 2100 3259 3685 3328; baseline 0.001 -17"><span class='ocrx_word' id='word_1_604' title='bbox 2100 3280 2117 3311; x_wconf 73' lang='grc' dir='ltr'><strong>ι</strong></span> <span class='ocrx_word' id='word_1_605' title='bbox 2159 3274 2331 3314; x_wconf 80' lang='lat' dir='ltr'><strong>versae</strong></span> <span class='ocrx_word' id='word_1_606' title='bbox 2354 3267 2537 3325; x_wconf 78' lang='lat' dir='ltr'><strong>teme,</strong></span> <span class='ocrx_word' id='word_1_607' title='bbox 2564 3268 2619 3313; x_wconf 92' lang='lat' dir='ltr'><strong>et</strong></span> <span class='ocrx_word' id='word_1_608' title='bbox 2641 3267 2756 3314; x_wconf 92' lang='lat' dir='ltr'><strong>toto</strong></span> <span class='ocrx_word' id='word_1_609' title='bbox 2781 3259 2943 3314; x_wconf 88' lang='lat' dir='ltr'><strong>corde</strong></span> <span class='ocrx_word' id='word_1_610' title='bbox 2971 3267 3025 3312; x_wconf 90' lang='lat' dir='ltr'><strong>et</strong></span> <span class='ocrx_word' id='word_1_611' title='bbox 3052 3266 3164 3313; x_wconf 92' lang='lat' dir='ltr'><strong>toto</strong></span> <span class='ocrx_word' id='word_1_612' title='bbox 3187 3259 3372 3313; x_wconf 86' lang='lat' dir='ltr'><strong>animo</strong></span> <span class='ocrx_word' id='word_1_613' title='bbox 3395 3273 3685 3328; x_wconf 79' lang='lat' dir='ltr'><strong>cognosce-</strong></span> 
     </span>
    </p>
   </div>
   <div class='ocr_carea' id='block_1_78' title="bbox 2101 3350 3681 3421">
    <p class='ocr_par' dir='ltr' id='par_1_78' title="bbox 2101 3350 3681 3421">
     <span class='ocr_line' id='line_1_78' title="bbox 2101 3350 3681 3421; baseline 0.001 -18"><span class='ocrx_word' id='word_1_614' title='bbox 2101 3370 2118 3403; x_wconf 78' lang='grc' dir='ltr'><strong>ι</strong></span> <span class='ocrx_word' id='word_1_615' title='bbox 2166 3352 2234 3407; x_wconf 92' lang='lat' dir='ltr'><strong>tis</strong></span> <span class='ocrx_word' id='word_1_616' title='bbox 2262 3350 2404 3421; x_wconf 90' lang='lat' dir='ltr'><strong>quod</strong></span> <span class='ocrx_word' id='word_1_617' title='bbox 2430 3351 2497 3406; x_wconf 89' lang='lat' dir='ltr'><strong>de</strong></span> <span class='ocrx_word' id='word_1_618' title='bbox 2526 3351 2777 3407; x_wconf 88' lang='lat' dir='ltr'><strong>omnibus</strong></span> <span class='ocrx_word' id='word_1_619' title='bbox 2807 3351 2987 3407; x_wconf 88' lang='lat' dir='ltr'><strong>verbis</strong></span> <span class='ocrx_word' id='word_1_620' title='bbox 3024 3366 3144 3421; x_wconf 66' lang='lat' dir='ltr'><strong>qua:</strong></span> <span class='ocrx_word' id='word_1_621' title='bbox 3165 3351 3428 3406; x_wconf 90' lang='lat' dir='ltr'><strong>Dominus</strong></span> <span class='ocrx_word' id='word_1_622' title='bbox 3458 3360 3681 3421; x_wconf 63' lang='lat' dir='ltr'><strong>praesta-</strong></span> 
     </span>
    </p>
   </div>
   <div class='ocr_carea' id='block_1_79' title="bbox 2102 3442 3685 3511">
    <p class='ocr_par' dir='ltr' id='par_1_79' title="bbox 2102 3442 3685 3511">
     <span class='ocr_line' id='line_1_79' title="bbox 2102 3442 3685 3511; baseline 0.002 -16"><span class='ocrx_word' id='word_1_623' title='bbox 2102 3461 2120 3495; x_wconf 70' lang='grc' dir='ltr'>ε</span> <span class='ocrx_word' id='word_1_624' title='bbox 2167 3452 2348 3498; x_wconf 89' lang='lat' dir='ltr'><strong>turum</strong></span> <span class='ocrx_word' id='word_1_625' title='bbox 2397 3457 2456 3498; x_wconf 89' lang='lat' dir='ltr'><strong>se</strong></span> <span class='ocrx_word' id='word_1_626' title='bbox 2503 3442 2660 3496; x_wconf 89' lang='lat' dir='ltr'><strong>nobis</strong></span> <span class='ocrx_word' id='word_1_627' title='bbox 2703 3457 2824 3497; x_wconf 89' lang='lat' dir='ltr'><strong>esse</strong></span> <span class='ocrx_word' id='word_1_628' title='bbox 2878 3442 3148 3511; x_wconf 89' lang='lat' dir='ltr'><strong>pollicitus</strong></span> <span class='ocrx_word' id='word_1_629' title='bbox 3192 3448 3302 3505; x_wconf 91' lang='lat' dir='ltr'><strong>est,</strong></span> <span class='ocrx_word' id='word_1_630' title='bbox 3359 3457 3528 3496; x_wconf 91' lang='lat' dir='ltr'><strong>unum</strong></span> <span class='ocrx_word' id='word_1_631' title='bbox 3578 3456 3685 3499; x_wconf 87' lang='lat' dir='ltr'><strong>non</strong></span> 
     </span>
    </p>
   </div>
   <div class='ocr_carea' id='block_1_80' title="bbox 2101 3529 3683 3602">
    <p class='ocr_par' dir='ltr' id='par_1_80' title="bbox 2101 3529 3683 3602">
     <span class='ocr_line' id='line_1_80' title="bbox 2101 3529 3683 3602; baseline -0.003 -18"><span class='ocrx_word' id='word_1_632' title='bbox 2101 3552 2119 3584; x_wconf 71' lang='grc' dir='ltr'>ί</span> <span class='ocrx_word' id='word_1_633' title='bbox 2164 3531 2489 3602; x_wconf 75' lang='lat' dir='ltr'><strong>prteterierit</strong></span> <span class='ocrx_word' id='word_1_634' title='bbox 2514 3531 2805 3595; x_wconf 90' lang='lat' dir='ltr'><strong>incassum,</strong></span> <span class='ocrx_word' id='word_1_635' title='bbox 2836 3549 2855 3581; x_wconf 78' lang='grc' dir='ltr'><strong>ι</strong></span> <span class='ocrx_word' id='word_1_636' title='bbox 2884 3538 2939 3584; x_wconf 90' lang='lat' dir='ltr'><strong>et</strong></span> <span class='ocrx_word' id='word_1_637' title='bbox 2963 3529 3187 3600; x_wconf 88' lang='lat' dir='ltr'><strong>reliqua.</strong></span> <span class='ocrx_word' id='word_1_638' title='bbox 3215 3529 3315 3601; x_wconf 76' lang='lat' dir='ltr'><strong>(Ea</strong></span> <span class='ocrx_word' id='word_1_639' title='bbox 3345 3530 3683 3599; x_wconf 74' lang='lat' dir='ltr'><strong>Augustino.)</strong></span> 
     </span>
    </p>
   </div>
   <div class='ocr_carea' id='block_1_81' title="bbox 2096 3620 3685 3694">
    <p class='ocr_par' dir='ltr' id='par_1_81' title="bbox 2096 3620 3685 3694">
     <span class='ocr_line' id='line_1_81' title="bbox 2096 3620 3685 3694; baseline -0.004 -14"><span class='ocrx_word' id='word_1_640' title='bbox 2096 3625 2250 3694; x_wconf 85' lang='lat' dir='ltr'><strong>Quod</strong></span> <span class='ocrx_word' id='word_1_641' title='bbox 2276 3623 2409 3679; x_wconf 87' lang='lat' dir='ltr'><strong>dicit</strong></span> <span class='ocrx_word' id='word_1_642' title='bbox 2449 3621 2607 3678; x_wconf 85' lang='lat' dir='ltr'><strong>Jesus</strong></span> <span class='ocrx_word' id='word_1_643' title='bbox 2650 3622 2717 3676; x_wconf 92' lang='lat' dir='ltr'><strong>de</strong></span> <span class='ocrx_word' id='word_1_644' title='bbox 2764 3637 2859 3675; x_wconf 89' lang='lat' dir='ltr'><strong>sua</strong></span> <span class='ocrx_word' id='word_1_645' title='bbox 2902 3622 3299 3691; x_wconf 90' lang='lat' dir='ltr'><strong>propinquante</strong></span> <span class='ocrx_word' id='word_1_646' title='bbox 3324 3628 3537 3675; x_wconf 86' lang='lat' dir='ltr'><strong>morte:</strong></span> <span class='ocrx_word' id='word_1_647' title='bbox 3574 3620 3685 3691; x_wconf 83' lang='lat' dir='ltr'><strong>Ego</strong></span> 
     </span>
    </p>
   </div>
   <div class='ocr_carea' id='block_1_82' title="bbox 2096 3711 3685 3781">
    <p class='ocr_par' dir='ltr' id='par_1_82' title="bbox 2096 3711 3685 3781">
     <span class='ocr_line' id='line_1_82' title="bbox 2096 3711 3685 3781; baseline -0.004 -12"><span class='ocrx_word' id='word_1_648' title='bbox 2096 3724 2276 3770; x_wconf 90' lang='lat' dir='ltr'><strong>autem</strong></span> <span class='ocrx_word' id='word_1_649' title='bbox 2306 3729 2532 3770; x_wconf 90' lang='lat' dir='ltr'><strong>recurro</strong></span> <span class='ocrx_word' id='word_1_650' title='bbox 2558 3713 2720 3777; x_wconf 90' lang='lat' dir='ltr'><strong>viam,</strong></span> <span class='ocrx_word' id='word_1_651' title='bbox 2752 3712 2895 3767; x_wconf 88' lang='lat' dir='ltr'><strong>sicut</strong></span> <span class='ocrx_word' id='word_1_652' title='bbox 2927 3721 2982 3766; x_wconf 91' lang='lat' dir='ltr'><strong>et</strong></span> <span class='ocrx_word' id='word_1_653' title='bbox 3018 3726 3209 3767; x_wconf 90' lang='lat' dir='ltr'><strong>omnes</strong></span> <span class='ocrx_word' id='word_1_654' title='bbox 3236 3711 3327 3781; x_wconf 86' lang='lat' dir='ltr'><strong>qui</strong></span> <span class='ocrx_word' id='word_1_655' title='bbox 3358 3719 3488 3765; x_wconf 90' lang='lat' dir='ltr'><strong>sunt</strong></span> <span class='ocrx_word' id='word_1_656' title='bbox 3522 3726 3685 3781; x_wconf 86' lang='lat' dir='ltr'><strong>super</strong></span> 
     </span>
    </p>
   </div>
   <div class='ocr_carea' id='block_1_83' title="bbox 2096 3802 3683 3874">
    <p class='ocr_par' dir='ltr' id='par_1_83' title="bbox 2096 3802 3683 3874">
     <span class='ocr_line' id='line_1_83' title="bbox 2096 3802 3683 3874; baseline -0.004 -11"><span class='ocrx_word' id='word_1_657' title='bbox 2096 3817 2299 3863; x_wconf 90' lang='lat' dir='ltr'><strong>terram</strong></span> <span class='ocrx_word' id='word_1_658' title='bbox 2322 3846 2335 3871; x_wconf 91' lang='lat'><strong>,</strong></span> <span class='ocrx_word' id='word_1_659' title='bbox 2364 3806 2417 3860; x_wconf 91' lang='lat' dir='ltr'><strong>in</strong></span> <span class='ocrx_word' id='word_1_660' title='bbox 2444 3821 2506 3860; x_wconf 91' lang='lat' dir='ltr'><strong>ea</strong></span> <span class='ocrx_word' id='word_1_661' title='bbox 2542 3804 3018 3874; x_wconf 84' lang='lat' dir='ltr'><strong>interpretatione,</strong></span> <span class='ocrx_word' id='word_1_662' title='bbox 3049 3820 3169 3874; x_wconf 72' lang='lat' dir='ltr'><strong>qum</strong></span> <span class='ocrx_word' id='word_1_663' title='bbox 3208 3812 3293 3857; x_wconf 90' lang='lat' dir='ltr'><strong>est</strong></span> <span class='ocrx_word' id='word_1_664' title='bbox 3324 3818 3392 3858; x_wconf 84' lang='lat' dir='ltr'><strong>ex</strong></span> <span class='ocrx_word' id='word_1_665' title='bbox 3424 3802 3683 3868; x_wconf 64' lang='lat' dir='ltr'><strong>Hebraeo,</strong></span> 
     </span>
    </p>
   </div>
   <div class='ocr_carea' id='block_1_84' title="bbox 2094 3894 3683 3967">
    <p class='ocr_par' dir='ltr' id='par_1_84' title="bbox 2094 3894 3683 3967">
     <span class='ocr_line' id='line_1_84' title="bbox 2094 3894 3683 3967; baseline -0.003 -14"><span class='ocrx_word' id='word_1_666' title='bbox 2094 3899 2420 3962; x_wconf 85' lang='lat' dir='ltr'><strong>invenimus,</strong></span> <span class='ocrx_word' id='word_1_667' title='bbox 2454 3916 2472 3948; x_wconf 69' lang='grc' dir='ltr'>ς</span> <span class='ocrx_word' id='word_1_668' title='bbox 2507 3895 2779 3967; x_wconf 88' lang='lat' dir='ltr'><strong>ingredior</strong></span> <span class='ocrx_word' id='word_1_669' title='bbox 2797 3895 2961 3949; x_wconf 89' lang='lat' dir='ltr'><strong>viam.</strong></span> <span class='ocrx_word' id='word_1_670' title='bbox 2993 3915 3011 3947; x_wconf 75' lang='grc' dir='ltr'><strong>ι</strong></span> <span class='ocrx_word' id='word_1_671' title='bbox 3049 3894 3123 3948; x_wconf 87' lang='lat' dir='ltr'><strong>lta</strong></span> <span class='ocrx_word' id='word_1_672' title='bbox 3154 3909 3286 3964; x_wconf 88' lang='lat' dir='ltr'><strong>ergo</strong></span> <span class='ocrx_word' id='word_1_673' title='bbox 3309 3894 3683 3964; x_wconf 88' lang='lat' dir='ltr'><strong>accipiendum</strong></span> 
     </span>
    </p>
   </div>
   <div class='ocr_carea' id='block_1_85' title="bbox 2093 3984 3686 4063">
    <p class='ocr_par' dir='ltr' id='par_1_85' title="bbox 2093 3984 3686 4063">
     <span class='ocr_line' id='line_1_85' title="bbox 2093 3984 3686 4063; baseline -0.005 -18"><span class='ocrx_word' id='word_1_674' title='bbox 2093 3999 2178 4045; x_wconf 90' lang='lat' dir='ltr'><strong>est</strong></span> <span class='ocrx_word' id='word_1_675' title='bbox 2219 3990 2364 4063; x_wconf 87' lang='lat' dir='ltr'><strong>quod</strong></span> <span class='ocrx_word' id='word_1_676' title='bbox 2413 3987 2765 4060; x_wconf 79' lang='lat' dir='ltr'><strong>Septuaginta</strong></span> <span class='ocrx_word' id='word_1_677' title='bbox 2816 3986 3104 4047; x_wconf 77' lang='lat' dir='ltr'><strong>dixerunt,</strong></span> <span class='ocrx_word' id='word_1_678' title='bbox 3142 4006 3159 4035; x_wconf 75' lang='grc' dir='ltr'><strong>ι</strong></span> <span class='ocrx_word' id='word_1_679' title='bbox 3192 4000 3450 4047; x_wconf 85' lang='lat' dir='ltr'><strong>recurro,</strong></span> <span class='ocrx_word' id='word_1_680' title='bbox 3491 4004 3510 4036; x_wconf 73' lang='grc' dir='ltr'><strong>ι</strong></span> <span class='ocrx_word' id='word_1_681' title='bbox 3548 3984 3686 4038; x_wconf 91' lang='lat' dir='ltr'><strong>sicut</strong></span> 
     </span>
    </p>
   </div>
   <div class='ocr_carea' id='block_1_86' title="bbox 2095 4072 3684 4141">
    <p class='ocr_par' dir='ltr' id='par_1_86' title="bbox 2095 4072 3684 4141">
     <span class='ocr_line' id='line_1_86' title="bbox 2095 4072 3684 4141; baseline -0.005 -7"><span class='ocrx_word' id='word_1_682' title='bbox 2095 4081 2301 4135; x_wconf 90' lang='lat' dir='ltr'><strong>dictum</strong></span> <span class='ocrx_word' id='word_1_683' title='bbox 2319 4078 2641 4141; x_wconf 87' lang='lat' dir='ltr'><strong>esthomini,</strong></span> <span class='ocrx_word' id='word_1_684' title='bbox 2673 4096 2691 4127; x_wconf 80' lang='grc' dir='ltr'><strong>ι</strong></span> <span class='ocrx_word' id='word_1_685' title='bbox 2719 4076 2890 4131; x_wconf 91' lang='lat' dir='ltr'><strong>donec</strong></span> <span class='ocrx_word' id='word_1_686' title='bbox 2920 4074 3214 4131; x_wconf 87' lang='lat' dir='ltr'><strong>revertaris</strong></span> <span class='ocrx_word' id='word_1_687' title='bbox 3233 4074 3287 4128; x_wconf 91' lang='lat' dir='ltr'><strong>in</strong></span> <span class='ocrx_word' id='word_1_688' title='bbox 3318 4084 3521 4129; x_wconf 89' lang='lat' dir='ltr'><strong>terram</strong></span> <span class='ocrx_word' id='word_1_689' title='bbox 3547 4072 3684 4126; x_wconf 86' lang='lat' dir='ltr'><strong>unde</strong></span> 
     </span>
    </p>
   </div>
   <div class='ocr_carea' id='block_1_87' title="bbox 2096 4162 3682 4240">
    <p class='ocr_par' dir='ltr' id='par_1_87' title="bbox 2096 4162 3682 4240">
     <span class='ocr_line' id='line_1_87' title="bbox 2096 4162 3682 4240; baseline -0.006 -14"><span class='ocrx_word' id='word_1_690' title='bbox 2096 4178 2347 4240; x_wconf 89' lang='lat' dir='ltr'><strong>sumptus</strong></span> <span class='ocrx_word' id='word_1_691' title='bbox 2370 4184 2432 4224; x_wconf 91' lang='lat' dir='ltr'><strong>es</strong></span> <span class='ocrx_word' id='word_1_692' title='bbox 2459 4165 2609 4239; x_wconf 85' lang='lat' dir='ltr'><strong>(Gen.</strong></span> <span class='ocrx_word' id='word_1_693' title='bbox 2653 4166 2768 4237; x_wconf 81' lang='lat' dir='ltr'><strong>ut);</strong></span> <span class='ocrx_word' id='word_1_694' title='bbox 2807 4174 2867 4219; x_wconf 91' lang='lat' dir='ltr'><strong>ut</strong></span> <span class='ocrx_word' id='word_1_695' title='bbox 2910 4164 3207 4220; x_wconf 88' lang='lat' dir='ltr'><strong>secundum</strong></span> <span class='ocrx_word' id='word_1_696' title='bbox 3242 4177 3439 4234; x_wconf 89' lang='lat' dir='ltr'><strong>corpus</strong></span> <span class='ocrx_word' id='word_1_697' title='bbox 3479 4162 3682 4217; x_wconf 86' lang='lat' dir='ltr'><strong>dictum</strong></span> 
     </span>
    </p>
   </div>
   <div class='ocr_carea' id='block_1_88' title="bbox 2094 4253 3684 4329">
    <p class='ocr_par' dir='ltr' id='par_1_88' title="bbox 2094 4253 3684 4329">
     <span class='ocr_line' id='line_1_88' title="bbox 2094 4253 3684 4329; baseline -0.005 -14"><span class='ocrx_word' id='word_1_698' title='bbox 2094 4259 2441 4329; x_wconf 86' lang='lat' dir='ltr'><strong>intelligatur.</strong></span> <span class='ocrx_word' id='word_1_699' title='bbox 2489 4257 2794 4313; x_wconf 87' lang='lat' dir='ltr'><strong>Secundum</strong></span> <span class='ocrx_word' id='word_1_700' title='bbox 2838 4257 3076 4311; x_wconf 88' lang='lat' dir='ltr'><strong>animam</strong></span> <span class='ocrx_word' id='word_1_701' title='bbox 3116 4270 3247 4309; x_wconf 87' lang='lat' dir='ltr'><strong>vero</strong></span> <span class='ocrx_word' id='word_1_702' title='bbox 3274 4254 3319 4309; x_wconf 91' lang='lat' dir='ltr'><strong>si</strong></span> <span class='ocrx_word' id='word_1_703' title='bbox 3350 4253 3684 4309; x_wconf 86' lang='lat' dir='ltr'><strong>voluerimus</strong></span> 
     </span>
    </p>
   </div>
   <div class='ocr_carea' id='block_1_89' title="bbox 2095 4346 3681 4421">
    <p class='ocr_par' dir='ltr' id='par_1_89' title="bbox 2095 4346 3681 4421">
     <span class='ocr_line' id='line_1_89' title="bbox 2095 4346 3681 4421; baseline -0.006 -14"><span class='ocrx_word' id='word_1_704' title='bbox 2095 4354 2169 4408; x_wconf 87' lang='lat' dir='ltr'><strong>ita</strong></span> <span class='ocrx_word' id='word_1_705' title='bbox 2193 4352 2464 4421; x_wconf 82' lang='lat' dir='ltr'><strong>accipere,</strong></span> <span class='ocrx_word' id='word_1_706' title='bbox 2493 4348 2947 4419; x_wconf 90' lang='lat' dir='ltr'><strong>quemadmodum</strong></span> <span class='ocrx_word' id='word_1_707' title='bbox 2978 4347 3030 4401; x_wconf 91' lang='lat' dir='ltr'><strong>in</strong></span> <span class='ocrx_word' id='word_1_708' title='bbox 3067 4346 3398 4402; x_wconf 79' lang='lat' dir='ltr'><strong>Ecclesiaste</strong></span> <span class='ocrx_word' id='word_1_709' title='bbox 3445 4346 3681 4417; x_wconf 82' lang='lat' dir='ltr'><strong>positum</strong></span> 
     </span>
    </p>
   </div>
   <div class='ocr_carea' id='block_1_90' title="bbox 408 4424 3684 4531">
    <p class='ocr_par' dir='ltr' id='par_1_90' title="bbox 408 4424 3684 4531">
     <span class='ocr_line' id='line_1_90' title="bbox 408 4424 3684 4531; baseline 0.004 -51"><span class='ocrx_word' id='word_1_710' title='bbox 408 4424 566 4481; x_wconf 86' lang='lat' dir='ltr'><strong>Jesus</strong></span> <span class='ocrx_word' id='word_1_711' title='bbox 596 4433 733 4481; x_wconf 89' lang='lat' dir='ltr'><strong>erat.</strong></span> <span class='ocrx_word' id='word_1_712' title='bbox 766 4425 865 4481; x_wconf 86' lang='lat' dir='ltr'><strong>llic</strong></span> <span class='ocrx_word' id='word_1_713' title='bbox 891 4426 1142 4482; x_wconf 78' lang='lat' dir='ltr'><strong>etelestes</strong></span> <span class='ocrx_word' id='word_1_714' title='bbox 1181 4428 1394 4495; x_wconf 60' lang='lat' dir='ltr'><strong>hostiae,</strong></span> <span class='ocrx_word' id='word_1_715' title='bbox 1428 4430 1515 4485; x_wconf 92' lang='lat' dir='ltr'><strong>hic</strong></span> <span class='ocrx_word' id='word_1_716' title='bbox 1548 4446 1674 4486; x_wconf 88' lang='lat' dir='ltr'><strong>vera</strong></span> <span class='ocrx_word' id='word_1_717' title='bbox 1722 4434 1988 4490; x_wconf 85' lang='lat' dir='ltr'><strong>sacriﬁcia</strong></span> <span class='ocrx_word' id='word_1_718' title='bbox 2021 4472 2069 4531; x_wconf 70' lang='grc' dir='ltr'><strong>Ι)</strong></span> <span class='ocrx_word' id='word_1_719' title='bbox 2096 4453 2204 4506; x_wconf 90' lang='lat' dir='ltr'><strong>est,</strong></span> <span class='ocrx_word' id='word_1_720' title='bbox 2245 4463 2263 4493; x_wconf 71' lang='grc' dir='ltr'><strong>ι</strong></span> <span class='ocrx_word' id='word_1_721' title='bbox 2300 4443 2367 4497; x_wconf 88' lang='lat' dir='ltr'><strong>Et</strong></span> <span class='ocrx_word' id='word_1_722' title='bbox 2421 4442 2646 4512; x_wconf 87' lang='lat' dir='ltr'><strong>spiritus</strong></span> <span class='ocrx_word' id='word_1_723' title='bbox 2695 4448 2997 4494; x_wconf 85' lang='lat' dir='ltr'><strong>revertetur</strong></span> <span class='ocrx_word' id='word_1_724' title='bbox 3050 4438 3117 4492; x_wconf 88' lang='lat' dir='ltr'><strong>ad</strong></span> <span class='ocrx_word' id='word_1_725' title='bbox 3169 4439 3338 4493; x_wconf 88' lang='lat' dir='ltr'><strong>Deum</strong></span> <span class='ocrx_word' id='word_1_726' title='bbox 3388 4438 3483 4507; x_wconf 92' lang='lat' dir='ltr'><strong>qui</strong></span> <span class='ocrx_word' id='word_1_727' title='bbox 3537 4435 3684 4492; x_wconf 87' lang='lat' dir='ltr'><strong>dedit</strong></span> 
     </span>
    </p>
   </div>
   <div class='ocr_carea' id='block_1_91' title="bbox 400 4516 1984 4601">
    <p class='ocr_par' dir='ltr' id='par_1_91' title="bbox 400 4516 1984 4601">
     <span class='ocr_line' id='line_1_91' title="bbox 400 4516 1984 4601; baseline 0.004 -27"><span class='ocrx_word' id='word_1_728' title='bbox 400 4527 873 4601; x_wconf 72' lang='lat' dir='ltr'><strong>consummantur.</strong></span> <span class='ocrx_word' id='word_1_729' title='bbox 904 4518 990 4573; x_wconf 87' lang='lat' dir='ltr'><strong>Fit</strong></span> <span class='ocrx_word' id='word_1_730' title='bbox 1013 4535 1143 4592; x_wconf 85' lang='lat' dir='ltr'><strong>ergo</strong></span> <span class='ocrx_word' id='word_1_731' title='bbox 1170 4537 1308 4580; x_wconf 91' lang='lat' dir='ltr'><strong>unus</strong></span> <span class='ocrx_word' id='word_1_732' title='bbox 1339 4537 1491 4593; x_wconf 83' lang='lat' dir='ltr'><strong>grex,</strong></span> <span class='ocrx_word' id='word_1_733' title='bbox 1523 4532 1574 4577; x_wconf 90' lang='lat' dir='ltr'><strong>et</strong></span> <span class='ocrx_word' id='word_1_734' title='bbox 1612 4541 1751 4581; x_wconf 90' lang='lat' dir='ltr'><strong>unus</strong></span> <span class='ocrx_word' id='word_1_735' title='bbox 1780 4516 1984 4596; x_wconf 81' lang='lat' dir='ltr'><strong>pastor,</strong></span> 
     </span>
    </p>
   </div>
   <div class='ocr_carea' id='block_1_92' title="bbox 396 4604 1987 4683">
    <p class='ocr_par' dir='ltr' id='par_1_92' title="bbox 396 4604 1987 4683">
     <span class='ocr_line' id='line_1_92' title="bbox 396 4604 1987 4683; baseline 0.007 -19"><span class='ocrx_word' id='word_1_736' title='bbox 396 4604 486 4665; x_wconf 61' lang='lat' dir='ltr'><strong>*illi</strong></span> <span class='ocrx_word' id='word_1_737' title='bbox 517 4612 727 4679; x_wconf 87' lang='lat' dir='ltr'><strong>priores</strong></span> <span class='ocrx_word' id='word_1_738' title='bbox 750 4612 920 4683; x_wconf 91' lang='lat' dir='ltr'><strong>justi,</strong></span> <span class='ocrx_word' id='word_1_739' title='bbox 961 4621 1016 4668; x_wconf 89' lang='lat' dir='ltr'><strong>et</strong></span> <span class='ocrx_word' id='word_1_740' title='bbox 1043 4615 1133 4683; x_wconf 87' lang='lat' dir='ltr'><strong>qui</strong></span> <span class='ocrx_word' id='word_1_741' title='bbox 1164 4631 1308 4670; x_wconf 92' lang='lat' dir='ltr'><strong>nunc</strong></span> <span class='ocrx_word' id='word_1_742' title='bbox 1347 4624 1474 4670; x_wconf 90' lang='lat' dir='ltr'><strong>sunt</strong></span> <span class='ocrx_word' id='word_1_743' title='bbox 1508 4616 1823 4675; x_wconf 86' lang='lat' dir='ltr'><strong>Christiani.</strong></span> <span class='ocrx_word' id='word_1_744' title='bbox 1854 4620 1987 4675; x_wconf 79' lang='lat' dir='ltr'><strong>Volo</strong></span> 
     </span>
    </p>
   </div>
   <div class='ocr_carea' id='block_1_93' title="bbox 411 4712 1988 4783">
    <p class='ocr_par' dir='ltr' id='par_1_93' title="bbox 411 4712 1988 4783">
     <span class='ocr_line' id='line_1_93' title="bbox 411 4712 1988 4783; baseline 0.006 -22"><span class='ocrx_word' id='word_1_745' title='bbox 411 4716 593 4761; x_wconf 91' lang='lat' dir='ltr'><strong>autem</strong></span> <span class='ocrx_word' id='word_1_746' title='bbox 641 4712 709 4765; x_wconf 90' lang='lat' dir='ltr'><strong>ad</strong></span> <span class='ocrx_word' id='word_1_747' title='bbox 757 4712 949 4766; x_wconf 89' lang='lat' dir='ltr'><strong>borum</strong></span> <span class='ocrx_word' id='word_1_748' title='bbox 1000 4713 1375 4783; x_wconf 88' lang='lat' dir='ltr'><strong>probationem</strong></span> <span class='ocrx_word' id='word_1_749' title='bbox 1432 4715 1747 4769; x_wconf 90' lang='lat' dir='ltr'><strong>memoriam</strong></span> <span class='ocrx_word' id='word_1_750' title='bbox 1808 4715 1988 4771; x_wconf 81' lang='lat' dir='ltr'><strong>facere</strong></span> 
     </span>
    </p>
   </div>
   <div class='ocr_carea' id='block_1_94' title="bbox 409 4803 1986 4875">
    <p class='ocr_par' dir='ltr' id='par_1_94' title="bbox 409 4803 1986 4875">
     <span class='ocr_line' id='line_1_94' title="bbox 409 4803 1986 4875; baseline 0.006 -20"><span class='ocrx_word' id='word_1_751' title='bbox 409 4803 573 4856; x_wconf 88' lang='lat' dir='ltr'><strong>etiam</strong></span> <span class='ocrx_word' id='word_1_752' title='bbox 597 4804 836 4860; x_wconf 67' lang='lat' dir='ltr'><strong>historiae</strong></span> <span class='ocrx_word' id='word_1_753' title='bbox 860 4805 1169 4875; x_wconf 87' lang='lat' dir='ltr'><strong>cujusdam,</strong></span> <span class='ocrx_word' id='word_1_754' title='bbox 1195 4808 1239 4862; x_wconf 92' lang='lat' dir='ltr'><strong>si</strong></span> <span class='ocrx_word' id='word_1_755' title='bbox 1278 4817 1459 4862; x_wconf 90' lang='lat' dir='ltr'><strong>tamen</strong></span> <span class='ocrx_word' id='word_1_756' title='bbox 1497 4809 1756 4862; x_wconf 88' lang='lat' dir='ltr'><strong>Dominus</strong></span> <span class='ocrx_word' id='word_1_757' title='bbox 1785 4809 1986 4865; x_wconf 90' lang='lat' dir='ltr'><strong>donare</strong></span> 
     </span>
    </p>
   </div>
   <div class='ocr_carea' id='block_1_95' title="bbox 410 4894 1985 4968">
    <p class='ocr_par' dir='ltr' id='par_1_95' title="bbox 410 4894 1985 4968">
     <span class='ocr_line' id='line_1_95' title="bbox 410 4894 1985 4968; baseline 0.004 -19"><span class='ocrx_word' id='word_1_758' title='bbox 410 4894 659 4964; x_wconf 86' lang='lat' dir='ltr'><strong>dignetur</strong></span> <span class='ocrx_word' id='word_1_759' title='bbox 677 4904 733 4949; x_wconf 92' lang='lat' dir='ltr'><strong>ut</strong></span> <span class='ocrx_word' id='word_1_760' title='bbox 762 4897 1195 4966; x_wconf 80' lang='lat' dir='ltr'><strong>explanationem</strong></span> <span class='ocrx_word' id='word_1_761' title='bbox 1224 4898 1393 4968; x_wconf 88' lang='lat' dir='ltr'><strong>ipsius</strong></span> <span class='ocrx_word' id='word_1_762' title='bbox 1415 4898 1715 4967; x_wconf 78' lang='lat' dir='ltr'><strong>Spiritalem</strong></span> <span class='ocrx_word' id='word_1_763' title='bbox 1747 4899 1985 4955; x_wconf 86' lang='lat' dir='ltr'><strong>invenire</strong></span> 
     </span>
    </p>
   </div>
   <div class='ocr_carea' id='block_1_96' title="bbox 405 4987 1989 5064">
    <p class='ocr_par' dir='ltr' id='par_1_96' title="bbox 405 4987 1989 5064">
     <span class='ocr_line' id='line_1_96' title="bbox 405 4987 1989 5064; baseline 0.004 -22"><span class='ocrx_word' id='word_1_764' title='bbox 405 4988 699 5061; x_wconf 88' lang='lat' dir='ltr'><strong>possimus.</strong></span> <span class='ocrx_word' id='word_1_765' title='bbox 737 4987 976 5044; x_wconf 89' lang='lat' dir='ltr'><strong>Cadebat</strong></span> <span class='ocrx_word' id='word_1_766' title='bbox 1014 4991 1303 5061; x_wconf 89' lang='lat' dir='ltr'><strong>aliquando</strong></span> <span class='ocrx_word' id='word_1_767' title='bbox 1340 4991 1568 5064; x_wconf 91' lang='lat' dir='ltr'><strong>populus</strong></span> <span class='ocrx_word' id='word_1_768' title='bbox 1605 4992 1659 5045; x_wconf 89' lang='lat' dir='ltr'><strong>in</strong></span> <span class='ocrx_word' id='word_1_769' title='bbox 1693 4992 1915 5048; x_wconf 80' lang='lat' dir='ltr'><strong>deserto</strong></span> <span class='ocrx_word' id='word_1_770' title='bbox 1934 5003 1989 5049; x_wconf 90' lang='lat' dir='ltr'><strong>et</strong></span> 
     </span>
    </p>
   </div>
   <div class='ocr_carea' id='block_1_97' title="bbox 408 5071 1988 5153">
    <p class='ocr_par' dir='ltr' id='par_1_97' title="bbox 408 5071 1988 5153">
     <span class='ocr_line' id='line_1_97' title="bbox 408 5071 1988 5153; baseline 0.004 -20"><span class='ocrx_word' id='word_1_771' title='bbox 408 5077 742 5134; x_wconf 82' lang='lat' dir='ltr'><strong>moriebatur</strong></span> <span class='ocrx_word' id='word_1_772' title='bbox 789 5078 979 5150; x_wconf 82' lang='lat' dir='ltr'><strong>(Num.</strong></span> <span class='ocrx_word' id='word_1_773' title='bbox 1021 5082 1158 5153; x_wconf 76' lang='lat' dir='ltr'><strong>xvi).</strong></span> <span class='ocrx_word' id='word_1_774' title='bbox 1197 5084 1357 5138; x_wconf 77' lang='lat' dir='ltr'><strong>Venit</strong></span> <span class='ocrx_word' id='word_1_775' title='bbox 1393 5084 1573 5138; x_wconf 82' lang='lat' dir='ltr'><strong>Aaron</strong></span> <span class='ocrx_word' id='word_1_776' title='bbox 1614 5071 1891 5152; x_wconf 78' lang='lat' dir='ltr'><strong>pontifex,</strong></span> <span class='ocrx_word' id='word_1_777' title='bbox 1932 5096 1988 5140; x_wconf 92' lang='lat' dir='ltr'><strong>et</strong></span> 
     </span>
    </p>
   </div>
   <div class='ocr_carea' id='block_1_98' title="bbox 405 5171 1983 5247">
    <p class='ocr_par' dir='ltr' id='par_1_98' title="bbox 405 5171 1983 5247">
     <span class='ocr_line' id='line_1_98' title="bbox 405 5171 1983 5247; baseline 0.005 -22"><span class='ocrx_word' id='word_1_778' title='bbox 405 5174 558 5227; x_wconf 77' lang='lat' dir='ltr'><strong>stetit</strong></span> <span class='ocrx_word' id='word_1_779' title='bbox 588 5172 641 5226; x_wconf 93' lang='lat' dir='ltr'><strong>in</strong></span> <span class='ocrx_word' id='word_1_780' title='bbox 678 5171 858 5227; x_wconf 86' lang='lat' dir='ltr'><strong>medio</strong></span> <span class='ocrx_word' id='word_1_781' title='bbox 883 5186 1068 5227; x_wconf 87' lang='lat' dir='ltr'><strong>eormn</strong></span> <span class='ocrx_word' id='word_1_782' title='bbox 1102 5175 1192 5243; x_wconf 91' lang='lat' dir='ltr'><strong>qui</strong></span> <span class='ocrx_word' id='word_1_783' title='bbox 1217 5176 1590 5231; x_wconf 86' lang='lat' dir='ltr'><strong>moriebantur</strong></span> <span class='ocrx_word' id='word_1_784' title='bbox 1610 5184 1664 5229; x_wconf 90' lang='lat' dir='ltr'><strong>et</strong></span> <span class='ocrx_word' id='word_1_785' title='bbox 1684 5190 1869 5231; x_wconf 89' lang='lat' dir='ltr'><strong>eorum</strong></span> <span class='ocrx_word' id='word_1_786' title='bbox 1893 5178 1983 5247; x_wconf 89' lang='lat' dir='ltr'><strong>qui</strong></span> 
     </span>
    </p>
   </div>
   <div class='ocr_carea' id='block_1_99' title="bbox 406 5264 1988 5337">
    <p class='ocr_par' dir='ltr' id='par_1_99' title="bbox 406 5264 1988 5337">
     <span class='ocr_line' id='line_1_99' title="bbox 406 5264 1988 5337; baseline 0.001 -14"><span class='ocrx_word' id='word_1_787' title='bbox 406 5266 681 5332; x_wconf 85' lang='lat' dir='ltr'><strong>vivebant,</strong></span> <span class='ocrx_word' id='word_1_788' title='bbox 723 5281 791 5321; x_wconf 89' lang='lat' dir='ltr'><strong>ne</strong></span> <span class='ocrx_word' id='word_1_789' title='bbox 820 5264 960 5319; x_wconf 87' lang='lat' dir='ltr'><strong>ultra</strong></span> <span class='ocrx_word' id='word_1_790' title='bbox 993 5268 1221 5322; x_wconf 87' lang='lat' dir='ltr'><strong>vastatio</strong></span> <span class='ocrx_word' id='word_1_791' title='bbox 1265 5268 1456 5322; x_wconf 90' lang='lat' dir='ltr'><strong>mortis</strong></span> <span class='ocrx_word' id='word_1_792' title='bbox 1494 5267 1782 5337; x_wconf 80' lang='lat' dir='ltr'><strong>proﬁceret</strong></span> <span class='ocrx_word' id='word_1_793' title='bbox 1821 5270 1988 5327; x_wconf 86' lang='lat' dir='ltr'><strong>etiam</strong></span> 
     </span>
    </p>
   </div>
   <div class='ocr_carea' id='block_1_100' title="bbox 408 5356 1982 5428">
    <p class='ocr_par' dir='ltr' id='par_1_100' title="bbox 408 5356 1982 5428">
     <span class='ocr_line' id='line_1_100' title="bbox 408 5356 1982 5428; baseline 0 -13"><span class='ocrx_word' id='word_1_794' title='bbox 408 5360 551 5415; x_wconf 84' lang='lat' dir='ltr'><strong>inter</strong></span> <span class='ocrx_word' id='word_1_795' title='bbox 577 5367 820 5413; x_wconf 65' lang='lat' dir='ltr'><strong>caeteros.</strong></span> <span class='ocrx_word' id='word_1_796' title='bbox 854 5356 1010 5412; x_wconf 84' lang='lat' dir='ltr'><strong>Venit</strong></span> <span class='ocrx_word' id='word_1_797' title='bbox 1034 5372 1194 5413; x_wconf 90' lang='lat' dir='ltr'><strong>verus</strong></span> <span class='ocrx_word' id='word_1_798' title='bbox 1234 5357 1476 5428; x_wconf 85' lang='lat' dir='ltr'><strong>pontifex</strong></span> <span class='ocrx_word' id='word_1_799' title='bbox 1511 5374 1663 5413; x_wconf 91' lang='lat' dir='ltr'><strong>meus</strong></span> <span class='ocrx_word' id='word_1_800' title='bbox 1705 5368 1760 5415; x_wconf 92' lang='lat' dir='ltr'><strong>et</strong></span> <span class='ocrx_word' id='word_1_801' title='bbox 1799 5360 1982 5415; x_wconf 88' lang='lat' dir='ltr'><strong>Domi—</strong></span> 
     </span>
    </p>
   </div>
   <div class='ocr_carea' id='block_1_101' title="bbox 402 5448 1983 5516">
    <p class='ocr_par' dir='ltr' id='par_1_101' title="bbox 402 5448 1983 5516">
     <span class='ocr_line' id='line_1_101' title="bbox 402 5448 1983 5516; baseline 0.005 -15"><span class='ocrx_word' id='word_1_802' title='bbox 402 5459 527 5513; x_wconf 87' lang='lat' dir='ltr'><strong>nus,</strong></span> <span class='ocrx_word' id='word_1_803' title='bbox 557 5454 613 5503; x_wconf 89' lang='lat' dir='ltr'><strong>et</strong></span> <span class='ocrx_word' id='word_1_804' title='bbox 642 5448 948 5504; x_wconf 86' lang='lat' dir='ltr'><strong>intercessit</strong></span> <span class='ocrx_word' id='word_1_805' title='bbox 973 5448 1182 5504; x_wconf 85' lang='lat' dir='ltr'><strong>medius</strong></span> <span class='ocrx_word' id='word_1_806' title='bbox 1224 5449 1367 5504; x_wconf 89' lang='lat' dir='ltr'><strong>inter</strong></span> <span class='ocrx_word' id='word_1_807' title='bbox 1400 5449 1694 5506; x_wconf 90' lang='lat' dir='ltr'><strong>morientes</strong></span> <span class='ocrx_word' id='word_1_808' title='bbox 1720 5461 1775 5507; x_wconf 92' lang='lat' dir='ltr'><strong>et</strong></span> <span class='ocrx_word' id='word_1_809' title='bbox 1801 5453 1983 5516; x_wconf 87' lang='lat' dir='ltr'><strong>vivos,</strong></span> 
     </span>
    </p>
   </div>
   <div class='ocr_carea' id='block_1_102' title="bbox 402 5537 1985 5611">
    <p class='ocr_par' dir='ltr' id='par_1_102' title="bbox 402 5537 1985 5611">
     <span class='ocr_line' id='line_1_102' title="bbox 402 5537 1985 5611; baseline 0.003 -17"><span class='ocrx_word' id='word_1_810' title='bbox 402 5537 458 5594; x_wconf 86' lang='lat' dir='ltr'><strong>id</strong></span> <span class='ocrx_word' id='word_1_811' title='bbox 501 5549 615 5605; x_wconf 85' lang='lat' dir='ltr'><strong>est,</strong></span> <span class='ocrx_word' id='word_1_812' title='bbox 661 5540 803 5593; x_wconf 90' lang='lat' dir='ltr'><strong>inter</strong></span> <span class='ocrx_word' id='word_1_813' title='bbox 832 5555 926 5596; x_wconf 90' lang='lat' dir='ltr'><strong>eos</strong></span> <span class='ocrx_word' id='word_1_814' title='bbox 969 5542 1060 5610; x_wconf 91' lang='lat' dir='ltr'><strong>qui</strong></span> <span class='ocrx_word' id='word_1_815' title='bbox 1108 5555 1171 5595; x_wconf 82' lang='lat' dir='ltr'><strong>ex</strong></span> <span class='ocrx_word' id='word_1_816' title='bbox 1218 5539 1419 5597; x_wconf 66' lang='lat' dir='ltr'><strong>Iudaeis</strong></span> <span class='ocrx_word' id='word_1_817' title='bbox 1453 5556 1606 5597; x_wconf 90' lang='lat' dir='ltr'><strong>suam</strong></span> <span class='ocrx_word' id='word_1_818' title='bbox 1642 5544 1985 5611; x_wconf 67' lang='lat' dir='ltr'><strong>prtesentiam</strong></span> 
     </span>
    </p>
   </div>
   <div class='ocr_carea' id='block_1_103' title="bbox 404 5633 1988 5704">
    <p class='ocr_par' dir='ltr' id='par_1_103' title="bbox 404 5633 1988 5704">
     <span class='ocr_line' id='line_1_103' title="bbox 404 5633 1988 5704; baseline 0.003 -19"><span class='ocrx_word' id='word_1_819' title='bbox 404 5641 773 5699; x_wconf 82' lang='lat' dir='ltr'><strong>susceperunt,</strong></span> <span class='ocrx_word' id='word_1_820' title='bbox 799 5642 853 5688; x_wconf 92' lang='lat' dir='ltr'><strong>et</strong></span> <span class='ocrx_word' id='word_1_821' title='bbox 875 5633 1016 5691; x_wconf 88' lang='lat' dir='ltr'><strong>inter</strong></span> <span class='ocrx_word' id='word_1_822' title='bbox 1037 5648 1130 5690; x_wconf 90' lang='lat' dir='ltr'><strong>eos</strong></span> <span class='ocrx_word' id='word_1_823' title='bbox 1154 5633 1244 5704; x_wconf 91' lang='lat' dir='ltr'><strong>qui</strong></span> <span class='ocrx_word' id='word_1_824' title='bbox 1275 5648 1379 5689; x_wconf 90' lang='lat' dir='ltr'><strong>non</strong></span> <span class='ocrx_word' id='word_1_825' title='bbox 1404 5633 1578 5689; x_wconf 86' lang='lat' dir='ltr'><strong>solum</strong></span> <span class='ocrx_word' id='word_1_826' title='bbox 1605 5650 1710 5690; x_wconf 89' lang='lat' dir='ltr'><strong>non</strong></span> <span class='ocrx_word' id='word_1_827' title='bbox 1736 5649 1988 5704; x_wconf 87' lang='lat' dir='ltr'><strong>suscepe-</strong></span> 
     </span>
    </p>
   </div>
   <div class='ocr_carea' id='block_1_104' title="bbox 407 5723 1985 5800">
    <p class='ocr_par' dir='ltr' id='par_1_104' title="bbox 407 5723 1985 5800">
     <span class='ocr_line' id='line_1_104' title="bbox 407 5723 1985 5800; baseline 0.008 -28"><span class='ocrx_word' id='word_1_828' title='bbox 407 5731 557 5786; x_wconf 82' lang='lat' dir='ltr'><strong>runt,</strong></span> <span class='ocrx_word' id='word_1_829' title='bbox 588 5723 681 5777; x_wconf 89' lang='lat' dir='ltr'><strong>sed</strong></span> <span class='ocrx_word' id='word_1_830' title='bbox 709 5727 1033 5796; x_wconf 90' lang='lat' dir='ltr'><strong>semetipsos</strong></span> <span class='ocrx_word' id='word_1_831' title='bbox 1072 5729 1243 5800; x_wconf 88' lang='lat' dir='ltr'><strong>magis</strong></span> <span class='ocrx_word' id='word_1_832' title='bbox 1274 5744 1435 5800; x_wconf 89' lang='lat' dir='ltr'><strong>quam</strong></span> <span class='ocrx_word' id='word_1_833' title='bbox 1476 5730 1622 5785; x_wconf 91' lang='lat' dir='ltr'><strong>illum</strong></span> <span class='ocrx_word' id='word_1_834' title='bbox 1649 5731 1985 5793; x_wconf 88' lang='lat' dir='ltr'><strong>occiderunt,</strong></span> 
     </span>
    </p>
   </div>
   <div class='ocr_carea' id='block_1_105' title="bbox 2097 4532 3682 4608">
    <p class='ocr_par' dir='ltr' id='par_1_105' title="bbox 2097 4532 3682 4608">
     <span class='ocr_line' id='line_1_105' title="bbox 2097 4532 3682 4608; baseline -0.004 -16"><span class='ocrx_word' id='word_1_835' title='bbox 2097 4553 2219 4592; x_wconf 89' lang='lat' dir='ltr'><strong>eum</strong></span> <span class='ocrx_word' id='word_1_836' title='bbox 2254 4534 2446 4608; x_wconf 78' lang='lat' dir='ltr'><strong>(Eccli.</strong></span> <span class='ocrx_word' id='word_1_837' title='bbox 2484 4535 2622 4606; x_wconf 76' lang='lat' dir='ltr'><strong>xu);</strong></span> <span class='ocrx_word' id='word_1_838' title='bbox 2661 4555 2678 4583; x_wconf 77' lang='grc' dir='ltr'><strong>ι</strong></span> <span class='ocrx_word' id='word_1_839' title='bbox 2710 4548 2817 4588; x_wconf 90' lang='lat' dir='ltr'><strong>non</strong></span> <span class='ocrx_word' id='word_1_840' title='bbox 2848 4532 3085 4587; x_wconf 88' lang='lat' dir='ltr'><strong>arbitror</strong></span> <span class='ocrx_word' id='word_1_841' title='bbox 3128 4533 3193 4587; x_wconf 88' lang='lat' dir='ltr'><strong>de</strong></span> <span class='ocrx_word' id='word_1_842' title='bbox 3231 4532 3487 4586; x_wconf 81' lang='lat' dir='ltr'><strong>munibus</strong></span> <span class='ocrx_word' id='word_1_843' title='bbox 3523 4546 3682 4601; x_wconf 83' lang='lat' dir='ltr'><strong>posse</strong></span> 
     </span>
    </p>
   </div>
   <div class='ocr_carea' id='block_1_106' title="bbox 2096 4620 3682 4695">
    <p class='ocr_par' dir='ltr' id='par_1_106' title="bbox 2096 4620 3682 4695">
     <span class='ocr_line' id='line_1_106' title="bbox 2096 4620 3682 4695; baseline -0.004 -12"><span class='ocrx_word' id='word_1_844' title='bbox 2096 4628 2225 4690; x_wconf 86' lang='lat' dir='ltr'><strong>dici,</strong></span> <span class='ocrx_word' id='word_1_845' title='bbox 2257 4627 2350 4681; x_wconf 80' lang='lat' dir='ltr'><strong>sed</strong></span> <span class='ocrx_word' id='word_1_846' title='bbox 2378 4626 2443 4680; x_wconf 90' lang='lat' dir='ltr'><strong>de</strong></span> <span class='ocrx_word' id='word_1_847' title='bbox 2476 4626 2560 4680; x_wconf 91' lang='lat' dir='ltr'><strong>his</strong></span> <span class='ocrx_word' id='word_1_848' title='bbox 2591 4624 2680 4695; x_wconf 89' lang='lat' dir='ltr'><strong>qui</strong></span> <span class='ocrx_word' id='word_1_849' title='bbox 2710 4624 2788 4679; x_wconf 88' lang='lat' dir='ltr'><strong>sic</strong></span> <span class='ocrx_word' id='word_1_850' title='bbox 2827 4620 3153 4678; x_wconf 43' lang='lat' dir='ltr'><strong>vixerint‘ut</strong></span> <span class='ocrx_word' id='word_1_851' title='bbox 3183 4622 3250 4676; x_wconf 88' lang='lat' dir='ltr'><strong>ad</strong></span> <span class='ocrx_word' id='word_1_852' title='bbox 3279 4622 3571 4679; x_wconf 88' lang='lat' dir='ltr'><strong>Dominum</strong></span> <span class='ocrx_word' id='word_1_853' title='bbox 3597 4637 3682 4676; x_wconf 87' lang='lat' dir='ltr'><strong>re-</strong></span> 
     </span>
    </p>
   </div>
   <div class='ocr_carea' id='block_1_107' title="bbox 2095 4711 3678 4785">
    <p class='ocr_par' dir='ltr' id='par_1_107' title="bbox 2095 4711 3678 4785">
     <span class='ocr_line' id='line_1_107' title="bbox 2095 4711 3678 4785; baseline -0.002 -15"><span class='ocrx_word' id='word_1_854' title='bbox 2095 4718 2213 4770; x_wconf 88' lang='lat' dir='ltr'><strong>dire</strong></span> <span class='ocrx_word' id='word_1_855' title='bbox 2244 4722 2574 4779; x_wconf 84' lang='lat' dir='ltr'><strong>mereantur,</strong></span> <span class='ocrx_word' id='word_1_856' title='bbox 2605 4723 2861 4785; x_wconf 87' lang='lat' dir='ltr'><strong>tanquam</strong></span> <span class='ocrx_word' id='word_1_857' title='bbox 2901 4713 2968 4767; x_wconf 91' lang='lat' dir='ltr'><strong>ad</strong></span> <span class='ocrx_word' id='word_1_858' title='bbox 3005 4722 3279 4768; x_wconf 88' lang='lat' dir='ltr'><strong>auctorem</strong></span> <span class='ocrx_word' id='word_1_859' title='bbox 3308 4728 3337 4765; x_wconf 89' lang='lat' dir='ltr'><strong>a</strong></span> <span class='ocrx_word' id='word_1_860' title='bbox 3371 4728 3481 4783; x_wconf 92' lang='lat' dir='ltr'><strong>quo</strong></span> <span class='ocrx_word' id='word_1_861' title='bbox 3512 4711 3678 4767; x_wconf 81' lang='lat' dir='ltr'><strong>creati</strong></span> 
     </span>
    </p>
   </div>
   <div class='ocr_carea' id='block_1_108' title="bbox 2095 4804 3676 4877">
    <p class='ocr_par' dir='ltr' id='par_1_108' title="bbox 2095 4804 3676 4877">
     <span class='ocr_line' id='line_1_108' title="bbox 2095 4804 3676 4877; baseline -0.002 -14"><span class='ocrx_word' id='word_1_862' title='bbox 2095 4816 2240 4863; x_wconf 91' lang='lat' dir='ltr'><strong>sunt.</strong></span> <span class='ocrx_word' id='word_1_863' title='bbox 2275 4806 2459 4877; x_wconf 73' lang='lat' dir='ltr'><strong>Neque</strong></span> <span class='ocrx_word' id='word_1_864' title='bbox 2481 4808 2624 4861; x_wconf 88' lang='lat' dir='ltr'><strong>enim</strong></span> <span class='ocrx_word' id='word_1_865' title='bbox 2653 4807 2755 4860; x_wconf 88' lang='lat' dir='ltr'><strong>hoc</strong></span> <span class='ocrx_word' id='word_1_866' title='bbox 2786 4814 2839 4858; x_wconf 91' lang='lat' dir='ltr'><strong>et</strong></span> <span class='ocrx_word' id='word_1_867' title='bbox 2863 4806 2929 4860; x_wconf 92' lang='lat' dir='ltr'><strong>de</strong></span> <span class='ocrx_word' id='word_1_868' title='bbox 2956 4805 3061 4859; x_wconf 89' lang='lat' dir='ltr'><strong>illis</strong></span> <span class='ocrx_word' id='word_1_869' title='bbox 3101 4813 3249 4859; x_wconf 88' lang='lat' dir='ltr'><strong>recte</strong></span> <span class='ocrx_word' id='word_1_870' title='bbox 3300 4804 3528 4875; x_wconf 87' lang='lat' dir='ltr'><strong>intelligi</strong></span> <span class='ocrx_word' id='word_1_871' title='bbox 3578 4820 3676 4875; x_wconf 88' lang='lat' dir='ltr'><strong>po—</strong></span> 
     </span>
    </p>
   </div>
   <div class='ocr_carea' id='block_1_109' title="bbox 2098 4895 3674 4969">
    <p class='ocr_par' dir='ltr' id='par_1_109' title="bbox 2098 4895 3674 4969">
     <span class='ocr_line' id='line_1_109' title="bbox 2098 4895 3674 4969; baseline -0.003 -15"><span class='ocrx_word' id='word_1_872' title='bbox 2098 4908 2223 4963; x_wconf 88' lang='lat' dir='ltr'><strong>test,</strong></span> <span class='ocrx_word' id='word_1_873' title='bbox 2254 4898 2322 4954; x_wconf 89' lang='lat' dir='ltr'><strong>de</strong></span> <span class='ocrx_word' id='word_1_874' title='bbox 2349 4900 2545 4969; x_wconf 91' lang='lat' dir='ltr'><strong>quibus</strong></span> <span class='ocrx_word' id='word_1_875' title='bbox 2573 4898 2772 4953; x_wconf 91' lang='lat' dir='ltr'><strong>dicitur</strong></span> <span class='ocrx_word' id='word_1_876' title='bbox 2796 4914 2811 4951; x_wconf 88' lang='lat'><strong>:</strong></span> <span class='ocrx_word' id='word_1_877' title='bbox 2840 4917 2857 4947; x_wconf 78' lang='grc' dir='ltr'>ί</span> <span class='ocrx_word' id='word_1_878' title='bbox 2899 4896 3137 4967; x_wconf 89' lang='lat' dir='ltr'><strong>Spiritus</strong></span> <span class='ocrx_word' id='word_1_879' title='bbox 3159 4895 3462 4959; x_wconf 84' lang='lat' dir='ltr'><strong>ambulans,</strong></span> <span class='ocrx_word' id='word_1_880' title='bbox 3487 4906 3544 4952; x_wconf 88' lang='lat' dir='ltr'><strong>et</strong></span> <span class='ocrx_word' id='word_1_881' title='bbox 3572 4912 3674 4950; x_wconf 87' lang='lat' dir='ltr'><strong>non</strong></span> 
     </span>
    </p>
   </div>
   <div class='ocr_carea' id='block_1_110' title="bbox 2096 4986 3678 5060">
    <p class='ocr_par' dir='ltr' id='par_1_110' title="bbox 2096 4986 3678 5060">
     <span class='ocr_line' id='line_1_110' title="bbox 2096 4986 3678 5060; baseline -0.004 -14"><span class='ocrx_word' id='word_1_882' title='bbox 2096 4997 2374 5046; x_wconf 85' lang='lat' dir='ltr'><strong>revertens</strong></span> <span class='ocrx_word' id='word_1_883' title='bbox 2418 4986 2590 5060; x_wconf 80' lang='lat' dir='ltr'><strong>(Psal.</strong></span> <span class='ocrx_word' id='word_1_884' title='bbox 2632 4987 2857 5058; x_wconf 73' lang='lat' dir='ltr'><strong>Lxxvn).</strong></span> <span class='ocrx_word' id='word_1_885' title='bbox 2902 5006 2918 5038; x_wconf 78' lang='grc' dir='ltr'><strong>ι</strong></span> <span class='ocrx_word' id='word_1_886' title='bbox 2956 4987 3060 5041; x_wconf 82' lang='lat' dir='ltr'><strong>Iste</strong></span> <span class='ocrx_word' id='word_1_887' title='bbox 3103 4995 3285 5042; x_wconf 87' lang='lat' dir='ltr'><strong>autem</strong></span> <span class='ocrx_word' id='word_1_888' title='bbox 3335 4987 3420 5040; x_wconf 88' lang='lat' dir='ltr'><strong>vir</strong></span> <span class='ocrx_word' id='word_1_889' title='bbox 3458 4996 3678 5041; x_wconf 87' lang='lat' dir='ltr'><strong>sanctus</strong></span> 
     </span>
    </p>
   </div>
   <div class='ocr_carea' id='block_1_111' title="bbox 2092 5077 3677 5148">
    <p class='ocr_par' dir='ltr' id='par_1_111' title="bbox 2092 5077 3677 5148">
     <span class='ocr_line' id='line_1_111' title="bbox 2092 5077 3677 5148; baseline -0.004 -10"><span class='ocrx_word' id='word_1_890' title='bbox 2092 5082 2250 5138; x_wconf 85' lang='lat' dir='ltr'><strong>Jesus</strong></span> <span class='ocrx_word' id='word_1_891' title='bbox 2288 5082 2463 5146; x_wconf 77' lang='lat' dir='ltr'><strong>Nave,</strong></span> <span class='ocrx_word' id='word_1_892' title='bbox 2508 5080 2552 5135; x_wconf 90' lang='lat' dir='ltr'><strong>si</strong></span> <span class='ocrx_word' id='word_1_893' title='bbox 2596 5096 2701 5135; x_wconf 90' lang='lat' dir='ltr'><strong>non</strong></span> <span class='ocrx_word' id='word_1_894' title='bbox 2744 5079 3065 5143; x_wconf 86' lang='lat' dir='ltr'><strong>addidisset,</strong></span> <span class='ocrx_word' id='word_1_895' title='bbox 3096 5079 3235 5133; x_wconf 90' lang='lat' dir='ltr'><strong>sicut</strong></span> <span class='ocrx_word' id='word_1_896' title='bbox 3269 5087 3326 5133; x_wconf 90' lang='lat' dir='ltr'><strong>et</strong></span> <span class='ocrx_word' id='word_1_897' title='bbox 3364 5094 3560 5132; x_wconf 88' lang='lat' dir='ltr'><strong>omnes</strong></span> <span class='ocrx_word' id='word_1_898' title='bbox 3586 5077 3677 5148; x_wconf 89' lang='lat' dir='ltr'><strong>qui</strong></span> 
     </span>
    </p>
   </div>
   <div class='ocr_carea' id='block_1_112' title="bbox 2093 5169 3677 5241">
    <p class='ocr_par' dir='ltr' id='par_1_112' title="bbox 2093 5169 3677 5241">
     <span class='ocr_line' id='line_1_112' title="bbox 2093 5169 3677 5241; baseline -0.005 -12"><span class='ocrx_word' id='word_1_899' title='bbox 2093 5182 2217 5228; x_wconf 89' lang='lat' dir='ltr'><strong>sunt</strong></span> <span class='ocrx_word' id='word_1_900' title='bbox 2243 5186 2404 5241; x_wconf 91' lang='lat' dir='ltr'><strong>super</strong></span> <span class='ocrx_word' id='word_1_901' title='bbox 2434 5180 2659 5235; x_wconf 90' lang='lat' dir='ltr'><strong>terram,</strong></span> <span class='ocrx_word' id='word_1_902' title='bbox 2686 5171 2830 5225; x_wconf 88' lang='lat' dir='ltr'><strong>nulla</strong></span> <span class='ocrx_word' id='word_1_903' title='bbox 2859 5179 3002 5226; x_wconf 89' lang='lat' dir='ltr'><strong>esset</strong></span> <span class='ocrx_word' id='word_1_904' title='bbox 3028 5171 3256 5240; x_wconf 71' lang='lat' dir='ltr'><strong>quaestio</strong></span> <span class='ocrx_word' id='word_1_905' title='bbox 3287 5188 3298 5222; x_wconf 90' lang='lat'><strong>:</strong></span> <span class='ocrx_word' id='word_1_906' title='bbox 3331 5184 3509 5239; x_wconf 85' lang='lat' dir='ltr'><strong>neque</strong></span> <span class='ocrx_word' id='word_1_907' title='bbox 3533 5169 3677 5223; x_wconf 89' lang='lat' dir='ltr'><strong>enim</strong></span> 
     </span>
    </p>
   </div>
   <div class='ocr_carea' id='block_1_113' title="bbox 2092 5262 3676 5333">
    <p class='ocr_par' dir='ltr' id='par_1_113' title="bbox 2092 5262 3676 5333">
     <span class='ocr_line' id='line_1_113' title="bbox 2092 5262 3676 5333; baseline -0.003 -14"><span class='ocrx_word' id='word_1_908' title='bbox 2092 5264 2235 5319; x_wconf 89' lang='lat' dir='ltr'><strong>aliud</strong></span> <span class='ocrx_word' id='word_1_909' title='bbox 2272 5265 2338 5319; x_wconf 92' lang='lat' dir='ltr'><strong>de</strong></span> <span class='ocrx_word' id='word_1_910' title='bbox 2375 5264 2466 5317; x_wconf 91' lang='lat' dir='ltr'><strong>illo</strong></span> <span class='ocrx_word' id='word_1_911' title='bbox 2509 5265 2854 5319; x_wconf 86' lang='lat' dir='ltr'><strong>crederemus</strong></span> <span class='ocrx_word' id='word_1_912' title='bbox 2898 5278 3059 5333; x_wconf 88' lang='lat' dir='ltr'><strong>quam</strong></span> <span class='ocrx_word' id='word_1_913' title='bbox 3099 5262 3243 5332; x_wconf 89' lang='lat' dir='ltr'><strong>quod</strong></span> <span class='ocrx_word' id='word_1_914' title='bbox 3284 5279 3409 5318; x_wconf 87' lang='lat' dir='ltr'><strong>eum</strong></span> <span class='ocrx_word' id='word_1_915' title='bbox 3454 5263 3676 5333; x_wconf 84' lang='lat' dir='ltr'><strong>dignum</strong></span> 
     </span>
    </p>
   </div>
   <div class='ocr_carea' id='block_1_114' title="bbox 2091 5355 3674 5428">
    <p class='ocr_par' dir='ltr' id='par_1_114' title="bbox 2091 5355 3674 5428">
     <span class='ocr_line' id='line_1_114' title="bbox 2091 5355 3674 5428; baseline -0.002 -16"><span class='ocrx_word' id='word_1_916' title='bbox 2091 5372 2211 5413; x_wconf 88' lang='lat' dir='ltr'><strong>esse</strong></span> <span class='ocrx_word' id='word_1_917' title='bbox 2246 5357 2491 5428; x_wconf 85' lang='lat' dir='ltr'><strong>legimus.</strong></span> <span class='ocrx_word' id='word_1_918' title='bbox 2534 5355 2667 5411; x_wconf 88' lang='lat' dir='ltr'><strong>Cum</strong></span> <span class='ocrx_word' id='word_1_919' title='bbox 2705 5371 2833 5410; x_wconf 85' lang='lat' dir='ltr'><strong>vero</strong></span> <span class='ocrx_word' id='word_1_920' title='bbox 2874 5356 3112 5411; x_wconf 89' lang='lat' dir='ltr'><strong>additum</strong></span> <span class='ocrx_word' id='word_1_921' title='bbox 3153 5364 3268 5422; x_wconf 90' lang='lat' dir='ltr'><strong>est,</strong></span> <span class='ocrx_word' id='word_1_922' title='bbox 3308 5357 3451 5411; x_wconf 88' lang='lat' dir='ltr'><strong>sicut</strong></span> <span class='ocrx_word' id='word_1_923' title='bbox 3480 5366 3538 5411; x_wconf 90' lang='lat' dir='ltr'><strong>et</strong></span> <span class='ocrx_word' id='word_1_924' title='bbox 3563 5372 3674 5411; x_wconf 85' lang='lat' dir='ltr'><strong>om-</strong></span> 
     </span>
    </p>
   </div>
   <div class='ocr_carea' id='block_1_115' title="bbox 2088 5447 3671 5523">
    <p class='ocr_par' dir='ltr' id='par_1_115' title="bbox 2088 5447 3671 5523">
     <span class='ocr_line' id='line_1_115' title="bbox 2088 5447 3671 5523; baseline -0.005 -14"><span class='ocrx_word' id='word_1_925' title='bbox 2088 5468 2186 5509; x_wconf 84' lang='lat' dir='ltr'><strong>nes</strong></span> <span class='ocrx_word' id='word_1_926' title='bbox 2239 5453 2331 5523; x_wconf 89' lang='lat' dir='ltr'><strong>qui</strong></span> <span class='ocrx_word' id='word_1_927' title='bbox 2369 5459 2495 5506; x_wconf 92' lang='lat' dir='ltr'><strong>sunt</strong></span> <span class='ocrx_word' id='word_1_928' title='bbox 2544 5465 2707 5521; x_wconf 90' lang='lat' dir='ltr'><strong>super</strong></span> <span class='ocrx_word' id='word_1_929' title='bbox 2753 5458 2993 5514; x_wconf 75' lang='lat' dir='ltr'><strong>terram,</strong></span> <span class='ocrx_word' id='word_1_930' title='bbox 3032 5450 3230 5504; x_wconf 90' lang='lat' dir='ltr'><strong>mirum</strong></span> <span class='ocrx_word' id='word_1_931' title='bbox 3279 5449 3325 5504; x_wconf 91' lang='lat' dir='ltr'><strong>si</strong></span> <span class='ocrx_word' id='word_1_932' title='bbox 3373 5450 3478 5504; x_wconf 89' lang='lat' dir='ltr'><strong>hoc</strong></span> <span class='ocrx_word' id='word_1_933' title='bbox 3530 5447 3671 5519; x_wconf 79' lang='lat' dir='ltr'><strong>quod</strong></span> 
     </span>
    </p>
   </div>
   <div class='ocr_carea' id='block_1_116' title="bbox 2089 5539 3673 5613">
    <p class='ocr_par' dir='ltr' id='par_1_116' title="bbox 2089 5539 3673 5613">
     <span class='ocr_line' id='line_1_116' title="bbox 2089 5539 3673 5613; baseline -0.005 -14"><span class='ocrx_word' id='word_1_934' title='bbox 2089 5543 2314 5599; x_wconf 84' lang='lat' dir='ltr'><strong>Latinus</strong></span> <span class='ocrx_word' id='word_1_935' title='bbox 2357 5544 2651 5613; x_wconf 88' lang='lat' dir='ltr'><strong>interpres,</strong></span> <span class='ocrx_word' id='word_1_936' title='bbox 2690 5560 2708 5593; x_wconf 76' lang='grc' dir='ltr'>σ</span> <span class='ocrx_word' id='word_1_937' title='bbox 2747 5556 3003 5605; x_wconf 89' lang='lat' dir='ltr'><strong>recurro,</strong></span> <span class='ocrx_word' id='word_1_938' title='bbox 3042 5561 3060 5593; x_wconf 72' lang='grc' dir='ltr'><strong>ι</strong></span> <span class='ocrx_word' id='word_1_939' title='bbox 3103 5542 3315 5611; x_wconf 90' lang='lat' dir='ltr'><strong>posuit,</strong></span> <span class='ocrx_word' id='word_1_940' title='bbox 3366 5556 3474 5594; x_wconf 84' lang='lat' dir='ltr'><strong>non</strong></span> <span class='ocrx_word' id='word_1_941' title='bbox 3501 5539 3673 5608; x_wconf 80' lang='lat' dir='ltr'><strong>magis</strong></span> 
     </span>
    </p>
   </div>
   <div class='ocr_carea' id='block_1_117' title="bbox 2094 5633 3670 5709">
    <p class='ocr_par' dir='ltr' id='par_1_117' title="bbox 2094 5633 3670 5709">
     <span class='ocr_line' id='line_1_117' title="bbox 2094 5633 3670 5709; baseline -0.003 -19"><span class='ocrx_word' id='word_1_942' title='bbox 2094 5655 2114 5690; x_wconf 83' lang='grc'><strong><em>‹</em></strong></span> <span class='ocrx_word' id='word_1_943' title='bbox 2159 5653 2439 5709; x_wconf 89' lang='lat' dir='ltr'><strong>percurro,</strong></span> <span class='ocrx_word' id='word_1_944' title='bbox 2476 5657 2494 5688; x_wconf 73' lang='grc' dir='ltr'><strong>ι</strong></span> <span class='ocrx_word' id='word_1_945' title='bbox 2528 5635 2610 5690; x_wconf 88' lang='lat' dir='ltr'><strong>vel</strong></span> <span class='ocrx_word' id='word_1_946' title='bbox 2647 5654 2665 5686; x_wconf 72' lang='grc' dir='ltr'><strong>ι</strong></span> <span class='ocrx_word' id='word_1_947' title='bbox 2700 5650 2934 5690; x_wconf 85' lang='lat' dir='ltr'><strong>excurro</strong></span> <span class='ocrx_word' id='word_1_948' title='bbox 2970 5654 2987 5687; x_wconf 75' lang='grc' dir='ltr'><strong>ι</strong></span> <span class='ocrx_word' id='word_1_949' title='bbox 3021 5633 3306 5689; x_wconf 88' lang='lat' dir='ltr'><strong>dicendum</strong></span> <span class='ocrx_word' id='word_1_950' title='bbox 3341 5641 3445 5695; x_wconf 86' lang='lat' dir='ltr'><strong>est,</strong></span> <span class='ocrx_word' id='word_1_951' title='bbox 3480 5633 3525 5686; x_wconf 91' lang='lat' dir='ltr'><strong>si</strong></span> <span class='ocrx_word' id='word_1_952' title='bbox 3570 5633 3670 5685; x_wconf 89' lang='lat' dir='ltr'><strong>hoc</strong></span> 
     </span>
    </p>
   </div>
   <div class='ocr_carea' id='block_1_118' title="bbox 2070 5724 3687 5805">
    <p class='ocr_par' dir='ltr' id='par_1_118' title="bbox 2070 5724 3687 5805">
     <span class='ocr_line' id='line_1_118' title="bbox 2070 5724 3687 5805; baseline -0.004 -21"><span class='ocrx_word' id='word_1_953' title='bbox 2070 5731 2386 5802; x_wconf 28' lang='lat' dir='ltr'><strong>,potestdiei</strong></span> <span class='ocrx_word' id='word_1_954' title='bbox 2412 5728 2789 5802; x_wconf 66' lang='lat' dir='ltr'><strong>quoaleecus</strong></span> <span class='ocrx_word' id='word_1_955' title='bbox 2812 5727 2971 5782; x_wconf 86' lang='lat' dir='ltr'><strong>habet</strong></span> <span class='ocrx_word' id='word_1_956' title='bbox 2997 5728 3280 5805; x_wconf 68' lang='grc' dir='ltr'><strong>ἀποτρέπω,</strong></span> <span class='ocrx_word' id='word_1_957' title='bbox 3305 5740 3496 5782; x_wconf 82' lang='lat' dir='ltr'><strong>omnes</strong></span> <span class='ocrx_word' id='word_1_958' title='bbox 3522 5724 3687 5798; x_wconf 21' lang='lat' dir='ltr'><strong>enim.</strong></span> 
     </span>
    </p>
   </div>
  </div>
