3996 6176
256 244 433 345 μοι’

1164 285 1513 344 COMMENT.
1557 288 1622 342 IN
1658 288 1915 345 LIBRUM
1954 291 2192 350 JOSUE.
2232 326 2301 337 —-
2338 296 2464 352 LIB.
2502 299 2586 356 III.

3369 310 3509 381 nos

250 406 597 493 percurrunt,
622 399 706 454 vel
738 405 1034 493 excurrunt
1056 399 1217 493 hujus
1243 401 1366 493 vitm
1395 401 1534 493 viam
1556 441 1570 464 ,
1597 416 1717 455 cum
1757 402 1824 493 ad
1852 406 1898 466 Α
1933 420 1952 453 ι
1996 404 2174 473 pulus,
2196 414 2252 461 et
2279 408 2355 463 ait
2377 410 2444 465 ad
2466 409 2628 466 Josue
2655 429 2668 465 :
2700 411 2856 469 Absit
2880 426 2911 469 a
2948 416 3104 473 nobis
3144 426 3201 473 ut
3233 418 3509 493 relinquite

251 493 370 565 ejus
399 490 561 547 ﬁnem
597 492 962 563 pervenerint.
992 490 1099 546 Sed
1128 491 1253 560 quia
1294 491 1396 546 hoc
1425 492 1649 545 verbum
1690 492 1829 561 posi-

249 592 368 639 tum
414 591 501 639 est
542 583 635 638 ubi
678 591 930 653 parentes
964 582 1225 637 Rebecca)
1258 582 1446 637 dicunt
1494 583 1563 638 ad
1612 598 1827 638 servum

247 672 485 729 Abrahae
517 688 532 728 :
582 690 601 725 ι
636 673 775 729 Ecce
816 671 1092 737 Rebecca;
1140 672 1434 741 accipiens,
1464 688 1688 727 recurre
1722 691 1735 726 :
1772 682 1827 728 et

249 765 324 820 sit
349 779 489 819 uxor
508 762 713 823 domini
741 762 816 816 tui
849 779 862 814 :
907 781 927 815 ι
958 761 1078 816 ideo
1103 769 1158 816 et
1202 762 1293 816 hic
1336 762 1410 816 ita
1458 762 1562 826 hoc
1602 763 1826 817 verbum

248 853 665 921 interpretatum
696 858 798 905 est.

322 938 472 1011 (CAP.
500 938 674 1010 xxxv.)
719 957 739 992 ι
782 939 908 994 Haac
945 939 1074 995 dicit
1113 939 1372 995 Dominus
1420 940 1562 995 Deus
1604 940 1766 996 Israel
1810 960 1822 995 :
1894 961 1899 966 ·

214 1012 227 1015 ⁷
253 1048 275 1083 ι
321 1028 495 1084 Trans
515 1027 738 1083 fluvium
759 1028 1141 1084 habitaverunt
1164 1038 1347 1101 patres
1366 1031 1531 1087 vestri
1553 1031 1622 1086 ab
1647 1032 1824 1098 initio,

253 1139 275 1174 ι
321 1120 501 1177 Thare
537 1129 693 1191 pater
728 1121 1001 1176 Abraham
1038 1132 1093 1177 et
1118 1122 1363 1189 Nachor;
1414 1124 1827 1196 servieruntque

250 1231 272 1269 ι
315 1212 421 1267 diis
444 1212 658 1267 alienis.
687 1211 809 1275 Tuli
852 1226 984 1283 ergo
1022 1222 1234 1285 patrem
1269 1222 1508 1269 vestrum
1549 1215 1822 1282 Abraham

251 1324 273 1367 ι
317 1306 383 1361 de
406 1304 810 1375 Mesopotamiae
832 1304 1048 1371 ﬁnibus,
1072 1315 1128 1361 et
1152 1306 1349 1367 adduxi
1387 1322 1509 1363 eum
1537 1307 1591 1363 in
1620 1315 1825 1363 terram

248 1415 272 1454 ςι
313 1395 603 1462 Chanaan,
651 1415 671 1449 ι
731 1406 837 1451 etc.
898 1395 1050 1472 Quod
1098 1396 1449 1469 Septuaginta
1502 1398 1825 1469 interpretes

244 1489 450 1547 habent
481 1505 495 1541 :
535 1506 554 1539 ι
599 1487 669 1543 Et
705 1488 973 1557 assumpsi
1020 1496 1232 1559 patrem
1268 1498 1509 1544 vestrum
1547 1489 1822 1545 Abraham

248 1597 271 1632 ι
316 1580 384 1635 de
426 1587 580 1634 trans
620 1576 839 1644 ﬁumen,
860 1588 918 1634 et
952 1580 1148 1645 deduxi
1195 1595 1321 1636 eum
1364 1581 1419 1636 in
1456 1595 1672 1635 omnem
1717 1589 1824 1655 ιρι-τ

251 1686 271 1723 ι
313 1679 450 1724 ram.
500 1688 520 1721 ι
563 1667 945 1739 lnterpretatio
970 1684 1090 1740 qua:
1117 1677 1200 1725 est
1225 1684 1292 1725 ex
1326 1668 1585 1736 Hebraeo,
1608 1671 1774 1727 habet
1804 1689 1817 1724 :

1936 514 1955 546 ‹
1999 512 2120 552 mus
2148 496 2457 567 Dominum,
2481 510 2535 557 et
2558 503 2857 560 serviamus
2879 506 2983 563 diis
3004 508 3217 565 alienis.
3245 511 3508 579 Dominus

1934 604 1952 637 ι
1996 587 2140 644 Deus
2167 597 2352 645 noster
2378 592 2493 661 ipse
2537 593 2723 649 eduxit
2749 610 2870 662 nos,
2895 605 2950 652 et
2983 606 3166 668 patres
3193 596 3409 661 nostros
3437 606 3509 671 de

1934 695 1953 729 ι
1998 685 2142 733 terra
2164 677 2403 751 Egypti,
2428 681 2495 737 de
2516 684 2675 739 ilomo
2695 685 2994 754 servitutis,
3024 686 3257 759 fecitque
3279 693 3509 754 videnti-

1933 786 1952 820 ι
1994 770 2094 824 bus
2118 764 2275 826 nobis
2298 771 2448 842 signa
2478 771 2737 844 ingentia,
2761 782 2817 836 et
2844 778 3135 839 custodivit
3162 795 3263 837 nos
3283 782 3340 851 in
3358 784 3507 856 omni

1932 879 1952 914 ι
1993 863 2077 916 via
2112 878 2210 932 per
2237 878 2398 933 quam
2428 867 2842 936 ambulavimus,
2874 880 2931 927 et
2964 872 3019 928 in
3056 876 3266 932 cunctis
3294 879 3509 950 populis

1932 969 1951 1005 ι
1991 967 2091 1021 per
2114 967 2249 1022 quos
2277 955 2665 1019 transivimus:
2697 966 2751 1013 et
2777 960 2936 1031 ejecit
2961 964 3245 1027 universas
3293 978 3502 1041 gentes,

1930 1059 1950 1092 ι
1989 1041 2367 1099 Amorrhaeum
2388 1046 2748 1107 habitatorem
2779 1058 2938 1108 terrae
2965 1070 3128 1124 quam
3155 1072 3257 1113 nos
3278 1058 3509 1117 intravi-

1930 1148 1949 1183 ι
1994 1147 2133 1187 mus.
2167 1131 2481 1191 Serviemus
2515 1136 2683 1207 igitur
2703 1138 2953 1209 Domino,
2968 1144 3092 1213 quia
3120 1145 3235 1216 ipse
3255 1154 3339 1202 est
3362 1148 3506 1209 Deus

1929 1241 1949 1277 ι
1993 1232 2196 1283 noster.
2222 1225 2476 1296 Dixitque
2501 1225 2664 1283 Josue
2690 1228 2756 1283 ad
2784 1231 3035 1301 populum
3069 1252 3081 1287 :
3113 1232 3230 1290 Non
3254 1238 3505 1306 poteritis
3534 1278 3553 1285 ς

1929 1331 1948 1365 ι
1993 1314 2198 1370 servire
2246 1313 2521 1372 Domino:
2564 1317 2708 1376 Deus
2767 1320 2913 1375 enim
2966 1331 3188 1381 sanctus
3241 1332 3298 1380 et
3346 1325 3505 1388 fortis

1929 1420 1948 1453 ι
1988 1404 2270 1459 aemulator
2295 1413 2398 1471 est,
2421 1421 2522 1462 nec
2544 1408 2788 1479 ignoscet
2808 1409 3105 1473 sceleribus
3123 1416 3319 1472 vestris
3338 1427 3505 1488 atque

1929 1511 1948 1544 ι
1990 1495 2250 1563 peccatis.
2300 1493 2359 1550 Si
2405 1497 2724 1554 dimiseritis
2770 1501 3056 1557 Dominum
3106 1511 3161 1559 et
3206 1507 3505 1572 servieritis

1927 1597 1947 1631 ι
1991 1580 2095 1636 diis
2117 1581 2332 1649 alienis,
2358 1594 2639 1641 convertet
2667 1602 2747 1654 se,
2769 1596 2823 1641 et
2846 1587 3041 1659 adliget
3061 1606 3161 1647 vos
3190 1600 3354 1664 atque
3375 1596 3503 1652 sub-

1928 1686 1947 1723 ι
1989 1679 2183 1737 vertet,
2208 1680 2328 1731 etc:
2363 1693 2382 1726 ι
2420 1674 2560 1743 Quid
2587 1684 2670 1732 est
2704 1678 2847 1748 quod
2886 1680 3021 1735 dixit
3047 1679 3206 1738 Jesus
3244 1686 3313 1739 ad
3332 1699 3504 1760 popu-

249 1778 269 1814 ι
314 1760 384 1815 Ει
409 1760 593 1815 induxi
620 1775 742 1815 eum
766 1760 821 1823 in
848 1767 1054 1816 terram
1080 1760 1359 1815 Chanaan.
1403 1780 1424 1814 ι
1468 1761 1662 1816 Mirum
1691 1776 1821 1832 ergo
1848 1761 1895 1820 B
1922 1760 2031 1817 lum
2060 1780 2073 1816 :
2102 1762 2216 1818 Non
2247 1766 2507 1835 poteritis
2530 1769 2735 1826 servire
2764 1770 3013 1840 Domino,
3044 1775 3172 1844 quia
3193 1776 3336 1835 Deus
3377 1794 3503 1834 san-

240 1853 290 1908 si
343 1851 695 1924 Septuaginta
738 1867 839 1922 pro
895 1871 915 1901 σ
959 1861 1106 1908 terra
1159 1852 1450 1919 Chanaan,
1524 1873 1543 1908 ι
1606 1870 1823 1910 omnem

244 1954 447 2001 terram
474 1960 674 2015 ponere
693 1944 1012 2009 voluerunt;
1040 1944 1143 1999 nisi
1167 1944 1440 2001 intuentes
1456 1946 1819 2016 prophetiam,

239 2047 303 2094 ut
330 2038 505 2109 magis
525 2053 594 2093 ex
618 2030 980 2108 promissione
1014 2036 1110 2091 Dei
1146 2047 1401 2107 tanquam
1429 2036 1632 2093 factum
1680 2039 1824 2094 acci-

237 2128 458 2201 piatur,
488 2127 634 2198 quod
662 2128 966 2183 certissime
1016 2126 1258 2191 futurum
1302 2128 1357 2183 in
1404 2127 1621 2184 Christo
1662 2139 1719 2184 et
1766 2130 1823 2185 in

240 2219 484 2276 Ecclesia
522 2217 989 2289 praenuntiabatur
1020 2236 1033 2272 :
1065 2219 1209 2288 quod
1254 2225 1337 2274 est
1390 2234 1579 2274 verum
1636 2235 1822 2276 semen

238 2309 504 2374 Abrahae,
529 2324 636 2364 nou
678 2308 733 2363 in
777 2306 904 2363 ﬁliis
940 2307 1158 2372 carnis,
1189 2308 1285 2363 sed
1326 2307 1383 2363 in
1417 2306 1546 2365 ﬁliis
1588 2309 1823 2380 promis-

238 2403 410 2458 sionis

310 2491 491 2564 (Imm)
525 2510 546 2543 ι
592 2491 998 2564 Transistisque
1037 2488 1355 2558 Iordanem,
1381 2502 1438 2547 et
1480 2492 1708 2549 venistis
1752 2492 1822 2546 ad

243 2600 263 2634 c
308 2580 1059 2652 Jericho,pugnaveruntque
1099 2589 1291 2641 contra
1333 2596 1429 2638 vos
1455 2582 1555 2637 viri
1582 2583 1823 2639 civitatis

242 2692 264 2725 ι
307 2671 449 2742 ejus,
491 2692 511 2726 ι
554 2681 610 2727 et
657 2671 887 2743 reliqua.
930 2672 999 2726 Et
1040 2672 1377 2728 bellaverunt
1427 2674 1685 2730 adversus
1723 2690 1822 2730 vos

233 2765 330 2836 qui
364 2765 687 2827 habitabant
734 2763 988 2823 Iericho:
1021 2765 1189 2835 quaeri
1235 2772 1413 2835 potest
1454 2767 1723 2837 quomodo
1768 2767 1821 2822 id

239 2876 430 2917 verum
463 2860 553 2924 sit,
579 2875 704 2915 cum
737 2858 938 2915 clausis
962 2858 1136 2936 portis
1179 2873 1238 2920 se
1281 2872 1560 2913 murorum
1614 2858 1821 2913 ambitu

238 2953 618 3009 tantummodo
641 2959 941 3008 tuerentur.
984 2950 1093 3006 Sed
1127 2958 1276 3006 recte
1316 2950 1519 3006 dictum
1564 2958 1668 3017 est,
1691 2950 1817 3021 quia

1924 1860 2045 1908 ctus
2074 1854 2195 1908 est?
2229 1853 2310 1908 An
2339 1856 2467 1925 quia
2501 1857 2646 1917 illius
2673 1861 2945 1916 sanctitati
2971 1864 3211 1933 perfecta
3240 1869 3503 1923 servitute

1923 1944 2157 2012 quodam
2190 1946 2350 2000 modo
2375 1938 2768 2017 contemperari
2800 1950 3048 2008 humanae
3087 1954 3367 2026 fragilitati
3397 1959 3503 2013 im-

1920 2034 2177 2104 possibile
2200 2036 2320 2091 est?
2341 2035 2460 2104 Quo
2488 2037 2692 2104 audito,
2716 2039 2804 2097 isti
2832 2056 2939 2096 non
2966 2042 3139 2105 solum
3163 2044 3280 2113 ejus
3300 2046 3502 2118 eligere

1922 2125 2262 2192 servitutem,
2277 2127 2371 2181 sed
2397 2127 2561 2182 etiam
2580 2128 2648 2184 de
2667 2129 2936 2197 adjutorio
2958 2132 3076 2202 ejus
3103 2142 3159 2189 et
3185 2136 3502 2192 misericors

1925 2213 2010 2267 dia
2033 2229 2363 2284 praesumere
2394 2216 2724 2285 debuerunt;
2759 2234 2921 2291 quam
2968 2221 3058 2278 ille
3109 2221 3373 2281 intellexit
3407 2228 3501 2297 qui

1922 2305 2060 2359 dixit
2088 2305 2143 2359 in
2170 2307 2415 2386 psalmo;
2464 2326 2483 2360 ι
2529 2308 2607 2365 Ne
2629 2309 2800 2366 intres
2820 2311 2874 2365 in
2899 2312 3163 2387 judicium
3190 2331 3314 2371 cum
3343 2333 3503 2375 servo

1928 2412 1946 2446 ι
1993 2403 2105 2460 tuo,
2122 2396 2248 2466 quia
2273 2412 2377 2462 non
2392 2394 2787 2465 justifieabitur
2810 2399 2866 2455 in
2891 2410 3182 2473 conspectu
3215 2413 3303 2461 tuo
3323 2407 3503 2471 omnis

1927 2505 1947 2544 ι
1988 2487 2176 2554 vivens
2215 2487 2388 2561 (Paul.
2431 2491 2621 2560 exui).
2672 2510 2691 2543 ι
2735 2491 2827 2547 Isti
2876 2501 3057 2549 autem
3103 2496 3171 2551 de
3217 2512 3277 2553 se
3323 2498 3531 2569 potius,

1919 2593 2248 2649 praesumere
2269 2580 2610 2650 delegerunt,
2635 2583 2779 2653 quod
2810 2582 2922 2640 Deo
2966 2596 3189 2657 possent
3229 2588 3349 2654 sine
3391 2590 3502 2659 ulla

1919 2672 2217 2729 offensione
2243 2674 2471 2738 servire,
2504 2684 2564 2729 ut
2582 2676 2696 2745 jam
2727 2684 2854 2732 tunc
2897 2678 3202 2748 inciperent
3245 2681 3389 2751 quod
3434 2682 3504 2737 de

1920 2762 2028 2818 illis
2074 2764 2341 2833 expressit
2382 2764 2674 2835 Apostolus
2723 2783 2737 2819 :
2791 2784 2812 2818 ι
2855 2767 3171 2837 Ignorantes
3206 2754 3354 2824 enim
3403 2769 3505 2830 Dei
3541 2807 3545 2810 ~

1915 2851 2207 2922 justitiam,
2234 2859 2290 2906 et
2319 2867 2471 2906 suam
2499 2853 2743 2909 volentes
2777 2856 3129 2922 constituere,
3148 2858 3378 2928 justitia:
3405 2859 3505 2927 Dei

1920 2956 2027 2995 non
2060 2949 2186 2995 sunt
2219 2939 2445 3009 subjecti
2496 2940 2675 3014 (Rom.
2705 2940 2782 3017 x).
2820 2964 2839 2997 ι
2881 2944 2960 3010 Ita
3000 2945 3080 3015 eis
3102 2945 3218 3015 jam
3248 2948 3336 3014 lex
3370 2951 3501 3017 sub-

230 3053 291 3105 et
317 3044 572 3105 claudere
595 3044 881 3102 adversum
911 3044 1120 3098 hostem
1142 3049 1351 3115 portas,
1372 3042 1439 3097 ad
1469 3041 1666 3096 bellum
1695 3056 1820 3112 per-
1846 3094 1889 3119 η
1923 3029 2179 3095 intrabat.
2208 3038 2269 3084 υῐ
2319 3031 2622 3094 abundaret
2665 3031 2942 3101 delictum,
2973 3044 3029 3091 et
3073 3045 3261 3114 postea
3306 3055 3502 3119 super:

237 3137 394 3203 tinet,
420 3151 527 3191 non
556 3136 701 3191 enim
740 3136 1008 3192 miserunt
1051 3094 1258 3205 legatos
1288 3135 1381 3203 qui
1406 3094 1819 3204 poscerentrpa-
1845 3094 1890 3156 Ο
1923 3119 2223 3175 abundaret
2259 3122 2433 3192 gratia
2472 3137 2571 3192 per
2598 3123 2884 3178 Dominum
2913 3094 3207 3192 ChriSlum.
3236 3129 3330 3203 qui
3372 3094 3503 3201 huis

234 3242 377 3287 cem.
408 3226 564 3282 Unde
604 3227 651 3283 si
681 3226 885 3281 dictum
904 3233 1049 3282 esset
1076 3243 1090 3279 :
1116 3225 1500 3296 Pugnaverunt
1534 3224 1820 3279 adversum

235 3332 363 3379 vos,
414 3315 608 3371 falsum
655 3324 836 3380 esset,
881 3331 1056 3388 neque
1098 3315 1241 3370 enim
1288 3314 1486 3369 bellum
1538 3315 1821 3369 continuas

235 3422 447 3480 pugnas
490 3407 694 3473 habet,
741 3408 835 3465 sed
890 3407 1181 3477 aliquando
1224 3406 1472 3471 crebras,
1531 3405 1821 3475 aliquando

237 3512 426 3563 raras,
459 3496 751 3566 aliquando
796 3495 986 3550 nullas.
1036 3494 1244 3551 Bellum
1287 3503 1369 3550 est
1398 3504 1575 3549 tamen
1603 3493 1823 3563 quando

235 3597 323 3645 est
349 3586 748 3658 quodammodo
767 3595 975 3641 armata
1004 3586 1288 3644 dissensio.

309 3680 488 3752 (Ιιιιυ.)
529 3698 550 3731 ι
595 3678 824 3747 Misique
848 3685 974 3731 ante
1003 3692 1100 3733 vos
1125 3678 1421 3737 crabrones
1439 3716 1452 3741 ,
1482 3684 1538 3731 et
1561 3675 1695 3753 ejeci
1723 3688 1818 3731 eos

241 3790 262 3824 ι
310 3771 377 3827 de
402 3770 535 3825 locis
559 3769 690 3834 suis,
724 3769 967 3837 duosque
1012 3781 1170 3837 reges
1206 3767 1643 3822 Amorrhaeorum
1663 3806 1678 3831 ,
1712 3780 1819 3820 non

242 3881 262 3914 ι
310 3863 363 3916 ἰιι
390 3860 568 3931 gladio
595 3867 653 3914 et
688 3873 819 3920 arcu
856 3866 952 3913 tuo
993 3871 1008 3911 :
1048 3857 1280 3927 dedique
1323 3856 1478 3911 vobis
1521 3864 1722 3911 terram
1765 3855 1819 3909 in

242 3972 262 4004 ε
310 3968 418 4022 qua
456 3966 563 4005 non
590 3949 896 4015 laborastis,
919 3956 973 4004 et
998 3948 1162 4003 urbes
1192 3963 1330 4019 quas
1357 3963 1464 4003 non
1488 3946 1816 4019 mdiﬁcastis,

242 4061 263 4094 ι
310 4052 371 4096 ιιι
395 4040 716 4095 habitaretis
752 4039 805 4093 in
832 4040 944 4103 eis,
977 4038 1165 4099 vineas
1210 4046 1265 4093 et
1312 4037 1507 4092 oliveta
1550 4053 1670 4107 qua:
1710 4052 1818 4098 non

244 4154 263 4186 ι
309 4134 618 4203 plantastis,
650 4152 668 4184 ι
712 4140 768 4187 et
785 4132 1013 4201 reliqua.
1034 4131 1169 4198 Quid
1191 4139 1275 4185 est
1294 4130 1435 4201 quod
1459 4130 1601 4184 inter
1625 4137 1818 4184 caetera

237 4242 363 4297 quae
403 4224 561 4281 Jesus
603 4224 750 4279 Nave
799 4239 928 4294 erga
974 4223 1249 4278 Israelitas
1299 4223 1586 4278 Dominum
1626 4222 1819 4276 fecisse

236 4325 651 4382 commemorat,
675 4317 806 4371 dicit
839 4335 851 4369 :
894 4315 1038 4371 Misit
1070 4325 1197 4372 ante
1223 4332 1319 4371 vos
1346 4332 1539 4386 vespas
1568 4324 1622 4370 et
1660 4314 1819 4382 ejecit

1921 3219 2006 3267 est
2027 3212 2161 3283 legis
2186 3213 2538 3283 adjustitiam
2559 3216 2706 3269 omni
2729 3216 2990 3271 credenti.
3021 3218 3198 3291 (Ιιιιυ.)
3231 3239 3251 3273 ι
3289 3217 3501 3299 Testes,

1928 3321 1945 3352 ι
1990 3302 2187 3373 inquit,
2220 3318 2315 3359 vos
2345 3304 2498 3370 estis,
2530 3306 2656 3374 quia
2694 3306 2796 3375 ipsi
2834 3308 2988 3363 vobis
3017 3309 3292 3381 elegeritis
3319 3312 3504 3370 Domit-

1928 3414 1946 3445 ι
1993 3412 2121 3449 num
2170 3406 2230 3450 ut
2278 3397 2529 3453 serviatis
2580 3398 2652 3453 ci.
2699 3399 3251 3473 Responderuntque,
3294 3405 3502 3471 Testes.

1926 3503 1944 3535 ι
1990 3484 2147 3539 Nune
2170 3501 2318 3555 ergo,
2350 3486 2446 3553 ait,
2476 3486 2683 3542 auferte
2711 3489 2841 3542 deos
2872 3490 3078 3555 alienos
3108 3492 3174 3546 de
3200 3495 3377 3561 medio
3405 3512 3501 3551 ve-

1926 3595 1945 3626 (
1991 3576 2113 3641 stri,
2145 3585 2200 3631 et
2224 3576 2479 3631 inclinate
2501 3577 2666 3631 corda
2699 3586 2883 3640 vestra
2914 3579 2982 3632 ad
3009 3580 3297 3644 Dominum
3328 3583 3501 3639 Deum

1914 3685 1944 3719 οι
1990 3667 2175 3732 Israel,
2216 3686 2234 3719 ι
2280 3677 2335 3722 et
2360 3668 2585 3737 reliqua.
2619 3667 2760 3735 Quid
2786 3678 2868 3733 est
2902 3670 3045 3738 quod
3074 3670 3151 3734 ait
3180 3671 3320 3726 idem
3344 3671 3502 3730 Jesus

1919 3762 2146 3832 loquens
2183 3765 2251 3817 ad
2296 3760 2570 3837 populum,
2601 3760 2667 3824 Et
2710 3776 2853 3815 nunc
2892 3761 3099 3816 circum
3129 3761 3337 3817 auferte
3371 3764 3504 3819 deos

1919 3854 2124 3910 alienos
2147 3854 2237 3923 qui
2267 3853 2467 3909 suntin
2492 3854 2667 3918 vobis,
2691 3861 2746 3907 et
2769 3852 2988 3926 dirigite
3014 3854 3177 3923 corda
3217 3865 3399 3911 vestra
3430 3856 3500 3921 ad

1918 3946 2205 4001 Dominum
2234 3945 2402 4001 Deum
2430 3944 2624 4004 Israel?
2649 3943 2767 4013 Non
2794 3945 2939 4013 enim
2980 3948 3231 4017 credendi
3257 3957 3383 4015 sunt
3408 3948 3503 4003 ad,—

1919 4039 2024 4093 hue
2054 4038 2308 4105 habuisse
2335 4038 2476 4115 apud
2504 4053 2563 4099 se
2584 4036 2763 4113 aliqua
2784 4038 3025 4108 gentium
3054 4039 3361 4105 simulacra,
3378 4054 3503 4093 cum

1919 4132 2165 4206 superius
2185 4147 2373 4186 eorum
2406 4130 2768 4187 obedientiam
2795 4131 3167 4199 prtedicaverit
3196 4150 3209 4183 :
3243 4138 3337 4185 aut
3367 4145 3496 4184 vero

1918 4222 1961 4277 si
2013 4223 2297 4287 haberent,
2328 4229 2453 4291 post
2503 4229 2683 4277 tantas
2729 4222 2862 4291 legis
2908 4221 3384 4286 eomminationes,
3410 4220 3497 4275 illa

1914 4325 2012 4365 eos
2038 4326 2301 4380 prospera
2328 4320 2704 4380 sequerentur,
2728 4326 2850 4365 cum
2876 4312 2955 4366 sic
2981 4311 3032 4365 in
3055 4326 3149 4366 eos
3170 4312 3500 4367 vindicatum

238 4425 333 4465 eas
361 4425 392 4463 a
436 4408 575 4464 facie
617 4417 825 4473 vestra;
880 4410 1023 4479 quod
1062 4410 1225 4463 etiam
1258 4409 1310 4469 in
1347 4409 1485 4463 libro
1526 4408 1816 4476 Sapientia:
1844 4431 1895 4490 Ι)
1921 4402 2009 4466 sit,
2040 4402 2184 4471 quod
2199 4416 2344 4490 unus
2371 4417 2558 4455 eorum
2589 4401 2656 4456 de
2677 4402 3022 4456 anathemate
3045 4401 3245 4456 furtum
3273 4401 3497 4465 fecerz‘t,

237 4501 439 4572 legitur
465 4501 602 4571 (cap.
626 4499 749 4569 xu),
786 4515 886 4557 nec
914 4509 1092 4554 tamen
1126 4499 1340 4568 uspiam
1382 4497 1586 4555 factum
1614 4511 1735 4554 esse
1763 4499 1815 4552 in

239 4593 330 4647 his
359 4607 478 4663 qua:
511 4601 663 4663 gesta
710 4599 835 4646 sunt
880 4591 1184 4645 invenitur?
1238 4590 1320 4645 An
1372 4590 1514 4645 forte
1555 4591 1819 4646 translato

238 4684 409 4737 verbo
432 4697 625 4751 vespas
651 4680 878 4751 intelligi
907 4681 1079 4736 voluit
1107 4682 1402 4739 acerrimos
1436 4681 1647 4737 timoris
1692 4700 1819 4738 acu—

241 4774 397 4839 leos,
454 4774 650 4843 quibus
707 4773 1101 4842 quodammodo
1145 4772 1454 4828 volantibus
1510 4773 1817 4829 rumoribus

239 4854 633 4937 pungebantur,
662 4873 719 4919 ut
750 4863 1015 4935 fugerent,
1044 4870 1137 4919 aut
1164 4879 1354 4919 aereos
1382 4865 1600 4934 spiritus
1628 4866 1813 4920 occul-

241 4967 347 5020 tos,
377 4957 520 5026 quod
569 4958 621 5011 in
670 4955 879 5026 psalmo
926 4955 1077 5019 dicit,
1115 4972 1133 5005 ι
1177 4970 1276 5024 per
1301 4956 1521 5023 angelos
1550 4956 1817 5027 malignos

241 5043 414 5117 (Ρδαι.
442 5043 665 5116 Lxxvn).
689 5065 707 5097 ›
725 5043 841 5099 Nisi
870 5042 1009 5099 forte
1036 5044 1156 5115 quis
1178 5044 1338 5105 dicat,
1355 5058 1461 5097 nou
1486 5044 1667 5099 omnia
1698 5061 1818 5115 quae

239 5135 384 5190 facta
414 5143 539 5190 sunt
570 5150 692 5189 esse
717 5133 1055 5203 conscripta;
1084 5139 1138 5186 et
1162 5132 1264 5184 hoc
1292 5147 1507 5202 quoque
1531 5133 1818 5190 visibiliter

239 5226 465 5289 factum,
493 5234 554 5279 ut
588 5240 744 5279 veras
772 5239 961 5293 vespas
990 5223 1120 5277 velit
1147 5222 1389 5291 intelligi.

315 5317 492 5389 (1310.)
530 5336 548 5367 ι
594 5318 785 5387 Eligite
812 5318 970 5371 hodie
992 5314 1134 5384 quod
1168 5314 1344 5383 placet
1372 5314 1459 5369 cui
1490 5316 1690 5371 servire
1714 5331 1812 5385 po-

246 5427 267 5462 ς
309 5410 580 5465 tissimum
623 5408 890 5470 debeatis;
941 5416 1120 5461 utrum
1159 5406 1262 5460 diis
1289 5406 1485 5475 quibus
1512 5407 1819 5462 servierunt

249 5519 271 5556 ι
313 5510 497 5574 patres
545 5500 709 5553 vestri
751 5499 803 5552 in
840 5498 1321 5568 Mesopotamia,au
1348 5498 1450 5554 diis
1475 5498 1817 5553 Amorrhreo-

250 5609 271 5645 ι
316 5606 461 5655 rum,
494 5590 551 5643 in
600 5603 829 5658 quorum
874 5596 1014 5642 terra
1062 5590 1336 5644 habitatis.
1379 5588 1492 5658 Ego
1539 5597 1717 5643 autem
1764 5598 1819 5644 et

252 5699 275 5739 ι
315 5684 510 5739 domus
536 5692 655 5733 mea
683 5681 978 5737 serviemus
1007 5681 1255 5737 Domino.
1290 5680 1689 5753 Responditque
1725 5696 1821 5764 po-

1927 4490 2169 4560 Denique
2191 4487 2358 4545 Iacob
2389 4490 2525 4544 dixit
2554 4490 2658 4545 hoc
2679 4491 2758 4545 eis
2782 4490 2873 4560 qui
2904 4506 3025 4546 cum
3051 4490 3143 4545 illo
3168 4490 3412 4546 exierant
3434 4492 3501 4547 de

1926 4580 2329 4651 Mesopotamia,
2358 4581 2449 4635 ubi
2476 4581 2555 4636 sic
2582 4582 2721 4637 idola
2764 4582 3101 4649 colebantur,
3128 4591 3187 4636 ut
3215 4589 3270 4637 et
3297 4582 3500 4649 Rachel

1922 4681 2146 4743 paterna
2176 4672 2447 4727 furaretur
2472 4672 2622 4744 (Gen.
2653 4673 2826 4746 xxxi).
2850 4674 2956 4729 Sed
2983 4682 3106 4744 post
3130 4674 3275 4739 illam
3308 4677 3497 4732 admo-

1922 4768 2184 4822 nitionem
2210 4766 2398 4833 Iacob,
2431 4768 2690 4822 dederunt
2720 4783 2839 4838 qua:
2870 4767 3138 4823 habebant
3178 4785 3190 4821 :
3224 4769 3367 4824 unde
3409 4786 3501 4842 ap,

1922 4858 2102 4929 paruit
2128 4858 2232 4913 hoc
2260 4859 2339 4913 eis
2370 4858 2444 4918 ita
2478 4857 2678 4921 dictum
2704 4872 2855 4925 esse,
2888 4857 3016 4928 quia
3047 4857 3256 4921 sciebat
3283 4872 3379 4914 eos
3402 4860 3500 4914 ha—

1921 4954 2049 5008 bere
2072 4950 2159 5006 ille
2188 4952 2279 5024 qui
2316 4952 2542 5007 dixerat.
2569 4950 2722 5005 Nunc
2744 4965 2874 5005 vero
2909 4960 3031 5020 post
3073 4949 3216 5006 hanc
3258 4951 3499 5006 admonie

1923 5045 2126 5099 tionem
2153 5043 2281 5099 Jesu
2309 5043 2455 5098 Nave
2482 5042 2664 5098 nullus
2706 5043 2813 5098 tale
2856 5042 3059 5113 aliquid
3098 5043 3345 5115 protulit.
3386 5043 3498 5098 Nec

1922 5145 2103 5190 tamen
2130 5136 2425 5205 putandum
2447 5142 2530 5190 est
2559 5136 2662 5190 hoc
2687 5134 2834 5189 illum
2866 5134 3102 5195 inaniter
3145 5134 3495 5204 przccepisse;

1921 5243 2029 5283 non
2078 5228 2223 5281 enim
2276 5227 2390 5281 ait:
2419 5226 2486 5280 Et
2508 5242 2649 5281 nunc
2680 5224 2890 5281 auferte
2920 5227 3049 5281 deos
3087 5225 3291 5278 alienos
3324 5222 3370 5276 si
3404 5222 3497 5290 qui
3601 5218 3611 5228 '

1922 5327 2046 5374 sunt
2095 5318 2149 5371 in
2193 5318 2375 5383 vobis;
2435 5318 2528 5372 sed
2575 5317 2794 5371 omnino
2848 5324 3104 5385 tanquam
3153 5312 3331 5367 sciens
3352 5325 3497 5380 esse,

1927 5429 1945 5462 ι
1992 5412 2082 5482 qui
2108 5420 2252 5475 sunt,
2286 5431 2304 5463 ι
2341 5410 2533 5479 inquit,
2568 5428 2587 5460 ι
2620 5410 2675 5463 in
2699 5408 2876 5463 vobis.
2922 5426 2941 5458 ι
2980 5404 3214 5460 Proinde
3235 5402 3499 5471 propheta

1925 5510 2147 5555 sanctus
2176 5500 2231 5553 in
2262 5500 2515 5555 cordibus
2544 5514 2734 5554 eorum
2775 5511 2896 5552 esse
2926 5493 3183 5549 cernebat
3213 5491 3501 5561 cogitatio:

1924 5605 2021 5645 nes
2064 5590 2129 5644 de
2173 5588 2314 5653 Deo,
2341 5588 2543 5643 alienas
2575 5602 2605 5641 a
2635 5587 2765 5651 Deo,
2790 5592 2846 5637 et
2873 5584 3015 5650 ipsas
3049 5578 3374 5635 admonebat
3406 5593 3502 5646 ait:

1924 5681 2075 5738 ferri.
2107 5680 2360 5751 Quisquis
2386 5680 2533 5736 enim
2560 5678 2722 5734 talem
2750 5673 2955 5742 cogitat
2985 5671 3156 5727 Deum
3183 5669 3360 5751 qualis
3387 5684 3498 5741 p99
