4000 6186
476 298 616 354 ίιῡὸ

1116 291 1178 343 Β.
1219 286 1469 345 ΠᾹΒΔΝΙ
1509 285 1726 342 ΜᾹΕΒΙ
1764 281 2059 337 ARCHIEP

2174 277 2426 333 OGUNT.
2469 272 2752 331 OPERUM
2792 270 2970 328 PARS
3000 271 3042 327 ι.

3582 264 3742 322 ΗΜ

476 425 559 469 est
592 416 750 475 Deus,
774 406 1009 463 alienum
1043 405 1211 459 Deum
1240 405 1424 472 utique
1452 410 1507 456 et
1535 401 1727 454 falsum
1763 400 1817 453 in
1841 396 2048 466 cogita-
2079 398 2126 456 Α
2154 393 2244 462 qui
2284 391 2443 446 cultri
2476 389 2673 458 petrini
2721 402 2844 442 cum
2890 387 2979 440 illo
3025 393 3188 439 etiam
3235 379 3428 451 sepulti
3481 389 3644 447 sunt,
3680 390 3747 435 ut

479 506 625 559 tione
650 505 848 572 portat.
874 495 1005 563 Quis
1040 503 1122 547 est
1166 503 1345 546 autem
1386 493 1478 560 qui
1523 491 1603 545 sic
1644 489 1845 558 cogitet
1890 488 2057 540 Deum

478 589 927 665 quemadmodum
952 585 1038 639 ille
1063 585 1181 639 est?
1210 583 1287 637 Ac
1318 598 1414 653 per
1439 582 1541 636 hoc
1572 575 2059 647 relinquetur-ﬁde-

478 685 620 737 libus
666 677 899 749 quandiu
945 675 1324 745 peregrinatur
1382 686 1412 724 a
1464 671 1714 731 Domino,
1762 666 1975 720 auferre
2026 679 2056 717 a

477 773 639 829 corde
695 783 792 824 suo
833 766 1092 820 irruentia
1139 779 1272 816 vana
1304 763 1701 832 phantasmata,
1724 774 1843 829 quae
1882 772 1940 812 se
1965 771 2051 810 co-

477 859 775 932 gitantihus
814 857 1085 925 ingerunt,
1110 853 1257 906 velut
1301 852 1424 906 talis
1473 858 1565 904 aut
1606 851 1728 905 talis
1772 850 1843 923 sit
1889 848 2055 911 Deus,

477 951 654 1022 qualis
680 949 863 1016 utique
905 961 1009 999 non
1036 953 1147 1009 est,
1179 951 1233 996 et
1262 942 1495 1012 dirigere
1522 956 1616 995 cor
1642 942 1711 994 ad
1741 940 1892 994 illum
1923 938 2057 992 ﬁde-

470 1042 628 1101 liter;
666 1048 723 1091 ut
752 1035 1203 1106 quemadmodum
1231 1042 1286 1087 et
1308 1041 1569 1101 quantum
1609 1031 1764 1084 nobis
1803 1028 2058 1098 expedire

478 1133 647 1196 novit,
687 1131 799 1199 ipse
847 1142 904 1181 se
949 1127 1187 1180 insinuet
1234 1139 1331 1194 per
1376 1122 1637 1193 Spiritum
1680 1135 1859 1183 suum,
1886 1119 2054 1172 donec

478 1228 790 1276 assumatur
818 1229 976 1269 omne
1025 1213 1395 1277 mendacium;
1457 1211 1598 1263 unde
1648 1209 1850 1263 dictum
1903 1215 1986 1261 est
2042 1224 2054 1258 :

487 1330 503 1360 ι
548 1307 737 1365 Omnis
758 1307 919 1360 homo
962 1302 1188 1357 mendax
1223 1298 1393 1371 (Psal.
1427 1296 1574 1368 cxv).
1622 1318 1639 1349 ι
1685 1297 1751 1350 Et
1790 1303 2058 1371 transacta

481 1416 585 1454 non
624 1396 795 1451 solum
822 1393 983 1463 impia
1012 1391 1273 1456 falsitate,
1301 1404 1484 1443 verum
1513 1389 1675 1442 etiam
1702 1388 1818 1456 ipso
1844 1385 2060 1455 speculo
2088 1390 2093 1395 '

481 1497 537 1543 et
564 1487 872 1555 aenigmate,
900 1481 1036 1535 facie
1062 1481 1129 1534 ad
1157 1480 1349 1533 faciem
1378 1491 1790 1548 cognoscamus,
1822 1475 1963 1528 sicut
2005 1482 2060 1528 et

482 1577 685 1649 cogniti
739 1590 957 1639 sumus;
1014 1571 1466 1642 quemadmodum
1516 1566 1804 1637 Apostolus
1860 1565 1993 1620 dicit
2042 1582 2055 1616 :

489 1691 507 1723 ι
554 1671 811 1727 Videmus
838 1683 980 1722 nunc
1016 1680 1111 1736 per
1158 1663 1433 1735 speculum
1478 1660 1531 1714 in
1580 1659 1888 1729 aanigmatc,
1931 1665 2057 1711 tunc

2157 481 2479 552 profundum
2510 481 2823 550 mysterium
2859 478 3297 531 demonstrarent
3336 471 3576 541 posteris
3607 484 3743 542 pro-

2158 570 2417 624 futurum.
2448 567 2540 622 Sic
2564 582 2692 636 ergo
2720 575 2774 620 et
2818 565 2979 619 istum
3029 562 3281 632 lapidem’,
3307 574 3617 631 quanquam
3652 558 3744 615 Vi-

2157 661 2388 716 sibiliter
2415 667 2700 722 statutum,
2731 654 3047 726 Spiritaliter
3087 653 3349 707 debemus
3394 651 3645 718 accipere
3678 649 3735 704 in

2157 750 2520 806 testimonium
2572 746 2813 802 futurum
2853 744 3053 797 ludatis
3095 741 3433 804 inﬁdelibus,
3478 741 3582 794 hoc
3629 748 3737 803 est,

2157 842 2569 905 mentientibus,
2616 840 2681 894 de
2719 838 2916 907 quibus
2961 836 3091 890 dicit
3134 834 3423 903 psalmus:
3464 850 3483 882 ε
3526 830 3742 884 Inimici

2158 933 2367 987 Domini
2397 932 2605 986 mentiti
2633 938 2761 984 sunt
2783 929 2832 983 ei
2861 924 3031 999 (Psal.
3064 924 3249 995 LXXX).
3298 944 3316 975 ι
3360 923 3549 991 Neque
3591 921 3742 974 enim

2157 1026 2357 1078 frustra
2390 1038 2510 1076 cum
2535 1024 2645 1090 jam
2680 1021 2773 1074 Dei
2806 1018 3036 1072 famulus
3066 1016 3297 1086 Moyses,
3325 1015 3409 1068 vel
3434 1014 3615 1083 potius
3641 1026 3743 1082 per

2159 1130 2282 1169 eum
2306 1115 2447 1167 Deus
2463 1112 2814 1181 disposuisset
2829 1110 2894 1162 ad
2919 1107 3172 1179 populant
3198 1114 3581 1161 testamentum
3594 1104 3744 1173 quod

2161 1205 2214 1258 in
2261 1219 2386 1257 arca
2437 1209 2576 1266 erat,
2619 1215 2739 1269 qum
2775 1199 2920 1252 dicta
2965 1206 3046 1250 est
3076 1210 3202 1249 arca
3234 1194 3572 1258 testamenti,
3599 1204 3652 1245 et
3686 1193 3741 1245 in

2159 1294 2313 1351 libris
2355 1294 2487 1363 legis
2530 1299 2679 1346 tanta
2726 1297 3190 1344 sacramentorum
3239 1295 3294 1340 et
3347 1295 3743 1354 praeceptorum

2161 1383 2556 1453 multiplicitate
2579 1381 2922 1449 conscriptis,
2962 1387 3142 1432 tamen
3185 1378 3347 1432 etiam
3402 1377 3492 1430 hic
3535 1377 3742 1430 dictum

2160 1483 2261 1540 est,
2299 1493 2317 1525 ι
2363 1473 2641 1544 Disposuit
2668 1470 2824 1526 Jesus
2851 1472 2917 1526 ad
2951 1469 3206 1540 populum
3253 1477 3641 1522 testamentum
3685 1468 3741 1520 in

2161 1564 2247 1619 die
2296 1562 2406 1617 illa.
2447 1582 2466 1615 ι
2503 1561 2774 1631 Repetitio
2811 1561 3007 1630 quippe
3059 1559 3365 1613 testamenti
3399 1558 3610 1613 Novum
3641 1559 3747 1613 Te-

2159 1660 2490 1710 stamentum
2523 1651 2810 1722 signiﬁcat,
2839 1650 2981 1721 quod
3012 1648 3281 1720 signiﬁcat
3318 1656 3374 1703 et
3400 1650 3733 1703 Deuterono—

484 1772 664 1818 autem
698 1760 835 1814 facie
861 1759 927 1814 ad
965 1755 1191 1820 faciem;
1240 1768 1380 1808 nunc
1424 1751 1536 1805 scio
1584 1764 1650 1803 ex
1692 1757 1845 1818 parte
1869 1788 1885 1813 ,
1930 1756 2057 1801 tunc
2084 1739 2132 1798 B
2158 1744 2347 1808 mium,
2371 1742 2515 1812 quod
2546 1742 2934 1810 interpretatur
2963 1739 3196 1795 secunda
3247 1739 3351 1805 lex,
3381 1739 3525 1810 quod
3568 1739 3743 1807 signi-

483 1862 662 1909 autem
677 1864 995 1921 cognoscam
1016 1847 1153 1901 sicut
1168 1852 1223 1900 et
1237 1844 1482 1915 cognitus
1504 1856 1622 1897 sum
1651 1839 1701 1912 (I
1727 1837 1848 1894 Cor.
1866 1836 2010 1909 χιιι.)
2036 1858 2052 1890 ›

1067 1973 1291 2029 CAPUT
1335 1970 1450 2027 XVI

483 2095 562 2150 De
581 2110 641 2149 eo
658 2092 801 2164 quod
827 2087 1078 2164 percussit
1101 2085 1266 2164 Josue
1288 2083 1455 2164 {trdits
1475 2097 1655 2164 gerunt
1666 2082 1890 2164 Demitto
1903 2079 1958 2132 in
1977 2077 2063 2160 Si-

553 2148 720 2226 rlten't,
743 2148 1055 2230 scripsitque
1089 2156 1263 2209 omnia
1288 2148 1445 2230 uerba
1474 2152 1681 2221 [aderis
1700 2222 1709 2230 .
1729 2153 1785 2204 in
1807 2148 2063 2230 columine

554 2233 682 2302 legis
709 2218 804 2285 Dei
836 2218 883 2284 ἐι
907 2218 1079 2299 ρόειιὶε
1118 2241 1273 2306 super
1295 2218 1520 2306 lapidein
1541 2222 1792 2306 grandem
1815 2228 1861 2273 et
1888 2218 2065 2273 subter

555 2291 802 2374 quercum
840 2291 956 2370 qua:
991 2306 1100 2352 erat
1128 2291 1504 2348 itz'sanctttario
1530 2291 1760 2344 Domini.

558 2393 737 2466 (iam)
784 2410 801 2442 ι
842 2388 1117 2446 Percussit
1141 2386 1306 2458 igitur
1332 2383 1494 2439 Josue
1534 2382 1588 2435 in
1618 2381 1703 2435 die
1740 2378 1831 2434 illo
1856 2377 2060 2443 fortius;

492 2502 513 2537 ι
558 2482 839 2555 proposuit
884 2479 1081 2550 populo
1117 2483 1390 2548 przecepta
1433 2482 1594 2542 atque
1635 2469 1839 2539 judicia
1886 2469 1940 2523 in
1979 2468 2067 2521 Si-

491 2592 513 2627 ι
558 2574 713 2628 ehem
749 2589 761 2623 :
796 2569 1121 2640 scripsitque
1162 2565 1344 2621 omnia
1370 2562 1533 2617 verba
1563 2560 1676 2614 haec
1711 2559 1764 2612 in
1797 2555 2065 2612 volumine

492 2686 510 2719 ι
555 2665 689 2737 legis
714 2663 808 2718 Dei
843 2680 855 2716 :
888 2669 943 2716 et
966 2659 1087 2713 tulit
1115 2656 1347 2727 lapidem
1373 2652 1725 2724 pergrandem
1744 2689 1759 2715 ,
1780 2648 2064 2720 posuitque

492 2778 511 2810 ι
554 2735 679 2812 eum
710 2753 891 2810 subter
918 2763 1176 2820 quercum
1216 2761 1336 2816 quae
1369 2744 1567 2799 eratin
1601 2738 1910 2795 sanctuario
1945 2735 2062 2799 Dei,

495 2868 514 2903 ι
561 2859 616 2905 et
646 2847 781 2903 dixit
817 2845 886 2901 ad
914 2857 1127 2899 omnem
1170 2837 1424 2911 populum
1459 2854 1471 2889 :
1510 2834 1589 2888 En
1638 2831 1771 2902 lapis
1819 2829 1917 2883 iste
1959 2826 2066 2880 erit

494 2961 512 2992 ι
562 2940 711 2995 vobis
748 2938 800 2992 in
843 2932 1233 2997 testimonium,
1262 2927 1406 2999 quod
1433 2923 1667 2980 audierit
1693 2920 1872 2976 omnia
1901 2917 2066 2972 verba

494 3052 512 3084 ι
565 3029 778 3085 Domini
811 3041 930 3097 qua:
955 3025 1165 3080 locutus
1189 3028 1273 3076 est
1300 3018 1474 3082 vobis,
1501 3031 1568 3070 ne
1591 3013 1730 3068 forte
1755 3019 1939 3081 postea
1973 3022 2067 3062 ne-

2160 1834 2324 1888 ﬁcant
2350 1842 2406 1887 et
2429 1831 2701 1903 prioribus
2721 1830 3013 1886 contractis
3035 1829 3223 1883 tabula
3251 1837 3541 1884 renovatae.
3560 1828 3745 1882 Multis

2160 1925 2306 1980 enim
2332 1922 2508 1978 modis
2535 1920 2947 1991 signiﬁcandum
2973 1918 3115 1990 quod
3160 1935 3268 1974 uno
3309 1917 3470 1973 modo
3513 1917 3744 1987 implen—

2161 2014 2291 2069 dum
2322 2013 2440 2068 fuit.
2490 2012 2609 2068 Jam
2644 2027 2772 2067 vero
2819 2006 3110 2081 quod‘sult
3160 2009 3468 2065 terebintho
3508 2018 3745 2064 statutus

2161 2113 2242 2161 est
2269 2104 2436 2174 lapis,
2463 2105 2564 2159 hoc
2610 2102 2879 2175 signiﬁcat
2929 2102 3073 2173 quod
3120 2103 3268 2172 virga
3306 2101 3375 2155 ad
3423 2111 3632 2171 petram
3684 2111 3745 2156 ut

2162 2214 2300 2269 aqua
2328 2195 2639 2268 proﬁueret,
2671 2195 2797 2265 quia
2825 2210 3000 2264 neque
3035 2195 3124 2249 hic
3159 2196 3277 2248 sine.
3320 2193 3467 2265 ligno
3506 2201 3746 2249 statutus

2162 2288 2432 2359 estlapis.
2472 2288 2597 2343 ldeo
2623 2296 2804 2342 autem
2852 2288 3058 2350 subter,
3108 2287 3233 2355 quia
3288 2300 3396 2339 non
3451 2283 3640 2339 fuisset
3688 2285 3743 2337 in

2163 2393 2323 2434 cruce
2347 2377 2636 2441 exaltatus,
2664 2378 2767 2431 nisi
2797 2376 3101 2431 humilitate
3135 2373 3408 2443 subjectus
3440 2392 3452 2427 :
3488 2374 3573 2428 vel
3600 2373 3747 2444 quod

2164 2468 2255 2523 illo
2300 2477 2542 2537 tempore
2585 2466 2729 2537 quod
2777 2466 2831 2520 id
2883 2465 3120 2520 faciebat
3165 2462 3324 2518 Jesus
3370 2462 3540 2526 Nave,
3569 2463 3746 2518 adhuc

2163 2559 2592 2615 obumbrandum
2633 2558 2950 2629 mysterium
3000 2556 3122 2612 fuit.
3178 2556 3495 2611 Terebintlti
3540 2555 3748 2625 lignum

2164 2647 2538 2703 medicinalem
2566 2646 2861 2718 lacrymam
2881 2647 3131 2710 exsudat,
3147 2660 3267 2715 quae
3283 2645 3443 2700 arbor
3465 2660 3497 2698 a
3518 2643 3749 2713 Septua-

2165 2740 2314 2811 ginta
2345 2738 2730 2808 interpretibus
2756 2738 2859 2792 hoc
2888 2736 3007 2792 loco
3041 2737 3219 2807 posita
3249 2743 3351 2801 est,
3385 2735 3634 2805 quamvis
3657 2748 3749 2788 se-

2165 2830 2401 2882 cundum
2428 2826 2563 2881 alios
2594 2827 2917 2895 interpretes
2942 2841 3176 2895 quercus
3200 2825 3430 2895 legatur.

2236 2918 2412 2990 (ltum)
2457 2936 2475 2968 ι
2524 2918 2843 2988 Dimisitque
2872 2917 3126 2987 populum
3151 2917 3396 2987 singulos
3432 2916 3488 2972 in
3532 2931 3751 2986 posses-

2173 3026 2192 3059 ‹
2239 3010 2449 3065 sionem
2486 3024 2663 3083 suam.
2709 3028 2728 3061 ι
2766 3007 2960 3062 Mirum
2998 3016 3085 3064 est
3118 3023 3248 3065 sane
3293 3008 3436 3079 quod
3471 3007 3666 3063 saltem
3694 3008 3751 3061 in

490 3143 509 3174 ι
556 3137 685 3194 gare
708 3080 904 3182 velitis,
928 3124 985 3171 et
1013 3112 1231 3169 mentiri
1278 3109 1505 3165 Domino
1553 3106 1665 3160 Deo
1694 3109 1895 3158 vestro.
1934 3120 1953 3151 ι
1995 3099 2061 3152 Et
2092 3080 2135 3142 (ἶ
2169 3098 2478 3152 nevissimis
2500 3080 2620 3152 suis
2644 3097 2847 3162 verbis,
2874 3098 3073 3167 quibus
3093 3097 3349 3168 populum
3370 3097 3643 3153 allocutus
3665 3106 3755 3150 est

490 3191 757 3285 disposuit
798 3210 955 3265 Jesus
976 3213 1357 3262 testamentum
1382 3200 1448 3255 ad
1471 3196 1722 3268 populum
1752 3194 1804 3247 in
1835 3192 1926 3247 illo
1943 3191 2063 3285 ‘die,

492 3313 548 3359 et
576 3280 726 3357 dedit
751 3299 824 3356 illi
851 3299 1025 3368 legem
1052 3303 1106 3349 et
1126 3292 1388 3364 judicium
1418 3289 1472 3342 in
1498 3286 1630 3346 Silo.
1662 3297 1843 3338 coram
1886 3280 2068 3334 taber-

493 3390 685 3446 naculo
712 3386 924 3443 Domini
954 3384 1048 3438 Dei
1078 3379 1278 3445 Israel;
1332 3389 1389 3434 et
1429 3375 1648 3446 scripsit
1672 3372 1833 3428 verba
1870 3371 1983 3424 inec
2012 3369 2066 3422 in

493 3481 634 3535 libro
671 3477 804 3549 legis
834 3474 930 3529 Dei
957 3494 970 3528 :
1001 3481 1052 3529 et
1084 3470 1294 3540 accepit
1318 3468 1549 3538 lapidem
1577 3477 1852 3533 magnum,
1874 3469 1927 3515 et
1957 3468 2068 3514 sta-

494 3571 597 3625 tuit
623 3568 770 3623 illum
798 3564 956 3621 Jesus
993 3563 1094 3619 sub
1131 3560 1437 3617 terebintho
1487 3563 1613 3611 ante
1660 3553 1966 3609 Dominum.
1998 3550 2067 3604 Et

490 3661 629 3717 dixit
674 3657 831 3715 Iesus
874 3657 943 3711 ad
990 3652 1246 3725 populum
1278 3665 1293 3704 :
1322 3650 1462 3705 Ecce
1490 3647 1626 3715 lapis
1654 3645 1755 3699 iste
1780 3634 1884 3698 erit
1912 3641 2067 3696 vobis
2092 3694 2114 3710 ,

490 3753 543 3807 in
573 3749 960 3811 testimonium,
986 3745 1112 3816 quia
1153 3743 1241 3797 hic
1272 3739 1476 3795 audivit
1523 3737 1701 3792 omnia
1751 3749 1872 3804 qua:
1919 3731 2065 3786 dicta

490 3853 614 3899 sunt.
641 3856 671 3894 a
695 3839 944 3901 Domino,
966 3847 1300 3906 qutecunque
1324 3831 1534 3887 locutus
1553 3835 1635 3882 est
1658 3827 1726 3881 ad
1745 3840 1839 3880 vos
1865 3824 2024 3879 hodie
2048 3839 2061 3875 :

486 3941 541 3991 et
562 3932 653 3986 hic
671 3930 776 3985 erit
800 3928 951 3982 vobis
975 3926 1030 3980 in
1051 3922 1417 3979 testimonium
1440 3921 1494 3974 in
1528 3916 1836 3973 nevissimis
1856 3914 2062 3976 diebus,

484 4041 611 4083 cum
637 4021 845 4078 mentiti
887 4017 1096 4073 fueritis
1123 4013 1353 4068 Domino
1379 4012 1491 4066 Deo
1521 4016 1721 4063 vestro.
1746 4004 1871 4059 Haec
1906 4003 2067 4057 verba

487 4117 581 4189 qui
610 4129 715 4169 non
746 4112 798 4166 in
829 4106 1114 4179 superﬁcie
1141 4113 1347 4160 tantum
1373 4102 1629 4163 audiunt,
1667 4098 1761 4154 sed
1793 4096 2066 4164 aliquanto

488 4208 649 4263 altius
685 4207 1121 4274 perscrutantur,
1148 4208 1487 4267 nequaquam
1520 4199 1730 4269 tantum
1753 4190 1928 4245 virum
1958 4196 2065 4241 tam

488 4297 831 4365 insipientem
857 4299 1050 4361 putare
1072 4289 1290 4351 debent,
1314 4292 1375 4339 ut
1401 4283 1563 4340 verba
1590 4281 1684 4337 Dei
1710 4296 1828 4350 quae
1856 4280 2068 4334 locutus

489 4397 574 4443 est
604 4385 818 4457 populo,
862 4383 1155 4438 inanimem
1190 4379 1417 4450 lapidem
1448 4376 1663 4431 audisse
1711 4372 2000 4430 crediderit
2047 4388 2059 4423 :

489 4476 581 4548 qui
608 4475 821 4530 etiamsi
842 4474 910 4527 ab
941 4470 1151 4526 artiﬁce
1176 4469 1231 4523 in
1257 4468 1490 4525 hominis
1519 4464 1919 4521 similitudinem
1947 4460 2062 4517 effi-

492 4567 667 4637 giatus
691 4571 856 4628 esset,
886 4563 1028 4617 inter
1064 4560 1184 4615 illos
1210 4559 1398 4628 utique
1438 4558 1807 4626 deputaretur,
1840 4553 1913 4611 de,
1956 4551 2070 4621 qui-

493 4659 596 4712 bus
625 4657 680 4711 in
712 4655 920 4726 psalmo
946 4652 1163 4709 canitur
1194 4665 1207 4704 :
1245 4668 1263 4700 t
1293 4649 1468 4703 Aures
1502 4648 1721 4708 habent,
1746 4650 1799 4697 et
1828 4657 1935 4696 non
1982 4657 2072 4694 au-

491 4747 644 4802 dient
681 4744 862 4819 (Psal.
887 4760 1016 4799 cxnt
1035 4741 1073 4814 ).
1108 4760 1126 4794 ι
1155 4740 1340 4810 Neque
1363 4738 1506 4794 enim
1534 4734 1674 4789 idola
1707 4732 1947 4804 gentium
1977 4746 2071 4784 au-

490 4863 611 4902 rum
635 4856 690 4902 et
715 4853 996 4916 argentum
1021 4842 1132 4898 sola
1159 4857 1265 4896 non
1292 4839 1609 4901 audiunt,et
1636 4834 1680 4888 si
1708 4833 1913 4902 lapidea
1938 4830 2068 4895 sint,

495 4938 741 4992 audiunt.
774 4936 880 4989 Sed
907 4950 1004 5003 per
1032 4935 1176 4989 hunc
1201 4931 1436 5001 lapidem
1467 4927 1712 4999 profecto
1734 4925 1881 4979 illum
1910 4923 2070 4994 signi—

492 5027 678 5084 ﬁcavit
697 5024 787 5096 qui
815 5024 915 5078 fuit
944 5025 1081 5093 lapis
1103 5022 1415 5079 oll'ensionis
1453 5036 1559 5075 non
1590 5015 1934 5073 credentibus
1976 5015 2071 5069 Ju-

494 5119 643 5183 dzeis,
670 5128 724 5172 et
750 5123 903 5185 petra
946 5115 1216 5177 scandali;
1268 5113 1359 5183 qui
1408 5128 1531 5166 cum
1576 5109 1956 5180 reprobaretur
2000 5107 2068 5162 ab

448 5282 459 5287 ί
493 5206 905 5270 aediﬁcantibus,
937 5202 1110 5257 factus
1133 5210 1217 5257 est
1241 5202 1293 5256 in
1317 5210 1479 5269 caput
1501 5199 1714 5270 anguli;
1746 5213 1904 5267 quem
1929 5212 2068 5265 pra:—

496 5297 745 5369 ﬁguravit
768 5305 821 5352 et
838 5296 927 5350 illa
950 5302 1098 5365 petra
1119 5308 1238 5363 qua:
1265 5300 1448 5363 potum
1471 5290 1672 5345 sitienti
1701 5288 1897 5359 populo
1924 5288 2067 5357 ligno

495 5405 755 5461 percussa
790 5388 1057 5462 profudit;
1107 5389 1171 5443 de
1196 5403 1300 5457 qua
1330 5386 1459 5441 dicit
1492 5384 1824 5455 Apostolus;
1845 5402 1863 5433 ι
1910 5382 2070 5436 Bibe-

496 5482 630 5537 bant
649 5492 828 5537 autem
860 5482 925 5537 de
954 5479 1181 5551 spiritali
1204 5487 1567 5550 consequente
1600 5491 1695 5531 eos
1724 5482 2067 5545 petra,petra

500 5582 680 5627 autem
707 5582 825 5628 erat
866 5572 1112 5627 Christus
1152 5570 1202 5644 (I
1232 5569 1353 5625 Cor.
1385 5568 1462 5641 χ).
1504 5589 1522 5620 ι
1556 5567 1725 5639 Unde,
1746 5574 1802 5622 et
1839 5565 2071 5621 cultellis

500 5663 726 5731 petriuis
749 5663 1001 5731 populum
1034 5661 1372 5718 etreumcidit
1401 5661 1502 5715 iste
1539 5659 1733 5714 ductor
1768 5655 2017 5727 egregius
2053 5672 2063 5706 :

2091 4425 2140 4482 Ι)

2166 3190 2329 3246 Josue
2378 3190 2539 3244 homo
2575 3188 2691 3254 Dei,
2721 3188 2855 3242 nihil
2883 3203 2976 3257 eos
3016 3188 3352 3259 objurgavit,
3382 3203 3451 3243 ex
3499 3203 3566 3243 eo
3608 3185 3751 3256 quod

2166 3280 2250 3334 his
2278 3279 2526 3348 gentibus
2545 3286 2903 3348 pepercerunt
2928 3294 3063 3349 quas
3084 3279 3344 3333 Dominus
3366 3293 3542 3347 usque
3570 3279 3637 3331 ad
3672 3278 3756 3331 in-

2166 3373 2536 3428 ternecionem
2583 3387 2708 3427 cum
2750 3372 3092 3428 anathemate
3133 3372 3439 3442 perdendas
3468 3376 3591 3426 esse
3616 3386 3753 3440 pra:-

2167 3462 2329 3531 cepit.
2355 3462 2447 3516 Sic
2469 3461 2613 3515 enim
2642 3470 2728 3516 est
2755 3462 3046 3531 scriptum:
3086 3480 3103 3512 ι
3141 3462 3207 3515 Ει
3237 3460 3441 3516 factum
3472 3468 3581 3525 est,
3607 3466 3754 3530 post-

2167 3568 2329 3622 quam
2361 3551 2702 3606 invaluernnt
2732 3550 2825 3605 ﬁlii
2853 3551 3038 3617 lsrael,
3067 3560 3123 3607 et
3148 3551 3395 3607 fecerunt
3417 3550 3757 3605 Chananaeos

2168 3642 2496 3704 obedientes,
2527 3642 2852 3696 exterminio
2877 3651 3058 3696 autem
3095 3656 3189 3697 eos
3215 3657 3323 3697 non
3349 3640 3751 3696 exterminave-

2171 3742 2299 3788 runt
2325 3733 2460 3804 (Jos.
2490 3732 2647 3805 xvn).
2691 3753 2709 3785 ι
2741 3732 2878 3787 Nam
2915 3734 3090 3803 primo
3119 3748 3214 3788 eos
3250 3733 3306 3787 id
3346 3748 3454 3786 non
3510 3731 3754 3802 potuisse

2171 3824 2447 3895 Scriptura
2474 3831 2668 3879 testata
2699 3833 2814 3890 est;
2865 3825 2960 3880 sed
2999 3840 3143 3880 nunc
3164 3832 3522 3894 posteaquam
3548 3837 3755 3893 prava-

2167 3916 2406 3980 luerunt,
2436 3916 2508 3969 ita
2533 3922 2592 3968 ut
2614 3914 2855 3970 facerent
2876 3915 3255 3979 obaudientes,
3282 3915 3428 3984 quod
3449 3930 3560 3968 non
3589 3914 3752 3969 etiam

2169 4007 2687 4071 exterminaverunt,
2711 4007 2898 4076 utique
2940 4014 3132 4062 contra
3172 4014 3502 4076 prmceptum
3543 4002 3756 4059 Domini

2169 4100 2369 4155 factum
2401 4108 2506 4163 est,
2528 4101 2669 4169 quod
2699 4115 2803 4157 non
2826 4108 2908 4155 est
2931 4102 3182 4170 cuiquam
3211 4100 3412 4156 factum
3445 4114 3569 4153 cum
3598 4096 3758 4151 Jesus

2170 4192 2469 4246 exercitum
2497 4192 2736 4246 duceret.
2779 4191 2889 4248 Cur
2915 4208 3045 4264 ergo
3074 4209 3181 4249 non
3210 4209 3305 4248 eos
3337 4191 3649 4261 objurgavit
3679 4190 3756 4243 al-

2171 4279 2439 4333 locutione
2480 4280 2791 4345 novissima,
2832 4284 2976 4350 quod
3015 4283 3068 4336 in
3109 4283 3212 4336 hoc
3242 4280 3455 4336 Domini
3484 4288 3755 4349 praecepta

2171 4369 2538 4440 neglexerint?
2565 4368 2648 4423 An
2680 4370 2819 4425 forte
2845 4372 2985 4440 quod
3007 4373 3158 4442 prius
3184 4373 3320 4427 dixit
3347 4350 3441 4425 eos
3472 4369 3754 4439 Scriptura

2171 4475 2277 4514 non
2328 4462 2596 4530 potuisse,
2624 4466 2810 4530 utique
2853 4472 3139 4532 antequam
3180 4462 3561 4532 praevalerent,
3589 4461 3755 4515 etiam

2172 4568 2293 4607 cum
2343 4553 2751 4623 prmvaluissent
2796 4555 3041 4609 timuisse
3063 4554 3316 4609 credendi
3349 4562 3499 4616 sunt,
3523 4569 3594 4607 ne
3616 4551 3757 4606 forte

2172 4649 2377 4717 paratis
2397 4649 2615 4704 obedire
2647 4647 2689 4702 si
2712 4661 2937 4717 parcere
2957 4645 3279 4709 noluissent,
3307 4644 3489 4697 acrius
3529 4658 3624 4697 eos
3662 4641 3755 4695 atl-

2173 4757 2390 4797 versum
2421 4756 2478 4796 se
2505 4757 2573 4796 ex
2601 4740 2715 4808 ipsa
2764 4738 3137 4806 desperatione
3184 4750 3425 4805 pugnare
3467 4731 3758 4803 compelle-

2174 4843 2315 4899 rent,
2342 4844 2398 4887 et
2425 4848 2518 4887 eos
2549 4846 2806 4901 superare
2855 4845 2961 4883 non
3008 4836 3249 4897 possent.
3301 4826 3458 4880 llunc
3501 4840 3634 4896 ergo
3677 4825 3756 4879 eis

2174 4927 2469 4980 humanum
2531 4924 2779 4977 timorem
2811 4920 3070 4975 Dominus
3115 4918 3285 4973 noluit
3330 4917 3625 4985 imputare,
3654 4915 3755 4970 etsi

2176 5023 2399 5086 apparet
2426 5015 2477 5068 in
2499 5028 2564 5067 eo
2585 5013 2827 5082 qumdam
2855 5009 3186 5065 subdefectio
3210 5008 3356 5071 ﬁdei,
3373 5023 3496 5077 qua:
3525 5007 3572 5062 si
3605 5006 3756 5060 fortis

2175 5107 2229 5161 in
2252 5107 2332 5160 eis
2358 5113 2522 5168 esset,
2546 5120 2609 5159 ea
2631 5111 2986 5172 sequerentur
3027 5114 3147 5170 quae
3194 5100 3366 5167 ipsum
3417 5097 3607 5152 Jesum
3647 5093 3757 5150 bel-

2176 5198 2377 5251 lantem
2408 5205 2591 5251 secuta
2633 5203 2778 5249 sunt.
2812 5192 2946 5258 Quia
2971 5206 3099 5245 vero
3124 5205 3230 5244 non
3260 5189 3313 5242 in
3341 5187 3424 5242 eis
3447 5194 3598 5241 tanta
3624 5186 3754 5240 ﬁdes

2179 5287 2300 5353 fuit,
2328 5288 2489 5341 etiam
2513 5300 2635 5340 eum
2682 5281 3006 5338 adversariis
3040 5280 3154 5335 suis
3196 5277 3635 5349 prter-aluissent,
3660 5290 3754 5345 pu-

2178 5395 2342 5451 gnare
2371 5394 2492 5434 cum
2518 5378 2597 5433 eis
2621 5392 2791 5446 usque
2811 5376 2879 5430 ad
2906 5372 3326 5429 internecionem
3344 5385 3536 5425 eorum
3564 5369 3755 5422 timore

2178 5487 2283 5524 non
2312 5470 2427 5524 ausi
2459 5479 2603 5526 sunt.
2640 5468 2809 5535 Quem
2842 5468 3113 5529 timorem,
3143 5473 3202 5518 ut
3227 5462 3368 5525 dixi,
3400 5476 3512 5516 non
3545 5461 3615 5515 de
3647 5474 3754 5514 tua-

2178 5561 2315 5625 litia,
2348 5575 2522 5628 neque
2569 5559 2632 5613 de
2678 5558 2961 5628 superbia,
3012 5556 3095 5610 vel
3141 5561 3451 5619 contemptu
3497 5548 3751 5619 praecepti

2179 5651 2461 5717 Dentiuiri,
2491 5650 2583 5705 sed
2615 5649 2679 5703 de.
2703 5650 2864 5703 animi
2890 5648 3201 5703 infirmitate
3228 5643 3560 5709 venientem,
3586 5639 3756 5695 noluit
