4000 6186
267 313 398 373 1106
1154 310 1505 371 COMMENT.
1545 310 1614 366 IN
1652 310 1867 366 LIBRUI

1973 305 2172 365 OSUE.
2216 338 2281 347 -—-
2322 306 2447 362 LIB.
2492 308 2577 363 III.
3366 305 3500 365 “06

265 429 348 482 eis
377 425 639 480 Dominus
662 424 948 492 imputare,
974 439 1091 479 cum
1119 424 1199 481 eis
1224 441 1319 495 per
1342 426 1524 480 Iesum
1548 422 1837 478 novissima
1867 428 1915 485 Α
1943 423 2041 487 sia,
2072 424 2211 477 inter
2240 431 2431 477 uetera
2466 423 2642 476 divina
2671 423 2964 476 sanctionis
3000 424 3180 487 verba,
3212 439 3240 475 a
3265 422 3506 476 multitu-

266 516 604 586 loqucretur.
630 512 777 568 Unde
803 522 857 567 et
877 512 1200 582 Apostolus:
1238 532 1255 564 ι
1302 513 1623 574 Alexander,
1644 510 1836 579 inquit,
1936 512 2063 568 diue
2117 513 2348 567 ﬁliorum
2402 513 2773 567 ministrorum
2818 512 3020 567 Christi
3069 515 3122 567 in
3167 524 3507 568 sacramento

260 603 495 657 mrarius
530 601 699 657 multa
728 600 869 653 mala
901 601 1031 655 mihi
1057 603 1322 664 ostendit;
1354 602 1543 656 reddet
1567 600 1638 653 illi
1663 598 1842 653 Domi-
1940 610 2117 663 missa;
2145 626 2157 660 ς
2189 608 2286 662 me
2306 616 2390 662 est
2414 607 2553 661 calix
2580 607 2712 661 Novi
2759 606 3087 683 Τρεωηιοιμί
3119 609 3171 659 in
3225 622 3345 661 meo
3385 622 3509 661 san-

264 707 376 746 nus
405 692 699 744 secundum
743 705 908 760 Opera
954 692 1121 759 ipsius
1164 691 1248 761 (ΙΙ
1280 691 1411 745 Tim.
1440 691 1534 762 IV).
1572 710 1588 742 ι
1626 691 1701 743 De
1737 689 1843 743 illis
1940 699 2122 768 guine,
2146 697 2235 765 qui
2264 712 2360 766 pro
2385 698 2467 750 vo‘
2492 697 2539 750 is
2582 704 2637 748 et
2674 712 2769 764 pro
2800 694 2983 748 multis
3023 694 3398 749 elinndeturin
3427 710 3509 748 re-

266 793 452 836 autem
480 783 567 850 qui
592 798 712 836 eum
735 782 1145 850 periclitantem,
1162 799 1268 836 non
1294 783 1519 847 malitia,
1538 783 1630 836 sed
1655 782 1846 835 timore
1938 789 2253 843 missionem
2276 795 2636 856 peccatorum.
2661 787 2783 840 [lare
2802 785 3227 856 quotiescunque
3252 785 3508 851 feceritis,

270 871 649 935 deseruerant,
673 871 746 923 ita
777 871 987 925 locutus
1010 881 1094 924 est
1119 889 1129 923 :
1168 888 1186 919 ι
1219 871 1273 924 In
1303 872 1476 940 prima
1518 885 1636 924 mea
1662 868 1848 923 defen-
1944 880 2000 934 in
2028 879 2135 934 mei
2158 879 2473 934 memoriam
2502 878 2731 934 facietis,

270 965 428 1017 sione
454 977 611 1016 nemo
659 962 790 1015 mihi
834 960 1025 1026 adfuit,
1055 962 1147 1015 sed
1193 977 1382 1015 omnes
1426 976 1513 1014 me
1554 960 1849 1030 derelique—

274 1063 425 1109 runl.
461 1054 578 1108 Non
609 1053 714 1107 illis
744 1053 1038 1123 imputetur
1063 1052 1274 1125 (Ibid.).
1310 1073 1329 1104 ι

853 1182 1077 1238 CAPUT
1116 1183 1276 1236 XVII.

274 1296 358 1352 De
376 1306 539 1351 morte
558 1295 719 1349 Iosue
745 1304 791 1348 et
814 1294 1080 1363 sepultura
1101 1293 1232 1362 ejus,
1262 1302 1310 1346 et
1337 1294 1400 1346 de
1436 1302 1597 1346 morte
1629 1290 1853 1345 Eleazar

349 1378 399 1420 et
419 1367 683 1435 sepultura
696 1366 842 1434 ejus;
866 1362 955 1417 nec
980 1378 1143 1435 nonet
1164 1364 1231 1435 Vde
1253 1364 1450 1435 ossibus
1472 1362 1663 1435 οδερή
1687 1373 1854 1435 transf

2016 968 2189 1039 (Imm)
2220 985 2239 1018 ι
2275 966 2613 1035 Servivitque
2634 967 2795 1022 Israel
2833 968 3063 1022 Domino
3083 968 3293 1022 cunctis
3319 967 3510 1021 diebus

1954 1074 1973 1109 ι
2017 1055 2197 1121 Iosue,
2216 1065 2270 1110 et
2289 1057 2558 1110 seniorum
2580 1055 2670 1125 qui
2698 1055 2854 1125 longo
2869 1057 3117 1109 vixerunt
3140 1065 3379 1125 tempore
3393 1066 3516 1125 post

1956 1167 1974 1201 ι
2019 1147 2196 1211 Iosue,
2212 1157 2266 1201 et
2287 1149 2376 1216 qui
2398 1156 2658 1202 noverant
2680 1148 2860 1201 omnia
2883 1163 3044 1216 opera
3065 1148 3277 1201 Domini
3303 1163 3423 1216 quae
3446 1147 3519 1201 fe-

1955 1263 1974 1295 c
2019 1252 2166 1298 cerat
2192 1243 2246 1297 in
2274 1242 2454 1297 Israel.
2490 1261 2508 1293 ι
2537 1241 2642 1312 (Ex
2662 1240 3021 1309 Adamantio.)
3054 1242 3244 1294 Beatus
3273 1241 3319 1293 is
3347 1239 3436 1309 qui
3460 1239 3514 1292 in

1951 1334 2139 1388 diebus
2160 1331 2287 1386 Iesu
2316 1331 2483 1384 servit
2502 1331 2744 1393 Domino,
2762 1331 2850 1399 qui
2869 1331 3031 1385 verbo
3052 1338 3106 1384 et
3125 1330 3383 1398 sapientia
3403 1326 3531 1395 ejus

351 1418 563 1488 latisrdc
582 1418 1208 1504 ﬁgi/haemonidean
1241 1432 1465 1492 Sichem,
1494 1418 1719 1504 inparti)
1739 1430 1854 1498 agri
1952 1422 2304 1485 illuminatur,
2319 1421 2408 1491 qui
2431 1421 2714 1489 praeceptis
2735 1418 2851 1487 ejus
2874 1419 3192 1484 illustratur,
3214 1418 3303 1489 qui
3330 1433 3397 1497 ex
3425 1418 3518 1471 do-

349 1522 499 1574 quem
527 1496 909 1574 enteriti'lacob
925 1520 955 1554 α
968 1496 1096 1570 filiis
1126 1496 1320 1555 [lentor
1331 1503 1493 1571 patris
1511 1496 1712 1555 Sir/tem
1734 1496 1855 1552 cen-

352 1573 463 1627 tum
486 1573 694 1626 novellis
724 1574 921 1626 ovibus.
1812 1606 1817 1607 ν

358 1683 533 1754 (Imm)
568 1701 587 1734 ι
632 1681 698 1737 Et
726 1692 846 1751 post
868 1682 983 1737 hac
1007 1689 1249 1737 mortuus
1268 1644 1350 1737 est
1369 1681 1528 1737 Iosue
1552 1682 1691 1736 ﬁlius
1713 1680 1852 1746 Nun,

1953 1514 2123 1568 ctrina
2137 1513 2250 1581 ejus
2262 1512 2426 1580 accipi
2437 1519 2455 1564 t
2466 1511 2647 1583 lumen
2661 1511 2914 1564 scienti-.13.
2940 1508 3185 1564 Secundo
3200 1508 3377 1562 tamen
3399 1507 3516 1560 loco

1953 1615 2008 1659 et
2036 1605 2126 1659 ille
2148 1611 2269 1674 post
2296 1605 2437 1658 hunc
2466 1612 2546 1658 est
2578 1603 2795 1666 beatus,
2824 1603 2912 1670 qui
2941 1603 2992 1655 in
3025 1602 3209 1657 diebus
3246 1600 3515 1655 seniorum

1956 1695 2047 1763 qui
2078 1693 2294 1748 fuerunt
2320 1700 2442 1763 post
2469 1689 2652 1746 I‘esum
2681 1691 2845 1746 servit
2873 1691 3115 1746 Domino.
3148 1689 3401 1743 Seniores
3427 1688 3521 1757 qui

284 1795 310 1826 ‹
360 1791 546 1830 servus
575 1775 806 1836 Domini,
833 1783 1047 1829 centum
1076 1782 1130 1829 et
1159 1775 1343 1829 decem
1371 1789 1631 1827 annorum
1665 1791 1677 1826 :
1702 1788 1854 1842 sepe-

1968 1783 2039 1836 vel
2077 1798 2197 1837 cum
2220 1780 2346 1835 Iesu
2370 1781 2456 1835 vel
2483 1788 2604 1850 post
2638 1778 2818 1834 Iesum
2854 1778 3090 1843 fuerunt,
3123 1779 3213 1847 qui
3257 1786 3382 1832 sunt
3425 1777 3515 1830 alii

287 1885 309 1917 ε
358 1867 658 1935 lieruntque
705 1880 828 1919 eum
877 1865 931 1918 in
980 1865 1178 1919 finibus
1224 1864 1583 1935 possessionis
1630 1856 1856 1928 sure,in

285 1975 310 2007 ε
360 1957 774 2011 Τιιίιηηίιῑιιεῑιτο
792 1996 808 2021 ,
832 1972 951 2025 quze
986 1958 1087 2011 sita
1112 1965 1195 2012 est
1224 1956 1278 2010 in
1311 1965 1493 2011 monte.
1517 1956 1801 2025 Ephraim,
1827 1971 1858 2008 a

284 2064 311 2095 ‹
358 2045 768 2113 septentrionali
808 2054 961 2114 parte
994 2046 1192 2101 montis
1210 2045 1371 2101 Gaas.
1407 2066 1424 2097 ι
1455 2046 1511 2099 In
1540 2046 1859 2114 quibusdam

280 2136 424 2191 vivit
449 2134 620 2197 Iesus,
639 2136 693 2189 in
715 2136 1032 2204 quibusdam
1043 2152 1174 2191 vero
1193 2137 1587 2191 defunctusest.
1612 2136 1670 2190 In
1695 2136 1860 2191 Paulo

282 2228 424 2280 vivit
448 2225 623 2290 Iesus,
640 2235 692 2280 et
716 2228 768 2280 in
793 2226 952 2281 Petro
976 2237 1035 2281 et
1067 2229 1120 2281 in
1150 2227 1255 2282 illis
1279 2228 1529 2282 omnibus
1550 2227 1641 2295 qui
1669 2227 1861 2281 merito

279 2320 513 2384 possunt
560 2313 784 2368 dicere:
828 2332 847 2364 ι
894 2315 1026 2369 Vivo
1070 2324 1269 2380 autem,
1292 2315 1406 2383 jam
1449 2331 1555 2370 non
1584 2330 1705 2385 ego,
1731 2315 1863 2369 vivit

280 2420 418 2458 vero
464 2405 714 2459 Christus
757 2406 811 2458 in
856 2420 943 2459 me
992 2405 1133 2475 (Gal.
1162 2405 1245 2471 ιι).
1301 2407 1427 2461 Mihi
1462 2415 1641 2462 autem
1680 2407 1861 2461 vivere

280 2497 539 2552 Christus
569 2504 672 2559 est,
699 2504 755 2550 et
782 2497 919 2550 mori
946 2495 1584 2569 lucrum(Philipp.t).iIn
1601 2498 1717 2553 istis
1733 2513 1863 2569 ergo

283 2587 493 2641 talibus
520 2583 679 2640 Iesus
705 2583 899 2640 merito
925 2586 1108 2640 vivere
1135 2587 1347 2641 dicitur.
1372 2588 1432 2642 1n
1466 2588 1660 2656 quibus
1681 2594 1863 2641 autem

279 2679 579 2735 defunctus
611 2688 695 2733 est
731 2677 928 2735 Iesus?
977 2679 1033 2734 In
1077 2679 1183 2734 illis
1219 2681 1338 2734 sine
1383 2680 1546 2735 dubio
1584 2679 1677 2749 qui
1723 2693 1866 2748 saepe

284 2771 623 2842 paenitendo,
668 2781 724 2826 et
769 2772 962 2826 iterum
1003 2771 1387 2842 delinquendo,
1411 2772 1558 2827 velut
1606 2770 1866 2826 insultare

286 2864 454 2918 morti
480 2861 608 2917 Iesu
648 2862 921 2927 dicuntur,
940 2864 1004 2918 de
1026 2864 1226 2933 quibus
1248 2863 1494 2919 scribens
1518 2864 1585 2918 ad
1612 2863 1867 2917 Hebraeos

288 2954 429 3007 dicit
443 2953 734 3023 Apostolus
761 2970 774 3006 :
809 2972 828 3003 ι
859 2954 1091 3008 Rursum
1115 2953 1492 3024 crueiﬁgeates
1519 2952 1868 3023 sibimetipsis

287 3044 489 3098 Filium
517 3044 631 3107 Dei,
659 3050 713 3097 et
738 3044 971 3097 ostentui
994 3044 1256 3101 habentes
1281 3043 1466 3115 (Hebr.
1495 3044 1593 3115 vr).
1633 3063 1651 3096 ι
1684 3043 1790 3098 Sed
1813 3052 1867 3098 et

1958 1873 2060 1927 nisi
2093 1871 2339 1941 apostoli,
2360 1871 2451 1941 qui
2492 1878 2547 1924 et
2588 1870 2688 1939 ipsi
2730 1870 2947 1938 scriptis
2988 1880 3042 1923 et
3083 1868 3364 1938 praeceptis
3411 1868 3526 1921 suis

1959 1963 2265 2017 illuminant
2307 1961 2469 2015 corda
2500 1969 2708 2024 nostra,
2737 1968 2792 2015 et
2820 1960 3025 2015 faciunt
3061 1960 3224 2013 etiam
3266 1959 3367 2027 ipsi
3409 1958 3526 2012 dies

1959 2053 2218 2125 quosdam
2251 2053 2303 2106 in
2335 2051 2488 2106 nobis
2507 2066 2571 2106 ex
2596 2051 2683 2105 illa
2706 2050 2825 2104 luce
2844 2066 3003 2120 quam
3036 2049 3134 2117 ipsi
3164 2063 3230 2103 ex
3257 2064 3383 2103 vera
3407 2049 3527 2103 luce

1958 2143 2262 2215 participati
2290 2149 2434 2207 sunt,
2463 2142 2778 2195 venientes?
2808 2142 2907 2207 Qui
2940 2156 3068 2211 ergo
3106 2139 3436 2194 illuminatur
3472 2149 3527 2194 ct

1961 2235 2245 2289 instruitur
2272 2248 2341 2287 ex
2378 2231 2740 2302 apostolorum
2767 2231 3065 2300 praeceptis,
3082 2237 3134 2283 et
3158 2229 3223 2283 ad
3246 2230 3525 2283 servitium

1961 2324 2172 2379 Domini
2220 2323 2531 2392 apostolicis
2579 2321 2780 2393 regulis
2827 2320 3136 2382 instruitur,
3178 2321 3279 2374 iste
3320 2328 3399 2374 est
3436 2321 3530 2390 qui

1958 2418 2168 2473 servire
2194 2417 2393 2471 dicitur
2416 2414 2643 2470 Domino
2673 2413 2727 2468 in
2760 2414 2945 2468 diebus
2971 2412 3242 2467 seniorum
3280 2412 3371 2481 qui
3410 2411 3527 2469 fues

1963 2515 2089 2561 runt
2108 2515 2229 2576 post
2247 2504 2450 2561 Iesum.

2030 2596 2209 2669 (Imm)
2246 2615 2265 2647 ι
2310 2597 2444 2652 Ossa
2483 2610 2696 2667 quoque
2738 2591 2968 2665 Ioseph,
2994 2610 3114 2663 quae
3153 2594 3389 2649 tulerant
3436 2594 3530 2647 ﬁlii

1971 2704 1988 2737 ι
2032 2686 2193 2741 Israel
2224 2689 2290 2741 de
2317 2686 2571 2757 Egypto,
2596 2686 2919 2756 sepelierunt
2947 2686 2998 2739 in
3030 2684 3267 2748 Sichem,
3295 2684 3347 2738 in
3378 2692 3539 2752 parte

1971 2795 1991 2828 ί
2034 2778 2149 2848 agri
2179 2792 2339 2847 quem
2366 2784 2571 2832 emerat
2604 2775 2770 2831 Iacob
2797 2791 2827 2829 a
2863 2775 2988 2830 ﬁliis
3028 2776 3227 2830 Hemor
3249 2775 3420 2844 patris
3446 2773 3535 2828 Si-

1973 2889 1991 2922 ι
2036 2872 2188 2926 ehem
2212 2876 2430 2924 centum
2459 2867 2683 2923 novellis
2706 2868 2915 2931 ovibus,
2944 2874 3000 2921 et
3033 2864 3135 2919 fuit
3163 2866 3215 2920 in
3237 2865 3535 2935 possessio-

1972 2979 1990 3012 ι
2036 2977 2160 3016 nem
2208 2960 2439 3014 ﬁliorum
2474 2956 2692 3027 Ioseph.
2745 2976 2764 3009 ι
2820 2956 3121 3011 Notandum
3165 2965 3343 3011 autem
3390 2956 3536 3026 quod

1966 3050 2252 3121 Iosephus,
2283 3050 2748 3119 historiographus
2789 3047 3119 3113 Iudteorum,
3148 3049 3215 3103 de
3251 3047 3450 3117 Ioseph
3483 3056 3540 3103 et

287 3135 411 3205 ipse
455 3134 715 3190 Dominus
762 3134 817 3188 in
865 3134 1171 3205 Evangeliis
1199 3135 1264 3189 de
1315 3136 1418 3189 hoc
1463 3114 1864 3190 distinctionem
1893 3114 1937 3175 (ἶ
1968 3114 2373 3208 fratribusejus
2399 3141 2453 3194 in
2481 3114 2875 3208 [ditiquitatum
2895 3138 3036 3194 libro
3057 3140 3293 3194 secundo
3326 3114 3403 3191 ita
3426 3152 3539 3191 tne—

288 3225 713 3294 pulcherrimam
754 3224 933 3289 dedit,
959 3240 1084 3279 cum
1119 3225 1288 3279 dicit:
1325 3242 1344 3275 σ
1381 3224 1698 3294 Quicunque
1743 3240 1869 3280 con-

291 3312 470 3367 fessus
493 3328 577 3367 me
600 3312 761 3367 fuerit
794 3329 978 3368 coram
1009 3315 1340 3380 hominibus,
1370 3323 1425 3371 et
1449 3330 1548 3385 ego
1569 3316 1868 3371 confitebor

289 3417 419 3456 eum
450 3418 631 3457 coram
669 3403 828 3459 Patre
854 3420 1003 3470 meo,
1046 3407 1137 3475 qui
1176 3406 1230 3460 in
1257 3407 1410 3461 ccelis
1427 3416 1527 3463 est.
1561 3408 1661 3475 Qui
1687 3417 1865 3463 autem

287 3495 572 3562 negaverit
603 3511 690 3550 me
716 3510 897 3551 coram
925 3498 1260 3564 hominibus,
1290 3506 1344 3554 et
1369 3514 1468 3569 ego
1502 3501 1710 3569 negabo
1744 3514 1866 3553 eum

290 3602 480 3641 coram
509 3586 667 3642 Patre
706 3604 829 3642 meo
873 3588 1088 3659 (Matth.
1119 3589 1195 3659 x).
1233 3609 1251 3641 ι
1291 3589 1513 3644 Vidistis
1541 3590 1665 3657 quia
1694 3590 1867 3644 eonﬁ-

291 3688 474 3733 tentes
504 3680 553 3732 in
594 3681 884 3748 semetipso
909 3680 1045 3733 dixit
1068 3680 1337 3745 conﬁteri,
1369 3681 1522 3750 quasi
1558 3681 1673 3750 ipse
1703 3680 1755 3734 in
1789 3680 1868 3734 eis

292 3771 445 3824 vivat
473 3779 528 3824 et
557 3780 809 3839 operetur
836 3787 999 3841 opera
1028 3772 1171 3826 vitae.
1216 3773 1274 3826 In
1322 3773 1407 3827 his
1445 3780 1623 3827 autem
1654 3772 1746 3840 qni
1782 3787 1871 3826 ne-

292 3868 448 3929 gant,
474 3876 579 3914 non
630 3861 806 3914 tenuit
842 3861 1088 3915 eamdem
1132 3862 1283 3917 verbi
1332 3861 1761 3925 similitudinem,
1812 3869 1872 3916 ut

292 3950 524 4013 diceret,
550 3951 679 4019 quia
711 3951 801 4019 qui
839 3951 1116 4020 negaverit
1143 3952 1198 4006 in
1230 3968 1334 4016 me,
1366 3960 1420 4006 et
1451 3967 1550 4020 ego
1579 3952 1786 4021 negabo
1816 3952 1871 4005 in

289 4056 449 4105 eum;
483 4041 576 4094 sed
601 4041 691 4110 qui
719 4043 996 4111 negaverit
1018 4058 1103 4097 me
1128 4058 1308 4097 coram
1339 4044 1667 4108 hominibus,
1688 4052 1741 4098 et
1772 4058 1872 4115 ego

276 4129 505 4198 ~migrabo
529 4146 650 4186 eum
677 4146 860 4185 coram
889 4131 1050 4188 Patre
1093 4150 1214 4189 meo
1232 4175 1246 4200 ,
1280 4154 1297 4187 ι
1327 4143 1386 4189 ut
1411 4137 1719 4191 ostenderet
1747 4137 1871 4205 quia

290 4223 384 4292 qui
419 4231 578 4292 negat
605 4224 820 4292 quidem
853 4238 933 4289 se,
963 4233 1116 4278 extra
1158 4225 1338 4294 ipsum
1388 4234 1501 4291 est;
1548 4226 1640 4295 qui
1694 4236 1874 4280 autem

292 4312 604 4374 conﬁtetur,
630 4314 683 4366 in
712 4314 828 4384 ipso
862 4324 966 4369 est.
1010 4314 1163 4380 Quod
1198 4323 1380 4369 autem
1412 4332 1558 4371 mors
1592 4315 1720 4370 Iesu
1750 4323 1875 4385 post

290 4411 512 4456 centum
549 4411 606 4457 et
625 4403 809 4457 decem
846 4419 1018 4459 annos
1044 4419 1164 4459 esse
1187 4414 1664 4470 commemoratur,
1692 4415 1873 4460 osten-

292 4494 375 4546 dit
396 4493 520 4561 quia
549 4508 645 4562 per
662 4501 890 4549 mortem
911 4494 1110 4549 Christi
1132 4492 1323 4549 omnes
1343 4496 1436 4563 qui
1468 4496 1716 4548 mandata
1737 4496 1873 4564 legis

293 4584 402 4637 rite
429 4591 652 4637 servant
676 4584 745 4637 ad
773 4585 1158 4640 beatitudinem
1201 4594 1324 4654 post
1366 4585 1528 4640 finem
1570 4586 1692 4639 vitio
1735 4601 1873 4655 pra:-

282 4674 469 4728 ‘sentis
494 4676 709 4729 venturi
735 4683 862 4730 sunt
884 4685 1218 4745 perpetuam.
1251 4677 1403 4744 Quod
1431 4678 1574 4732 enim
1597 4678 1871 4748 sepultura

291 4766 414 4834 ejus
434 4765 487 4818 in
518 4765 713 4820 ﬁnibus
732 4766 1086 4835 possessionis
1118 4782 1247 4830 suat,
1285 4766 1338 4820 in
1362 4766 1796 4832 Thannathsare,
1819 4768 1872 4822 in

295 4864 481 4908 monte
503 4854 778 4922 Ephraim,
797 4862 850 4907 et
875 4855 928 4906 in
958 4863 1111 4924 parte
1132 4856 1329 4910 montis
1352 4855 1495 4911 Caas
1524 4873 1643 4912 esse
1656 4858 1872 4918 descri-

294 4945 473 5009 bitur,
504 4945 773 5016 signiﬁcat
814 4946 955 5015 quod
1005 4946 1060 5000 in
1110 4946 1348 5002 Ecclesia
1404 4948 1703 5013 catholica,
1751 4964 1871 5018 qum

292 5036 566 5101 possessio
600 5035 798 5091 Christi
824 5043 930 5099 est,
952 5044 1008 5090 et
1039 5036 1129 5090 ubi
1159 5035 1367 5092 fruetus
1407 5038 1666 5093 virtutqu
1710 5038 1876 5110 gigni-

297 5132 406 5185 tur,
429 5124 670 5193 quotidie
695 5125 959 5194 passionis
978 5125 1178 5180 Christi
1191 5127 1391 5180 mentio
1414 5142 1699 5181 numerose
1713 5138 1874 5196 atque

295 5216 552 5270 nobiliter
579 5216 901 5271 celebratur.
936 5218 1225 5271 Thannath
1270 5233 1398 5271 vero
1434 5219 1626 5272 civitas
1660 5216 1785 5272 Iesu
1817 5218 1872 5272 in

297 5306 441 5360 tribu
469 5306 725 5377 Ephraim
753 5314 807 5361 et
838 5307 889 5361 in
935 5307 1078 5362 Gaas
1131 5317 1313 5362 monte
1354 5309 1457 5361 sita
1505 5317 1609 5374 est,
1639 5310 1694 5362 in
1722 5307 1875 5376 cujus

296 5397 703 5465 septentrionali
730 5397 884 5468 plaga
924 5398 1163 5467 sepultus
1194 5407 1279 5452 est
1300 5397 1612 5452 Icsusﬁlius
1632 5397 1796 5463 Nave,
1824 5407 1879 5453 et

298 5500 473 5554 usque
522 5487 683 5542 hodie
723 5485 880 5555 juxta
921 5488 1100 5541 vicum
1142 5486 1402 5541 Thannan
1429 5486 1734 5557 sepulcrum
1762 5486 1880 5555 ejus

299 5574 512 5645 insigne
534 5586 884 5631 monstratur.
925 5577 1315 5645 Interpretatur
1343 5586 1523 5631 autem
1566 5577 1880 5632 Thannath-

300 5682 422 5725 sare
449 5682 706 5723 numerus
736 5667 1056 5739 operimenti
1084 5667 1321 5751 novint
1353 5666 1591 5737 quotidie
1621 5667 1671 5722 in
1706 5668 1879 5727 Eccle-

1967 3231 2145 3295 minit,
2176 3231 2359 3285 dicens
2387 3247 2400 3283 :
2432 3229 2673 3285 Mortuus
2700 3237 2785 3284 est
2822 3237 3004 3283 autem
3031 3235 3087 3282 et
3128 3228 3261 3296 ipse,
3288 3242 3413 3282 cum
3457 3225 3540 3279 vi-

1967 3324 2135 3377 xisset
2161 3336 2331 3377 annos
2368 3327 2584 3375 centum
2612 3328 2668 3374 et
2711 3321 2918 3382 decem,
2942 3320 3141 3374 virtute
3166 3316 3452 3380 mirabilis,
3481 3324 3538 3370 et

1966 3411 2145 3465 omnia
2174 3411 2381 3464 ratione
2400 3410 2709 3478 disponens,
2740 3416 3168 3477 potestatemque
3186 3422 3336 3462 suam
3361 3406 3538 3460 humi-

1968 3501 2092 3555 liter
2133 3514 2316 3569 agens.
2366 3499 2517 3564 Quod
2577 3499 2763 3566 utique
2816 3498 3122 3564 hujusmodi
3166 3497 3441 3552 felicitatis
3482 3496 3534 3551 ei

1969 3605 2130 3646 causa
2156 3588 2253 3643 fuit
2276 3590 2414 3657 apud
2441 3586 2742 3657 Egyptios,
2765 3597 2823 3642 et
2849 3587 3063 3641 aliunde
3092 3586 3301 3641 scilicet
3321 3586 3536 3639 venien-

1971 3687 2073 3744 tes;
2103 3689 2156 3735 et
2183 3679 2343 3732 talem
2380 3678 2594 3747 qualem
2621 3676 2819 3732 dudum
2857 3676 3120 3741 diximus,
3143 3691 3304 3745 passo
3334 3674 3539 3729 calum-

1971 3769 2137 3823 niam.
2172 3768 2367 3823 Mortui
2411 3774 2536 3822 sunt
2576 3766 2738 3820 etiam
2789 3765 2905 3835 ejus
2955 3767 3151 3821 lratres
3202 3765 3434 3820 feliciter
3482 3764 3538 3819 in

1951 3858 2204 3929 'zEgypto
2233 3859 2641 3922 convenientes,
2672 3872 2900 3927 quorum
2945 3872 3173 3927 corpora
3202 3864 3326 3925 post
3369 3856 3565 3915 vitam,

1972 3950 2182 4005 illorum
2212 3958 2547 4018 rcportantcs
2584 3965 2772 4004 eorum
2816 3949 3040 4020 posteri,
3069 3949 3122 4002 in
3147 3947 3361 4002 Hebron
3390 3961 3544 4015 seper

1973 4043 2191 4098 lierunt.
2236 4042 2368 4099 Ossa
2417 4058 2546 4098 vero
2594 4040 2792 4112 Ioseph
2831 4043 3140 4107 novissime,
3171 4041 3386 4110 quando
3438 4040 3545 4102 Iter

1973 4134 2104 4187 Lrtei
2133 4133 2334 4202 egressi
2367 4141 2494 4187 sunt
2515 4148 2577 4187 ex
2610 4132 2862 4204 Egypto,
2892 4133 2946 4186 in
2974 4133 3332 4185 Chananazam
3360 4144 3542 4197 repor-

1974 4233 2245 4280 taverunt.
2275 4224 2367 4279 Sic
2392 4225 2533 4279 enim
2560 4240 2655 4279 eos
2679 4224 3059 4294 conjuraverat
3080 4218 3546 4291 Ioseph.,M.ystice

1974 4324 2154 4368 autem
2179 4329 2301 4368 ossa
2338 4312 2535 4382 Ioseph
2568 4313 2877 4383 signiﬁcant
2907 4319 3143 4373 mortem,
3167 4309 3545 4378 Redemptoris

1974 4403 2167 4468 nostri,
2195 4418 2356 4471 quem
2383 4403 2495 4458 veri
2518 4403 2774 4457 Israelita:
2792 4402 2859 4457 de
2886 4401 3121 4473 1Egypto
3147 4400 3303 4455 istius
3333 4399 3539 4462 mundi,

1975 4494 2064 4548 ubi
2085 4493 2374 4548 cruciﬁxus
2396 4502 2479 4548 est
2504 4495 2795 4548 secundum
2831 4509 3072 4557 carnem,
3099 4491 3348 4546 tollentes
3371 4500 3548 4546 trans-

1975 4583 2155 4639 ferunt
2190 4585 2242 4639 in
2271 4585 2509 4650 Sichem,
2527 4585 2580 4639 in
2605 4593 2811 4655 partem
2840 4586 2953 4657 agri
2980 4600 3138 4653 quem
3157 4590 3364 4639 emerat
3381 4581 3547 4639 Iacob

1975 4683 2194 4731 centum
2224 4675 2450 4730 novellis
2484 4676 2708 4741 ovibus;
2741 4690 2863 4730 cum
2892 4673 3158 4744 passionis
3186 4670 3304 4741 ejus
3345 4689 3547 4728 memo-

1975 4764 2111 4818 riam
2140 4765 2382 4818 condunt
2405 4764 2457 4818 in
2495 4779 2624 4834 agro
2646 4764 2827 4823 cordis
2852 4764 2971 4829 sui;
3020 4770 3289 4833 quatenus
3330 4764 3397 4819 ad
3431 4762 3549 4832 ejus

1974 4855 2278 4924 exemplum
2328 4855 2540 4910 discant
2585 4853 2729 4909 ferre
2769 4853 3002 4917 labores,
3027 4862 3084 4909 et
3105 4855 3305 4909 haLere
3333 4854 3547 4924 patien-

1972 4948 2121 5009 tiam,
2151 4947 2513 5016 operibusque
2558 4945 2713 5001 bonis
2758 4945 3035 5012 insistere;
3087 4945 3228 5014 quod
3279 4945 3550 5016 signiﬁcat

1975 5035 2223 5099 Sichem,
2273 5037 2366 5106 qui
2419 5037 2809 5105 interpretatur
2876 5037 3155 5092 humerus.
3208 5036 3365 5092 Hunc
3418 5049 3548 5103 ergo

1973 5141 2161 5196 agrum
2185 5124 2353 5181 Iacob
2373 5135 2556 5181 noster
2584 5136 2799 5181 centum
2829 5127 3052 5182 novellis
3088 5128 3277 5182 ovibus
3316 5126 3370 5179 in
3416 5139 3546 5194 poss-

1974 5217 2268 5270 sessionem
2296 5217 2455 5283 emit,
2491 5218 2616 5286 quia
2644 5220 2816 5286 pretio
2853 5219 3129 5289 sanguinis
3181 5218 3264 5272 sui
3310 5217 3550 5286 possedit

1977 5306 2294 5368 Ecclesiam,
2324 5307 2414 5360 ubi
2458 5307 2698 5362 novellas
2748 5324 2899 5363 oves
2928 5324 3048 5378 qua:
3082 5307 3441 5363 ascenderunt
3480 5304 3549 5361 de

1978 5396 2197 5451 lavacro.
2215 5394 2485 5461 habet,vut
2515 5396 2607 5451 ﬁat
2632 5408 2849 5452 centum
2878 5399 3060 5453 ovium
3101 5404 3286 5467 pastor
3305 5412 3428 5450 cum
3454 5411 3550 5456 an.-

1982 5486 2181 5556 gelicas
2209 5494 2372 5556 atque
2400 5486 2663 5543 humanas
2692 5488 2746 5542 in
2778 5504 2877 5543 sua
2904 5496 3171 5559 potestate
3193 5488 3387 5542 retinet
3416 5502 3544 5551 cau.

1982 5577 2081 5632 las.

2057 5669 2232 5743 (iam)
2272 5688 2288 5722 ‹
2336 5670 2559 5725 Eleazar
2580 5686 2791 5742 quoque
2814 5670 2957 5726 filius
2977 5668 3154 5731 Aaron
3177 5677 3419 5727 mortuus
3441 5676 3549 5737 est.
