3996 6176
471 333 612 407 tltl‘i
1106 326 1167 394 Β.
1206 326 1460 393 assam
1498 320 1720 391 MAUBI
1758 320 2083 389 ARClllEP.
2127 316 2434 386 uocum.
2478 325 2764 384 OPERUM
2798 310 2978 379 rans
3015 321 3056 377 ι.
3598 317 3763 372 llos

476 479 500 516 ι
543 470 600 517 et
627 457 957 530 sepelierunt
982 464 1106 509 eum
1136 453 1191 507 in
1244 450 1491 508 Gabaath
1517 449 1750 504 Phinees
1793 446 1889 500 lilii
1915 444 2055 513 ejus,
2085 450 2136 507 Α
2164 440 2471 498 necessario
2499 438 2933 508 subsequebatur
2956 433 3092 489 Novi
3123 430 3454 487 Testamenti
3486 431 3769 485 sacerdo-

477 564 499 639 t
545 568 668 625 quae
696 553 821 607 data
850 557 936 607 est
954 550 1005 607 ei
1031 549 1087 603 in
1108 555 1292 603 monte
1315 543 1593 614 Ephraim.
1629 560 1648 595 ι
1693 540 1849 608 Quod
1875 546 2057 593 autem
2159 537 2313 598 tium,
2337 534 2429 588 ubi
2455 532 2594 602 Agni
2618 528 2951 585 immaculati
2975 542 3106 582 caro
3132 526 3191 581 ’et
3219 524 3440 594 sanguis
3470 524 3525 577 in
3570 523 3766 579 sacris

2194 625 2227 639 ι-
2301 625 2330 639 -ι
2555 622 2588 639 ,α
2611 622 2672 639 ν-
2717 618 2931 639 .η·-...--..
2980 624 3026 639 ,ι
3060 615 3297 639 Ω,1,.12-.....
3329 628 3422 639 Α-ιι
3447 614 3500 639 τη
3526 620 3759 639 λιι-μοι.-.-

472 645 636 702 Josue
672 653 888 699 mortuo
909 639 1154 697 Eleazari
1194 645 1589 707 consequenter
1618 648 1765 688 mors
1792 646 2060 687 memora-
2158 625 2418 679 altaribus
2442 622 2680 693 quotidie
2705 618 2949 682 oll‘ertur,
2975 624 3030 672 ct
3059 615 3299 671 ﬁdelium
3327 628 3423 668 ore
3447 614 3501 666 in
3526 620 3760 681 pastum

477 746 593 798 tur,
641 732 915 804 signiﬁcat
968 730 1111 801 quod
1153 737 1275 800 post
1322 726 1629 799 passionem
1678 720 2058 791 Redemptoris
2152 718 2464 782 ,animarum
2492 728 2712 769 suarum
2744 710 3033 766 salubriter
3070 706 3395 778 percipitur;
3443 713 3525 763 ut,
3549 701 3759 756 umbra

476 826 650 883 nostri
672 834 737 880 ac
758 821 1215 879 resurrectionem
1244 818 1405 872 linem
1435 814 1644 885 accepit
1667 822 1822 866 vetus
1869 824 2056 864 sacer-
2158 806 2294 878 legis
2326 806 2633 869 recedente,
2655 803 2860 857 veritas
2883 806 3067 871 pateat
3111 797 3411 868 Evangelii,
3435 810 3537 865 per
3564 794 3765 863 ipsum

477 917 708 982 dotium,
734 923 791 970 et
827 914 1060 969 victima:
1088 910 1289 982 legales
1317 912 1704 963 consummata:
1747 911 1893 967 sunt,
1933 913 2056 954 cum
2160 898 2446 954 Dominum
2472 904 2721 951 nostrum
2741 891 2925 948 Jesum
2954 890 3253 946 Christum.

2826 1045 3771 1082 rm

1059 1208 1633 1329 BEATI
1675 1204 2446 1342 _RABANI
2523 1194 3142 1314 MAUBI

1207 1427 1500 1488 ABBATIS
1537 1420 1921 1484 FULDENSIS
1958 1420 2047 1477 ET
2084 1412 2601 1474 ARCHIEPISCOPI
2639 1409 3022 1468 MOGUNTINI

694 1588 1525 1758 C0llllEN’l‘lllllll
1613 1587 1743 1744 ΙΝ
1847 1586 2130 1739 LlBll‘

2199 1583 2285 1735 ll
2372 1575 2869 1733 JUDICUM
2949 1563 3093 1725 ll'l‘
3184 1561 3542 1725 RU’l‘ll.‘

1894 1852 2133 1933 (ANNO
2174 1850 2339 1928 sai.)

1892 1979 2209 1995 ψ..-

2221 1975 2363 1989 -ι--φ

1336 2088 1673 2147 EPlSTOLA
1713 2081 2063 2140 HUNBERTI
2098 2077 2403 2134 EPISCOPI
2438 2076 2527 2131 AD
2559 2057 2912 2129 RABANUM.

557 2256 760 2329 illustri
787 2266 903 2321 viro
952 2260 1251 2328 meritoque
1290 2250 1485 2322 insigni
1532 2264 1598 2304 ac
1623 2242 2071 2317 praestantissimo
2100 2239 2146 2298 B
2174 2236 2389 2308 gimus:
2422 2232 2546 2287 Non
2578 2238 2741 2300 potest
2792 2227 2972 2282 civitas
3027 2225 3281 2280 occultari
3322 2240 3481 2296 supra
3534 2232 3787 2283 moment

487 2351 660 2428 Ῐαθιί-ί,
685 2363 904 2417 [tigno
935 2353 1149 2416 Manno,
1176 2348 1523 2409 HUNBERTUS,
1547 2340 1676 2395 licet
1699 2338 1967 2407 indignus,
1992 2334 2073 2387 in-
2175 2327 2377 2398 posita;
2413 2324 2541 2378 item
2572 2322 2677 2376 alio
2712 2320 2763 2374 in
2790 2320 2948 2374 loco:
2981 2316 3151 2371 Nemo
3179 2317 3417 2370 accendit
3442 2316 3730 2371 lucernam
3758 2349 3778 2385 ,

490 2451 603 2514 fula
631 2426 813 2510 tamen
841 2441 1163 2505 sacerdotali
1207 2437 1467 2510 praeditus
1495 2474 1510 2500 ,
1562 2426 2069 2487 immarccscibilcm

491 2560 711 2606 aeterna:
731 2538 1007 2613 sospitatis
1038 2537 1092 2591 in
1119 2532 1335 2590 Christo
1359 2527 1486 2583 Jesu
1514 2525 1767 2579 salutem.

564 2639 696 2712 Legi
720 2638 933 2692 litteras
961 2638 1108 2694 tuas,
1137 2622 1445 2680 dulcissime
1473 2617 1645 2673 frater
1664 2656 1678 2681 ,
1707 2628 1845 2684 quas
1890 2616 2079 2667 sancto“

490 2703 757 2801 bonaeque
806 2720 1084 2782 memoriis
1120 2715 1267 2779 viro,
1326 2707 1593 2767 Haistulfo
1645 2703 2075 2773 archiepiscopo,

493 2797 762 2897 scripsisti
788 2820 844 2876 in
869 2817 1047 2873 fronte
1094 2804 1222 2867 libri
1250 2821 1411 2879 quem
1460 2804 1658 2889 sudore
1685 2797 1904 2870 proprio
1953 2811 2083 2866 pru-

497 2886 923 2982 denliissimoque
946 2904 1161 2978 ingenio
1190 2886 1562 2971 composuisti,
1587 2894 1656 2950 ad
1680 2888 2085 2962 praedicandum

497 2995 556 3066 in
582 3006 710 3064 anni
739 2979 948 3060 circulo
972 2995 1229 3070 pepulum
1259 2989 1629 3047 Christianum
1656 3002 1668 3038 :
1701 2982 1795 3053 qui
1847 2979 2086 3070 suaviter

772 3094 841 3150 de
871 3060 1220 3148 observantia
1248 3078 1517 3138 Dominici
1546 3074 1653 3133 diei
1703 3080 1760 3128 et
1786 3073 1853 3126 de
1882 3060 2088 3123 festivi-

499 3165 706 3245 tatibus
732 3191 1067 3246 sanctorum,
1096 3194 1161 3233 ac
1183 3176 1309 3239 (ide,
1337 3184 1432 3242 spe
1458 3176 1516 3225 et
1542 3165 1827 3224 charitate,
1856 3173 1958 3213 nec
1981 3170 2088 3210 non

504 3280 574 3336 de
600 3276 812 3333 caeteris
837 3268 1100 3328 virtutum
1121 3266 1423 3339 speciebus.
1447 3256 1717 3315 Praeterea
1746 3251 1852 3323 legi
1875 3257 1931 3305 et
1953 3247 2089 3302 alios

503 3368 620 3429 tres
642 3369 811 3424 libros
838 3379 975 3436 quos
999 3362 1067 3417 ad
1104 3337 1356 3416 eumdem
1401 3347 1765 3409 venerabilem
1793 3344 1971 3399 virum
2014 3337 2093 3393 fe-

506 3460 654 3526 cisti,
682 3472 818 3530 quos
849 3429 1054 3526 placuit
1077 3451 1143 3507 de
1182 3444 1525 3504 Institutione
1560 3438 1885 3495 clericorum
1920 3429 2091 3486 nomi-

506 3552 652 3620 nari,
682 3523 914 3621 quorum
940 3544 1148 3615 primus
1189 3538 1257 3595 de
1289 3529 1677 3593 ecclesiasticis
1711 3523 1993 3583 ordinibus
2038 3525 2094 3574 et

509 3651 744 3717 quatuor
765 3634 1184 3696 charismatibus
1211 3628 1407 3686 divinis
1431 3630 1638 3681 narrat.
1669 3617 1950 3675 Secundus
1973 3628 2095 3669 con-
2121 3605 2166 3667 C

516 3703 659 3794 tinet
681 3735 747 3790 de
774 3729 966 3788 Officio
992 3725 1378 3783 canonicarum
1403 3719 1688 3779 horarum,
1718 3718 1773 3766 et
1804 3709 1871 3764 de
1898 3703 2103 3761 festivi-

511 3827 717 3883 tatibus
744 3821 933 3885 variis,
961 3818 1028 3874 de
1045 3813 1266 3886 jejuniis
1289 3818 1345 3866 et
1365 3805 1723 3866 orationibus.
1757 3800 1973 3855 Tertius
1996 3810 2103 3850 non

514 4092 659 4156 ierat
684 4089 1068 4152 ecclesiasticis
1122 4082 1431 4142 doctOribus
1476 4075 1816 4150 philosophia
1847 4074 2103 4128 humana.

514 4191 727 4260 Quibus
752 4182 1029 4258 perlectis,
1058 4179 1114 4234 in
1135 4182 1397 4247 quantum
1426 4170 1597 4227 nostri
1621 4165 1871 4239 iu'genioli
1893 4162 1992 4218 luit
2021 4177 2109 4217 ca-

517 4280 756 4353 pacitas,
795 4270 1055 4336 intellexi,
1092 4267 1213 4323 illos
1262 4263 1331 4319 de
1359 4261 1611 4318 omnibus
1635 4272 1756 4330 qua:
1806 4251 2109 4309 necessaria

516 4344 649 4426 eum
682 4368 885 4424 sanetae
910 4360 1007 4417 Dei
1049 4354 1307 4413 Ecclesiae
1350 4349 1606 4407 laudabili
1638 4344 2008 4417 magnitudine
2056 4352 2113 4400 et

524 4462 792 4520 brevitate
819 4466 940 4512 esse
966 4449 1296 4522 complexos.
1340 4444 1499 4501 Certe
1527 4442 1581 4497 in
1610 4440 1842 4497 veritate
1874 4436 1996 4492 dico
2021 4451 2114 4490 vo-

524 4554 612 4610 bis
637 4550 765 4623 quia
790 4546 898 4604 dici
923 4549 1029 4600 nan
1070 4547 1252 4612 potest
1275 4537 1331 4592 in
1355 4541 1559 4607 quanta
1595 4528 1872 4586 hilaritate
1918 4524 2115 4580 mentis

528 4614 830 4713 gratulatus
869 4634 1072 4709 gratias
1118 4629 1205 4701 egi
1232 4628 1361 4692 Deo,
1389 4625 1480 4695 qui
1522 4628 1632 4678 tam
1702 4617 1833 4675 utile
1860 4627 1956 4671 Vas
1997 4614 2117 4669 istis

532 4706 591 4789 in
621 4706 955 4801 temporibus
993 4724 1049 4779 in
1087 4736 1183 4778 sua
1209 4725 1398 4775 sancta
1423 4713 1666 4770 Ecclesia
1694 4709 1897 4766 habere
1926 4706 2115 4769 voluit,

532 4840 604 4879 ex
631 4836 738 4891 quo
764 4819 853 4874 iile
901 4815 994 4886 qui
1022 4813 1272 4874 multum,
1300 4816 1357 4862 et
1403 4805 1493 4861 ille
1526 4803 1619 4875 qui
1666 4815 1896 4873 parvum
1931 4806 2117 4867 potum

534 4888 985 4982 quieritmatn'ire
1008 4906 1073 4959 ac
1088 4902 1275 4958 bibere
1297 4896 1467 4969 pessit
1488 4911 1503 4960 ;
1529 4902 1582 4950 et
1604 4908 1672 4948 ex
1697 4890 1787 4947 illo
1799 4890 1904 4955 die,
1924 4888 2117 4954 fateor,

2176 2427 2224 2472 et
2246 2417 2388 2488 ponit
2417 2431 2531 2469 eam
2557 2412 2649 2467 sub
2674 2411 2868 2473 modio,
2885 2409 2975 2463 sed
2997 2410 3163 2479 magis
3185 2424 3342 2478 super
3360 2407 3782 2477 candelabrum,

2178 2520 2234 2564 ut
2261 2509 2430 2562 luceat
2461 2505 2699 2560 omnibus
2743 2502 2833 2572 qui
2861 2500 2933 2554 ἔρι’
2958 2500 3113 2554 domo
3144 2509 3282 2553 sunt.
3311 2498 3569 2553 Auditum
3615 2501 3788 2555 enim

2181 2601 2374 2663 habeo,
2398 2606 2561 2667 super
2585 2595 2892 2665 EptatiCum
2930 2604 3028 2646 vos
3081 2589 3275 2646 fecisse
3320 2604 3660 2655 sermonem,
3718 2600 3795 2647 ac

2182 2705 2344 2761 super
2386 2685 2736 2755 Evangelium
2774 2682 3010 2737 Matthaei
3051 2679 3374 2751 Evangelia,
3418 2695 3517 2734 nec
3568 2696 3686 2735 non
3732 2691 3795 2736 et

2183 2795 2344 2851 super
2373 2774 2600 2846 Regum,
2625 2788 2859 2845 superna
2888 2771 3177 2841 adjuvante
3222 2770 3421 2842 gratia,
3451 2770 3793 2841 pariterque

2183 2882 2427 2930 veterum
2455 2871 2720 2925 innitente
2745 2864 3090 2929 auctoritate,
3113 2862 3279 2918 multa
3305 2862 3506 2916 utiliter
3528 2862 3795 2917 scriben—

2185 2966 2254 3020 do
2275 2964 2506 3019 dictasse
2524 2979 2535 3013 :
2551 2965 2901 3031 quapropter,
2924 2964 3087 3032 causa
3106 2952 3504 3016 familiaritatis,
3528 2962 3795 3007 vestram

2185 3055 2411 3110 obsecro
2436 3050 2831 3106 fraternitatem
2859 3053 2919 3101 ut
2949 3045 3080 3100 mihi
3130 3044 3369 3100 scribere
3406 3044 3654 3115 mihique
3693 3054 3800 3099 tua

2188 3145 2423 3215 dirigere
2445 3142 2664 3197 studeas
2687 3136 2966 3209 opuscula,
2996 3148 3116 3207 quae
3143 3149 3207 3190 ex
3254 3142 3494 3190 veterum
3516 3135 3803 3191 ecclesia.

2188 3235 2447 3290 sticorum
2477 3230 2780 3297 sententiis,
2808 3228 2962 3299 quasi
3020 3226 3181 3281 ﬂeres
3210 3241 3278 3281 ex
3323 3224 3549 3280 diversis
3598 3228 3797 3296 pratis

2188 3323 2384 3390 electi,
2433 3319 2655 3377 domum
2700 3319 2911 3376 Demini
2960 3324 3155 3373 ornant
3191 3324 3248 3371 et
3296 3331 3677 3386 quemcunque
3736 3332 3801 3373 se

2192 3424 2463 3473 amantem
2495 3415 2783 3479 decorant;
2835 3410 3067 3481 denique
3091 3451 3108 3474 ,
3151 3408 3277 3478 quia
3322 3407 3587 3478 postulata
3647 3409 3800 3464 mihi

2194 3510 2355 3565 Credo
2378 3507 2521 3579 quod
2549 3505 2835 3570 concedas,
2873 3503 3031 3557 mitto
3055 3501 3401 3556 membranas
3453 3500 3505 3554 in
3562 3499 3801 3569 quibus,

2195 3611 2345 3673 opto,
2375 3614 2471 3657 eos
2496 3598 2729 3669 primum
2760 3593 3052 3663 suscipiam
3087 3592 3256 3647 libros
3275 3605 3411 3660 quos
3435 3605 3599 3659 super
3617 3589 3802 3659 Epta‘r

2204 3696 2371 3750 ticum
2396 3701 2632 3747 vestrum
2655 3686 2959 3758 composuit
2989 3684 3284 3755 ingenium.
3314 3681 3429 3737 Non
3452 3693 3631 3735 tamen
3663 3697 3805 3752 pro-

2200 3792 2386 3856 pterea
2428 3782 2532 3837 ista
2576 3788 2740 3851 posco
2780 3776 2937 3848 quasi
2983 3774 3160 3830 desint
3207 3772 3364 3827 nobis
3413 3772 3569 3827 istius
3607 3772 3807 3841 operis

2205 3875 2498 3944 scriptores
2526 3890 2539 3926 :
2574 3871 2836 3926 habemus
2857 3878 3089 3936 namque
3102 3864 3406 3936 Origenem,
3425 3862 3803 3929 Victorinum,

2084 4008 2108 4019 -
2205 3967 2571 4031 Ambrosium,
2604 3964 3034 4033 Hieronymum,
3090 3955 3433 4021 Cassianum,
3488 3955 3805 4019 lsidorum,

2205 4059 2596 4131 Augustinum,
2649 4051 3029 4123 Fulgen‘tium,
3088 4058 3251 4119 atque
3302 4045 3615 4118 pontificem
3666 4044 3812 4099 insi-

2208 4167 2366 4226 gnem
2387 4192 2401 4218 ,
2431 4146 2932 4219 eloquentissimum
2981 4140 3303 4211 Gregorium
3337 4146 3393 4193 et
3440 4143 3671 4190 caeteros
3698 4132 3813 4188 Pa-

2210 4254 2342 4310 tres,
2366 4257 2595 4314 quorum
2622 4239 2839 4295 nomina
2865 4251 2973 4291 non
3010 4248 3232 4289 necesse
3257 4230 3351 4286 tibi
3380 4229 3652 4284 credimus
3669 4240 3811 4282 enu-

2210 4333 2430 4391 merari.
2460 4331 2563 4399 Qui
2607 4331 2659 4384 in
2691 4334 2901 4383 tantum
2939 4332 3044 4379 tute
3078 4329 3204 4378 sunt
3233 4319 3512 4376 industria:
3563 4317 3779 4388 cogniti
3800 4336 3820 4371 ο

2212 4434 2274 4480 ut
2291 4422 2560 4479 veraciter
2588 4420 2800 4475 illorum
2838 4417 3072 4486 linguam
3102 4420 3343 4468 vestrum
3384 4410 3569 4464 dicere
3594 4410 3811 4479 possim

2215 4524 2541 4579 sermonem,
2562 4509 2837 4579 cumqu0d
2865 4507 2938 4561 illi
2957 4507 3093 4560 mira
3119 4501 3516 4576 pulchritudine
3544 4516 3612 4554 ac
3638 4500 3813 4555 nimia

2215 4606 2547 4680 longitudine
2572 4600 2838 4658 sermonis
2863 4596 3227 4669 proferebant,
3266 4600 3323 4647 tu
3353 4604 3539 4646 eorum
3578 4590 3814 4658 vestigia

2217 4700 2486 4770 sagaciter
2533 4694 2935 4767 prudenterque
2962 4687 3255 4758 sequendo,
3284 4683 3612 4740 commatico
3638 4682 3816 4736 melli-

2218 4792 2432 4861 llquue
2461 4782 2874 4856 comprehendis
2922 4792 3172 4836 sermone
3197 4794 3209 4830 :
3243 4776 3393 4831 brevi
3419 4776 3564 4829 enim
3594 4773 3814 4843 exposi-

2221 4885 2366 4938 tione
2396 4879 2692 4939 succincta,
2713 4882 2775 4929 ut
2804 4874 2883 4927 ait
2903 4871 3142 4926 lsidorus
3169 4869 3357 4923 doctor
3380 4864 3657 4936 egregius,
3704 4879 3815 4917 non

533 4958 1284 5059 :nultumdesideravivestrm
1297 4958 1960 5053 inmitiaritatisparticcps
1976 4980 2114 5045 ﬁeri,
2142 4965 2195 5025 D
2222 4975 2426 5031 faciunt
2455 4971 2521 5027 de
2566 4967 2874 5040 prolixitate
2904 4962 3214 5027 fastidium;
3242 4958 3451 5030 prolixa
3476 4972 3611 5028 ergo
3637 4963 3695 5012 et
3725 4972 3820 5011 oc—

535 5094 599 5152 ht
621 5092 813 5151 saltem
839 5086 1125 5157 aliquando
1153 5085 1310 5155 longe
1330 5082 1544 5150 lateque
1585 5078 1696 5147 jam
1723 5075 1851 5129 olim
1873 5073 2115 5142 dispersa

537 5185 857 5245 meruissem
912 5187 1092 5232 vestra
1138 5175 1383 5244 accipere
1439 5172 1671 5243 scripta;
1721 5180 1785 5220 ac
1830 5170 2120 5234 propterea

534 5288 741 5353 pauens
766 5273 941 5332 direxi
989 5268 1058 5324 ad
1087 5274 1140 5323 te
1176 5263 1444 5320 litterulas
1467 5304 1480 5328 ,
1533 5260 1772 5315 fraterna
1827 5255 2123 5310 admonens

2219 5067 2363 5122 culta
2391 5064 2548 5118 tmdet
2589 5059 2763 5115 oratio
2788 5097 2803 5123 ,
2854 5055 3032 5111 brevis
3063 5062 3119 5109 et
3164 5059 3349 5122 aperta
3385 5049 3623 5105 delectat
3692 5046 3819 5102 Ideo

2221 5166 2457 5213 vestram
2486 5155 2749 5223 deprecor
2789 5147 3063 5203 solertiam
3104 5152 3165 5198 ut
3193 5141 3446 5212 perlectis
3497 5139 3661 5193 istius
3707 5136 3823 5207 epi-

2195 5272 2201 5277 τ
2225 5248 2374 5306 stolae
2403 5245 2670 5309 litterulis,
2694 5248 2748 5295 et
2773 5240 2818 5295 si
2844 5246 3025 5292 vestra
3053 5234 3300 5289 voluntas
3349 5231 3423 5286 ita
3450 5239 3714 5301 oportere
3734 5226 3823 5295 juo

538 5318 740 5353 pws...
766 5318 938 5332 νην...
990 5318 1058 5324 __
1092 5318 1137 5323 -_
1276 5318 1285 5320 ἡ
1469 5318 1480 5328 ,

538 5366 809 5424 hilaritate
836 5378 905 5419 ne
937 5358 1137 5416 mentis
1163 5356 1389 5412 acumen
1415 5352 1527 5408 otio
1574 5349 1733 5405 inerti
1780 5357 1991 5415 torpere
2029 5358 2125 5398 seu
2229 5338 2510 5401 dicaverit,
2552 5334 2789 5404 iubeatis
2824 5330 2993 5391 illam,
3030 5326 3100 5380 ob
3142 5333 3337 5379 vestra:
3382 5319 3659 5395 [nostrae]
3683 5318 3825 5373 invi-

540 5456 852 5514 tibdurmire
871 5450 1172 5525 permittas,
1200 5446 1293 5502 sed
1324 5444 1510 5500 sedulo
1554 5410 1902 5513 qumidieque
1943 5451 2128 5491 sacras
2232 5446 2348 5487 rem
2382 5426 2686 5485 dilectionis
2724 5431 2779 5478 et
2813 5418 3088 5475 societatis
3123 5415 3411 5477 indicium,
3448 5412 3499 5467 in
3534 5411 3722 5467 fronte
3761 5410 3827 5465 li-

501 5571 505 5575 '
538 5550 837 5608 ’scrutando
887 5546 1198 5616 Scripturas
1222 5583 1236 5607 ,
1309 5538 1481 5595 fretus
1531 5536 1754 5591 Patrum
1811 5505 2131 5587 auctoritate
2231 5525 2354 5580 belli
2375 5537 2576 5594 ponere
2603 5533 2761 5589 quem
2800 5515 2930 5569 mihi
2960 5512 3143 5582 regavi
3168 5527 3196 5563 a
3219 5508 3371 5562 vobis
3403 5505 3733 5567 rescribere,
3766 5509 3828 5556 ut

2460 5614 2465 5616 »
2866 5605 2896 5616 Α.
3060 5602 3093 5616 ._
3442 5603 3633 5616 ____A.
3668 5603 3714 5616 _,
3747 5592 3815 5616 ,ι

546 5592 835 5608 suam“...
888 5592 1195 5616 ..νην-,η
1223 5592 1236 5607 ,
1310 5592 1341 5595 ρ
1372 5592 1385 5594 -
1430 5592 1433 5593 ν
1460 5592 1471 5593 ,
2378 5592 2392 5594 _

542 5640 961 5712 praecedentium
989 5678 1005 5703 ,
1054 5635 1179 5705 vigil
1222 5643 1384 5700 atque
1428 5627 1731 5684 indefessus
1774 5623 2030 5692 utilisque
2075 5621 2130 5675 in
2231 5614 2503 5688 poscentis
2527 5620 2581 5667 et
2623 5605 2929 5680 praestantis
2957 5602 3162 5674 pariter
3189 5597 3413 5652 allectus
3441 5603 3638 5665 pareat
3663 5603 3719 5648 et
3741 5592 3829 5645 eis

2465 5707 2485 5712 ⁸
2695 5704 2708 5712 “
3124 5700 3135 5712 ¹
3162 5699 3174 5710 ⁹
3278 5702 3462 5712 γ--νκ-...-
3522 5690 3793 5712 L-A4_a--4|2

542 5690 1004 5712 τ-ηη---μ--ηη
1086 5690 1149 5705 κυν
1299 5690 1312 5700 .
1941 5690 1955 5692 _

542 5727 711 5787 duino
736 5729 946 5786 Domini
971 5741 1182 5796 semper
1208 5724 1441 5789 cristas;
1487 5720 1747 5791 scriptum
1796 5732 2027 5786 namque
2053 5717 2131 5772 le-
2228 5711 2424 5767 fectus.
2464 5704 2891 5765 intercedentem
2929 5716 3028 5773 pro
3052 5699 3205 5755 nobis
3230 5702 3468 5752 vestram
3522 5690 3827 5748 beatitudi-
