4000 6186
353 347 492 405 ιιο9
1308 332 1662 397 COMMENT.
1703 339 1770 395 IN
1806 340 1932 394 LIB.
1976 330 2274 393 JUDICUM
2319 330 2407 388 ET
2446 328 2658 389 RUTH.
3477 336 3621 395 me

350 477 474 518 nem
493 463 636 517 Deus
654 459 748 515 Dei
769 457 959 523 Filius,
976 458 1067 527 qui
1090 458 1351 513 bonorum
1375 467 1528 512 actor
1554 464 1637 511 est
1662 456 1927 520 omnium,
1956 455 1999 513 A
2034 460 2180 506 tuam
2202 450 2340 505 bene
2363 448 2565 516 valere,
2594 448 2767 504 dulcis
2790 449 2981 517 amice,
3012 465 3226 522 semper
3263 459 3389 522 opto
3418 466 3623 509 memo-

348 559 610 621 perpetuo
637 556 919 603 conservet
948 546 1291 602 incolumem.
1334 545 1608 616 Reliquias
1631 585 1646 610 ,
1694 544 1931 613 dilectis-
2036 557 2151 597 rem
2176 540 2345 594 nostri

356 640 508 703 sime,
537 653 672 708 quas
701 635 973 707 ﬂagitasti,
1002 650 1098 704 per
1136 634 1453 704 portitorem
1485 634 1676 686 horum
1718 632 1931 701 apicum

354 728 659 791 transmisi;
687 726 754 781 de
779 725 986 795 reliquo
1016 723 1158 779 scias
1191 737 1279 777 me
1304 739 1371 777 ex
1398 723 1588 776 intimo
1620 721 1819 776 mentis
1855 719 1935 774 af-

356 819 497 875 fectu
520 823 825 887 promptum
848 828 1165 883 semperque
1190 822 1435 882 paratum
1464 813 1518 866 in
1544 811 1794 867 omnibus
1817 825 1937 880 quae

356 918 533 964 vestra
563 907 854 978 praecipere
889 905 1187 961 decreverit
1217 904 1498 970 voluntas;
1542 902 1939 958 fraternitatem

361 1050 441 1071 υ-ι

2040 632 2219 697 Salve,
2238 638 2423 685 sancte
2450 629 2629 694 Pater,
2663 629 2964 699 meritoque
2996 630 3187 686 beatus
3214 632 3266 685 in
3293 633 3440 695 orbe,

2114 718 2194 775 Tu
2228 710 2392 776 decus
2418 736 2478 776 es
2507 729 2777 785 nostrum,
2804 727 2992 775 sancte
3014 719 3196 786 Pater,
3225 723 3436 776 merito.

2046 811 2129 866 Sit
2158 810 2252 864 tibi
2276 818 2425 865 certa
2452 810 2611 878 Deus,
2640 809 2738 863 tibi
2764 810 2976 864 cassida
2998 809 3246 864 Christus
3276 810 3439 875 Iesus,

2116 903 2217 969 Qui
2244 912 2295 958 te
2319 911 2603 958 conservet
2638 917 2851 971 semper
2872 902 3090 972 ubique.
3126 903 3275 959 Vale.

1746 1158 2272 1235 PBZEFATIO

1314 1330 1407 1385 AD
1444 1328 1873 1385 HUNBERTUM
1904 1329 2301 1431 .EPISCOPUM
2339 1333 2647 1388 DICTATA.

436 1546 662 1605 Domino
698 1545 1064 1611 dilectissimo,
1083 1553 1136 1600 et
1166 1543 1314 1598 cultu
1358 1544 1737 1600 sincerissima;
1765 1549 1942 1609 chari—
1969 1567 2015 1625 Β
2042 1550 2224 1614 cessit,
2248 1549 2451 1603 editum
2478 1554 2687 1602 constat
2718 1562 2732 1600 :
2764 1547 2837 1601 ita
2866 1556 2925 1601 ut
2944 1550 3138 1619 partim
3163 1547 3387 1605 Patrum
3413 1558 3631 1611 senten—

364 1647 492 1702 tatis
520 1644 670 1699 valde
689 1640 1054 1710 obsequendo,
1082 1648 1245 1707 atque
1263 1638 1567 1693 venerando
1591 1639 1758 1705 Patri,
1793 1640 1940 1695 llnn-

364 1736 813 1803 berto.episeopo,
848 1732 1098 1785 Rabanus
1129 1730 1355 1799 exiguus
1381 1743 1659 1783 servorum
1706 1731 1798 1785 Dei
1832 1746 1944 1786 ser-

366 1843 467 1880 vus
498 1827 549 1880 in
575 1825 795 1880 Christo
826 1823 1074 1877 salutem.

437 1916 687 1985 Acceptis
716 1914 913 1969 litteris
941 1914 1248 1969 sanctitatis
1274 1923 1398 1978 tum,
1431 1927 1568 1982 quas
1621 1912 1686 1967 ad
1714 1921 1949 1982 parvita-

368 2015 475 2059 tem
504 2020 678 2058 meam
723 2005 955 2075 dirigere
986 2005 1219 2067 voluisti,
1252 2004 1407 2058 valde
1452 2003 1668 2074 gavisus
1714 2019 1853 2067 sum,
1883 2018 1949 2057 eo

362 2097 511 2167 quod
540 2104 684 2151 tuam
714 2097 965 2150 solertem
998 2097 1050 2150 in
1094 2097 1175 2151 eis
1202 2095 1559 2167 agnoscebam
1603 2094 1945 2158 industriam,

360 2196 425 2242 et
454 2188 509 2241 in
541 2186 717 2240 studio
747 2186 1382 2244 divinarumLitterarum
1417 2187 1614 2241 ﬂorens
1641 2187 1946 2257 ingenium:

364 2280 512 2333 unde
541 2294 638 2348 pro
666 2279 767 2332 hoc
813 2278 1032 2348 supplex
1072 2278 1298 2334 Domino
1324 2278 1523 2349 gratias
1551 2279 1674 2348 egi,
1721 2277 1844 2347 quia
1897 2285 1952 2331 et

365 2369 469 2423 tibi
502 2369 647 2423 dedit
675 2369 732 2421 in
770 2368 902 2439 legis
931 2383 1040 2421 suae
1081 2369 1432 2422 meditatione
1466 2368 1717 2422 devotum
1750 2366 1951 2420 habere

362 2461 716 2526 exercitium,
747 2470 799 2515 et
822 2459 1016 2529 populo
1049 2475 1146 2514 suo
1172 2461 1293 2515 inde
1318 2459 1533 2515 salubre
1561 2459 1837 2529 percipere
1858 2456 1954 2512 do—

368 2555 706 2603 cumentum.
736 2546 902 2617 Igitur
932 2548 1057 2617 quia
1102 2531 1400 2616 paternitas
1430 2556 1521 2602 tua
1552 2563 1581 2602 a
1629 2557 1813 2603 nostra
1839 2547 1953 2600 exi-

2049 1640 2173 1706 tias,
2202 1638 2400 1710 partim
2430 1639 2591 1693 etiam
2618 1644 2673 1692 et
2698 1638 2869 1693 nostri
2918 1652 3110 1693 sensus
3138 1640 3508 1711 exiguitatem,
3539 1645 3629 1700 ubi

2046 1728 2406 1783 necessarium
2444 1727 2768 1791 existimavi,
2798 1727 3056 1796 proferat.
3087 1729 3276 1785 Vestra
3323 1746 3452 1803 ergo
3499 1750 3628 1803 pru-

2049 1819 2229 1875 dentia
2268 1827 2321 1873 et
2346 1833 2530 1873 eorum
2557 1818 2875 1886 sapientiam
2918 1826 3078 1888 atque
3105 1819 3463 1889 eloquentiam
3516 1824 3632 1878 laua-

2048 1909 2199 1972 dare,
2225 1916 2282 1962 et
2317 1917 2558 1962 nostram
2605 1907 2853 1962 inertiam
2898 1923 2961 1963 ac
3003 1909 3358 1964 rusticitatem
3409 1912 3634 1967 sulferre

2051 2001 2217 2065 novit,
2242 2000 2451 2069 scitque
2500 2000 2646 2053 illam
2691 1997 2931 2069 Apostoli
2966 2003 3287 2056 sententiam
3337 2004 3634 2074 adimplere

2051 2108 2155 2162 qua
2183 2092 2331 2156 dicit,
2361 2091 2735 2163 Supportantes
2780 2092 2996 2145 invicem
3023 2094 3077 2144 in
3119 2094 3374 2148 cltaritate
3415 2095 3630 2166 (Epltes.

2052 2183 2158 2255 tv);
2204 2192 2258 2238 et
2285 2184 2437 2248 item,
2465 2182 2599 2236 alter
2624 2181 2857 2247 alterius,
2886 2168 3076 2251 inquit,
3106 2202 3264 2239 onera
3318 2197 3549 2256 portate,
3586 2198 3634 2242 et
3697 2230 3710 2236 -

2050 2274 2125 2328 sic
2172 2272 2520 2344 adimplebitis
2568 2272 2730 2342 legem
2765 2270 2961 2327 Christi
3008 2272 3152 2344 (Gal.
3178 2273 3277 2345 x1).
3329 2274 3387 2328 In
3423 2277 3633 2331 duobus

2053 2379 2182 2433 ergo
2216 2363 2487 2434 prioribus
2510 2364 3025 2418 commentariorum
3057 2364 3253 2421 libellis
3285 2367 3508 2423 historia
3539 2368 3631 2423 Ju-

2054 2454 2233 2512 dicum
2276 2471 2440 2511 sensu
2470 2455 2699 2527 mystico
2726 2456 2968 2525 exposita
2996 2457 3335 2523 continetur;
3366 2467 3420 2512 et
3447 2459 3501 2513 in
3531 2468 3635 2513 ter-

2055 2551 2129 2605 tio
2153 2549 2319 2615 Ruth,
2346 2564 2506 2619 quam
2534 2548 2697 2619 aliqui
2733 2556 3015 2603 auctorum
3048 2548 3182 2603 libro
3207 2548 3452 2604 Iudicum
3481 2565 3637 2606 asso-

368 2638 581 2708 guitate
620 2636 687 2690 ad
712 2637 816 2690 hoc
840 2636 1227 2707 aliquantulum
1257 2639 1473 2708 dignata
1497 2648 1579 2694 est
1603 2655 1843 2709 quazrere
1870 2655 1957 2694 so-
2050 2642 2219 2712 ciant,
2249 2639 2411 2710 aliqui
2443 2653 2572 2694 vero
2621 2654 2862 2697 seorsum
2909 2647 3146 2709 ponunt,
3199 2655 3306 2695 non
3354 2658 3521 2710 parva
3568 2658 3638 2697 ex

370 2727 589 2791 latium,
617 2736 837 2797 prepter
862 2743 1101 2783 amorem
1128 2730 1222 2785 Dei
1251 2739 1306 2786 et
1331 2741 1565 2786 vestram
1597 2732 1760 2786 etiam
1796 2733 1851 2786 in
1891 2747 1956 2787 eo
2054 2740 2208 2803 parte
2234 2732 2521 2801 explanata
2576 2731 2865 2785 invenitur.
2929 2730 3056 2787 Ilzec
3085 2747 3214 2803 ergo
3263 2734 3539 2802 relegens,
3592 2733 3639 2788 si

373 2817 717 2872 dilectionem
742 2818 1016 2886 humilem,
1049 2820 1100 2875 in
1129 2822 1231 2877 hoc
1259 2839 1423 2894 opere
1449 2824 1706 2894 proﬁteor
1736 2840 1822 2878 me
1865 2840 1957 2879 vo-
2059 2821 2188 2890 quid
2212 2822 2267 2876 in
2293 2822 2371 2876 eis
2396 2836 2630 2891 congrue
2660 2821 2930 2877 inveneris
2960 2823 3288 2892 expositum,
3314 2822 3387 2876 illi
3415 2822 3519 2878 hoc
3543 2825 3641 2877 tri-

370 2906 462 2961 bis
492 2921 612 2961 esse
650 2906 787 2962 velle
812 2911 1131 2966 servitorem
1156 2950 1170 2979 ,
1224 2921 1277 2968 et
1307 2914 1432 2969 boni
1481 2915 1665 2979 studii,
1696 2923 1952 2984 quantum
1983 2921 2027 2983 ρ
2057 2911 2194 2966 buas
2220 2927 2250 2965 a
2281 2927 2386 2981 quo
2411 2919 2494 2964 est
2542 2926 2702 2965 omne
2728 2911 2960 2976 bonum;
3000 2927 3119 2981 qua:
3146 2920 3329 2967 autem
3356 2912 3520 2968 aliter
3558 2913 3641 2967 in-

377 2997 560 3051 divina
601 2998 772 3068 gratia
818 3001 1087 3066 annuerit,
1116 3002 1431 3058 benevolum
1481 3003 1807 3072 adjutorem;
1859 3003 1955 3059 Dei

378 3097 594 3145 tantum
616 3089 709 3144 ﬁat
733 3089 979 3147 voluntas
1010 3094 1061 3146 in
1090 3096 1396 3163 praestando
1421 3095 1693 3161 eﬂ‘ectum,
1727 3097 1817 3165 qui
1860 3096 1957 3150 de-

380 3180 461 3235 dit
482 3188 537 3233 et
562 3180 909 3235 voluntatem.
946 3181 1021 3237 De
1044 3191 1261 3248 caetero,
1284 3184 1406 3253 quia
1444 3184 1695 3254 dignatus
1735 3197 1794 3238 es
1829 3183 1957 3238 mihi

380 3269 623 3324 scribere
645 3282 907 3338 quatenus
931 3280 1173 3326 nostrum
1200 3273 1515 3342 opusculum
1539 3286 1699 3342 super
1747 3272 1958 3343 Eptati-

380 3375 507 3414 cum
542 3360 637 3415 tibi
669 3360 978 3432 dirigerem,
1009 3362 1112 3418 feci
1138 3375 1395 3432 quantum
1438 3365 1619 3437 potui,
1651 3372 1704 3421 et
1731 3365 1959 3421 novissi-

386 3465 532 3503 mam
560 3460 769 3519 partem
795 3450 956 3517 illius,
984 3452 1086 3508 hoc
1108 3462 1210 3518 est,
1233 3469 1394 3523 super
1419 3451 1666 3509 Judieum
1709 3463 1765 3509 et
1792 3453 1959 3521 Ruth,

385 3554 546 3608 (piam
577 3540 645 3594 ad
678 3549 871 3596 manus
896 3542 948 3596 in
977 3543 1228 3611 praesenti
1257 3542 1441 3608 habui,
1473 3551 1564 3597 tuo
1608 3543 1811 3596 nomini
1836 3558 1964 3597 con-

382 3635 655 3682 secratum
685 3630 844 3684 modo
872 3631 1062 3685 direxi.
1098 3629 1341 3685 Priorum
1379 3644 1506 3685 vero
1526 3631 1786 3686 librorum
1814 3647 1963 3686 com-

389 3719 685 3773 mentarios
712 3719 815 3774 hoc
848 3727 962 3785 est,
984 3719 1332 3774 Pentateuchi
1368 3719 1568 3790 Moysi,
1594 3735 1728 3790 quos
1749 3728 1965 3790 petente

389 3814 580 3862 sancto
624 3807 741 3860 vim
782 3806 1059 3874 Freculfo,
1099 3823 1207 3861 non
1245 3808 1361 3863 sine
1401 3807 1583 3862 labore
1612 3809 1749 3863 edidi
1778 3848 1793 3872 ,
1850 3809 1963 3879 jam

383 3896 493 3951 sibi
523 3896 590 3950 ad
611 3897 1015 3953 rescribendum
1043 3898 1337 3964 transmisi,
1369 3913 1504 3968 quos
1537 3913 1659 3953 cum
1687 3913 1963 3968 recepero,

387 3992 666 4060 exemplar
687 4006 873 4046 eorum
909 3992 1003 4047 tibi
1031 3994 1292 4063 scriptum
1322 3992 1620 4048 destinabo.
1656 3990 1783 4046 Jcsu
1819 3990 1969 4047 Nave

389 4096 523 4137 vero
547 4083 934 4151 expositionem
981 4085 1136 4139 bonae
1158 4078 1433 4139 memoria:
1461 4076 1802 4149 Friduricho,
1830 4082 1969 4137 Tra-

383 4168 647 4239 jectensis
665 4171 918 4227 Ecclesiae
958 4173 1245 4242 episcopo,
1297 4187 1470 4242 nuper
1524 4173 1836 4239 transmisi;
1870 4173 1971 4228 hoc

2058 3001 2291 3065 veneris,
2329 2990 2529 3055 nostrae
2566 2998 2868 3053 infirmitati
2911 3007 2967 3054 et
3012 3000 3291 3071 imperitia:
3327 3001 3497 3072 magis
3542 3001 3641 3057 de-

2056 3100 2216 3160 putes
2242 3105 2403 3159 quam
2434 3087 2673 3154 malitiae,
2705 3098 2759 3144 et
2786 3104 2885 3158 pro
2930 3090 3032 3145 hoc
3058 3090 3199 3160 apud
3219 3090 3645 3161 omnipotentem

2060 3180 2226 3235 Deum
2254 3180 2357 3249 piis
2385 3179 2717 3235 orationibus
2742 3179 3070 3234 intervenire
3115 3180 3333 3236 studeas
3358 3220 3385 3252 ,
3426 3188 3486 3234 ut
3527 3179 3644 3251 ejus

2063 3283 2164 3338 0pc
2188 3268 2282 3323 ﬁat
2302 3270 2569 3324 indultum
2615 3277 2778 3339 atque
2814 3278 3114 3324 correctum
3142 3311 3158 3337 ,
3203 3285 3385 3325 coram
3408 3285 3515 3340 quo
3546 3285 3644 3325 no—

2065 3368 2190 3415 stra:
2220 3359 2548 3435 inﬁrmitatis
2570 3359 2715 3415 nullo
2739 3361 2896 3415 modo
2917 3360 3047 3416 latet
3079 3360 3476 3430 imperfectum,
3505 3359 3647 3415 sicut

2061 3450 2347 3506 Psalmista
2391 3460 2620 3506 testatur
2645 3451 2870 3506 dicens:
2903 3450 3271 3521 Imperfectum
3297 3466 3468 3504 meum
3504 3449 3649 3504 vide-

2064 3552 2184 3595 runt
2219 3541 2356 3594 oculi
2385 3543 2461 3594 tui
2491 3539 2663 3612 (Psal.
2713 3540 2998 3609 cxxxvtn).
3052 3540 3198 3596 Bene
3225 3556 3354 3610 ergo
3384 3540 3480 3595 tibi
3507 3556 3643 3597 con-

2066 3630 2231 3694 venit,
2258 3628 2707 3685 reverendissime
2754 3628 2932 3694 Pater,
2963 3636 3022 3682 ut
3055 3630 3146 3699 qui
3179 3629 3232 3683 in
3262 3629 3499 3684 Ecclesia
3525 3630 3644 3695 Dei,

2065 3719 2162 3774 Dei
2210 3717 2385 3775 olIicio
2417 3718 2696 3788 judicandi
2746 3717 2961 3773 functus
2999 3734 3097 3783 es,
3142 3716 3391 3774 Judieum
3442 3719 3646 3775 librum

2066 3809 2332 3865 instanter
2359 3810 2527 3881 legas,
2558 3818 2613 3864 et
2635 3824 2822 3865 eorum
2845 3810 2983 3864 bona
3011 3826 3176 3881 opera
3218 3819 3378 3880 atque
3394 3809 3544 3880 'justa
3563 3812 3648 3882 ju-

2066 3903 2206 3958 dicia
2235 3910 2453 3956 strenue
2501 3900 2747 3966 imiteris,
2773 3898 3134 3971 populumque
3160 3901 3254 3956 Dei
3286 3901 3354 3956 ab
3405 3901 3645 3955 hostium

2068 3994 2217 4049 clade
2243 3992 2407 4049 armis
2446 3991 2811 4063 spiritualibus
2841 3990 3122 4058 defendas,
3148 4004 3203 4046 et
3223 3993 3379 4064 juxta
3408 3993 3650 4048 doctoris

2068 4085 2306 4157 gentium
2343 4082 2666 4139 sententiam
2709 4097 2815 4154 qua
2849 4082 3171 4154 discipulum
3200 4083 3476 4147 instruxit,
3501 4081 3649 4138 solli-

2071 4177 2179 4232 cite
2202 4176 2408 4247 vigiles,
2435 4177 2522 4246 pie
2548 4174 2780 4239 labores,
2805 4191 2940 4245 opus
2966 4174 3135 4230 facias
3153 4174 3518 4245 evangelistaa,
3541 4177 3647 4229 mi-

390 4260 662 4324 similiter,
693 4268 752 4315 ut
778 4261 909 4315 mihi
945 4261 1211 4316 redditum
1250 4260 1450 4326 fuerit,
1503 4262 1548 4317 si
1578 4262 1672 4316 Dei
1717 4262 1967 4317 voluntas
1993 4260 2043 4319 D
2069 4266 2349 4321 nisterium
2374 4272 2521 4319 tuum
2552 4265 2775 4333 impleas
2800 4282 2815 4318 :
2846 4272 2905 4318 ut
2928 4281 3050 4319 cum
3088 4265 3339 4334 princeps
3370 4273 3652 4335 pastorum

384 4360 501 4416 est,
531 4352 625 4407 tibi
653 4351 994 4407 committere
1037 4352 1266 4417 curabo;
1303 4359 1358 4407 et
1384 4368 1491 4408 non
1521 4353 1692 4408 solum
1738 4353 1848 4419 illa,
1876 4352 1971 4408 sed

392 4452 453 4498 et
477 4444 656 4498 omnia
684 4459 804 4513 qua:
846 4444 912 4499 ad
937 4452 1174 4499 vestram
1214 4444 1505 4499 utilitatem
1533 4461 1563 4498 a
1594 4446 1747 4500 nobis
1786 4460 1974 4514 perve-

391 4534 518 4588 nire
543 4542 768 4604 possunt
818 4533 1173 4591 libentissime
1200 4536 1511 4606 impendere
1536 4536 1740 4607 cogito:
1773 4548 1831 4592 tu
1855 4546 1972 4591 tan-

398 4630 514 4677 tum
542 4632 782 4678 nostram
814 4623 1182 4679 inﬁrmitatem
1220 4626 1391 4681 sacris
1419 4627 1753 4681 orationibus
1780 4633 1834 4682 et
1866 4628 1974 4697 piis

389 4713 862 4767 exhortationibus
876 4713 1103 4777 releves,
1120 4715 1245 4783 quia
1267 4730 1371 4769 non
1391 4714 1562 4769 solum
1584 4717 1811 4787 prepria:
1822 4718 1977 4788 a3gri-

401 4801 602 4856 tudinis
655 4802 916 4868 molestia,
950 4819 1139 4858 verum
1172 4804 1335 4859 etiam
1371 4807 1674 4863 communis
1719 4809 1973 4879 periculi,

402 4893 548 4961 quod
591 4893 813 4948 instanti
861 4904 1100 4965 tempore
1158 4896 1333 4951 valide
1376 4897 1656 4963 imminet,
1707 4900 1978 4955 anxietate

400 4993 775 5055 praegravatus
812 5001 962 5051 sum;
1025 5002 1089 5042 ac
1138 4988 1258 5043 ideo
1307 4998 1483 5043 vestra
1534 4990 1780 5046 oratione
1818 4999 1979 5060 atque

397 5076 787 5143 omnipotentis
829 5077 921 5130 Dei
953 5078 1320 5133 misericordia
1367 5080 1597 5135 maxime
1652 5081 1882 5150 indigeo,
1913 5096 1980 5137 ne

402 5162 654 5216 deﬁciam
677 5164 731 5216 in
754 5165 1207 5231 tribulationibus,
1234 5167 1284 5220 in
1310 5169 1717 5224 necessitatibus
1732 5210 1745 5235 ,
1764 5171 1814 5223 in
1838 5171 1980 5240 peri-

407 5251 547 5306 culis
574 5252 704 5307 etin
734 5254 1116 5310 tentationibus
1137 5256 1381 5311 diversis.
1412 5257 1520 5311 lloc
1540 5272 1666 5325 ergo
1688 5259 1828 5313 scias
1854 5260 1980 5327 quia

406 5356 548 5410 opus
572 5344 713 5412 quod
760 5345 854 5398 tibi
881 5346 1204 5410 transmitte,
1234 5362 1338 5401 non
1373 5355 1576 5400 tantum
1603 5362 1667 5400 ex
1718 5347 1981 5416 majorum

412 5428 573 5484 dietis
601 5446 722 5499 qua:
748 5433 800 5486 in
827 5446 1012 5487 eorum
1057 5435 1207 5489 libris
1234 5436 1537 5504 conscripta
1566 5435 1762 5504 reperi,
1794 5436 1884 5489 sed
1915 5450 1980 5488 ex

409 5530 600 5578 nostro
620 5522 822 5592 labore,
847 5533 1105 5594 quantum
1127 5526 1305 5581 divina
1336 5526 1504 5598 gratia
1536 5540 1631 5580 nos
1672 5539 1829 5597 posse
1857 5541 1981 5581 con-

2074 4364 2128 4410 et
2150 4356 2265 4411 Rex
2293 4369 2499 4425 regum,
2541 4352 2813 4423 judexque
2837 4354 3080 4409 vivorum
3113 4364 3166 4409 et
3201 4363 3535 4410 mortuorum
3563 4370 3651 4424 ap-

2073 4444 2342 4515 paruerit,
2391 4442 2548 4497 simul
2589 4458 2712 4497 cum
2750 4442 2965 4498 caeteris
3005 4443 3259 4498 Ecclesia:
3297 4442 3389 4498 Dei
3445 4443 3648 4497 sanctis

2073 4532 2392 4605 praesulibus
2422 4533 2688 4603 percipias
2733 4533 3233 4589 immarcescihilem
3274 4533 3458 4605 gloria:
3505 4548 3653 4589 coro-

2076 4639 2225 4690 nam,
2258 4623 2549 4691 audiasque
2586 4621 2654 4675 ab
2689 4622 2804 4692 ipsa
2833 4621 3073 4678 Veritate
3110 4622 3239 4676 illud
3279 4622 3650 4693 evangelicum

2075 4711 2467 4775 testimonium,
2484 4725 2590 4779 quo
2614 4725 2828 4764 servum
2843 4710 2978 4764 bene
3001 4709 3337 4765 laborantem
3351 4721 3406 4765 et
3424 4710 3655 4766 ﬁdeliter

2073 4800 2358 4871 pecuniam
2388 4799 2588 4854 domini
2620 4800 2702 4852 sui
2728 4806 3040 4868 erogantem
3069 4798 3252 4853 laudat
3290 4800 3512 4855 dicens:
3541 4798 3654 4852 Eu-

2074 4909 2158 4964 ge,
2182 4909 2322 4947 serve
2349 4892 2476 4946 bone
2496 4900 2543 4945 et
2570 4889 2760 4962 fidelis,
2790 4892 2913 4960 quia
2953 4907 3107 4961 super
3132 4908 3301 4962 pauca
3350 4892 3497 4962 luisti
3523 4890 3656 4959 [ide-

2079 4985 2167 5050 lis,
2187 5003 2347 5057 supra
2374 4984 2538 5038 multa
2564 4993 2611 5037 te
2641 4983 2976 5049 constituam,
2999 4984 3138 5037 intra
3184 4984 3239 5037 in
3267 4985 3519 5054 gaudium
3544 4982 3652 5034 Do-

2076 5076 2208 5129 mini
2268 5076 2345 5128 tui
2400 5073 2614 5146 (Matth.
2660 5072 2810 5145 xxv).
2877 5072 3040 5143 Cujus
3103 5074 3278 5145 gaudii
3315 5074 3654 5140 omnipotens

2080 5165 2242 5231 Deus,
2274 5165 2485 5218 trinitas
2511 5172 2566 5217 et
2594 5164 2819 5218 indivisa
2857 5163 3197 5228 unitas,cum
3219 5162 3418 5216 sanctis
3447 5159 3654 5229 angelis

2080 5264 2135 5309 et
2157 5256 2342 5310 electis
2367 5256 2646 5309 animabus
2673 5254 2726 5308 in
2755 5253 2963 5309 etelcsti
2991 5270 3153 5323 regno
3194 5252 3355 5305 faciat
3389 5259 3437 5305 te
3465 5264 3653 5319 perpe-

2084 5343 2300 5398 tualiter
2350 5358 2469 5398 esse
2502 5344 2839 5412 participem.
2884 5341 3277 5397 Beatitudiuem
3325 5347 3468 5391 tuam
3514 5337 3654 5391 bene

2082 5435 2261 5488 valere
2288 5450 2499 5503 semper
2535 5436 2587 5488 in
2617 5434 2831 5493 Christo
2883 5444 3132 5507 optamus
3163 5474 3176 5501 ,
3231 5440 3415 5488 sancte
3456 5428 3651 5497 Pater,

2083 5540 2375 5581 memorem
2410 5525 2597 5581 nostri.
