4000 6186
420 313 555 381 ,ΜΗ

1056 308 1118 363 Β.
1158 306 1409 362 RABANI
1449 306 1665 363 MAURI
1706 303 2020 358 ARCHIEP.
2063 298 2375 356 MOGUNT.‘
2407 300 2688 357 OPERUM
2723 298 2902 354 PARS
2940 301 2981 354 Ι.

3526 297 3713 351 ΗΒ-

449 445 3649 481 ________________________________________._.__________._____.___.

1846 542 2250 604 lNClPlL’NT

737 695 1769 850 COMMENTARlA
1854 732 1998 842 1N
2082 727 2603 842 LIBRUM
2685 680 3347 843 JUDICUM.

1666 1032 1965 1108 LIBER
2033 1030 2449 1110 PRIMUS.

938 1316 1160 1374 CAPUT
1197 1314 1486 1370 PRIMUM.

428 1454 502 1509 De
517 1471 573 1508 eo
586 1451 722 1524 quod
748 1448 846 1519 ﬁlii
872 1446 1040 1524 l_srael
1061 1454 1174 1516 post
1199 1442 1603 1524 mortemilosu‘e
1630 1440 2000 1524 consuluerunt

492 1511 801 1589 Dominumﬁ
819 1518 934 1589 quis
965 1511 1159 1589 eorum
1179 1516 1290 1589 dua:
1317 1511 2000 1589 contra__Chananteos_ﬁeri

494 1578 718 1647 deberet.
762 1578 915 1641 Et'de
958 1585 1312 1654 interfectione
1339 1578 1701 1654 Adonibezeclt
1773 1581 1929 1654 regis,
1954 1590 2002 1633 et

495 1660 875 1733 oppugnatione
904 1650 1321 1709 Cltananteorum
1352 1670 1413 1706 ac
1438 1652 1579 1705 urbis
1610 1650 1963 1704 Hierusalem.

498 1770 737 1844 (CAEL)
781 1768 906 1822 Post
945 1775 1161 1820 mortem
1219 1765 1409 1829 Iosue,
1475 1763 1850 1818 consuluerunt
1903 1761 2005 1831 ﬁlii

432 1864 600 1920 Israel
648 1862 947 1922 Dominum,
986 1859 1252 1911 dicentes:
1288 1855 1419 1923 Quis
1464 1856 1703 1910 ascendet
1746 1866 1865 1909 ante
1913 1871 2006 1908 nos

430 1965 612 2010 contra
635 1951 1014 2013 Chananteum,
1039 1955 1086 2000 et
1113 1947 1207 2001 erit
1238 1947 1348 2000 dua:
1373 1945 1533 2000 belli?
1553 1946 1799 2014 Dixitque
1827 1944 2009 1997 Domi-

430 2064 551 2111 nus,
584 2044 758 2098 Iudas
798 2039 1072 2103 ascendet;
1120 2054 1234 2091 ecce
1264 2037 1461 2091 tradidi
1509 2046 1703 2091 terram
1724 2036 1779 2089 in
1821 2050 2007 2088 manus

431 2139 565 2210 ejus.
602 2135 671 2189 Et
698 2134 771 2187 ait
802 2131 974 2186 Iudas
1015 2128 1246 2184 Simeoni
1274 2128 1431 2197 fratri
1459 2145 1553 2182 suo
1578 2142 1595 2179 :
1627 2126 1862 2182 Ascende
1891 2142 2000 2179 me-

431 2244 552 2281 cum
578 2226 631 2279 in
655 2232 791 2278 sorte
818 2238 933 2275 mea
964 2261 979 2286 ,
1008 2228 1055 2274 et
1086 2236 1261 2290 pugna
1309 2227 1489 2271 contra
1543 2216 1924 2282 Chananceum,
1952 2223 2010 2268 ut

433 2327 482 2371 et
511 2333 604 2382 ego
643 2330 855 2387 pergam
902 2321 1071 2366 tecum
1106 2311 1161 2363 in
1199 2317 1339 2362 sorte
1373 2316 1483 2361 tua.
1533 2305 1600 2359 Et
1633 2305 1758 2359 abiit
1805 2321 1923 2357 cum
1951 2320 2011 2357 eo

434 2404 667 2468 Simeon,
692 2402 1025 2472 ascenditque
1042 2399 1236 2465 ludas,
1259 2408 1307 2452 et
1331 2397 1549 2452 tradidit
1592 2394 1843 2448 Dominus
1867 2391 2009 2447 Cha-

434 2507 679 2547 nantrum
702 2508 763 2545 ac
796 2490 1133 2543 Pherezazum
1163 2490 1216 2541 in
1259 2503 1446 2541 manus
1477 2501 1677 2550 eorum,
1701 2491 1752 2538 et
1780 2483 2007 2554 reliqua.

437 2583 497 2638 l’n
530 2581 638 2635 ﬁne
683 2579 806 2636 libri
832 2577 960 2633 Jesu
1013 2578 1159 2632 Nave
1184 2576 1425 2631 breviter
1478 2582 1727 2629 narrator
1766 2573 2013 2644 porrexit

2024 1315 2072 1372 Α
2100 1314 2271 1367 tribus
2308 1311 2632 1382 postulasse,
2666 1312 2811 1383 quod
2852 1313 3121 1377 redderet,
3154 1330 3275 1370 cum
3309 1323 3365 1370 et
3390 1313 3466 1370 illi
3502 1315 3558 1370 in
3586 1332 3687 1373 sua

2104 1414 2248 1460 sorte
2274 1405 2474 1460 habere
2499 1404 2799 1474 inciperent
2828 1406 3214 1460 necessarium.

2172 1494 2590 1566 [numerantque
2632 1494 2994 1549 Adonibezeclt
3037 1496 3093 1549 in
3121 1494 3348 1560 Bezeclt,
3403 1505 3455 1551 et
3484 1513 3694 1567 pugna-

2103 1594 2282 1639 verunt
2330 1594 2512 1639 contra
2555 1600 2698 1650 eum,
2738 1602 2803 1639 ac
2829 1595 3195 1654 percusserunt
3241 1583 3607 1641 Chananwum
3634 1597 3690 1641 et

2105 1673 2467 1729 Phereswum.
2505 1672 2666 1744 Fugit
2708 1683 2882 1728 autem
2920 1675 3312 1739 Adonibezech,
3338 1693 3493 1747 quem
3518 1677 3693 1733 secuti

2105 1767 2621 1837 comprehenderunt,
2636 1768 2783 1821 ca’sis
2804 1768 3193 1822 summitatibus
3213 1736 3604 1837 manuum‘Ejus
3624 1784 3697 1822 ac

2104 1856 2317 1926 pedum,
2342 1864 2447 1911 etc.
2483 1855 2615 1923 Quis
2663 1852 2845 1911 autem
2896 1856 2997 1911 iste
3040 1855 3445 1921 Adonibezecb,
3492 1856 3696 1911 melius

2106 1961 2268 2016 quam
2299 1946 2544 2001 diabolus
2589 1946 2813 2016 intelligi
2863 1953 3084 2017 potest,
3129 1947 3301 2001 hostis
3345 1947 3604 2016 antiquus
3632 1956 3693 2001 et

2109 2037 2359 2093 inimicus
2397 2037 2575 2092 omnis
2599 2037 2850 2108 iustitiae,
2898 2038 2992 2108 qui
3027 2048 3220 2109 regnat
3248 2038 3303 2092 in
3331 2037 3560 2103 Bezecb,
3585 2039 3697 2093 hoc

2108 2136 2214 2191 est,
2237 2127 2291 2182 in
2321 2126 2530 2200 fulgore
2554 2126 2641 2182 vel
2670 2128 2727 2182 in
2755 2137 3075 2199 contemptu
3106 2145 3264 2188 vano.
3296 2129 3696 2200 Interpretatur

2110 2227 2288 2273 autem
2329 2217 2727 2286 Adonibezech,
2757 2220 3000 2274 dominus
3026 2220 3282 2290 fulminis.
3308 2220 3377 2276 Et
3400 2220 3691 2290 Apostolus

2114 2309 2180 2364 de
2206 2311 2394 2365 eodem
2435 2312 2658 2381 antiquo
2685 2312 2843 2368 hoste
2877 2313 2953 2367 ita
2984 2312 3117 2368 dicit
3153 2331 3167 2365 :
3201 2311 3320 2383 Ipse
3360 2314 3499 2367 enim
3524 2312 3689 2368 Sata-

2114 2415 2209 2452 nas
2232 2399 2575 2470 transﬁgurat
2598 2417 2651 2455 se
2671 2401 2727 2455 in
2753 2400 2995 2471 angelum
3018 2400 3150 2456 lucis
3176 2400 3264 2473 (ΙΙ
3288 2398 3411 2455 Cor.
3435 2401 3521 2472 ιι).
3550 2402 3690 2456 'l'ola

2115 2496 2293 2542 autem
2315 2487 2431 2557 ejus
2450 2492 2692 2561 potentia
2721 2500 2884 2561 atque
2911 2500 3152 2562 potestas
3178 2492 3394 2548 vanitas
3412 2501 3694 2562 est,quem
3770 2539 3777 2543 .

2116 2580 2215 2636 ﬁlii
2255 2580 2413 2648 Iuda,
2444 2584 2547 2639 hoc
2574 2594 2677 2647 est,
2705 2585 2805 2655 [itii
2833 2586 3196 2656 confessionis,
3227 2602 3292 2642 ac
3313 2585 3409 2641 lilii
3452 2587 3693 2652 Simeon,

440 2671 729 2729 historiam
755 2683 1036 2739 quousque
1061 2668 1155 2721 filii
1179 2665 1345 2721 Israel
1366 2666 1435 2720 ad
1456 2664 1708 2720 colendos
1730 2663 1858 2717 deos
1885 2662 2016 2716 alie-

2125 2674 2222 2728 hoc
2249 2683 2350 2739 est,
2388 2674 2485 2744 filii
2505 2676 2874 2740 exauditionis,
2904 2676 3337 2744 debellant,cum
3366 2676 3551 2733 ﬁdeles
3575 2677 3698 2746 qui-

438 2780 541 2821 nos
579 2763 1022 2828 declinaverunt;
1056 2761 1108 2816 in
1139 2762 1244 2816 hoc
1283 2767 1463 2814 autem
1508 2758 1645 2813 libro
1677 2756 1744 2810 ad
1770 2755 2014 2811 ordinem

438 2854 617 2921 redit,
682 2854 951 2924 quomodo
1000 2850 1382 2923 consequentia
1430 2858 1581 2922 gesta
1640 2847 1843 2903 fuerint
1893 2854 2018 2918 post

438 2952 673 3001 mortem
706 2943 831 2999 Jesu
872 2943 1038 2998 Nave.
1067 2941 1184 3001 Non
1210 2956 1340 3014 ergo
1381 2943 1448 2996 ab
1474 2940 1565 2994 illo
1607 2948 1848 3008 tempore
1878 2935 2015 2990 inci-

437 3038 516 3106 pit
546 3036 683 3092 liber
707 3051 814 3106 quo
841 3035 1067 3106 populus
1092 3035 1161 3089 ad
1197 3032 1421 3089 colenda
1456 3029 1748 3089 simulacra
1771 3025 2012 3091 deﬂuxit,

440 3127 589 3183 seda
619 3126 890 3196 prioribus
934 3123 1265 3194 interpositis
1314 3120 1650 3192 temporibus
1701 3117 1895 3189 quibus
1949 3130 2016 3171 ea

438 3224 588 3285 gesta
611 3224 736 3271 sunt
764 3224 884 3284 post
909 3231 1029 3286 qua:
1050 3215 1116 3268 ad
1163 3213 1252 3269 illa
1281 3210 1549 3282 pervenit.

521 3306 584 3363 Et
615 3307 811 3375 factum
843 3317 916 3359 est
945 3315 1218 3375 postquam
1244 3304 1521 3372 defunctus
1550 3311 1624 3354 est
1656 3300 1834 3364 Iesus,
1857 3302 2017 3353 inter—

441 3394 697 3465 rogabant
720 3392 1002 3461 ﬁliilsrael
1014 3392 1316 3455 Dominum,
1343 3390 1568 3443 dicentes
1591 3405 1609 3443 :
1628 3388 1757 3455 Quis
1779 3389 2020 3442 ascendet

443 3485 716 3539 nobiscum
745 3482 815 3536 ad
850 3481 1205 3536 Cltananwum
1233 3481 1343 3534 dua:
1372 3479 1441 3533 ad
1470 3479 1835 3534 debellandum
1864 3480 2022 3533 eum?

444 3576 515 3637 Et
541 3575 675 3630 dixit
704 3575 959 3629 Dominus
988 3588 1007 3626 :
1033 3574 1202 3629 ludas
1227 3574 1469 3628 ascendet
1497 3587 1515 3624 :
1539 3590 1654 3627 ecce
1681 3572 1802 3626 dedi
1828 3582 2021 3626 terram

441 3669 499 3721 in
522 3683 707 3721 manus
752 3667 937 3737 ipsius.
971 3665 1070 3721 Hic
1098 3666 1359 3736 qttmritur
1386 3674 1569 3719 utrum
1618 3665 1814 3734 aliquis
1859 3666 2023 3719 homo

443 3755 610 3813 Judas
638 3760 964 3823 vocabatur,
1002 3774 1070 3813 an
1109 3759 1279 3827 ipsam
1309 3759 1530 3822 tribum,
1577 3758 1652 3812 ita
1680 3767 1738 3813 ut
1759 3758 1912 3822 solet,
1945 3759 2022 3812 sic

445 3850 779 3921 appellavit?
808 3850 914 3906 Sed
950 3850 1021 3905 illi
1073 3851 1165 3919 qui
1220 3850 1689 3923 interrogaverant
1733 3851 2022 3906 Dominum

443 3950 568 4013 post
602 3950 831 3997 mortem
873 3940 1002 3997 Jesu
1041 3941 1207 4008 Nave,
1241 3942 1432 3999 ducem
1479 3943 1857 4012 requirebant;
1881 3942 2023 3996 unde

2118 2779 2223 2834 que
2247 2772 2399 2820 scuto
2426 2765 2547 2820 ﬁdei
2571 2774 2733 2837 atque
2763 2767 2930 2821 armis
2958 2767 3222 2822 virtutum
3253 2776 3443 2822 contra
3471 2781 3596 2821 eum
3616 2766 3697 2820 di-

2117 2855 2340 2920 micant,
2384 2857 3011 2927 comprebendentesque
3049 2873 3173 2912 eum
3202 2857 3426 2912 caedunt
3469 2855 3694 2911 summi-

2119 2955 2259 3002 tates
2280 2964 2534 3002 manuum
2565 2963 2629 3003 ac
2654 2948 2872 3018 pedum,
2908 2964 3031 3004 cum
3065 2948 3363 3019 primordia
3392 2946 3548 3003 malae
3571 2962 3698 3017 ope-

2120 3039 2343 3094 rationis
2372 3046 2532 3108 atque
2558 3040 2781 3109 vestigia
2811 3040 2962 3109 pravi
2992 3041 3223 3112 exempli
3271 3040 3593 3096 abscindere
3616 3039 3697 3093 vi-

2119 3128 2293 3184 riliter
2319 3130 2669 3194 contendunt,
2696 3138 2964 3199 quatenus
2990 3131 3208 3202 maligni
3237 3131 3386 3186 fraus
3405 3129 3696 3186 efﬁcaciam

2122 3220 2415 3289 repentina:
2456 3220 2786 3290 deeeptionis
2814 3237 2922 3275 non
2957 3221 3218 3287 inveniat,
3262 3237 3385 3276 cum
3421 3222 3575 3292 vigor
3620 3220 3695 3274 illi

2122 3308 2346 3363 nocendi
2376 3310 2604 3378 spiritali
2632 3310 2977 3365 dimicatione
2998 3309 3262 3365 aufertur.

2196 3397 2567 3469 Oppugnantes
2590 3416 2710 3470 ergo
2753 3398 2853 3467 ﬁlii
2883 3399 3029 3454 Iuda
3075 3399 3408 3454 Hierusalem
3456 3408 3699 3470 ceperunt

2121 3504 2259 3552 eam,
2294 3496 2342 3540 et
2360 3499 2721 3558 percusserunt
2752 3490 2805 3543 in
2829 3507 2917 3544 ore
2949 3490 3136 3560 gladii,
3169 3489 3434 3544 tradentes
3460 3500 3701 3544 cunctam

2121 3576 2360 3630 incendio
2376 3577 2654 3630 civitatem.
2686 3576 2751 3629 Et
2771 3568 2947 3648 postea
2964 3578 3328 3632 descendentes
3341 3587 3702 3649 pugnaverunt

2123 3677 2304 3723 contra
2327 3666 2708 3732 Cltanana'um,
2738 3670 2828 3738 qui
2864 3657 3130 3723 habitabat
3163 3669 3217 3722 in
3248 3669 3535 3731 montanis,
3560 3677 3607 3720 et
3633 3665 3701 3719 ad

2124 3758 2414 3824 meridiem,
2446 3767 2494 3812 et
2525 3758 2580 3811 in
2608 3759 3002 3828 campestribus.
3028 3758 3361 3829 Pergensque
3379 3756 3554 3811 Iudas
3581 3772 3703 3810 con-

2124 3856 2208 3900 tra
2237 3844 2623 3912 Chananazum,
2656 3849 2745 3919 qui
2774 3848 3043 3903 habitabat
3082 3851 3138 3904 in
3162 3837 3345 3904 Ebron
3365 3889 3381 3915 ,
3435 3849 3588 3918 cujus
3618 3864 3706 3902 no-

2126 3953 2246 3991 men
2271 3936 2371 4007 fuit
2405 3938 2720 4008 antiquitus,
2750 3937 3117 4004 Cariatltarbe,
3161 3941 3415 4011 percussit
3458 3939 3624 4004 Sisai,
3657 3948 3703 3992 et

444 4011 667 4106 putatur
716 4033 877 4088 unius
910 4048 1223 4103 expressum
1279 4033 1516 4089 hominis
1558 4011 1781 4089 nomen.
1820 4028 2022 4088 Verum
2050 4011 2095 4073 Ο
2127 4027 2373 4093 Abiman,
2418 4037 2465 4082 et
2521 4027 2791 4094 Tholmar,
2822 4039 2975 4100 atque
3002 4031 3121 4083 inde
3162 4030 3427 4100 profectus
3467 4030 3600 4083 adiit
3632 4029 3701 4082 ad

446 4123 573 4194 quia
600 4138 707 4177 non
748 4122 883 4178 solet
913 4124 1076 4179 duces
1106 4124 1386 4179 nominare
1416 4122 1717 4194 Scriptura,
1748 4138 1872 4177 cum
1894 4137 2025 4177 con-

446 4216 748 4270 stituuntur
772 4256 786 4281 ,
815 4214 919 4271 nisi
947 4226 1369 4279 commemorata
1395 4216 1557 4270 etiam
1592 4214 1803 4285 origine
1824 4229 2024 4285 paren-

445 4313 581 4367 tum,
613 4313 668 4359 et
694 4312 908 4360 constat
936 4315 1056 4375 post
1083 4303 1265 4360 Iesum
1293 4305 1457 4359 duces
1486 4304 1740 4359 habuisse
1768 4304 2024 4374 populum

446 4395 644 4461 Israel,
674 4411 903 4466 quorum
947 4396 1153 4468 primus
1200 4404 1285 4453 est
1324 4394 1572 4452 Othoniel
1606 4395 1747 4450 ﬁlius
1800 4395 1975 4450 Zenez
2007 4413 2022 4426 ·

449 4487 651 4541 rectius
673 4485 987 4556 intelligitur
1007 4485 1224 4540 nomine
1242 4483 1392 4540 Judaa
1414 4484 1610 4540 tribum
1639 4484 1833 4539 Judam
1860 4483 2027 4539 fuisse

451 4575 842 4646 signiﬁcatam;
873 4576 941 4631 ab
968 4577 1083 4647 ipsa
1122 4577 1265 4632 enim
1292 4577 1436 4632 tribu
1466 4577 1635 4632 voluit
1664 4576 1927 4631 Dominus
1949 4575 2029 4630 in-

452 4668 632 4736 cipere
659 4671 864 4725 conteri
906 4669 1257 4727 Cltananaeos.
1293 4672 1360 4726 Et
1391 4688 1514 4727 cum
1546 4672 1777 4741 populus
1807 4670 1872 4725 de
1893 4670 2029 4725 duce

454 4756 858 4828 interrogasset,
905 4761 972 4815 ab
1006 4761 1108 4817 hoc
1156 4760 1324 4816 valuit
1366 4761 1649 4830 responsio
1693 4758 1936 4823 Domini,
1968 4768 2029 4813 ut

462 4847 625 4901 sciret
649 4848 816 4903 Deum
862 4849 1097 4909 noluisse
1124 4852 1193 4906 ab
1219 4851 1471 4906 universo
1499 4849 1696 4920 populo
1722 4849 1910 4904 bellari
1933 4850 2029 4905 ad-

456 4953 646 4993 versus
685 4936 1035 4995 Cbananzeos.
1062 4940 1205 4995 Dixit
1254 4956 1383 5012 ergo
1411 4960 1422 4994 :
1455 4939 1627 4994 ludas
1658 4938 1920 4993 ascendet.
1959 4939 2029 4994 Et

459 5026 709 5096 sequitur
754 5023 1029 5093 Scriptura
1063 5043 1289 5087 narrans
1319 5046 1331 5081 :
1367 5027 1435 5082 Et
1464 5026 1597 5080 dixit
1627 5023 1663 5079 J
1668 5023 1800 5079 udas
1840 5027 1908 5078 ad
1940 5024 2029 5080 Si-

458 5137 611 5175 meon
639 5118 855 5189 fratrem
903 5134 1056 5171 suum
1079 5134 1097 5170 :
1127 5122 1311 5189 utique
1364 5122 1538 5175 tribus
1567 5120 1632 5174 ad
1661 5119 1878 5174 tribum.
1912 5118 2029 5175 Non

460 5212 603 5265 enim
636 5209 810 5265 adhuc
858 5208 1105 5262 vivebant
1157 5209 1232 5262 illi
1288 5209 1382 5263 ﬁlii
1411 5208 1577 5266 Jacob
1605 5210 1695 5279 qui
1728 5210 1857 5266 dicti
1907 5218 2032 5265 sunt

459 5295 625 5354 ludas
648 5306 701 5353 et
725 5297 964 5359 Simeon,
1006 5294 1147 5349 inter
1171 5304 1397 5350 caeteros
1420 5295 1615 5351 fratres
1645 5312 1771 5352 suos
1797 5298 2032 5367 pr0priis

461 5387 771 5447 nominibus
787 5385 1058 5456 appellati.
1087 5384 1194 5440 Sed
1220 5387 1357 5441 dixit
1385 5387 1556 5441 tribus
1580 5386 1609 5441 J
1617 5388 1717 5442 uda
1737 5388 1803 5442 ad
1831 5388 2031 5447 tribum

462 5476 682 5534 Simeon
706 5491 719 5529 :
751 5475 983 5530 Ascende
1028 5492 1230 5530 mecum
1277 5476 1332 5529 in
1359 5486 1497 5530 sorte
1526 5492 1639 5530 inea
1668 5517 1681 5539 ,
1713 5485 1759 5529 et
1786 5475 2031 5531 bellemus

466 5568 521 5623 in
556 5563 880 5631 Chananaro,
901 5575 949 5619 et
978 5565 1062 5619 ibo
1076 5566 1233 5620 etiam
1254 5582 1347 5635 ego
1373 5576 1542 5620 tecum
1568 5567 1621 5620 in
1644 5577 1833 5621 sortem
1865 5578 2030 5623 tuam.

476 5653 809 5710 tlanifestum
837 5663 924 5710 est
967 5656 1223 5714 auxilium
1259 5656 1359 5712 sibi
1392 5656 1587 5714 tribum
1630 5655 1767 5713 Juda
1811 5656 2036 5733 alterius

2061 5350 2113 5410 D

2126 4115 2443 4170 habitatores
2490 4115 2659 4171 Dabir
2689 4118 2841 4188 cujus
2881 4135 3067 4172 nomen
3102 4127 3243 4173 vetus
3282 4128 3394 4173 erat
3444 4116 3705 4173 Cariatse-

2124 4206 2270 4275 pher,
2295 4206 2349 4259 id
2378 4216 2470 4270 est,
2498 4206 2678 4261 civitas
2699 4207 3015 4263 litterarum.
3043 4207 3213 4279 Hujus
3236 4208 3341 4264 loci
3365 4208 3706 4280 Josepbusin

2125 4297 2264 4352 libro
2317 4296 2714 4367 Antiquitatum
2757 4301 2947 4371 quinto
2977 4341 2992 4365 ,
3041 4301 3116 4355 ita
3174 4301 3424 4356 meminit
3481 4301 3705 4356 dicens:

2133 4406 2150 4437 ι
2197 4387 2342 4443 Inter
2379 4388 2496 4444 [nec
2548 4390 2883 4446 obsederunt
2909 4391 3359 4462 Hierosolymam,
3413 4392 3512 4447 sed
3565 4393 3709 4448 banc

2128 4480 2345 4551 quidem
2379 4480 2539 4553 longo
2564 4490 2806 4552 tempore
2833 4484 3128 4553 capientes,
3155 4500 3349 4541 omnes
3378 4486 3434 4540 in
3458 4500 3525 4540 ea
3556 4485 3710 4541 babi-

2130 4579 2306 4627 tantes
2336 4571 2746 4629 interemerunt.
2773 4575 2904 4630 Erat
2947 4577 3091 4631 enim
3120 4577 3201 4633 eis
3227 4578 3385 4633 valde
3409 4578 3598 4649 gravis
3617 4578 3713 4634 de—

2129 4677 2292 4731 super
2319 4664 2547 4718 munitio
2581 4680 2882 4731 murorum,
2912 4675 2969 4722 et
3008 4668 3113 4723 loci
3158 4677 3355 4725 natura
3401 4670 3708 4725 resistendi.

2132 4751 2285 4807 Unde
2311 4755 2675 4810 castrametati
2702 4764 2828 4810 sunt
2848 4757 2901 4810 in
2934 4754 3134 4823 Ebron,
3167 4766 3226 4813 et
3253 4760 3396 4815 hanc
3437 4760 3712 4829 capientes

2130 4842 2307 4896 omnia
2340 4843 2748 4900 interfecerunt.
2781 4865 2800 4898 ι
2840 4845 3265 4917 Relinquebatur
3308 4858 3492 4904 autem
3541 4863 3712 4921 genus

2132 4935 2309 4991 adhuc
2348 4937 2664 5007 gigantium,
2702 4939 2794 5008 qui
2827 4948 3054 5009 propter
3104 4939 3506 5010 magnitudines
3548 4948 3713 5009 atque

2134 5023 2333 5079 formas
2363 5026 2415 5079 in
2443 5026 2587 5081 nullo
2614 5028 2734 5083 aliis
2774 5029 3081 5084 hominibus
3108 5031 3388 5099 proximas
3426 5030 3572 5085 ultra
3598 5047 3714 5085 mo-

2134 5115 2261 5170 dum
2303 5116 2599 5173 mirabiles.
2631 5117 2903 5175 Hactenus
2946 5134 3131 5174 eorum
3173 5135 3299 5175 ossa
3335 5129 3718 5176 monstrantur

2134 5206 2188 5259 in
2240 5205 2384 5261 nullo
2422 5208 2508 5262 his
2552 5208 2618 5263 de
2672 5210 2869 5277 quibus
2912 5210 3047 5265 fides
3101 5210 3413 5267 habebatur.
3457 5211 3711 5280 aequalia.

2138 5298 2374 5365 Quorum
2427 5315 2595 5368 genus
2648 5301 2852 5357 Levitis
2901 5304 3169 5372 praacipue
3216 5304 3437 5359 dederat
3492 5319 3718 5370 utullus,

2137 5387 2300 5440 etiam
2331 5402 2451 5442 cum
2493 5388 2702 5445 duobus
2733 5391 2967 5446 millibus
3017 5392 3215 5447 cubitis
3264 5402 3465 5447 terram
3496 5406 3716 5463 quoque

2143 5475 2284 5531 dono
2315 5477 2574 5534 dederant
2626 5487 2811 5535 manto
2859 5480 3107 5547 Moseos;
3137 5483 3224 5538 hic
3257 5484 3399 5537 enim
3449 5482 3552 5538 fuit
3577 5496 3717 5537 unus

2142 5565 2561 5637 exploratorum,
2590 5584 2723 5639 quos
2752 5571 2900 5626 misit
2932 5571 3141 5642 Moyses
3178 5573 3233 5627 in
3275 5572 3655 5628 Chananmam.
3690 5592 3710 5624 ι
