4000 6186
328 290 469 346 Ηίὅ

957 398 1185 455 CAPUT
1226 402 1284 454 ll.

323 510 411 567 De
432 526 491 565 eo
531 510 669 580 quod
696 508 853 580 Caleb
882 513 1154 580 spopondit
1182 513 1349 580 ﬁliam
1380 530 1531 567 suam
1560 530 1770 567 uxorem
1808 517 1904 570 viri

402 578 1193 652 quipiarcuteretrCariatsepher.
1224 583 1290 635 Et
1305 583 1442 652 quod
1468 585 1583 635 Ama
1603 583 1718 652 ﬁlia
1744 583 1902 639 Caleb

401 651 524 721 petit
549 658 750 713 patrem
771 651 899 702 dare
930 651 1027 703 sibi
1063 660 1257 704 terram
1287 651 1565 721 irriguum.

403 764 580 837 (Imm)
619 764 864 835 Dixitque
910 764 1065 819 Caleb
1103 782 1122 819 :
1152 764 1259 831 Qui
1292 768 1604 836 percusserit
1641 764 1904 819 Cariatse-

324 853 477 923 pher,
500 863 548 908 et
576 857 850 907 vastaverit
885 869 1019 917 eam,
1067 854 1201 908 dabo
1230 856 1278 908 ei
1317 855 1488 909 Accam
1530 855 1696 923 ﬁliam
1734 870 1902 907 meam

326 962 566 999 uxorem.
597 944 716 1000 Jam
740 946 842 1000 hoc
861 953 916 1000 et
940 947 995 998 in
1023 946 1162 1001 libro
1189 945 1317 1002 Jesu
1338 946 1485 1002 Nave
1513 945 1904 1003 commemdra-

325 1044 442 1090 tum
468 1046 570 1101 est,
596 1036 689 1091 sed
712 1045 895 1091 utrum
919 1035 1048 1092 Jesu
1075 1038 1289 1093 vivente
1324 1038 1525 1095 factum
1557 1039 1651 1104 sit,
1672 1046 1729 1092 et
1757 1053 1901 1092 nunc

324 1141 426 1197 per
453 1128 951 1196 recapitulationem
980 1130 1293 1197 repetitum,
1309 1144 1377 1183 an
1398 1137 1521 1198 post
1534 1129 1649 1198 ejus
1671 1136 1901 1182 mortem

322 1226 676 1285 posteaquam
707 1217 908 1272 dictum
949 1226 1054 1284 est,
1100 1217 1274 1273 Iudas
1334 1220 1611 1285 ascendet,
1651 1228 1700 1272 et
1753 1219 1901 1288 carpit

322 1305 498 1359 Judas
522 1305 783 1360 debellare
809 1304 1158 1373 Chananteos,
1190 1308 1245 1362 in
1273 1324 1380 1378 quo
1400 1308 1541 1363 bello
1588 1309 1692 1363 ista
1720 1308 1898 1363 omnia

322 1405 478 1466 gesta
508 1404 818 1463 narrantur,
867 1399 1063 1453 merito
1110 1401 1405 1469 quaeritur?
1434 1401 1540 1457 Sed
1587 1401 1901 1456 credibilius

322 1497 409 1543 est
432 1498 554 1557 post
581 1497 810 1543 mortem
839 1485 967 1544 Jesu
1004 1488 1226 1557 factum,
1278 1498 1408 1546 tunc
1439 1501 1618 1545 autem
1647 1506 1744 1560 per
1770 1506 1898 1561 pro-

325 1578 520 1648 lepsiu,
542 1578 595 1632 id
617 1586 719 1644 est,
742 1594 841 1648 per
857 1580 1378 1650 praeoccupationem
1394 1589 1896 1646 commemoratum,

323 1669 777 1738 quemadmodum
804 1677 859 1724 et
898 1669 1025 1724 alia.
1076 1670 1231 1726 Nunc
1263 1672 1406 1726 enim
1446 1687 1569 1726 cum
1608 1686 1696 1726 res
1735 1679 1899 1741 gestae

1281 293 1629 350 COMMENT.
1671 296 1737 351 [Ν
1777 297 1901 353 LIB.
1943 298 2257 359 JUDICUM.
2297 336 2366 345 -—
2404 305 2528 361 LIB.
2565 306 2604 363 l.

3447 312 3580 366 iiii

1933 419 1980 475 Α
2008 412 2139 467 dita.
2173 412 2326 469 Unde
2354 431 2498 470 nunc
2539 416 2786 472 subditur
2814 435 2826 471 :
2870 417 3000 483 Qute
3028 433 3145 471 cum
3168 420 3479 489 suspirasset
3499 439 3582 474 se-

2005 508 2132 560 dens
2165 508 2219 561 in
2245 509 2415 573 asino,
2463 508 2598 562 dixit
2627 509 2675 563 ei
2722 510 2878 563 Caleb
2909 523 2927 560 :
2981 511 3120 576 Quid
3155 511 3350 565 habet!
3374 514 3439 564 At
3484 511 3578 565 illa

2003 596 2266 665 respondit
2292 612 2311 650 :
2332 596 2419 650 Da
2436 597 2563 650 mihi
2585 597 3010 663 benedictionem,
3036 610 3229 653 terram
3254 609 3480 654 arentem
3494 600 3584 652 de-

2002 684 2127 738 disti
2145 685 2308 750 mihi;
2354 686 2424 739 da
2454 696 2502 740 et
2522 688 2788 757 jrriguam
2810 688 2958 759 aquis
2975 690 3000 741 ?
3024 689 3176 744 Dedit
3202 708 3320 762 ergo
3346 693 3391 746 ei
3421 691 3578 748 Calveb

2001 774 2255 844 irriguum
2298 777 2535 846 superius
2587 786 2637 830 et
2666 777 2918 847 irriguum
2945 778 3183 847 inferius.
3217 779 3581 850 Spiritualiter

2002 873 2182 919 autem
2208 867 2385 920 anima
2411 882 2572 937 super
2590 868 2798 922 asinam
2830 869 3005 933 sedit,
3035 884 3158 923 cum
3188 871 3579 927 irrationabili-

2000 955 2103 1010 bus
2123 956 2301 1011 carnis
2328 972 2439 1012 sua:
2468 958 2704 1012 motibus
2737 948 2915 1013 anima
2947 960 3217 1028 prmsedit,
3242 976 3363 1029 qua:
3391 961 3571 1031 suspi-

2003 1059 2130 1097 rans
2156 1059 2184 1097 a
2223 1054 2377 1114 patre
2408 1056 2605 1101 terram
2633 1049 2892 1118 irriguam
2931 1049 3083 1118 petit,
3120 1051 3247 1119 quia
3283 1065 3314 1103 a
3334 1061 3582 1106 creatore

2002 1143 2188 1191 nostro
2231 1151 2355 1190 cum
2394 1153 2589 1208 magno
2627 1140 2828 1208 gemitu
2874 1141 3161 1208 quazrenda
3212 1140 3574 1211 lacrymarum

2002 1224 2195 1291 gratia.
2226 1223 2365 1279 Sunt
2389 1242 2622 1296 namque
2653 1228 2916 1293 nonnulli,
2955 1230 3046 1298 qui
3069 1229 3182 1297 jam
3208 1230 3263 1297 in
3296 1232 3436 1284 dono
3455 1245 3581 1299 per-

2001 1324 2262 1383 ceperunt
2284 1314 2452 1370 libere
2497 1333 2594 1386 pro
2641 1318 2855 1387 justitia
2883 1318 3048 1387 loqui,
3094 1334 3382 1388 oppressos
3416 1321 3577 1386 tueri,

2001 1405 2366 1476 indigentibus
2377 1423 2624 1477 possessa
2642 1410 2898 1475 tribuere,
2922 1412 3170 1466 ardorem
3195 1411 3314 1465 ﬁdei
3339 1412 3573 1478 habere;

2002 1496 2096 1550 sed
2130 1497 2305 1552 adhuc
2330 1499 2558 1565 gratiam
2588 1499 2950 1569 lacrymarum
2982 1516 3086 1555 non
3145 1501 3364 1556 habent.
3399 1501 3461 1556 lli
3494 1503 3577 1557 ni-

1999 1586 2196 1641 mirum
2248 1595 2449 1643 terram
2498 1590 2790 1645 australem
2835 1598 2888 1644 et
2926 1598 3169 1645 arentem
3208 1591 3448 1656 habent,
3485 1593 3580 1647 sed

2002 1675 2180 1729 adhuc
2196 1676 2395 1746 irrigua
2422 1676 2681 1746 indigent,
2709 1679 2834 1747 quia
2860 1678 2915 1731 in
2942 1678 3098 1733 bonis
3118 1679 3375 1748 operibus
3396 1680 3576 1748 positi,

323 1761 580 1816 adversus
609 1760 938 1817 Chananxeos
982 1762 1146 1817 tribui
1177 1761 1328 1818 Judte
1365 1770 1792 1832 exponerentur,
1826 1762 1899 1815 ita
1930 1754 1974 1812 Β
2003 1765 2199 1833 quibus
2221 1767 2400 1836 magni
2425 1776 2589 1837 atque
2614 1767 2887 1824 ferventes
2910 1777 3286 1840 sunt,oportet
3300 1770 3577 1834 nimirum,

320 1867 381 1906 se
414 1852 741 1906 narrationis
760 1851 894 1906 ordo
914 1852 1170 1913 continet,
1204 1853 1346 1907 inter
1366 1860 1561 1907 caetera
1580 1849 1730 1906 Iudae
1752 1852 1896 1907 facta

320 1942 535 2007 bellica,
564 1942 632 1997 de
659 1959 768 2013 quo
797 1952 919 2013 post
945 1953 1176 1998 mortem
1204 1942 1332 2000 Jesu
1370 1943 1585 1999 dixerat
1608 1943 1891 2009 Dominus,

316 2033 494 2088 ludas
518 2035 779 2088 ascendet.

392 2124 462 2177 Et
483 2134 663 2195 postea
710 2125 1087 2180 descenderunt
1119 2125 1220 2195 filii
1246 2125 1390 2180 Iuda
1415 2142 1648 2197 pugnare
1663 2126 1733 2179 ad
1760 2124 1899 2179 Cha-

319 2232 590 2281 nanteum,
630 2216 721 2287 qui
748 2216 1019 2270 habitabat
1056 2217 1110 2270 in
1150 2219 1435 2283 montanis,
1483 2227 1531 2271 et
1560 2226 1818 2282 austrum,
1848 2223 1897 2269 et

318 2318 679 2379 campestrem.
703 2306 775 2361 Et
813 2308 940 2371 abiit
988 2307 1161 2362 ludas
1207 2309 1276 2362 ad
1301 2308 1663 2363 Chananteum
1693 2307 1899 2361 inhabi—

312 2407 515 2452 tantem
562 2399 617 2452 in
655 2398 851 2464 Ebron,
897 2408 946 2452 et
972 2400 1098 2452 exiit
1127 2398 1304 2453 Ebron
1327 2416 1392 2454 ea:
1417 2400 1635 2454 adverso
1663 2414 1681 2451 :
1711 2416 1896 2453 nomen

312 2499 494 2544 autem
524 2499 635 2543 erat
661 2489 837 2543 Ebron
856 2530 871 2555 ,
899 2486 1275 2555 Cariatharbe,
1307 2501 1352 2545 et
1376 2493 1630 2561 percussit
1667 2489 1782 2545 Sesi
1802 2530 1816 2555 ,
1847 2499 1896 2543 et

311 2583 564 2645 Abiman,
593 2590 640 2634 et
684 2579 889 2634 Chalmi
923 2581 1062 2650 ﬁlios
1097 2581 1304 2648 Enach,
1331 2592 1378 2636 et
1402 2582 1745 2636 ascenderunt
1776 2581 1898 2635 inde

310 2678 386 2732 ad
413 2677 766 2731 inhabitantes
812 2675 1012 2745 Dabyr.
1062 2675 1267 2729 Nomen
1305 2684 1477 2728 autem
1518 2674 1719 2744 Dabgr,
1758 2673 1897 2744 quod

310 2778 430 2824 erat
462 2777 582 2822 ante
620 2767 801 2822 civitas
841 2766 1155 2821 litterarum.
1187 2765 1258 2820 Et
1284 2765 1419 2819 dixit
1447 2764 1636 2819 Caleb:
1665 2764 1900 2831 Quicun-

311 2879 414 2935 que
444 2860 750 2933 percusserit
765 2860 1029 2914 civitatem
1059 2858 1373 2921 litterarum,
1402 2866 1450 2911 et
1481 2859 1734 2927 acceperit
1759 2873 1894 2923 eam,

311 2955 452 3009 dabo
480 2954 528 3009 ei
552 2952 721 3024 ﬁliam
750 2969 921 3007 meam
950 2953 1003 3006 in
1028 2969 1264 3006 umorem.
1295 2951 1518 3007 Constat
1539 2965 1668 3021 ergo
1696 2965 1761 3005 ex
1792 2951 1897 3006 hoc

312 3046 507 3100 ordine
544 3051 818 3116 gestarum
843 3059 1023 3098 rerum
1051 3053 1160 3098 tam
1184 3043 1486 3113 perSpicue,
1527 3053 1649 3113 post
1666 3051 1891 3098 mortem

311 3135 345 3192 Ι
348 3151 442 3191 esu
457 3137 559 3191 hoc
572 3150 692 3191 esse
706 3133 925 3190 factum.
942 3134 1092 3189 Tunc
1104 3148 1234 3188 vero
1247 3150 1367 3189 cum
1381 3134 1628 3189 civitates
1640 3134 1779 3189 datae
1790 3135 1893 3205 ipsi

313 3228 482 3285 Caleb
504 3236 1076 3305 commemorarentur;
1106 3241 1425 3298 progressus
1452 3234 1536 3281 est
1555 3242 1619 3281 ex
1649 3225 1893 3281 occasio-

314 3335 387 3375 ne
409 3328 676 3384 narrator,
710 3319 853 3389 quod
895 3326 1085 3388 postea
1115 3317 1317 3373 factum
1346 3326 1429 3372 est
1472 3315 1889 3387 praeoccupavit.

314 3410 428 3465 Nec
458 3419 636 3464 tamen
687 3407 888 3462 frustra
918 3408 1155 3462 arbitror
1184 3409 1286 3463 hoc
1314 3408 1382 3463 de
1423 3408 1530 3461 ﬁlia
1571 3406 1734 3462 Caleb
1769 3408 1892 3460 data

314 3501 374 3555 in
395 3500 615 3555 victoris
641 3498 923 3568 praemium
965 3499 1051 3553 his
1099 3514 1326 3553 numero
1381 3498 1717 3566 Scripturam
1746 3512 1895 3552 com-

304 3596 620 3643 memorare
652 3587 906 3641 voluisse.

386 3679 505 3734 Alia
530 3680 772 3735 nascitur
799 3679 1025 3749 quaestio
1051 3680 1116 3733 de
1149 3678 1254 3733 ﬁlia
1282 3678 1469 3743 Caleb,
1498 3678 1642 3747 quod
1671 3678 1725 3731 in
1755 3677 1894 3731 libro

315 3769 443 3825 Iesu
472 3770 619 3825 Nave
669 3770 749 3825 sic
776 3770 842 3825 de
887 3769 976 3823 illa
1002 3769 1201 3823 dicitur
1231 3783 1246 3822 :
1280 3768 1348 3822 Et
1405 3768 1598 3837 factum
1627 3774 1726 3831 est,
1774 3782 1893 3819 cum

314 3859 676 3930 ingrederetur
694 3846 897 3930 ipsa,‘et
926 3858 1202 3913 consilium
1226 3857 1407 3912 habuit
1431 3874 1549 3911 eum
1575 3873 1656 3922 eo,
1686 3857 1891 3910 dicens:

316 3946 502 4002 Petam
522 3958 721 4019 patrem
746 3966 918 4003 meum
958 3963 1167 4019 (egrum,
1194 3956 1241 4002 et
1277 3946 1590 4002 exclamavit
1621 3947 1686 4001 de
1715 3948 1891 4012 asino,

316 4047 450 4104 etc.,
482 4040 570 4093 ubi
601 4054 791 4109 agrum
821 4040 959 4109 petit
990 4055 1020 4094 a
1064 4047 1238 4109 patre,
1278 4047 1439 4109 atque
1467 4054 1760 4094 concessus
1785 4047 1888 4092 est.

317 4130 418 4184 llic
441 4140 620 4185 autem
652 4130 756 4184 :Et
783 4130 979 4200 factum
1006 4139 1113 4196 est,
1143 4128 1343 4199 inquit,
1372 4145 1489 4181 cum
1531 4128 1895 4199 ingrederetur

315 4222 447 4288 ipse,
459 4221 659 4274 monuit
678 4237 792 4285 eam
809 4218 1069 4284 Othoniel,
1091 4229 1149 4272 ut
1160 4228 1349 4290 peteret
1364 4236 1397 4272 a
1417 4228 1563 4289 patre
1575 4234 1670 4276 suo
1684 4233 1889 4287 agrum.

318 4312 425 4368 Sed
452 4312 509 4367 in
530 4327 596 4367 eo
616 4313 757 4381 quod
777 4312 848 4366 ibi
872 4311 1075 4366 dictum
1100 4319 1205 4375 est,
1241 4327 1358 4364 cum
1378 4309 1735 4378 ingrederetur
1754 4308 1889 4377 ipsa,

2000 1863 2182 1909 utaut
2224 1857 2418 1911 timore
2457 1858 2737 1927 supplicii,
2789 1869 2884 1913 aut
2919 1875 3106 1914 amore
3161 1860 3313 1931 regni
3344 1860 3580 1914 ctelestis

1998 1947 2140 2000 mala
2163 1948 2348 2014 etiam,
2379 1965 2500 2018 quae
2538 1959 2664 2005 ante
2690 1960 3157 2022 perpetraverunt,
3186 1952 3481 2021 deplorent.
3511 1952 3578 2006 Et

1999 2039 2127 2096 licet
2184 2041 2240 2095 in
2302 2043 2487 2097 multis
2537 2045 2820 2114 speciebus
2871 2047 3217 2115 compunctio
3268 2047 3573 2112 dividatur,

1997 2133 2212 2201 quando
2241 2133 2464 2204 singulae
2484 2151 2710 2205 qumque
2738 2152 2768 2190 a
2799 2137 3187 2206 pmnitentibus
3220 2137 3389 2205 culpa:
3416 2136 3577 2206 plan-

1997 2229 2238 2289 guntur;
2270 2223 2414 2278 unde
2447 2238 2514 2277 ex
2554 2240 2686 2280 voce
2735 2240 2949 2295 quoque
2999 2226 3375 2294 pcenitentium
3419 2225 3576 2281 Jere-

1997 2310 2134 2364 mias
2160 2312 2279 2364 ait:
2320 2310 2611 2366 Divisiones
2652 2330 2910 2383 aquarum
2951 2314 3168 2367 deduxit
3204 2313 3390 2368 oculus
3429 2330 3577 2369 meus

1998 2398 2147 2470 (Thr.
2167 2399 2274 2470 In).
2301 2400 2681 2472 Principaliter
2694 2412 2871 2457 tamen
2889 2405 3360 2474 compunctionum
3376 2419 3576 2475 genera

1997 2494 2102 2548 duo
2121 2501 2265 2557 sunt,
2288 2494 2415 2563 quia
2435 2494 2604 2550 Deum
2626 2496 2814 2549 sitiens
2842 2496 3022 2549 anima
3036 2496 3186 2565 prius
3211 2496 3406 2550 timore
3424 2511 3578 2551 com-

1995 2584 2271 2652 pungitur,
2311 2595 2434 2653 post
2465 2600 2684 2649 amore;
2737 2586 2888 2654 prius
2914 2586 3056 2639 enim
3089 2600 3208 2640 sese
3226 2586 3295 2641 .in
3323 2584 3577 2656 lacrymis

1998 2673 2183 2739 allicit,
2212 2675 2335 2743 quia
2365 2675 2492 2728 dum
2543 2674 2809 2729 malorum
2835 2689 3057 2729 suorum
3105 2674 3317 2738 recolit,
3346 2690 3444 2744 pro
3489 2675 3577 2729 his

1997 2765 2205 2834 perpeti
2252 2765 2513 2835 supplicia
2548 2775 2749 2821 aeterna
2780 2766 3130 2836 pertimescit.
3188 2766 3256 2819 At
3291 2780 3421 2820 vero
3450 2780 3575 2820 cum

1997 2856 2156 2928 longa
2190 2858 2443 2912 mmroris
2482 2858 2834 2912 anxietudine
2860 2857 3023 2912 fuerit
3048 2856 3279 2912 formido
3320 2871 3573 2911 consum-

1996 2958 2110 3017 pta,
2153 2950 2396 3018 quasdam
2429 2946 2541 3016 jam
2575 2947 2639 3001 de
2664 2948 3081 3016 prtesumptione
3106 2947 3276 3000 veniae
3304 2946 3568 3000 securitas

1997 3040 2259 3103 nascitur,
2290 3039 2343 3093 in
2370 3054 2661 3109 umoreque
2680 3039 2983 3093 caelestium
3015 3037 3333 3108 gaudiorum
3360 3036 3573 3092 animus

1998 3128 2390 3195 inﬂammatur;
2417 3137 2473 3183 et
2486 3130 2576 3198 qui
2597 3130 2746 3198 prius
2775 3127 2937 3183 ﬂebat
2958 3144 3027 3182 ne
3045 3128 3331 3183 duceretur
3354 3127 3420 3181 ad
3441 3142 3572 3195 sup-

1993 3219 2235 3288 plicium,
2269 3219 2613 3287 postmodum
2640 3219 2768 3273 flere
2792 3218 3132 3273 amarissime
3194 3217 3403 3286 incipit,
3443 3216 3572 3285 quia

1994 3306 2243 3362 differtur
2285 3322 2317 3360 a
2358 3322 2543 3376 regno.
2595 3306 3004 3377 Contemplatur
3030 3307 3230 3361 etenim
3262 3319 3449 3371 mens,
3479 3303 3574 3372 qui

1994 3397 2100 3452 sint
2137 3398 2211 3451 illi
2269 3398 2584 3468 angelorum
2617 3398 2793 3462 chori,
2827 3413 2950 3466 qua:
2997 3397 3233 3451 societas
3256 3404 3572 3451 sanctorum

1994 3485 2277 3554 spirituum
2314 3523 2329 3549 ,
2363 3501 2482 3553 quae
2540 3484 2798 3551 maiestas
2849 3485 3077 3537 interna:
3108 3485 3332 3537 visionis
3362 3484 3480 3547 Dei,
3518 3490 3574 3536 et

1994 3574 2223 3642 amplius
2259 3574 2509 3643 plangit,
2559 3572 2684 3642 quia
2728 3589 2758 3626 a
2801 3573 2956 3626 bonis
3004 3573 3334 3640 perennibus
3378 3573 3568 3635 deest,

1993 3680 2154 3732 quam
2176 3664 2349 3733 prius,
2377 3678 2498 3717 cum
2526 3663 2662 3716 mala
2690 3670 2889 3716 :eterna
2919 3660 3194 3714 metuebat
3221 3676 3235 3723 ;
3276 3660 3460 3727 sicque
3486 3659 3567 3723 ﬁt,

1996 3765 2055 3810 ut
2106 3755 2346 3826 perfecta
2397 3755 2740 3825 compunctio
2798 3752 3099 3807 formidinis
3152 3754 3326 3805 tradat
3381 3750 3564 3803 animo

1992 3849 2338 3919 punctionem
2365 3847 2665 3903 dilectionis
2684 3888 2699 3910 ,
2727 3846 2868 3915 quod
2912 3846 3048 3899 bene
3091 3844 3144 3897 in
3171 3844 3271 3899 hac
3299 3856 3451 3897 saera
3481 3856 3573 3895 ve-

1994 3940 2214 4009 racique
2236 3939 2460 3993 historia
2485 3937 2711 4007 ﬁgurata
2736 3936 3044 3990 narratione
3065 3933 3409 3988 describitur.
3435 3930 3571 3997 Quia

1995 4046 2142 4100 ergo,
2172 4038 2231 4085 ut
2254 4030 2387 4094 dixi,
2403 4029 2507 4084 duo
2519 4038 2644 4083 sunt
2669 4027 3098 4097 compunctionis
3119 4042 3336 4095 genera,
3354 4025 3499 4079 dedit
3521 4023 3570 4075 ei

1995 4131 2146 4191 pater
2183 4138 2314 4177 suus
2348 4122 2610 4191 irriguum
2644 4120 2892 4189 superius
2920 4127 2974 4171 et
3019 4118 3280 4186 irriguum
3316 4114 3562 4169 inferius.

1994 4215 2257 4285 lrriguum
2287 4215 2485 4284 quippe
2514 4213 2759 4282 superius
2811 4212 3006 4280 accipit
3045 4210 3246 4267 anima,
3295 4222 3417 4261 cum
3443 4222 3565 4261 sese

1994 4305 2249 4376 lacrymis
2281 4304 2517 4359 caelestis
2563 4301 2833 4355 desiderio
2856 4300 3006 4367 regni
3037 4298 3224 4368 afﬂigit
3258 4315 3272 4362 ;
3305 4298 3564 4364 irriguum

315 4413 371 4459 et
402 4404 491 4459 hic
515 4404 730 4469 dicitur,
762 4419 880 4457 cum
919 4404 1277 4474 ingrederetur
1300 4402 1430 4472 ipse,
1474 4401 1611 4456 nihil
1668 4409 1886 4455 contra-
1916 4428 1966 4486 D
1995 4410 2124 4449 vero
2172 4393 2399 4448 inferius
2437 4391 2662 4461 accipit,
2700 4406 2821 4446 cum
2868 4388 3060 4444 inferni
3108 4389 3366 4458 supplicia
3395 4388 3571 4442 ﬂendo

324 4495 466 4549 rium
507 4501 592 4548 est
629 4512 642 4548 :
698 4492 859 4548 simul
886 4493 1031 4547 enim
1083 4490 1523 4561 ingrediebantur
1549 4490 1708 4543 viam.
1737 4489 1891 4555 Quod

314 4601 447 4640 vero
468 4584 541 4639 ibi
568 4585 771 4639 dictum
800 4589 903 4649 est,
942 4580 1219 4636 seruilium
1243 4581 1425 4634 habuit
1451 4595 1571 4634 cum
1593 4596 1672 4643 eo,
1706 4579 1758 4633 id
1783 4587 1889 4644 est,

317 4691 439 4730 cum
469 4674 585 4730 viro
616 4689 736 4737 suo,
758 4672 935 4727 dicens
959 4685 978 4724 :
1010 4671 1196 4725 Petam
1226 4678 1428 4742 patrem
1458 4685 1630 4724 meum
1680 4684 1890 4739 agrum,

316 4777 367 4823 et
444 4767 755 4822 exclamavit
813 4765 878 4820 de
927 4765 1076 4820 asino
1154 4770 1205 4817 et
1251 4762 1439 4831 petiit:
1509 4761 1565 4816 in
1634 4774 1700 4816 eo
1746 4759 1893 4831 quod

317 4860 505 4914 habuit
528 4858 835 4925 consilium,
865 4858 941 4913 ibi
967 4855 1170 4911 monita
1213 4861 1298 4909 est
1319 4861 1381 4908 ut
1406 4859 1619 4923 peteret
1660 4867 1893 4921 quorum

318 4950 546 5006 alterum
603 4950 677 5007 ibi
729 4949 932 5005 dictum
983 4954 1087 5012 est,
1145 4945 1376 5000 alterum
1423 4943 1555 4999 hic:
1602 4950 1893 5012 utrumque

318 5048 497 5097 autem
549 5039 623 5094 ita
669 5038 962 5102 diceretur,
991 5034 1061 5088 Et
1115 5032 1391 5088 consilium
1426 5030 1609 5085 habuit
1654 5026 1770 5084 cum
1809 5047 1892 5096 eo,

316 5130 496 5184 dicens
520 5128 742 5191 :Petam
767 5136 968 5199 patrem
997 5139 1171 5178 meum
1201 5134 1423 5191 agrum:
1456 5120 1544 5174 ille
1572 5128 1750 5175 autem
1781 5135 1896 5174 mo-

318 5218 438 5274 nuit
463 5231 604 5285 eam,
626 5226 681 5274 et
704 5214 1028 5272 exclamavit
1049 5212 1117 5267 de
1144 5211 1315 5265 asino.
1347 5210 1520 5264 Porro
1541 5216 1721 5262 autem
1751 5208 1894 5277 quod

320 5310 394 5364 ibi
424 5324 613 5381 agrum
643 5306 881 5364 refertur
915 5306 1160 5377 petiisse,
1214 5319 1314 5361 nec
1340 5319 1537 5360 nomen
1575 5304 1746 5373 ipsius
1776 5304 1895 5373 agri

321 5399 548 5454 tacitum
577 5406 693 5464 est;
740 5398 830 5453 hic
877 5411 1005 5451 vero
1065 5411 1188 5450 cum
1235 5408 1422 5464 agrum
1455 5401 1641 5462 petere
1691 5391 1894 5445 monita

320 5488 486 5545 fuerit
509 5506 540 5544 a
563 5490 683 5545 viro
702 5504 819 5553 suo,
842 5503 948 5542 non
965 5502 1154 5556 agrum
1177 5486 1400 5556 petiisse
1427 5484 1626 5538 dicitur
1655 5482 1897 5536 clamans

323 5579 392 5634 de
427 5579 708 5651 subjugali,
734 5579 875 5650 quod
903 5577 976 5633 ibi
1005 5577 1206 5631 dictum
1239 5575 1305 5630 de
1347 5574 1501 5629 asino
1521 5613 1534 5637 ,
1565 5573 1659 5627 sed
1689 5570 1898 5626 redem-

325 5671 563 5745 ptionem
586 5688 737 5747 aquae
771 5688 836 5730 eo
869 5669 1011 5742 quod
1047 5669 1099 5724 in
1137 5677 1334 5723 terram
1368 5666 1535 5722 austri
1564 5664 1751 5720 fuisset
1789 5672 1898 5718 tra-

1992 4485 2347 4557 pertimescit,
2398 4490 2454 4538 et
2508 4482 2725 4552 quidem
2756 4481 2906 4550 prius
2932 4478 3160 4534 inferius
3198 4495 3267 4560 ac
3300 4487 3421 4548 post
3451 4478 3573 4531 irri-

1992 4592 2155 4648 guum
2186 4576 2434 4645 superius
2475 4574 2651 4636 datur,
2692 4572 2785 4626 sed
2826 4572 2951 4641 quia
2993 4571 3337 4638 compunctio
3366 4568 3569 4622 amoris

1992 4665 2252 4737 dignitate
2279 4664 2608 4735 praeminet,
2656 4675 2877 4715 necesse
2905 4660 3003 4713 luit
3047 4667 3105 4711 ut
3129 4659 3278 4728 prius
3306 4659 3566 4727 irriguum

1995 4761 2263 4831 superius,
2313 4768 2368 4812 et
2413 4764 2538 4826 post
2586 4755 2849 4823 irriguum
2891 4751 3115 4806 inferius
3155 4748 3567 4805 commemorari

1996 4842 2290 4909 debuisset.

2595 4936 2823 4991 CAPUT
2860 4934 2943 4988 Ill.

1999 5069 2150 5136 Quod
2192 5068 2290 5130 filii
2315 5066 2481 5122 Cina'i
2510 5062 2920 5136 cognatirhlogsi
2940 5061 3313 5136 descenderunt
3356 5058 3419 5109 de
3447 5057 3571 5108 ciri-

2066 5121 2169 5193 tate
2192 5121 2503 5192 'Ir’almarum
2527 5121 2641 5187 etim
2666 5134 2789 5202 ﬁliis
2814 5121 2977 5195 Iuda,
2999 5142 3044 5184 et
3068 5132 3425 5202 habitaverunt
3448 5140 3566 5202 cum

2065 5211 2160 5273 eis,
2178 5204 2239 5261 ‘et
2280 5207 2423 5278 quod
2452 5204 2621 5259 Judas
2666 5200 2926 5278 montana
2963 5200 3212 5273 possedit,
3263 5204 3353 5250 nec
3400 5200 3567 5263 potuit

2065 5272 2235 5333 delere
2266 5272 2584 5329 habitatores
2606 5272 2775 5327 vallis.

2067 5388 2243 5461 (Imm)
2275 5385 2402 5439 Filii
2430 5393 2604 5438 autem
2632 5382 2797 5437 Cinari
2825 5380 3033 5452 cognati
3079 5375 3247 5444 Moysi
3281 5368 3567 5426 descende-

1998 5489 2116 5534 runt
2144 5479 2207 5532 de
2227 5477 2431 5530 civitate
2452 5473 2761 5527 Palmarum
2790 5489 2906 5525 cum
2921 5467 3089 5539 [iliisJ
3100 5467 3203 5519 uda
3231 5465 3287 5517 in
3308 5463 3568 5515 desertum

1999 5570 2154 5625 sortis
2192 5568 2328 5638 ejus,
2363 5565 2500 5634 quod
2527 5562 2693 5617 estad
2724 5562 2991 5616 meridiem
3015 5556 3189 5619 Arad,
3228 5564 3276 5609 et
3310 5551 3573 5606 habitave-

2004 5670 2122 5715 runt
2155 5675 2267 5713 (um
2305 5674 2383 5710 co.
2447 5653 2583 5707 Hinc
2630 5650 2913 5720 Josephus.
2949 5667 2966 5697 ‹
3001 5646 3269 5701 Dederuut
3292 5650 3470 5698 autem
3516 5647 3575 5694 et
