4000 6186
504 303 644 363 1115

1144 295 1205 350 Β.
1248 286 1499 350 RABANI
1539 284 1757 348 MAURI
1792 278 2109 345 ARClllEP.
2154 277 2459 341 MOGUNT.
2502 276 2784 336 OPERUM
2824 276 3002 330 PARS
3036 275 3077 329 l.

3612 276 3769 332 Ηιεῖ

501 418 630 473 tlliis
692 413 890 471 Jethlm
938 404 1244 465 Madiauita:
1277 448 1293 474 ,
1342 408 1433 477 qui
1481 406 1582 460 fuit
1634 420 1799 476 gener
1848 402 2077 465 Moseos,
2107 402 2157 462 Α
2185 397 2349 451 Nave.
2374 395 2491 464 lpsa
2517 390 2950 455 esteuimJehus,
2978 387 3616 457 quaellierusaledeeo
3638 393 3773 447 dna:

507 523 707 564 terram
740 506 808 560 ad
840 502 1217 574 possidendum
1250 501 1415 554 :na’m
1454 499 1686 568 patriam
1710 496 2078 564 relinquentes

503 598 676 654 secuti
705 605 831 652 sunt
860 612 972 656 eos,
1004 603 1059 648 et
1090 592 1307 646 fuerunt
1334 593 1387 645 in
1414 588 1633 644 deserto
1662 601 1787 643 eum
1804 589 1903 642 eis.

573 689 817 758 Ccpitque
857 684 1028 738 Judas
1058 680 1253 736 Gazam
1279 697 1393 734 cum
1423 679 1616 748 ﬁnibus
1659 679 1793 740 suis,
1835 687 1882 729 et
1906 676 2074 729 Asca-

503 778 690 840 lonem,
721 786 873 845 atque
902 775 1136 825 Accaron
1160 786 1274 824 cum
1302 769 1538 822 terminis
1559 768 1690 821 suis.
1723 766 1947 835 Fuitque
1970 764 2078 817 Do-

502 872 675 925 minus
700 885 816 923 cum
854 866 1019 930 Juda,
1066 874 1113 917 et
1163 872 1410 916 montana
1456 860 1705 929 possedit.
1763 856 1874 910 Nec
1907 855 2074 925 potuit
2107 928 2114 939 ι

502 961 672 1016 delere
708 959 1023 1013 habitatores
1048 953 1217 1017 vallis,
1244 954 1367 1022 quia
1394 950 1603 1019 falcatis
1645 947 1885 1002 curribus
1915 946 2075 998 abun-

503 1054 717 1108 dabant.
765 1049 1128 1117 Dederuntq‘ue
1165 1043 1324 1099 Caleb
1377 1042 1629 1106 Hebron,
1680 1042 1813 1095 sicut
1870 1038 2075 1091 dixerat

502 1144 732 1214 Moyses,
758 1142 847 1212 qui
882 1140 1067 1194 delevit
1095 1155 1159 1193 ea:
1183 1154 1242 1191 eo
1275 1146 1378 1190 tres
1412 1134 1551 1204 ﬁlios
1580 1132 1787 1186 Enach.
1837 1129 1989 1197 Quod
2019 1128 2072 1181 in

502 1234 640 1289 libro
663 1232 789 1286 Jesu
823 1230 968 1284 Nave
995 1269 1010 1293 ,
1040 1244 1162 1282 cum
1193 1225 1343 1280 illum
1392 1224 1569 1277 locum
1623 1228 1913 1274 tractarem
1943 1258 1957 1281 ,
1984 1215 2074 1270 ubi

502 1325 763 1394 scriptum
789 1330 902 1376 est:
926 1321 992 1373 Et
1010 1319 1150 1373 dedit
1167 1317 1419 1370 Dominus
1448 1311 1614 1367 Israel
1640 1326 1841 1364 onmem
1854 1319 2071 1372 terram,

502 1429 623 1470 cum
654 1412 851 1467 multas
893 1409 1010 1478 ejus
1052 1416 1236 1477 partes
1281 1403 1519 1459 nondum
1560 1398 1920 1470 possiderent,
1959 1396 2072 1451 dixi

503 1505 576 1559 ita
602 1518 758 1574 posse
786 1499 1009 1570 intelligi
1035 1510 1250 1553 omnem
1274 1504 1473 1570 terram
1487 1490 1689 1554 datam,
1721 1489 1844 1558 quia
1870 1501 1932 1541 ea
1955 1500 2075 1556 quae

502 1594 627 1647 data
659 1607 765 1645 non
793 1598 877 1645 est
909 1591 960 1643 in
997 1586 1412 1659 possessionem,
1438 1582 1564 1636 data
1590 1589 1675 1635 est
1705 1580 1760 1634 in
1784 1578 2073 1648 quamdam

502 1679 905 1735 exercitationis
930 1677 1215 1731 utilitatem
1242 1692 1253 1727 :
1280 1674 1381 1727 hoc
1430 1671 1597 1726 multo
1641 1668 1945 1723 evidentius
1984 1666 2074 1720 hie

504 1779 764 1841 apparet,
813 1767 1246 1839 quandoquidem
1292 1768 1785 1819 commemorantur
1825 1758 2074 1813 civitates

503 1877 636 1932 quas
660 1874 768 1915 non
793 1858 1131 1914 hmreditavit
1149 1854 1332 1919 Judas,
1352 1854 1619 1909 etdieitur
1637 1871 1650 1905 :
1668 1850 1799 1904 Erat
1823 1849 2077 1903 Dominus

501 1969 621 2007 cum
654 1951 822 2015 Juda,
849 1959 895 2003 et
922 1947 1248 2002 hrcreditavit
1279 1954 1525 2007 montem,
1561 1942 1815 2013 quoniam
1855 1956 1958 1993 non
1985 1954 2078 2008 pos-

503 2052 711 2097 tuerunt
739 2041 1047 2095 Itwreditare
1093 2037 1442 2091 inhabitantes
1488 2035 1544 2087 in
1589 2031 1739 2087 valle.
1767 2030 1900 2096 Quis
1931 2029 2077 2083 enim

502 2145 610 2185 non
638 2129 900 2197 intelligat
929 2168 943 2192 ,
975 2127 1138 2180 etiam
1190 2126 1293 2179 hoc
1340 2125 1512 2192 ipsum
1537 2122 1605 2175 ad
1658 2121 1711 2175 id
1752 2118 2078 2189 pertinuisse

504 2214 647 2291 quod
669 2226 789 2273 erat
816 2218 1074 2271 Dominus
1103 2230 1228 2270 cum
1256 2211 1413 2277 Juda,
1442 2229 1510 2266 ne
1535 2218 1706 2265 totum
1738 2216 1961 2279 repente
1988 2208 2079 2262 ob-

507 2308 726 2363 tinendo
759 2307 1144 2361 cxtolleretur?
1169 2303 1321 2370 Quod
1354 2303 1498 2357 enim
1540 2298 1783 2369 adiungit
1809 2297 2078 2367 quomodo

506 2397 709 2450 Rechab
738 2397 950 2459 obstitit,
972 2406 1019 2449 et
1044 2410 1229 2449 currus
1248 2402 1394 2447 erant
1416 2391 1490 2445 eis
1516 2390 1707 2459 ferrei;
1729 2403 1836 2459 quo
1858 2401 2079 2443 scurras

506 2486 764 2550 timuerit,
796 2487 997 2541 dictum
1014 2494 1118 2549 est,
1146 2499 1251 2537 non
1276 2482 1554 2546 Dominus,
1587 2481 1810 2549 quierat
1836 2478 1889 2532 in
1916 2476 2077 2542 Iuda,

506 2576 604 2631 sed
627 2576 739 2645 ipse
760 2573 946 2629 ludas.
978 2574 1087 2628 Cur
1107 2583 1285 2627 autem
1315 2571 1579 2636 timuerit,
1608 2584 1731 2624 cum
1760 2583 1868 2638 quo
1898 2566 2078 2620 Domi-

507 2681 610 2720 nus
642 2674 780 2730 erat,
811 2665 856 2719 si
884 2665 1144 2735 qumritur
1176 2703 1191 2729 ,
1223 2664 1324 2718 hoc
1353 2663 1495 2732 quod
1540 2661 1835 2732 prudenter
1876 2658 2077 2712 intelli-

505 2754 735 2827 gendum
792 2763 874 2810 est
929 2754 1226 2824 refringere
1272 2752 1437 2819 Deum
1484 2752 1772 2822 propitium
1817 2750 1982 2804 etiam
2022 2749 2076 2803 in

503 2846 760 2902 cordibus
796 2860 1014 2900 suorum
1055 2843 1235 2898 nimia:
1290 2842 1663 2912 prosperitatis
1693 2855 1980 2906 excessus,
2018 2847 2080 2893 ut

508 2930 563 2991 in
588 2952 684 2990 usu
709 2950 895 2989 eorum
924 2942 1205 2990 convertat
1243 2934 1513 2998 inimicos,
1537 2947 1644 2987 non
1673 2930 1844 2986 solum
1862 2930 2077 2999 quando

506 3026 795 3081 vincuntur
833 3024 1057 3087 inimici,
1115 3024 1209 3079 scd
1256 3023 1418 3079 etiam
1462 3022 1678 3091 quando
1722 3028 2073 3075 metuuntur:

2180 490 2296 543 ista:
2313 487 2483 541 tribus
2507 490 2885 540 remanserunt
2910 482 2976 535 ad
2999 480 3254 550 templum
3278 480 3511 546 Domini,
3544 486 3772 551 quando

2180 587 2412 641 cieterze,
2463 583 2690 643 excepta
2736 572 2905 637 Levi,
2969 586 3090 641 quae
3142 571 3500 626 sacerdotalis
3559 572 3661 626 fuit
3709 583 3769 627 et

2179 676 2352 721 terras
2378 669 2431 719 in
2457 664 2777 719 divisionem
2802 678 2907 716 non
2946 662 3154 729 accepit
3182 701 3197 725 ,
3225 672 3617 729 separaverunt
3650 679 3708 718 se
3728 680 3761 717 a

2179 773 2344 827 regno
2370 755 2506 811 Juda
2539 772 2661 810 cum
2704 753 3009 809 Jeroboam.
3039 752 3449 824 intelligendum
3486 763 3574 809 est
3602 770 3760 823 ergo,

2179 864 2209 903 a
2234 848 2371 903 Juda
2394 847 2610 916 quidem
2632 846 2911 900 civitatem
2934 853 3149 913 captam
3175 852 3230 897 et
3268 844 3566 908 incensam,
3594 846 3769 901 inter-

2177 938 2334 994 fectis
2354 939 2447 1008 qui
2486 937 2595 991 illic
2622 936 2821 1006 reperti
2842 935 3079 998 fuerant,
3103 936 3194 988 sed
3240 949 3346 988 non
3382 949 3575 989 omnes
3600 935 3770 992 lehn-

2177 1049 2314 1089 saaos
2330 1034 2658 1098 exstinctos;
2682 1033 2795 1087 sive
2812 1032 2936 1102 quia
2953 1040 3107 1086 erant
3121 1040 3274 1085 extra
3297 1032 3441 1086 illam
3458 1034 3762 1098 civitatem,

2178 1125 2292 1179 sive
2316 1125 2440 1193 quia
2468 1122 2652 1194 fugere
2679 1132 2968 1193 potuerunt
2992 1140 3004 1176 :
3046 1138 3183 1192 quos
3215 1124 3453 1193 reliquos
3474 1124 3763 1181 Jebusaeos

2177 1216 2441 1271 admissos
2477 1231 2597 1271 esse
2634 1232 2665 1269 a
2718 1215 2844 1270 filiis
2889 1214 3189 1284 Beniamin,
3240 1217 3565 1286 quibuscum
3618 1217 3763 1273 Juda

2177 1314 2296 1361 erat
2322 1307 2513 1361 civitas
2543 1306 2633 1360 illa
2659 1306 2983 1371 communis,
3008 1306 3135 1361 acin
3156 1320 3219 1361 ea
3243 1307 3759 1362 simulhabitahant.

2177 1397 2328 1463 Quod
2342 1414 2471 1467 ergo
2493 1397 2694 1452 dictum
2711 1404 2813 1458 est,
2846 1396 2969 1450 Non
2984 1398 3425 1452 hmreditaverunt
3452 1398 3762 1452 Iebusrz’um

2175 1488 2274 1556 ﬁlii
2310 1489 2589 1558 Benjamin
2616 1528 2632 1553 ,
2668 1485 3081 1556 intelligendum
3130 1488 3276 1557 quod
3307 1488 3627 1543 tributarios
3665 1503 3763 1543 eos

2177 1583 2356 1637 facere
2384 1589 2695 1649 potuerunt,
2718 1580 2834 1635 sive
2851 1579 3154 1633 voluerunt.
3186 1577 3291 1632 Aut
3316 1588 3493 1643 certe,
3517 1590 3566 1633 et
3608 1580 3762 1632 habi-

2176 1672 2302 1725 tarit
2335 1669 2629 1733 Jebuswus,
2658 1669 2860 1723 dictum
2887 1676 2989 1732 est,
3020 1668 3145 1737 quia
3172 1683 3285 1722 non
3314 1668 3431 1723 sine
3460 1668 3554 1723 illo
3586 1669 3764 1722 tenuit

2110 1773 2153 1831 Β
2192 1773 2415 1826 terram,
2447 1776 2609 1830 quam
2632 1762 2699 1815 ab
2726 1760 2817 1814 illo
2844 1760 3170 1828 possidebat.

2252 1853 2524 1907 Manasses
2557 1868 2758 1923 quoque
2780 1869 2883 1905 non
2918 1850 3103 1905 delevit
3138 1850 3384 1911 Bethsan,
3425 1860 3474 1905 et
3503 1851 3760 1905 Thanach

2179 1958 2295 1999 cum
2326 1946 2506 2000 viculis
2556 1946 2686 2010 suis,
2737 1954 2784 1999 et
2813 1944 3133 1997 habitatores
3185 1943 3293 1996 Dor
3317 1955 3363 1996 et
3388 1944 3657 2008 Jeblaam,
3704 1952 3755 1995 et

2180 2036 2439 2105 Mageddo
2463 2053 2579 2090 cum
2605 2036 2790 2090 viculis
2815 2036 2948 2099 suis,
2974 2035 3221 2104 coepitque
3245 2033 3582 2088 Chanana'us
3606 2035 3761 2088 habi-

2177 2135 2290 2179 tare
2320 2142 2439 2179 cum
2467 2127 2561 2180 eis.
2606 2124 2674 2178 Et
2703 2141 2805 2178 non
2835 2124 3159 2177 ha'reditavit
3201 2122 3474 2177 Manasses
3498 2123 3755 2185 Bethsan,

2178 2232 2298 2286 qua:
2319 2227 2403 2271 est
2444 2218 2767 2288 Scytharum
2822 2215 3046 2279 civitas;
3087 2214 3202 2283 ipsa
3245 2213 3404 2267 hodie
3441 2213 3759 2282 perhibetur

2180 2306 2520 2376 Scythopolis
2545 2306 2670 2361 dici.
2705 2304 2888 2359 Potest
2916 2312 3095 2358 autem
3133 2318 3367 2377 movere,
3398 2303 3667 2372 quomodo
3694 2306 3751 2357 in

2178 2393 2285 2449 illis
2334 2395 2578 2464 partibus
2624 2395 2849 2450 multum
2897 2397 2966 2450 ab
2993 2395 3211 2467 Scythia
3239 2397 3469 2451 diversis
3517 2397 3759 2466 potuerit

2179 2500 2298 2540 esse
2328 2484 2652 2555 Scytharum
2676 2485 2903 2540 civitas?
2927 2486 3034 2540 Sed
3056 2486 3308 2540 similiter
3327 2494 3505 2555 potest
3517 2503 3755 2551 movere,

2177 2575 2448 2644 quomodo
2478 2581 2585 2628 tam
2613 2574 2773 2645 longe
2798 2591 2829 2630 a
2856 2576 3166 2631 Macedonia
3206 2577 3427 2631 Macedo
3448 2576 3760 2631 Alexander

2177 2662 2478 2717 condiderit
2497 2662 2879 2719 Alexandriam
2902 2665 3215 2720 civitatem?
3242 2665 3397 2732 Quod
3424 2666 3607 2735 itaque
3629 2664 3759 2721 fecit

2179 2750 2335 2824 longe
2362 2752 2576 2823 lateque
2623 2754 2891 2821 bellando,
2923 2757 2999 2811 ita
3033 2757 3197 2812 etiam
3248 2772 3372 2811 eum
3415 2756 3633 2827 Scytha:
3658 2758 3757 2811 ali-

2178 2844 2394 2913 quando
2415 2843 2665 2900 bellando
2691 2845 2746 2899 in
2776 2845 3069 2916 longinqua
3090 2847 3569 2918 progrederemur,
3599 2848 3758 2903 istam

2178 2936 2412 2992 condere
2447 2946 2765 3007 potuerunt.
2796 2937 2930 2992 Nam
2962 2938 3159 3010 legitur
3181 2939 3235 2992 in
3264 2938 3489 2993 historia
3519 2940 3758 3009 gentium

2178 3027 2488 3085 universam
2517 3045 2654 3099 pene
2680 3029 2865 3085 Asiam
2898 3028 3130 3101 Scythas
3167 3029 3458 3098 aliquando
3500 3030 3757 3094 tenuisse,

450 3152 457 3157 -
508 3121 638 3176 illud
658 3121 727 3175 ad
750 3119 1229 3175 commendandum
1277 3110 1579 3188 largitatem
1620 3129 1797 3179 suam,
1828 3114 1959 3168 illud
2007 3113 2072 3167 ad
2102 3115 2146 3177 C
2177 3133 2300 3173 eum
2343 3119 2455 3189 regi
2495 3118 2876 3190 Egyptiorum
2929 3120 3004 3174 illi
3029 3120 3123 3190 qui
3158 3119 3239 3175 eis
3267 3119 3412 3173 ultro
3450 3119 3652 3174 bellum
3673 3120 3760 3175 in-

506 3225 698 3265 eorum
729 3210 1125 3278 reprimendam
1151 3208 1463 3263 elationem.
1508 3204 1645 3260 Nam
1684 3204 1871 3276 utique
1898 3205 2077 3259 inimi-

509 3314 607 3354 cus
660 3308 970 3353 sanctorum
1008 3305 1093 3351 est
1139 3296 1362 3365 angelus
1412 3294 1659 3361 Satanae,
1709 3308 1870 3363 quem
1899 3301 2080 3347 tamen

509 3388 613 3442 sibi
642 3388 826 3441 datum
847 3385 1271 3455 colaphizantem
1293 3385 1425 3441 dicit
1450 3384 1760 3454 Apostolus,
1786 3401 1854 3440 ne
1876 3384 2081 3460 magni-

512 3476 696 3530 tudine
721 3474 1100 3529 revelationum
1122 3474 1470 3530 extolleretur
1489 3474 1570 3546 (11
1604 3474 1725 3530 Cor.
1760 3476 1880 3544 xu).

582 3565 650 3618 Et
680 3564 953 3629 dederunt,
996 3550 1189 3633 inquit,
1235 3563 1390 3618 Caleb
1436 3563 1635 3629 Ebron,
1683 3566 1822 3619 sicut
1874 3564 2080 3619 locutus

509 3664 587 3709 est
613 3653 841 3724 Moyses,
864 3664 911 3708 et
936 3654 1258 3707 hwreditavit
1300 3653 1421 3707 inde
1446 3664 1550 3708 tres
1587 3655 1818 3709 civitates
1846 3654 2081 3723 ﬁliorum

514 3747 720 3811 Enach,
766 3757 813 3800 et
851 3746 1065 3800 abstulit
1106 3746 1349 3819 inde,tres
1377 3745 1516 3815 ﬁlios
1565 3746 1768 3800 Enach.
1817 3744 1937 3799 1am
1981 3746 2084 3800 hoc

513 3838 715 3892 dictum
761 3845 843 3892 est
873 3836 926 3891 in
976 3835 1113 3891 libro
1148 3832 1275 3892 Iesu
1315 3835 1489 3900 Nave,
1519 3837 1772 3906 quoniam
1825 3836 1918 3891 illo
1960 3836 2084 3891 vivo

514 3926 717 3982 factum
741 3935 860 3989 est;
902 3927 998 3981 sed
1023 3927 1113 3982 hic
1155 3927 1560 3997 recapitulando
1599 3936 2083 3982 commemoratum

512 4031 621 4085 est,
644 4035 767 4075 cum
786 4021 853 4077 de
881 4017 1041 4086 Iuda,
1070 4019 1211 4075 unde
1234 4019 1336 4074 fuit
1371 4019 1534 4075 Caleb
1573 4018 1853 4087 Scriptura
1898 4017 2086 4089 loque-

518 4120 690 4166 retur.

1129 4198 1356 4257 CAPUT
1380 4196 1468 4253 ιγ.

519 4293 675 4361 Quod
704 4292 803 4363 ﬁlii
830 4292 1109 4363 Benjamin
1135 4308 1236 4363 n_o_n
1264 4296 1544 4363 potuerunt
1577 4286 1749 4363 delere
1780 4285 2083 4363 Iebusazunt

589 4365 647 4418 in
676 4356 1024 4426 Hierusalem,
1044 4379 1134 4416 nec
1158 4356 1447 4423 Manasses,
1468 4359 1522 4412 in
1543 4356 1755 4413 urbibus
1776 4357 1932 4412 sortis
1942 4373 2085 4426 sum,

591 4433 773 4488 delevit
791 4423 1167 4493 Chanana'um,
1184 4429 1273 4485 sed
1292 4429 1654 4483 habitaverunt
1674 4443 1791 4481 cum
1812 4428 1905 4481 eis.
1934 4423 2088 4481 Post-

592 4520 750 4575 quam
772 4501 1293 4575 autem_con{ortatus
1335 4508 1409 4554 est
1440 4496 1633 4563 Israel,
1661 4496 1782 4566 fecit
1805 4513 1893 4552 eos
1917 4496 2087 4550 tribu-

595 4569 782 4637 iarios,
808 4582 857 4626 et
877 4570 1045 4626 delere
1070 4569 1266 4624 noluit.

597 4662 774 4734 (Imm)
811 4660 1111 4715 Jebuswum
1158 4669 1333 4713 autem
1372 4657 1718 4712 habitatorem
1763 4652 2095 4709 Hierusalem

527 4765 633 4812 non
669 4756 963 4809 deleverunt
984 4753 1083 4823 ﬁlii
1109 4752 1388 4823 Benjamin
1405 4792 1420 4818 ,
1448 4751 1799 4819 habitavitque
1821 4747 2095 4804 Iebusaeus

529 4863 653 4901 eum
684 4846 811 4914 ﬁliis
850 4844 1133 4915 Benjamin
1160 4844 1215 4897 in
1242 4840 1573 4897 Hierusalem
1604 4856 1765 4911 usque
1793 4840 1847 4894 in
1869 4856 2097 4909 praesen-

525 4938 633 4987 tem
672 4933 830 4985 diem.
861 4932 1130 4998 Quaeritur
1156 4931 1422 5001 quomodo
1468 4930 1670 4985 dictum
1711 4928 1798 4992 sit,
1838 4928 1905 4982 Et
1935 4928 2099 4983 Jebu-

527 5034 696 5077 suum
731 5018 1049 5073 habitantem
1096 5017 1427 5073 Hierusalem
1456 5034 1561 5071 non
1602 5016 1935 5072 deleverunt:
1962 5017 2096 5082 sive,

530 5122 640 5166 non
659 5105 1091 5162 Inereditaverunt
1114 5106 1213 5174 ﬁlii
1239 5104 1555 5174 Benjamin;
1590 5113 1637 5158 et
1660 5103 1911 5157 habitavit
1933 5103 2100 5157 Jebu-

529 5216 675 5259 'sceus
722 5215 839 5254 cum
886 5198 1011 5268 ﬁliis
1066 5198 1343 5267 Benjamin
1389 5198 1443 5251 in
1491 5194 1821 5249 Hierusalem
1864 5212 2024 5266 usque
2049 5196 2105 5249 in
2144 5266 2149 5271 ο

533 5294 846 5349 hodiernum
871 5290 1027 5355 diem,
1049 5305 1172 5343 cum
1201 5288 1446 5356 superius
1467 5287 1677 5355 legatur
1699 5286 1884 5340 eadem
1914 5285 2106 5339 civitas

443 5398 451 5403 ·
538 5398 574 5442 ‘a
599 5383 735 5442 Juda
761 5390 920 5453 capta
948 5390 1003 5436 et
1032 5382 1269 5443 incensa,
1305 5377 1605 5433 interfectis
1635 5377 1689 5431 in
1730 5392 1793 5432 ea
1814 5375 2107 5433 Jebuseeis?

538 5477 650 5534 Sed
691 5475 1119 5549 cognoscendum
1154 5481 1239 5526 est
1262 5472 1419 5526 istam
1444 5469 1716 5525 civitatem
1764 5484 2105 5525 communem

540 5569 802 5625 habuisse
850 5568 984 5623 duas
1034 5565 1226 5630 tribus,
1264 5561 1457 5617 ludam
1499 5570 1555 5616 et
1601 5560 1921 5630 Benjaniin,
1967 5561 2107 5616 sicut

440 5649 448 5685 ³
538 5659 781 5716 ostendit
814 5661 928 5731 ipsa
954 5659 1148 5717 divisio
1166 5666 1460 5724 terrarum,
1501 5669 1620 5723 qua:
1642 5651 1785 5711 facta
1812 5661 1900 5710 est
1921 5669 1957 5708 a
1979 5651 2106 5710 Jcsu

2181 3211 2411 3278 dixerat,
2427 3212 2569 3267 irent
2587 3213 3070 3283 obviam,quorum
3101 3211 3332 3267 adventu
3350 3212 3577 3267 territus
3600 3227 3755 3267 suum

2181 3301 2237 3356 in
2268 3318 2494 3372 regnum
2532 3304 2757 3373 recepit.

2254 3392 2541 3467 Postquam
2581 3407 2757 3451 autem
2799 3397 3123 3466 confortatus
3162 3405 3239 3450 est
3265 3394 3473 3460 Israel,
3518 3396 3641 3465 fecit
3670 3413 3758 3451 eos

2184 3484 2512 3552 tributarios,
2542 3495 2591 3540 et
2615 3486 2786 3540 delere
2809 3485 2998 3540 noluit.
3031 3484 3150 3540 1am
3190 3485 3300 3541 tale
3324 3485 3532 3556 aliquid
3552 3486 3757 3541 dictum

2182 3586 2267 3631 est
2310 3576 2362 3632 in
2415 3577 2551 3632 libro
2575 3575 2702 3633 Jesu
2739 3577 2886 3632 Nave
2940 3587 3078 3647 p'ene
3113 3576 3247 3647 ipsis
3287 3577 3490 3633 verbis.
3523 3577 3757 3633 Proinde

2184 3678 2278 3722 aut
2302 3670 2391 3724 hic
2423 3683 2518 3738 per
2543 3670 3001 3739 anaeephalaaosin
3027 3669 3244 3733 dicitur,
3266 3678 3361 3724 aut
3392 3668 3500 3723 illic
3522 3685 3621 3739 per
3638 3685 3759 3739 pro-

2183 3756 2353 3826 lepsin
2383 3758 2585 3812 dictum
2609 3768 2716 3822 est,
2740 3758 2793 3812 id
2819 3764 2921 3818 est,
2953 3766 3049 3812 aut
3084 3758 3173 3812 hic
3209 3756 3637 3827 recapitulando,
3667 3764 3759 3812 aut

2185 3846 2293 3900 illic
2324 3848 2768 3917 praeoccupando.
2801 3847 2941 3914 Quid
2966 3849 3111 3902 enim
3139 3847 3503 3911 Chananzeus,
3544 3848 3758 3917 gentilis

2183 3936 2429 3991 videlicet
2454 3938 2704 4007 populus,
2750 3938 2853 3992 nisi
2879 3938 3066 3992 vitium
3112 3938 3325 4009 signat?
3352 3938 3424 3992 Et
3458 3939 3516 3992 in
3547 3939 3755 4008 magnis

2184 4027 2476 4082 virtutibus
2524 4036 2729 4082 terram
2765 4027 3199 4097 repromissionis
3246 4027 3600 4098 ingredimur,
3634 4028 3757 4095 quia

2187 4132 2282 4191 spe
2318 4121 2507 4176 intima
2532 4122 2600 4177 de
2627 4120 2930 4176 aaternitate
2950 4121 3291 4176 roboramur.
3320 4120 3426 4174 Sed
3456 4119 3587 4174 dum
3621 4120 3760 4173 inter

2186 4218 2307 4265 acta
2335 4210 2584 4265 sublimia
2612 4210 2740 4265 vitia
2768 4210 3011 4279 quaedam
3052 4220 3221 4279 parva
3251 4208 3579 4273 retinemus,
3606 4208 3759 4277 quasi

2188 4298 2551 4354 Chananteum
2587 4299 2831 4354 habitare
2864 4299 2918 4352 in
2964 4307 3110 4353 terra
3159 4306 3344 4354 nostra
3395 4298 3760 4359 concedimus,

2189 4387 2282 4456 qui
2319 4395 2498 4442 tamen
2562 4387 2881 4442 tributarius
2931 4384 3195 4449 ellicitur,
3245 4386 3372 4457 quia
3430 4386 3536 4441 hoc
3588 4386 3764 4455 ipsum

2113 4455 2165 4515 Ῑ)
2192 4455 2404 4541 vitium,
2427 4476 2571 4544 quod
2595 4476 2843 4546 subigere
2882 4490 2991 4530 non
3018 4455 3324 4545 possumus,
3372 4476 3440 4530 ad
3463 4491 3626 4530 usum
3655 4476 3765 4529 uti.

2193 4564 2364 4619 litatis
2401 4571 2601 4619 nostra:
2647 4564 2923 4619 humiliter
2954 4573 3365 4635 retorquemus,
3410 4573 3471 4618 ut
3516 4580 3584 4619 eo
3620 4565 3687 4619 de
3709 4579 3767 4619 se

2195 4669 2347 4709 mens
2373 4662 2429 4710 et
2456 4654 2510 4709 in
2542 4655 2767 4710 summis
2804 4654 2932 4709 vilia
2975 4655 3194 4719 sentiat,
3242 4670 3352 4724 quo
3404 4654 3521 4709 suis
3553 4655 3759 4708 viribus

2195 4746 2357 4803 etiam
2385 4761 2550 4816 parva
2596 4760 2715 4815 qua:
2744 4748 2950 4817 appetit
2991 4762 3099 4802 non
3126 4755 3435 4817 expugnat;
3469 4745 3611 4799 unde
3636 4744 3767 4799 bene

2199 4851 2412 4891 rursum
2453 4836 2711 4906 scriptum
2745 4845 2866 4892 est:
2901 4835 3002 4891 lla:
3044 4846 3166 4890 sunt
3196 4846 3403 4906 gentes,
3427 4853 3561 4906 quas
3589 4834 3767 4889 Domi-

2200 4942 2298 4981 nus
2327 4926 2621 4996 dereliquit,
2651 4936 2707 4981 ut
2731 4927 2960 4982 erudiret
2990 4927 3045 4982 in
3071 4927 3144 4981 eis
3166 4925 3355 4981 Israel.
3388 4928 3471 4981 Ad
3495 4927 3601 4981 hoc
3624 4941 3771 4980 nam-

2202 5032 2307 5087 que
2334 5017 2579 5086 quaadam
2602 5017 2824 5073 minima
2858 5026 3042 5073 nostra
3068 5018 3199 5072 vitia
3226 5018 3552 5081 retinentur,
3576 5027 3637 5071 ut
3657 5030 3773 5071 sese

2203 5114 2388 5161 nostra
2417 5107 2716 5164 intentione
2731 5109 2957 5165 sollicita
2989 5110 3043 5164 in
3066 5110 3364 5165 certamine
3390 5125 3610 5180 semper
3623 5124 3774 5164 eser-

2199 5205 2322 5252 ceat
2345 5234 2361 5261 ,
2389 5206 2449 5252 ut
2474 5212 2541 5253 eo
2576 5200 2646 5254 de
2670 5199 2898 5254 victoria
2949 5216 3056 5255 non
3103 5200 3402 5269 superbiat,
3433 5216 3543 5270 quo
3596 5201 3773 5254 vivere

2209 5288 2264 5343 in
2294 5302 2351 5343 se
2384 5289 2569 5359 hostes
2595 5290 2879 5360 conspicit,
2919 5306 2950 5344 a
2984 5291 3182 5361 quibus
3210 5290 3390 5344 adhuc
3414 5289 3562 5344 vinci
3592 5288 3775 5344 formi-

2210 5378 2321 5432 dat.
2348 5378 2512 5434 lsrael
2532 5394 2663 5450 ergo
2689 5380 2979 5435 reservatis
3000 5381 3250 5449 gentibus
3276 5379 3546 5443 eruditur,
3567 5377 3778 5448 quando

2210 5469 2265 5523 in
2315 5471 2636 5539 quibusdam
2683 5473 2920 5527 minimis
2950 5472 3095 5526 vitiis
3145 5470 3309 5526 elatio
3338 5469 3560 5523 virtutis
3589 5476 3776 5522 nostra:

2210 5563 2602 5631 comprimitur,
2633 5572 2688 5617 et
2728 5563 2781 5617 in
2829 5564 3013 5633 parvis
3058 5562 3163 5618 sibi
3216 5560 3598 5619 resistentibus
3626 5556 3777 5615 discit

2208 5655 2352 5725 quod
2379 5668 2444 5709 ex
2468 5667 2524 5709 se
2542 5654 2745 5725 majora
2766 5667 2870 5709 non
2899 5661 3137 5723 superat.
