4000 6186
366 304 498 372 im‘

1321 316 1679 375 COMMENT.
1722 316 1790 371 1N
1828 316 1954 371 LIB.
1995 306 2310 373 .lUDlCUM.
2350 348 2418 357 —
2457 316 2585 372 LIB.
2623 318 2664 372 Ι.

3490 320 3630 375 (IIS

432 433 763 502 Arctavitque
782 431 1118 486 Amorrhwus
1131 432 1270 500 ﬁlios
1290 431 1406 487 Dan
1435 435 1490 487 in
1514 443 1704 498 monte,
1733 448 1824 487 nec
1848 431 1940 486 de-
1970 448 2016 505 Α
2043 432 2467 502 przcoecupando
2499 434 2961 488 commemoravit.
3002 432 3142 500 Quid
3171 440 3258 489 est
3278 434 3426 503 quod
3456 449 3633 508 auge-

359 527 440 581 dit
472 526 547 578 eis
575 522 773 586 locum,
823 531 881 574 ut
923 522 990 574 ad
1015 522 1260 592 planiora
1282 523 1673 578 descenderent.
1726 522 1792 576 Et
1816 536 1946 577 eou-

361 616 641 673 tribulavit
688 615 1037 668 Amorrhreus
1071 616 1207 670 ﬁlios
1233 615 1346 669 Dan
1372 616 1425 669 in
1459 625 1658 679 monte,
1690 616 1946 684 quoniam

359 722 469 762 non
510 705 758 777 permisit
794 720 887 758 eos
913 704 1240 759 descendere
1277 706 1330 759 in
1370 706 1583 759 vallem.
1636 705 1703 759 Et
1746 706 1848 759 hoc
1876 704 1949 758 si-

361 799 595 863 militer,
626 808 720 851 aut
750 798 800 851 in
834 797 972 851 libro
1000 796 1127 852 Jesu
1154 798 1298 851 Nave
1340 797 1768 867 praeoccupando
1800 811 1948 851 com-

359 897 718 945 memoratum
746 896 848 953 est,
891 896 984 942 aut
1014 889 1101 943 hic
1131 889 1555 958 recapitulando.

991 998 1216 1054 CAPUT
1258 999 1319 1053 ν.

363 1090 520 1157 Quod
551 1089 766 1161 angelus
806 1089 1018 1144 Domini
1064 1091 1297 1161 ascendit
1343 1090 1407 1144 de
1439 1087 1629 1161 Calgal
1668 1089 1737 1161 ad
1774 1094 1946 1149 locum

430 1162 690 1233 ﬂentium,
708 1170 760 1233 et
788 1162 1072 1231 increpavit
1096 1160 1266 1215 Israel
1292 1177 1386 1231 pro
1406 1160 1631 1231 peccatis
1651 1160 1762 1215 suis
1792 1170 1948 1230 atque

434 1231 773 1301 negligentia.

429 1340 582 1414 (Car.
623 1340 708 1413 ιι.)
734 1341 1081 1413 Ascenditque
1108 1342 1324 1413 angelus
1350 1343 1560 1396 Domini
1592 1343 1657 1396 de
1703 1341 1945 1413 Galgalis

363 1434 435 1488 ad
474 1433 644 1489 locum
673 1435 913 1503 ﬂentium
938 1444 984 1488 et
1009 1435 1084 1488 ait
1124 1451 1142 1490 :
1171 1435 1348 1489 Eduxi
1383 1451 1474 1489 vos
1506 1436 1570 1489 de
1609 1435 1871 1506 zEgypto,
1895 1444 1943 1489 et

356 1525 631 1580 introduxi
658 1525 713 1578 in
737 1534 957 1591 terram,
1003 1542 1097 1596 pro
1125 1543 1228 1597 qua
1258 1527 1441 1596 juraci
1475 1526 1712 1597 patribus
1738 1526 1943 1590 vestris,

358 1626 409 1670 et
465 1615 730 1687 pollicitus
772 1633 909 1681 sum,
964 1626 1019 1669 ut
1072 1633 1174 1671 non
1215 1616 1438 1686 facerem
1492 1617 1703 1670 irritum
1732 1625 1943 1686 pactum

357 1719 530 1758 meum
552 1704 814 1758 vobiscum
842 1706 896 1758 in
922 1706 1291 1776 sempiternum
1311 1723 1331 1772 ;
1354 1708 1430 1760 ita
1456 1707 1741 1772 duntaxat,
1759 1715 1814 1760 ut
1841 1722 1945 1760 non

2050 524 2134 578 lus
2163 523 2375 577 Domini
2405 524 2546 578 inter
2573 533 2768 578 caetera
2796 524 2993 579 divina:
3020 526 3456 583 comminationis
3477 528 3628 597 dicit,

2051 611 2398 677 Quamobrem
2430 612 2573 666 nolui
2602 611 2774 667 delere
2795 629 2882 667 eos
2905 631 2935 667 a
2962 613 3097 681 facie
3126 626 3317 682 vestra,
3346 627 3403 671 ut
3440 618 3635 675 habea—

2048 703 2114 755 tis
2152 702 2341 766 hostes,
2382 710 2429 755 et
2474 702 2549 754 dii
2589 718 2771 755 eorum
2815 703 2919 756 sint
2964 703 3110 757 nobis
3144 705 3199 759 in
3226 708 3480 773 ruinam;
3523 708 3633 764 nisi

2048 803 2109 847 ut
2160 793 2521 864 intelligamus
2571 793 2825 847 nonnulla
2871 794 3035 848 etiam
3076 795 3142 849 de
3188 796 3269 848 ira
3314 796 3408 851 Dei
3443 798 3630 854 venire

2046 886 2304 954 peccata?
2335 884 2404 939 Ut
2431 885 2575 939 enim
2604 885 2678 939 dii
2720 886 2980 956 gentium,
3016 887 3159 941 inter
3185 901 3321 955 quas
3359 904 3466 942 non
3494 905 3525 943 a
3551 904 3612 945 se

2046 978 2433 1032 exterminatas
2468 976 2725 1031 lsraelitas
2771 977 3019 1032 habitare
3071 977 3378 1044 voluerunt,
3442 992 3628 1037 essent

2049 1070 2103 1123 in
2133 1070 2213 1124 eis
2239 1069 2575 1135 scandalum,
2620 1070 2674 1124 id
2705 1078 2809 1135 est,
2860 1068 3104 1125 facerent
3134 1085 3228 1125 eos
3256 1072 3635 1131 scandalizare

2049 1159 2103 1213 in
2128 1158 2359 1214 Domino
2384 1158 2493 1214 Deo
2524 1174 2645 1224 suo,
2685 1174 2857 1228 eoque
2877 1158 3083 1214 oﬂ'enso
3103 1160 3308 1225 vivere,
3346 1162 3628 1232 indignans

2047 1251 2151 1305 hoc
2167 1250 2526 1304 comminatus
2547 1258 2631 1304 est
2651 1249 2815 1315 Deus,
2838 1250 2982 1319 quod
3004 1258 3152 1305 certe
3178 1251 3529 1308 manifestum
3547 1259 3633 1307 est

2047 1356 2304 1411 maguum
2332 1354 2454 1396 esse
2491 1351 2799 1411 peccatum.

2639 1516 2645 1520 _
2668 1453 2899 1509 CAPUT
2938 1451 3027 1507 Vl.

1996 1614 2003 1620 .
2049 1563 2201 1630 Quod
2254 1562 2418 1636 Iosue
2460 1564 2709 1636 populum
2762 1565 2961 1619 dimisit
3010 1568 3065 1618 in
3118 1580 3242 1636 suas
3285 1565 3630 1636 possessiones

2117 1636 2211 1698 ire,
2255 1634 2643 1705 servieruntque
2700 1636 2959 1697 Domino,
3029 1634 3225 1688 cunctis
3275 1635 3458 1688 diebus
3514 1636 3629 1704 ejus

2117 1714 2168 1758 et
2216 1705 2481 1759 seniorum
2519 1708 2609 1776 qui
2652 1705 2806 1776 longo
2859 1715 2973 1775 post
3034 1721 3153 1760 eum
3200 1705 3439 1780 vixerunt
3502 1715 3633 1759 tem-

360 1794 588 1864 {eriretis
617 1795 785 1864 [trdus
803 1813 921 1849 cum
953 1797 1337 1852 habitatoribus
1361 1808 1514 1853 terra:
1540 1799 1722 1868 hujus,
1746 1808 1794 1853 et
1821 1815 1944 1852 aras
1974 1805 2022 1865 B
2120 1791 2263 1845 pore“

355 1902 538 1941 eorum
554 1888 949 1954 subverteretis;
979 1899 1026 1943 et
1054 1888 1294 1945 noluistis
1316 1891 1502 1945 audire
1531 1908 1702 1946 vocem
1729 1908 1895 1945 meam
1920 1908 1938 1956 ,°

348 1992 454 2031 cur
498 1980 595 2031 hoc
626 1978 861 2048 fecistis?
901 1979 1249 2045 Quamobrem
1270 1982 1415 2036 nolui
1441 1974 1610 2035 delere
1635 1996 1721 2036 eos
1749 1998 1780 2034 a
1808 1982 1944 2051 facie

354 2078 546 2133 vestra,
579 2078 634 2123 ut
676 2069 914 2125 habeatis
958 2072 1149 2138 hostes,
1194 2082 1242 2126 et
1269 2072 1346 2126 dii
1378 2089 1560 2127 eorum
1592 2073 1694 2126 sint
1719 2072 1859 2125 vobis
1887 2071 1943 2125 in

346 2159 585 2213 ruinam.
612 2159 732 2214 Alia
767 2169 947 2215 autem
969 2162 1136 2217 editio
1161 2161 1239 2217 sic
1259 2162 1425 2217 habet
1457 2180 1469 2217 :
1496 2161 1565 2215 Et
1586 2162 1816 2215 ascendit
1840 2178 1942 2215 an-

352 2248 498 2318 gelus
522 2248 736 2304 Domini
750 2268 905 2321 super
928 2250 1232 2307 Clauthmos
1257 2263 1503 2307 montem.
1540 2253 1788 2323 Scriptor
1815 2254 1943 2309 libri

354 2340 461 2395 hoc
488 2343 706 2398 nomine
736 2344 1022 2414 appellavit
1051 2344 1250 2409 loeum,
1304 2346 1429 2416 quia
1468 2355 1652 2416 postea
1678 2346 1897 2417 scripsit
1922 2364 1937 2413 ;

354 2440 481 2484 nam
515 2433 732 2502 quando
787 2433 1008 2504 angelus
1056 2436 1266 2490 Domini
1313 2452 1475 2507 super
1522 2452 1644 2491 eum
1677 2438 1941 2503 ascendit,

346 2521 598 2575 ‘nondum
627 2522 706 2576 sic
732 2523 1124 2593 appellabatur.
1158 2525 1203 2578 Α
1242 2526 1546 2596 ploratione
1599 2527 1796 2597 quippe
1848 2543 1946 2582 no-

350 2627 480 2667 men
535 2613 763 2681 accepit,
805 2614 931 2683 quia
962 2613 1150 2670 Gr:eee
1197 2614 1504 2672 Clauthmos
1531 2617 1764 2688 ploratio
1803 2617 1943 2672 dici-

346 2713 477 2768 tur;
520 2701 595 2757 ibi
642 2703 787 2758 enim
840 2704 1085 2773 populus
1112 2704 1278 2771 ﬂevit,
1315 2722 1437 2761 cum
1479 2707 1718 2762 audisset
1752 2709 1820 2763 ab
1843 2709 1947 2763 hoe

354 2792 546 2865 angelo
590 2793 757 2849 verba
787 2795 1001 2851 Domini
1038 2797 1363 2853 vindicantis
1394 2797 1448 2852 in
1494 2814 1616 2864 eos,
1671 2798 1815 2868 quod
1865 2799 1946 2853 in-

352 2885 667 2941 obedientes
693 2885 922 2943 fuissent
940 2930 954 2954 ,
978 2889 1104 2958 quia
1127 2896 1233 2945 nan
1263 2890 1759 2971 exterminaverunt
1777 2904 1945 2961 popu-

358 2974 442 3031 los
467 2976 763 3032 secundum
798 2987 1126 3049 praeceptum
1156 2977 1292 3049 ejus,
1311 2981 1506 3050 quibus
1526 2980 1941 3051 prmvaluerunt,

352 3067 617 3139 eligentes
643 3082 737 3125 eos
763 3069 942 3126 facere
973 3071 1311 3139 tributarios,
1354 3088 1515 3142 quam
1544 3073 1859 3129 interimere
1888 3080 1943 3128 et

2119 1884 2296 1957 (Ιυιυ.)
2338 1886 2548 1941 Dimisit
2597 1903 2720 1959 ergo
2777 1886 2941 1942 Iosue
2985 1886 3258 1957 populum,
3304 1895 3354 1941 et
3390 1886 3632 1940 abierunt

2045 1973 2145 2044 filii
2180 1974 2368 2040 Israel,
2411 1978 2765 2047 unusquisque
2818 1978 2874 2030 in
2920 1978 3295 2047 possessionem
3344 1992 3517 2040 suam,
3574 1983 3633 2029 ut

2047 2065 2334 2120 obtinerent
2391 2082 2530 2120 eam.
2585 2066 2700 2122 lloe
2745 2082 2842 2136 per
2898 2065 3396 2136 reeapitulationem
3445 2063 3633 2119 iterari

2046 2155 2194 2210 nulla
2241 2156 2506 2211 dubitatio
2535 2165 2637 2212 est.
2671 2155 2805 2211 Nam
2855 2165 2912 2211 et
2947 2172 3095 2212 mors
3122 2157 3292 2227 ipsius
3317 2155 3448 2211 ἔθευ
3479 2154 3632 2209 Nave

2046 2248 2210 2301 etiam
2250 2262 2306 2301 ιιι
2340 2248 2443 2303 hoc
2465 2247 2605 2302 libro
2650 2257 3129 2311 commemoratur,
3181 2256 3241 2302 ut
3283 2255 3538 2315 tanquam
3563 2245 3634 2299 ab

2047 2340 2270 2395 exordio
2318 2350 2513 2395 cuncta
2552 2340 2795 2395 breviter
2850 2341 3277 2406 insinuarentur,
3318 2355 3386 2394 ex
3416 2355 3523 2409 quo
3553 2339 3634 2394 eis

2047 2432 2306 2487 Dominus
2333 2432 2483 2487 dedit
2524 2441 2752 2497 terram,
2804 2440 2859 2487 et
2886 2431 3341 2496 quemadmodum
3377 2431 3477 2485 sub
3500 2430 3632 2499 ipsis

2042 2524 2311 2595 judicibus
2340 2524 2610 2588 vixerunt,
2661 2535 2781 2593 quae
2823 2524 2937 2594 jam
2984 2523 3226 2593 perpessi
3256 2529 3421 2587 sunt;
3464 2529 3669 2603 atque_

2048 2616 2244 2670 iterum
2274 2615 2483 2670 reditur
2525 2615 2594 2669 ad
2644 2615 2882 2685 ipsorum
2901 2613 3147 2683 judieum
3169 2612 3439 2678 ordinem,
3478 2611 3633 2668 abeo

2048 2706 2139 2776 qui
2167 2706 2375 2776 primus
2398 2713 2483 2761 est
2507 2706 2858 2761 constitutus.

2121 2797 2526 2868 Servieruntque
2558 2795 2784 2850 Domino
2820 2805 3020 2850 cunctis
3058 2796 3241 2850 diebus
3267 2795 3407 2865 ejus,
3449 2801 3501 2848 et
3543 2786 3631 2850 sb

2048 2887 2254 2940 nierum
2268 2886 2359 2957 qui
2372 2884 2524 2954 longe
2536 2894 2648 2956 post
2663 2901 2781 2939 eum
2794 2886 3034 2939 vixerunt
3055 2894 3304 2955 tempore,
3317 2894 3367 2938 et
3378 2890 3632 2938 noverunt

2048 2979 2226 3032 omnia
2249 2993 2406 3048 opera
2434 2977 2647 3031 Domini
2678 2994 2797 3043 qua:
2819 2976 3015 3045 fecerat
3035 2992 3154 3030 cum
3176 2975 3369 3030 Israel.
3393 2974 3633 3031 Senivit

2050 3082 2179 3138 ergo
2204 3066 2435 3138 populus
2480 3068 2710 3123 Domino
2738 3067 2989 3124 omnibus
3011 3067 3204 3121 diebus
3241 3062 3393 3131 ἔθευ,
3425 3074 3482 3120 et
3508 3080 3626 3120 om-

350 3160 606 3229 perdere,
659 3161 1111 3230 quemadmodum
1158 3160 1401 3231 iusserat
1451 3163 1731 3217 Dominus.
1785 3162 1939 3230 Quod
1968 3157 2013 3219 C
2044 3161 2202 3215 nibus
2229 3161 2421 3217 diebus
2442 3162 2717 3217 seniorum
2751 3163 2844 3232 qui
2865 3161 3084 3216 fuerant
3109 3169 3234 3232 post
3257 3158 3462 3216 Jesum.
3495 3160 3631 3216 Bea-

350 3247 467 3303 sive
495 3257 806 3320 contempto
839 3250 937 3307 Dei
971 3252 1246 3319 mandato,
1297 3253 1413 3308 sive
1454 3252 1649 3308 timore
1676 3250 1929 3318 fecerint,

353 3353 425 3394 ne
451 3340 633 3395 hostes
656 3341 943 3397 adversum
972 3355 1030 3396 se
1055 3342 1235 3398 acrius
1256 3359 1497 3414 pugnare
1515 3359 1615 3415 pro
1642 3343 1817 3399 salute
1841 3342 1936 3399 ob-

352 3429 593 3496 linenda,
627 3445 789 3500 quam
813 3446 913 3502 pro
945 3432 1153 3488 tributo
1174 3449 1281 3488 non
1307 3433 1484 3489 dando
1511 3445 1790 3505 cogerent,
1819 3434 1938 3491 sine

352 3523 517 3578 dubio
541 3533 921 3594 peccaverunt,
950 3532 1007 3581 et
1052 3525 1357 3595 spernendo
1386 3526 1529 3596 quod
1558 3526 1818 3582 divinitus
1844 3527 1939 3582 im-

344 3618 596 3684 peratum
638 3614 748 3680 est,
791 3622 847 3670 et
888 3630 994 3670 non
1036 3617 1413 3685 praesumendo
1441 3617 1588 3686 quod
1611 3631 1707 3672 eos
1726 3625 1934 3687 posset,

350 3703 444 3772 qui
466 3702 842 3772 imperaverat,
870 3703 1145 3774 adjuvare.
1172 3704 1325 3771 Quod
1351 3706 1472 3761 ideo
1501 3720 1599 3776 per
1626 3704 1814 3762 Jesum
1844 3722 1941 3763 no-

350 3788 454 3847 luit
476 3792 556 3847 eis
582 3794 786 3860 dicere,
832 3794 878 3848 si
905 3802 1085 3848 tamen
1119 3809 1185 3850 eo
1224 3795 1399 3851 adhuc
1420 3794 1638 3852 vivente
1656 3795 1772 3865 jam
1816 3796 1936 3854 ﬁeri

345 3890 707 3950 prmceperat,
767 3889 823 3937 et
872 3897 979 3937 non
1015 3884 1194 3953 potius
1232 3885 1662 3955 praeoccupando
1690 3900 1934 3943 comme-

349 3980 623 4025 moratum
667 3970 865 4035 fuerat,
902 3974 1046 4042 quod
1072 3973 1163 4029 illo
1191 3983 1408 4031 mortuo
1435 3976 1554 4031 ﬁeri
1580 3977 1769 4048 empit,
1806 3979 1935 4049 quia

348 4057 456 4114 hoe
498 4059 751 4116 omnibus
777 4061 947 4116 voluit
973 4064 1304 4133 exprobrare
1341 4079 1440 4134 per
1467 4065 1716 4136 angelum
1747 4084 1761 4121 :
1792 4082 1933 4123 nou-

346 4149 479 4205 idum
527 4160 709 4206 autem
737 4166 928 4209 onmes
966 4153 1018 4209 id
1056 4153 1330 4221 fecerant,
1366 4156 1587 4212 vivente
1626 4155 1788 4225 ἔθευ,
1830 4160 1934 4216 etsi

347 4240 517 4310 aliqui
562 4241 702 4297 forte
742 4240 857 4311 jam
910 4254 1207 4315 cmperant.
1258 4246 1582 4304 Credibilius
1619 4257 1705 4304 est
1751 4257 1933 4306 tamen

344 4331 482 4386 nihil
511 4332 616 4387 tale
635 4332 753 4388 ﬁeri
777 4343 1011 4403 coeptum
1032 4336 1245 4393 vivente
1267 4336 1393 4393 ἔθευ
1418 4337 1587 4405 Nave,
1610 4347 1932 4410 tantumque

343 4428 617 4477 terrarum
655 4422 757 4477 sub
786 4423 877 4479 illo
916 4427 1153 4482 tenuisse
1172 4427 1309 4483 ﬁlios
1334 4428 1523 4494 lsrael,
1557 4441 1821 4500 quantum
1849 4433 1931 4488 eis

346 4514 417 4568 ad
446 4513 841 4568 considendum
863 4514 1155 4582 suﬂiceret,
1186 4518 1434 4587 quamvis
1457 4518 1511 4572 iu
1539 4520 1783 4593 sortibus
1815 4522 1932 4577 suis

345 4599 615 4656 haberent
655 4603 796 4658 unde
841 4605 1136 4660 crescendo
1176 4614 1234 4662 et
1270 4607 1702 4665 convalescendo
1755 4612 1932 4668 adhue

345 4694 690 4749 adversarios
747 4696 1197 4751 exterminarent.
1240 4697 1472 4756 Proinde
1522 4710 1646 4771 post
1698 4711 1931 4759 mortem

345 4781 496 4850 ἔθευ,
536 4793 891 4856 posteaquam
943 4788 1342 4857 praevaluerunt
1369 4798 1430 4845 ut
1466 4792 1570 4848 hoc
1599 4802 1821 4864 possent
1851 4794 1933 4850 ta-

283 4910 308 4928 s
346 4893 490 4944 cere,
533 4880 842 4936 maluerunt
889 4897 982 4937 eos
1030 4883 1232 4940 habere
1283 4885 1603 4943 tributarios
1634 4890 1930 4945 secundum

346 4969 681 5027 voluntatem
731 4986 905 5040 suam,
937 4989 1101 5043 quam
1143 4975 1458 5033 interimere
1498 4986 1555 5033 et
1584 4980 1811 5049 perdere
1849 4995 1934 5036 se-

344 5065 587 5119 cundum
618 5064 952 5120 voluntatem
1003 5067 1137 5133 Dei;
1185 5077 1407 5139 prepter
1434 5071 1540 5126 hoc
1584 5072 1653 5126 ad
1685 5087 1780 5129 eos
1813 5085 1934 5127 cor-

345 5153 623 5223 ripiendos
654 5155 877 5228 angelus
907 5157 1104 5213 missus
1134 5167 1237 5213 est.
1282 5159 1434 5226 Quod
1456 5175 1584 5216 vero
1610 5177 1933 5217 commemo-

347 5250 526 5299 ratum
553 5254 638 5301 est
665 5246 719 5301 in
741 5247 879 5303 libro
905 5246 1035 5303 Jesu
1060 5249 1228 5317 Nave,
1272 5252 1445 5322 magis
1496 5254 1749 5309 existimo
1798 5270 1930 5325 pra:-

346 5337 660 5407 occupando
688 5349 1190 5406 commemoratum,
1214 5343 1356 5412 quoi
1378 5352 1502 5413 post
1529 5343 1646 5412 ejus
1674 5354 1926 5413 mortem,

348 5435 407 5484 et
431 5428 672 5485 futurum
698 5446 817 5488 esse
842 5431 955 5501 jam
982 5433 1096 5504 ipse
1121 5442 1347 5491 noverat
1377 5436 1695 5506 prophetico
1712 5437 1926 5507 spiritu,

347 5518 396 5573 si
425 5519 495 5574 ab
523 5518 617 5574 illo
639 5519 775 5575 liber
824 5525 1164 5595 conscriptus
1193 5534 1295 5589 est,
1344 5527 1434 5594 qui
1474 5526 1774 5596 appellatur
1801 5522 1929 5583 Jesu

350 5605 499 5665 Nave
528 5626 542 5674 ;
586 5618 641 5664 et
684 5610 729 5665 si
758 5611 827 5666 ab
862 5611 970 5665 alio
1000 5614 1238 5683 scriptus
1269 5624 1375 5680 est,
1416 5614 1533 5683 jam
1572 5615 1775 5672 factum
1808 5633 1930 5674 esse

347 5700 556 5759 Sciebat
598 5710 721 5773 post
740 5712 990 5760 mortem
1036 5703 1161 5763 ἔθευ
1202 5705 1350 5775 Nave
1397 5708 1544 5780 quod
1574 5708 1629 5764 in
1675 5708 1766 5765 illo
1788 5710 1928 5768 libro

1956 4492 2012 4553 D

2045 3259 2132 3305 tus
2159 3252 2358 3321 estqui
2388 3253 2443 3307 in
2479 3253 2668 3308 diebus
2693 3251 2819 3308 ἔθευ
2847 3255 3016 3308 servit
3042 3252 3303 3317 Domino,
3339 3251 3433 3322 qui
3455 3251 3625 3307 verbo

2040 3351 2096 3399 et
2124 3343 2386 3413 sapientia
2405 3343 2521 3413 ejus
2548 3344 2901 3410 illuminatur,
2937 3343 3031 3414 qui
3055 3342 3344 3415 praeceptis
3372 3340 3490 3411 ejus
3512 3341 3633 3397 illu-

2041 3440 2265 3500 stratur,
2306 3435 2397 3505 qui
2427 3450 2495 3489 ex
2518 3436 2765 3491 doctrina
2788 3434 2908 3503 ejus
2932 3434 3132 3505 accipit
3161 3432 3341 3488 lumen
3363 3433 3626 3490 scientiae.

2042 3523 2293 3581 Secundo
2338 3533 2521 3581 tamen
2546 3527 2684 3602 loco
2729 3535 2785 3581 et
2822 3526 2912 3580 ille
2952 3534 3079 3595 post
3114 3527 3261 3581 hunc
3290 3532 3376 3580 est
3412 3526 3625 3593 beatus,

2038 3616 2134 3686 qui
2184 3618 2238 3671 in
2284 3616 2474 3672 diebus
2518 3617 2796 3673 seniorum
2844 3616 2938 3685 qui
2980 3615 3200 3669 fuerunt
3232 3623 3355 3684 post
3402 3614 3625 3680 Jesum,

2039 3711 2209 3766 servit
2238 3710 2486 3765 Domino.
2520 3708 2799 3775 Seniores,
2841 3707 2925 3761 vel
2959 3707 3051 3777 qui
3075 3722 3198 3762 eum
3223 3704 3352 3761 ἔθευ
3402 3707 3481 3761 vel
3503 3715 3631 3775 post

2037 3800 2221 3857 Jesum
2270 3800 2510 3868 fuerunt,
2562 3802 2656 3872 qui
2687 3808 2815 3856 sunt
2856 3798 2971 3866 alii,
3012 3798 3117 3854 nisi
3158 3796 3407 3868 apostoli,
3431 3798 3525 3867 qui
3568 3804 3627 3852 et

2039 3892 2141 3964 ipsi
2170 3894 2385 3964 scriptis
2416 3901 2471 3948 et
2492 3892 2780 3964 praaceptis
2831 3892 2945 3948 suis
2983 3890 3290 3946 illuminant
3329 3890 3493 3946 corda
3533 3903 3630 3944 no-

2039 3991 2173 4050 stra,
2203 3990 2259 4037 et
2287 3982 2494 4038 iaciunt
2519 3983 2687 4038 etiam
2720 3982 2822 4052 ipsi
2853 3981 2969 4038 dies
3006 3981 3269 4053 quosdam
3293 3980 3346 4034 in
3379 3979 3536 4034 nobis
3557 3993 3627 4033 ex

2037 4073 2128 4129 illa
2149 4075 2290 4142 luce,
2313 4089 2476 4145 quam
2515 4074 2618 4145 ipsi
2644 4089 2712 4130 ex
2741 4089 2872 4129 vera
2896 4073 3016 4130 luce
3039 4072 3346 4144 partieipati
3380 4078 3508 4126 sunt
3533 4083 3628 4125 ven

2036 4165 2269 4221 nientes.
2297 4165 2402 4234 Qui
2428 4180 2557 4237 ergo
2596 4165 2933 4220 illuminatur
2968 4172 3025 4219 et
3061 4163 3351 4218 instruitur
3375 4176 3442 4216 ex
3484 4174 3616 4229 apo-

2036 4256 2297 4311 stolorum
2320 4256 2627 4327 praeceptis,
2657 4263 2714 4310 et
2749 4255 2818 4309 ad
2848 4253 3129 4310 servitium
3160 4252 3374 4308 Domini
3400 4261 3625 4320 aposto-

2035 4347 2154 4403 licis
2185 4347 2383 4419 regulis
2415 4346 2702 4401 instruitur
2742 4345 2827 4400 vel
2857 4345 3196 4408 instituitur,
3247 4343 3350 4398 iste
3394 4351 3480 4398 est
3528 4342 3625 4414 qui

2037 4438 2243 4492 servire
2266 4436 2465 4492 dicitur
2489 4436 2721 4492 Domino
2757 4436 2813 4497 in
2837 4434 3030 4490 diebus
3055 4433 3331 4489 seniorum
3379 4432 3473 4502 qui
3511 4431 3628 4489 fue-

2037 4534 2165 4581 runt
2201 4534 2323 4596 post
2346 4526 2553 4582 Jesum.
2597 4527 2694 4582 Vis
2732 4534 2913 4581 autem
2939 4525 3147 4589 videre,
3185 4524 3313 4594 quia
3340 4523 3479 4579 sicut
3505 4524 3631 4579 εει.-

2034 4624 2195 4671 vator
2252 4625 2363 4671 erat
2396 4615 2491 4670 lua:
2512 4633 2653 4683 vera,
2689 4633 2807 4688 qua:
2834 4615 3099 4670 illuminat
3125 4631 3327 4669 omnem
3358 4614 3625 4670 hominem

2032 4709 2318 4763 venientem
2347 4709 2404 4762 in
2439 4709 2577 4762 hunc
2607 4708 2860 4761 mundum
2884 4705 3071 4779 (Joan.
3106 4704 3172 4777 ι),
3209 4706 3284 4761 ita
3309 4716 3365 4762 et
3389 4708 3622 4778 apostoli

2033 4796 2126 4853 lux
2154 4806 2310 4853 erant
2337 4798 2542 4853 mundi.
2573 4797 2630 4852 ln
2659 4796 2951 4868 Evangelia
2978 4796 3241 4867 scriptum
3275 4805 3381 4863 est,
3408 4798 3623 4854 dicente

2036 4890 2263 4946 Domino
2310 4891 2378 4946 ad
2422 4906 2557 4946 eos:
2591 4890 2694 4944 Vos
2737 4892 2860 4945 estis
2896 4890 2989 4945 lua:
3045 4892 3229 4946 mundi
3279 4890 3495 4965 (Matth.
3536 4891 3620 4963 ν).

2035 4981 2188 5049 Quod
2234 4983 2281 5037 si
2321 4983 2487 5038 etiam
2535 4982 2765 5052 apostoli
2795 4991 2921 5038 sunt
2958 4983 3050 5038 lux
3081 4985 3287 5050 mundi,
3316 4985 3434 5040 sine
3456 4984 3623 5039 dubio

2032 5088 2133 5142 per
2171 5082 2437 5144 praecepta
2466 5082 2522 5129 et
2553 5076 2807 5131 mandata
2838 5090 2936 5131 sua
2957 5075 3263 5131 illuminant
3293 5076 3447 5130 nobis
3475 5076 3618 5141 dies,

2033 5165 2089 5217 in
2118 5166 2313 5233 quibus
2358 5164 2587 5220 Domino
2638 5166 2961 5221 serviamus.
3014 5165 3171 5234 Quod
3218 5174 3399 5220 autem
3427 5164 3613 5219 dixit!

2037 5252 2289 5310 Omnibus
2312 5257 2492 5312 diebus
2539 5260 2802 5313 seniorum
2842 5260 2932 5331 qui
2958 5258 3232 5329 longorum
3272 5257 3476 5309 dierum
3500 5255 3617 5325 [κει

2036 5355 2153 5399 runt
2194 5356 2309 5418 post
2342 5346 2549 5413 Jesum,
2598 5363 2697 5404 nec
2718 5350 2823 5405 hoe
2846 5349 2977 5404 mihi
3003 5348 3177 5403 otiose
3226 5346 3430 5400 dictum
3464 5345 3616 5400 vide-

2039 5442 2141 5500 tur,
2174 5438 2317 5506 quod
2339 5436 2557 5505 lonngi
2581 5438 2662 5493 vel
2690 5439 2961 5511 longorum
2992 5437 3196 5491 dierum
3218 5422 3473 5489 dicuntur
3491 5442 3617 5490 esse

2037 5527 2300 5592 seniores,
2340 5528 2432 5598 qui
2473 5538 2595 5599 post
2644 5527 2826 5584 Jesum
2873 5528 3112 5588 fuerunt,
3167 5533 3224 5579 et
3270 5523 3486 5594 quidem
3516 5522 3614 5579 Del

2036 5629 2117 5675 cst
2144 5620 2313 5674 solius
2345 5635 2504 5675 nosse
2532 5632 2654 5693 post
2674 5622 2890 5688 Jesum,
2940 5621 3031 5690 qui
3065 5619 3228 5675 fuerit
3265 5606 3408 5672 inter
3435 5615 3614 5674 senio-

2002 5794 2008 5799 .
2036 5726 2144 5779 res,
2175 5710 2267 5781 qui
2296 5709 2593 5780 longiorem
2617 5712 2762 5770 diem
2782 5711 2994 5782 fecerit,
3017 5712 3070 5769 id
3098 5717 3203 5780 est,
3231 5708 3324 5781 qui
3346 5704 3607 5781 majorem
