4000 6186
431 312 559 367 illi)

1069 310 1130 364 Β.
1172 309 1423 365 BADANI
1463 307 1678 363 MAURI
1716 304 2031 361 ARCiEIEP.
2074 306 2378 363 MOGL'NT.
2418 308 2699 364 OPERUM
2740 307 2914 364 PARS
2954 308 2992 361 l.

3517 305 3660 359 Ηἓο

421 438 491 478 ex
527 436 588 475 se
640 422 850 478 miserit
899 422 1071 475 lucem
1105 430 1323 474 :utrum
1380 420 1596 483 Paulus,
1634 433 1720 471 'an
1774 416 1985 478 Petrus,
2018 428 2064 485 Α
2094 433 2210 472 rum
2239 419 2637 475 distinctionem
2663 419 2779 474 lure
2827 435 3020 489 magna
3070 421 3350 475 dicantur?
3374 422 3493 489 Ego
3517 420 3668 473 arbi-

420 513 868 576 Bartbolommus,
894 526 960 564 an
983 510 1238 565 Joannes.
1282 511 1663 565 Verumtamen
1704 510 1983 578 longorum

420 602 630 655 dierum
674 600 927 654 dicuntur
958 601 1150 655 sancti.
1194 601 1236 653 E
1275 602 1547 655 contrario
1576 614 1727 663 vero,
1773 597 1988 667 quando

421 690 689 744 scanilalis
743 689 974 743 mundus
1023 690 1341 759 replebitur,
1389 690 1604 758 quando
1653 690 1989 743 increscente

420 780 702 847 iniquitate
768 779 1080 848 refrigescet
1141 780 1380 833 charitas
1428 779 1717 834 multorum
1771 778 1985 848 (Matth.

420 871 591 939 sxw),
637 878 692 924 et
738 872 953 939 quando
1001 870 1222 923 veniens
1276 870 1444 924 Filius
1500 870 1733 923 hominis
1776 867 1988 923 difﬁcile

419 962 578 1015 ﬁdem
610 962 844 1014 inveniet
890 976 1052 1028 super
1103 969 1300 1015 terram
1332 960 1484 1031 (Luc.
1517 961 1692 1027 xvm),
1722 970 1852 1015 tunc
1878 977 1986 1015 non

418 1050 667 1103 dicuntur
738 1050 900 1103 futuri
942 1049 1084 1118 longi
1133 1049 1266 1113 dies,
1324 1050 1415 1103 sed
1460 1051 1629 1119 magis
1686 1050 1986 1104 abbreviari

415 1140 686 1205 dicuntur,
719 1141 855 1194 sicut
884 1140 1021 1193 dixit
1050 1139 1309 1194 Dominus
1358 1158 1370 1192 :
1410 1139 1546 1204 Quia
1572 1140 1672 1192 nisi
1703 1140 1986 1193 abbreviati

414 1232 632 1300 fuissent
664 1233 773 1285 dies
817 1230 917 1296 illi,
969 1248 1073 1285 non
1114 1232 1259 1299 ﬁeret
1304 1232 1447 1285 salva
1477 1231 1584 1285 ulla
1609 1249 1734 1285 caro
1767 1232 1982 1303 (Matth.

412 1324 581 1394 xxiv).
618 1323 739 1377 Mali
759 1339 889 1393 ergo
919 1324 1032 1378 dies
1060 1325 1290 1379 breviari
1319 1325 1600 1389 dicuntur;
1642 1324 1865 1395 longievi
1897 1341 1987 1379 au-

413 1420 521 1466 tem
556 1420 680 1466 sunt
732 1420 787 1466 et
840 1413 991 1466 multi
1026 1414 1298 1482 temporis,
1359 1423 1415 1467 et
1456 1415 1675 1484 grandis
1722 1416 1983 1484 quodam-

411 1505 568 1558 modo
595 1505 751 1574 spatii
796 1505 909 1559 dies
937 1504 1085 1569 boni,
1116 1506 1169 1559 in
1194 1506 1390 1574 quibus
1428 1505 1654 1560 Domino
1697 1506 1980 1560 servimus.

413 1596 544 1649 Vide
599 1605 778 1651 tamen
826 1598 951 1667 quia
1004 1606 1059 1650 et
1106 1597 1208 1651 hoc
1240 1598 1537 1667 designavit
1578 1598 1631 1651 in
1668 1597 1979 1668 Evangelio,

405 1688 545 1758 quod
591 1697 798 1757 propter
838 1688 1023 1742 eiectos
1069 1689 1439 1742 breviubuntur
1486 1688 1596 1741 dies
1637 1687 1717 1740 illi
1766 1687 1975 1760 (Ibid.).

2090 517 2204 563 tror
2224 510 2367 579 quod
2392 524 2551 565 omne
2571 510 2787 578 quidem
2822 509 2918 563 Dei
2964 525 3098 579 opus
3148 525 3402 579 magnum
3429 520 3536 571 est,
3568 510 3665 567 sed

2085 613 2184 667 pro
2217 600 2518 668 eapacitate
2561 615 2747 653 eorum
2776 600 2971 668 quibus
2996 607 3271 667 operatur,
3303 601 3349 653 si
3388 600 3490 653 sibi
3524 600 3665 654 invi-

2088 700 2203 740 cem
2229 696 2631 756 comparentur,
2669 688 2749 742 vel
2780 703 2974 758 magna
3013 703 3175 758 opera
3224 688 3440 744 Domini
3466 691 3665 745 dicun-

2087 786 2177 832 tur
2204 793 2341 843 esse,
2366 780 2450 833 vel
2473 795 2657 849 parva.
2690 778 2851 834 Verbi
2884 796 3071 845 causa,
3110 781 3296 836 eduxit
3327 781 3465 835 ﬁlios
3490 781 3666 835 lsrael

2087 869 2154 923 de
2187 869 2420 940 Egypto
2458 871 2509 924 in
2538 887 2696 924 manu
2729 871 2855 924 forti
2886 879 2940 925 et
2976 872 3194 926 brachio
3223 870 3459 934 excelso,
3490 870 3665 941 Egy-

2085 970 2177 1030 pto
2224 962 2477 1032 prodigiis
2523 963 2833 1017 coelestibus
2881 963 3184 1031 verberata,
3238 965 3382 1017 viam
3437 963 3566 1018 fecit
3604 966 3659 1018 in

2088 1051 2256 1116 mari;
2293 1068 2487 1106 manna
2512 1053 2564 1108 in
2588 1054 2799 1108 deserto
2826 1055 3022 1125 populo
3046 1055 3223 1120 dedit;
3254 1056 3320 1109 de
3346 1057 3487 1111 ccelo
3510 1056 3662 1110 locu-

2086 1149 2173 1194 tus
2203 1150 2286 1196 est
2312 1143 2378 1196 ad
2407 1142 2642 1213 Moysen,
2677 1143 2847 1212 legem
2879 1145 3238 1214 conscriptam
3269 1146 3322 1199 in
3356 1147 3554 1200 tabulis
3581 1148 3660 1199 la-

2084 1231 2256 1299 pideis
2275 1231 2439 1285 dedit.
2466 1232 2654 1287 Nonne
2682 1234 2794 1288 hzec
2824 1249 3016 1303 magna
3047 1242 3173 1289 sunt
3198 1250 3360 1303 opera
3391 1236 3521 1289 Dei?
3551 1237 3659 1290 Sed

2087 1321 2133 1376 si
2163 1321 2294 1376 illud
2342 1322 2428 1377 his
2477 1338 2781 1391 compares,
2833 1324 2976 1393 quod
3010 1324 3085 1377 ita
3121 1323 3305 1377 dilexit
3342 1324 3485 1378 Deus
3513 1326 3662 1379 hunc

2086 1413 2367 1478 mundum,
2410 1423 2471 1468 ut
2498 1414 2690 1470 Filium
2730 1431 2887 1469 suum
2914 1416 3129 1471 unicum
3175 1417 3327 1470 daret
3354 1432 3453 1485 pro
3481 1417 3659 1472 salute

2085 1504 2272 1557 mundi
2349 1504 2530 1572 (Joan.
2605 1504 2730 1576 ιιι),
2800 1506 3042 1561 invenies
3107 1507 3199 1560 illa
3254 1507 3434 1561 omnia
3487 1523 3658 1576 parva

2082 1609 2203 1649 esse
2226 1595 2293 1648 ad
2315 1595 2474 1666 hujus
2492 1596 2671 1665 operis
2694 1597 3133 1668 magnitudinem,
3160 1598 3304 1667 quod
3328 1613 3466 1667 opus
3488 1600 3656 1653 etiam

2084 1697 2182 1738 nos
2209 1692 2263 1738 et
2291 1700 2617 1755 cognoscere
2655 1686 2911 1742 debemus
2950 1697 3004 1742 et
3045 1689 3288 1752 credere,
3335 1698 3392 1743 et
3436 1691 3657 1759 operari

406 1777 604 1832 Electis
658 1793 787 1847 ergo
827 1778 1141 1832 lircviantnr
1179 1779 1296 1833 dies
1343 1779 1492 1843 mali,
1526 1779 1641 1832 dies
1671 1780 1978 1857 iniquitatis
2009 1787 2054 1846 B
2083 1786 2247 1840 συρτει
2269 1773 2477 1828 DOmilli
2500 1791 2606 1830 ιιοη
2624 1775 2976 1847 negligenter.
2997 1777 3091 1832 sed
3106 1777 3334 1833 ﬁdeliter
3352 1791 3406 1832 ει
3425 1788 3650 1845 θῑῑθηων

403 1876 460 1921 et
483 1866 740 1920 scandali.
779 1868 906 1922 Dies
945 1883 1071 1922 vero
1100 1870 1372 1923 seniorum
1399 1877 1707 1923 sanctorum
1750 1869 1977 1938 longaevi

404 1966 532 2011 sunt
579 1967 636 2011 et
686 1957 902 2026 prolixi.
952 1957 1057 2012 Sed
1105 1967 1159 2012 et
1188 1958 1317 2012 illud
1341 1959 1467 2027 quia
1494 1957 1797 2013 dicentibus
1823 1959 1978 2014 nobis

402 2061 585 2102 occurs
601 2048 662 2113 it,
686 2057 739 2101 et
768 2049 996 2113 utinam,
1020 2049 1247 2102 Domino
1272 2058 1616 2119 suggerente,
1644 2058 1974 2117 occurreret,

400 2140 831 2210 praetereundum
862 2155 968 2194 non
998 2148 1100 2204 est,
1132 2140 1275 2209 quod
1307 2140 1462 2204 dixit,
1516 2142 1640 2211 quia
1664 2142 1868 2197 servivit
1890 2158 1979 2211 po-

398 2228 555 2299 pulus
599 2228 819 2282 Domino
845 2229 1080 2283 omnibus
1106 2230 1285 2283 diebus
1312 2230 1462 2284 Jesu.
1496 2229 1612 2284 Non
1652 2230 1786 2285 dixit
1808 2245 1976 2285 unum

400 2317 542 2370 diem
580 2317 745 2372 fuisse
783 2316 933 2383 Jesu,
967 2320 1063 2374 sed
1105 2320 1260 2374 multi
1300 2329 1427 2374 sunt
1455 2321 1572 2375 dies
1618 2320 1766 2376 Jesu.
1827 2320 1975 2388 Quos

400 2422 532 2478 ergo
554 2394 751 2463 multos
788 2411 1039 2478 ponimus
1067 2412 1183 2467 dies
1221 2412 1517 2466 secundum
1556 2412 1700 2467 hunc
1728 2414 1972 2468 ordinem

324 2567 344 2583 θ
397 2510 558 2565 quem
617 2500 1008 2567 exposuimus?
1045 2500 1157 2569 Ego
1203 2501 1283 2556 sic
1340 2502 1576 2556 arbitror
1626 2503 1770 2571 quod
1834 2519 1973 2558 unus

396 2590 515 2645 dies
539 2591 707 2661 ipsius
728 2600 814 2647 est
836 2591 1069 2661 iustitia,
1100 2595 1235 2649 alius
1265 2594 1643 2661 sanctiﬁcatio,
1686 2596 1822 2650 alius
1845 2612 1975 2666 pru-

398 2681 597 2745 dentia,
624 2683 1162 2749 aliusmisericordia,
1192 2696 1245 2740 et
1269 2687 1349 2741 sic
1368 2701 1464 2757 per
1478 2687 1687 2751 singula
1710 2688 1971 2742 virtutum

398 2772 538 2825 bona
579 2774 694 2829 dies
720 2773 858 2828 forte
908 2782 1161 2844 supputat
1209 2774 1358 2841 Jesu,
1410 2776 1465 2829 in
1511 2776 1706 2844 quibus
1743 2776 1971 2831 Domino

399 2866 653 2928 servitur,
702 2864 827 2932 quia
889 2865 943 2918 in
1005 2866 1089 2919 bis
1138 2865 1426 2920 virtutibus
1473 2867 1665 2921 anima-
1712 2867 1970 2921 Dominus

396 2954 659 3022 placatur.
688 2955 794 3010 Sed
823 2965 879 3012 et
920 2957 1234 3026 patientiam
1260 2958 1427 3026 ipsius
1466 2967 1775 3028 computato
1804 2958 1966 3023 diem,

394 3052 452 3099 et
502 3047 987 3111 mansuetudinem,
1014 3056 1071 3101 et
1103 3048 1380 3116 pietatem,
1432 3056 1487 3102 et
1534 3048 1856 3112 bonitatem,
1913 3054 1969 3102 et

2082 1868 2142 1914 ut
2162 1862 2500 1917 inveniamur
2524 1872 2579 1918 et
2601 1880 2700 1920 nos
2728 1865 2782 1919 in
2809 1866 2998 1921 diebus
3019 1865 3145 1921 Jesu
3170 1866 3370 1922 Christi
3390 1878 3444 1923 et
3466 1866 3519 1922 in
3541 1870 3657 1923 die-

2079 1951 2182 2006 bus
2206 1954 2478 2007 seniorum
2506 1966 2814 2010 sanctorum
2836 1957 2952 2026 ejus
2974 1958 3356 2025 apostolorum,
3382 1975 3503 2014 cum
3528 1960 3651 2028 qui-

2079 2044 2181 2098 bus
2224 2055 2278 2099 et
2311 2045 2625 2100 societatem
2672 2047 2909 2102 caelestis
2964 2049 3295 2104 luereditatis
3343 2065 3655 2104 mereamur

2078 2138 2344 2206 accipere,
2367 2154 2466 2208 per
2489 2138 2662 2209 ipsum
2699 2139 2985 2194 Dominum
3015 2149 3259 2195 nostrum
3283 2138 3467 2196 Iesum
3494 2140 3650 2196 Chri-

2078 2235 2242 2282 stum.

2676 2341 2902 2398 CAPUT
2936 2341 3046 2398 VII.

2077 2473 2319 2528 Mortuus
2346 2484 2421 2529 est
2446 2484 2620 2530 autem
2640 2474 2802 2530 Iosue
2825 2476 2968 2546 [ilius
2993 2473 3140 2542 Nun,
3162 2474 3394 2543 famulus
3416 2475 3646 2546 Domini,

2146 2555 2348 2599 centum
2368 2546 2542 2599 decem
2556 2561 2836 2609 annorum,
2853 2546 3119 2616 omnisque
3139 2546 3400 2616 generatio
3414 2545 3506 2616 illa
3526 2562 3648 2616 conf

2145 2624 2356 2685 gregata
2384 2625 2457 2669 est
2488 2616 2556 2668 ad
2578 2625 2748 2684 patres
2772 2628 2894 2669 suos
2921 2629 2939 2666 :
2970 2612 3303 2685 feceruntque
3340 2615 3440 2683 ﬁlii
3477 2612 3647 2685 Is_rael

2143 2683 2343 2737 malum
2389 2686 2442 2738 in
2494 2683 2767 2752 conspectu
2823 2683 3054 2750 Domini,
3107 2696 3153 2739 et
3191 2683 3475 2738 servierunt
3508 2683 3650 2737 Βαα-

2143 2752 2256 2818 lim,
2308 2763 2356 2808 et
2390 2754 2699 2808 dimiserunt
2733 2754 3020 2810 Dominum
3065 2754 3235 2809 Deum
3272 2764 3483 2825 patrum
3526 2770 3648 2808 suo-

2146 2840 2281 2877 rum.

2145 2956 2323 3027 ([BID.)
2376 2955 2617 3011 Mortuus
2638 2966 2712 3010 est
2735 2965 2911 3011 autem
2943 2954 3105 3011 Iosue
3128 2957 3274 3025 ﬁlius
3306 2955 3452 3021 Nan,
3473 2957 3648 3026 fantu-

2072 3047 2153 3101 lus
2196 3047 2427 3111 Domini,
2459 3055 2664 3101 centum
2695 3047 2871 3101 decem
2920 3063 3201 3112 annorum,
3243 3056 3291 3100 et
3333 3047 3644 3116 sepelierunt

393 3148 553 3190 omne
577 3136 720 3204 quod
753 3137 821 3191 ad
844 3138 1098 3192 virtutem
1129 3139 1381 3207 pertinet,
1421 3138 1589 3207 ipsius
1611 3139 1773 3193 dicito
1803 3138 1968 3203 diem,
1998 3136 2043 3198 C
2074 3155 2190 3193 eum
2230 3139 2285 3191 in
2320 3139 2512 3208 ﬁnibus
2546 3139 2886 3209 possessionis
2928 3154 3062 3203 sure,
3093 3138 3148 3191 in
3180 3136 3642 3198 Thamnachsanr.

395 3233 451 3279 et
494 3227 575 3281 sic
606 3228 659 3281 in
707 3230 958 3284 omnibus
1005 3231 1196 3285 diebus
1227 3229 1354 3284 Jesu
1388 3232 1614 3287 Domino
1659 3232 1882 3295 servies,
1918 3230 1971 3284 id

394 3323 500 3377 est,
533 3314 586 3368 in
611 3317 861 3371 omnibus
885 3318 971 3370 bis
1018 3318 1328 3373 virtutibus.
1376 3319 1493 3373 Non
1524 3320 1667 3373 enim
1693 3319 1805 3373 vult
1827 3319 1972 3374 Scri-

393 3413 568 3474 ptura:
592 3415 792 3460 sanctae
814 3407 1101 3473 institutio,
1138 3415 1197 3460 ut
1223 3408 1429 3476 aliquas
1457 3424 1523 3463 ex
1568 3409 1653 3464 bis
1686 3409 1972 3464 virtutibus

393 3498 596 3554 habeas
620 3500 673 3553 in
704 3507 777 3564 te,
825 3504 880 3552 et
908 3497 1041 3552 alias
1071 3498 1311 3567 negligas
1336 3514 1350 3563 ;
1410 3499 1505 3553 sed
1526 3508 1586 3552 ιιι
1612 3499 1863 3553 omnibus
1888 3500 1972 3555 his

392 3588 682 3644 virtutibus
728 3590 1043 3653 adornatus,
1096 3596 1151 3643 et
1195 3588 1248 3641 in
1286 3602 1474 3642 earum
1515 3589 1724 3643 actibus
1760 3589 1971 3659 positus

393 3682 599 3751 servias
638 3681 766 3735 Deo.
797 3681 999 3741 Eodem
1049 3688 1230 3735 autem
1256 3681 1415 3735 modo
1441 3681 1573 3750 quis
1598 3682 1761 3747 etiam
1791 3682 1969 3736 senio-

393 3786 514 3824 rum
569 3772 684 3826 dies
722 3773 884 3826 habet
912 3772 967 3826 in
995 3785 1072 3837 se,
1122 3781 1179 3826 et
1220 3772 1272 3826 in
1323 3772 1513 3826 diebus
1561 3786 1750 3827 eorum
1798 3774 1967 3828 servit

390 3861 524 3925 Deo,
576 3862 803 3931 implens
852 3863 1003 3929 illud,
1055 3864 1199 3932 quod
1237 3864 1368 3919 dicit
1410 3866 1686 3933 apostolus
1725 3865 1960 3919 Paulus:

391 3954 690 4008 lmilatores
739 3955 837 4006 ntci
878 3963 1057 4017 estote,
1090 3955 1224 4008 sicut
1271 3964 1319 4007 et
1371 3971 1464 4024 ego
1505 3953 1701 4008 Christi
1735 3955 1783 4025 (Ι
1839 3955 1959 4009 Cor.

392 4044 474 4108 ιι).
508 4042 564 4095 lu
591 4044 799 4107 diebus,
851 4044 1041 4112 inquit,
1080 4046 1351 4099 seniorum
1388 4061 1597 4110 eorum,
1631 4047 1723 4115 qui
1768 4061 1968 4116 cogno-

389 4141 583 4187 verunt
608 4136 785 4186 omnia
814 4149 979 4201 opera
1011 4132 1245 4188 Domini.
1276 4134 1406 4201 Quis
1449 4144 1532 4190 est
1558 4135 1651 4205 qui
1682 4136 1964 4206 cognoscit

389 4225 568 4283 omnia
606 4240 768 4293 opera
797 4224 1030 4290 Domini,
1053 4226 1157 4280 nisi
1181 4228 1272 4295 qui
1315 4226 1445 4282 facit
1492 4228 1599 4283 ea?
1654 4227 1769 4283 Hoc
1804 4229 1965 4284 modo

388 4316 553 4370 etiam
584 4316 672 4369 hic
721 4315 1057 4369 sentiendum
1085 4325 1189 4381 est,
1241 4318 1384 4386 quod
1436 4318 1565 4373 dicit
1594 4335 1605 4370 :
1644 4316 1747 4383 Qui
1775 4335 1965 4389 cogno—

390 4415 571 4459 verunt
619 4422 769 4460 omne
800 4424 926 4477 opus
956 4406 1187 4461 Domini.
1239 4408 1305 4462 Et
1355 4425 1459 4464 non
1511 4410 1685 4465 solum
1740 4410 1957 4480 inquit:

2074 3230 2130 3283 in
2182 3238 2353 3282 monte
2400 3228 2676 3299 Ephraim,
2729 3246 2760 3283 a
2802 3227 3193 3298 septentrionali
3240 3227 3397 3297 plaga
3454 3229 3644 3281 montis

2074 3319 2235 3375 Gaas.
2275 3321 2557 3392 Omnisque
2616 3320 2710 3376 illa
2755 3321 3018 3392 generatio
3065 3329 3380 3390 congregata
3451 3330 3529 3373 est
3576 3319 3643 3373 ad

2072 3420 2241 3480 patres
2268 3427 2412 3464 suos.
2466 3410 2535 3463 Et
2577 3420 2916 3465 surrexerunt
2945 3410 3061 3475 alii,
3108 3411 3198 3479 qui
3248 3427 3353 3463 non
3395 3417 3645 3463 noverant

2070 3498 2373 3566 Dominum,
2418 3509 2467 3554 et
2506 3517 2663 3570 opera
2694 3517 2811 3570 quia
2836 3500 3030 3569 fecerat
3057 3516 3173 3553 cum
3222 3498 3413 3553 Israel.
3450 3498 3645 3554 Verum

2073 3591 2340 3659 quomodo
2370 3592 2777 3646 institueramus
2805 3592 2921 3646 inec
2942 3606 3061 3660 quae
3106 3591 3172 3645 de
3199 3590 3308 3645 lilio
3334 3589 3481 3644 Nave
3504 3589 3647 3658 lege-

2071 3682 2289 3749 bantur,
2336 3684 2402 3738 ad
2432 3683 2724 3739 Dominum
2757 3691 3006 3738 nostrum
3035 3682 3219 3737 Jesum
3249 3682 3525 3737 Christum
3561 3696 3649 3735 re-

2071 3774 2214 3829 ferre
2242 3775 2530 3829 videndum
2559 3782 2661 3837 est,
2713 3775 2982 3844 quomodo
3016 3776 3183 3830 etiam
3211 3774 3278 3830 de
3327 3790 3394 3829 eo
3424 3776 3538 3845 ipso
3567 3774 3649 3828 di-

2070 3868 2119 3921 ci
2157 3869 2463 3932 conveniat,
2488 3868 2614 3939 quia
2648 3867 2933 3925 defunctus
2962 3876 3044 3924 est
3069 3867 3244 3923 Jesus.
3266 3868 3380 3937 Ego
3408 3867 3645 3921 arbitror

2071 3958 2363 4013 secundum
2403 3957 2693 4029 Scriptura:
2740 3975 2908 4014 sacrae
2959 3959 3337 4014 auctoritatem
3392 3958 3643 4026 loquens,

2068 4051 2212 4120 quod
2258 4050 2312 4104 in
2360 4049 2682 4119 quibusdam
2707 4049 2837 4105 vivit
2871 4049 3049 4115 Jesus,
3086 4051 3139 4105 in
3168 4050 3491 4119 quibusdam
3514 4063 3645 4103 vero

2068 4139 2350 4195 defunctus
2396 4149 2497 4195 est.
2556 4140 2615 4195 lu
2653 4139 2821 4195 Paulo
2850 4140 2982 4196 vivit
3003 4140 3185 4205 Iesus,
3229 4149 3286 4195 et
3315 4141 3369 4195 in
3398 4140 3561 4195 Petro
3588 4147 3644 4194 et

2068 4232 2121 4286 in
2170 4231 2273 4285 illis
2323 4229 2574 4285 omnibus
2613 4230 2705 4299 qui
2751 4231 2946 4285 merito
2989 4238 3215 4300 possunt
3244 4231 3469 4286 dicere:
3519 4228 3641 4285 Viuo

2066 4322 2202 4375 enim
2217 4321 2334 4389 jam
2362 4337 2466 4373 non
2490 4336 2604 4390 ego,
2632 4319 2749 4373 vivit
2780 4336 2898 4374 vero
2922 4319 3160 4375 Christus
3185 4322 3242 4373 in
3260 4337 3343 4373 me
3378 4319 3522 4391 (Gal.
3556 4318 3640 4390 ιι).

2069 4410 2135 4465 Et
2174 4411 2367 4465 iterum
2415 4410 2552 4465 dixit
2580 4428 2594 4464 :
2630 4410 2762 4465 Mihi
2789 4420 2961 4465 autem
2990 4412 3156 4466 virere
3190 4410 3430 4466 Christus
3458 4422 3553 4476 est,
3592 4421 3645 4467 et

392 4494 497 4561 Qui
559 4507 903 4566 cognoverunt
951 4515 1078 4567 opus
1140 4498 1372 4565 Domini,
1430 4501 1525 4555 sed
1570 4502 1821 4556 addidit:
1857 4502 1961 4567 Qui
1988 4482 2039 4541 D
2066 4504 2200 4557 mori
2241 4503 2446 4557 lucrum
2489 4502 2652 4574 (Phil.
2685 4502 2853 4575 t).°ln
2897 4502 3017 4557 istis
3056 4518 3186 4575 ergo
3236 4503 3435 4559 talibus
3480 4503 3641 4559 Jesus

386 4604 536 4642 omne
564 4605 691 4657 opus
724 4598 1069 4657 cognoverunt
1104 4588 1339 4654 Domini,
1369 4590 1423 4644 id
1450 4599 1553 4656 est,
1580 4591 1673 4660 qui
1701 4606 1962 4660 cognove-

389 4687 517 4732 runt
560 4687 615 4731 et
655 4676 879 4744 iustitiae
935 4694 1071 4748 opus
1126 4680 1363 4745 Domini,
1414 4689 1469 4734 et
1516 4680 1959 4735 sanctiﬁcationis

384 4784 541 4839 opus,
569 4780 619 4822 et
652 4770 940 4837 patientius,
969 4779 1025 4824 et
1061 4771 1508 4835 mansuetudinis,
1557 4780 1611 4824 et
1638 4771 1873 4839 pietatis,
1905 4780 1959 4825 et

387 4874 547 4914 oume
571 4860 828 4927 quidquid
859 4875 923 4913 ex
954 4860 1222 4914 mandatis
1258 4861 1349 4916 Dei
1378 4862 1544 4925 venit,
1584 4876 1719 4931 Opus
1747 4860 1957 4916 Domini

388 4950 608 5004 dicitur.
654 4947 758 5000 Sed
804 4949 945 5003 sicut
989 4961 1072 5005 est
1106 4967 1240 5021 opus
1266 4952 1497 5015 Domini,
1547 4952 1769 5006 estsine
1798 4952 1959 5007 dubio

390 5042 515 5097 huic
579 5037 910 5094 contrarium
949 5055 1082 5109 opus
1138 5041 1355 5095 diaboli.
1409 5040 1630 5096 Certum
1685 5048 1768 5095 est
1812 5041 1956 5095 enim

386 5137 511 5203 quia
552 5134 690 5187 sicut
721 5130 932 5202 justitia
976 5147 1111 5201 Opus
1145 5134 1260 5198 Dei,
1298 5134 1371 5187 ita
1427 5144 1482 5188 et
1533 5133 1796 5203 injustitia
1822 5149 1957 5203 opus

386 5226 619 5289 diaboli;
669 5234 722 5279 et
756 5224 897 5278 sicut
933 5225 1292 5278 mansuetudo
1343 5241 1478 5294 opus
1523 5225 1615 5279 Dei
1646 5233 1748 5289 est,
1791 5225 1864 5279 ita
1903 5234 1958 5281 et

387 5322 469 5376 ira
508 5319 591 5373 vel
618 5319 765 5373 furor
811 5333 944 5386 opus
987 5317 1056 5371 sit
1099 5317 1315 5371 diaboli.
1349 5317 1679 5386 Cognovisse
1711 5333 1841 5387 ergo
1878 5318 1959 5371 di-

384 5421 582 5469 cuntur
624 5409 836 5466 Domini
885 5410 984 5475 illi,
1037 5409 1128 5479 qui
1172 5408 1377 5463 faciunt
1411 5424 1546 5477 Opus
1575 5409 1710 5479 ejus.
1771 5408 1875 5464 Sed
1905 5416 1959 5464 et

387 5503 518 5559 illud
543 5502 809 5572 quomodo
834 5502 1199 5571 praeterimus,
1250 5499 1392 5568 quod
1422 5500 1627 5553 addidit
1663 5514 1676 5553 :
1718 5499 1822 5566 Qui
1871 5516 1957 5553 co-

386 5600 668 5662 gnoverunt
696 5607 850 5661 opera
883 5590 1095 5645 Domini
1119 5608 1331 5661 magna,
1357 5608 1474 5661 qua:
1510 5591 1630 5660 fecit
1681 5592 1735 5644 in
1762 5589 1951 5644 Israel.

390 5680 528 5744 Quid
549 5679 690 5735 enim
718 5688 843 5735 sunt
874 5681 1049 5749 aliqua
1079 5680 1288 5737 Domini
1316 5697 1478 5755 opera
1502 5697 1683 5751 parva,
1721 5678 1785 5734 ad
1829 5695 1954 5749 quo-

2064 4595 2246 4650 vivere
2278 4594 2470 4650 merito
2491 4594 2707 4650 dicitur.
2734 4595 2790 4648 in
2817 4593 3015 4663 quibus
3033 4604 3214 4649 autem
3242 4594 3532 4650 defunctus
3555 4604 3640 4651 est

2063 4682 2255 4739 Jesus?
2284 4685 2339 4737 In
2372 4683 2495 4748 illis,
2539 4684 2657 4738 sine
2684 4683 2868 4747 dubio,
2914 4683 3007 4751 qui
3039 4698 3182 4751 saepe
3207 4682 3556 4751 pmnitendo,
3586 4694 3639 4739 et

2063 4773 2259 4828 iterum
2303 4773 2696 4842 delinquendo,
2722 4773 2871 4828 velut
2912 4772 3176 4828 insultare
3205 4772 3367 4827 morti
3405 4772 3535 4828 Jesu
3560 4774 3636 4827 die

2062 4871 2277 4918 cuntur.
2326 4863 2403 4917 De
2432 4862 2627 4932 quibus
2671 4862 2919 4917 scribens
2946 4862 3015 4915 ad
3044 4862 3298 4917 llebmzos
3329 4862 3463 4916 dicit
3496 4863 3637 4932 Apo-

2062 4953 2262 5008 stolus:
2286 4951 2514 5007 Rursum
2534 4952 2893 5023 cruciﬁgentes
2919 4952 3253 5020 sibimetipsis
3290 4949 3493 5004 Filium
3516 4951 3635 5016 Dei,

2061 5055 2107 5099 et
2155 5046 2381 5099 ostentui
2422 5045 2667 5098 habentes
2706 5042 2892 5115 (Hebr.
2924 5043 3023 5113 vi).
3078 5042 3241 5096 Vides
3266 5058 3396 5111 ergo
3423 5043 3552 5112 quia
3584 5044 3637 5099 in

2061 5136 2408 5204 peccantibus
2435 5150 2541 5188 non
2565 5133 2735 5188 solum
2768 5132 2983 5203 defungi
3015 5131 3216 5186 dicitur
3241 5129 3418 5194 Jesus,
3447 5147 3635 5185 verum
3686 5176 3693 5183 .

2060 5234 2115 5280 ct
2135 5226 2373 5297 crnciligi
2402 5225 2471 5279 ab
2494 5225 2574 5280 eis
2599 5224 2884 5288 asseritur,
2917 5230 2972 5276 et
2998 5220 3188 5276 illudi?
3213 5219 3318 5274 Sed
3351 5230 3406 5274 et
3430 5227 3485 5273 tu
3518 5220 3634 5289 ipse

2061 5316 2341 5370 considera
2378 5315 2519 5384 apud
2562 5322 2632 5369 te.
2704 5312 2761 5366 Si
2806 5311 3022 5380 quando
3048 5311 3113 5365 de
3140 5310 3369 5364 avaritia
3406 5312 3633 5380 cogitas,

2059 5417 2114 5462 et
2138 5407 2287 5475 cupis
2324 5406 2497 5460 aliena
2536 5406 2787 5475 diripere,
2824 5403 3065 5471 nunquid
3095 5412 3247 5471 potes
3276 5402 3479 5466 dicere,
3507 5403 3634 5471 quia

2057 5498 2190 5552 vivit
2215 5496 2463 5551 Christus
2500 5497 2553 5549 in
2582 5496 2667 5549 te?
2696 5495 2799 5549 Aut
2829 5493 2873 5547 si
2916 5494 2982 5547 de
3026 5501 3216 5560 stupro
3246 5490 3557 5561 stipularis.,
3587 5491 3634 5551 si

2056 5586 2240 5641 furore
2284 5584 2596 5657 exagitaris,
2646 5585 2690 5638 si
2739 5584 2909 5639 livore
2939 5581 3306 5645 succcnderis,
3358 5582 3402 5635 si
3432 5582 3630 5636 invidia

2055 5676 2374 5742 Slilllllltll'lS,
2426 5676 2469 5731 si
2504 5675 2814 5731 temulentis
2854 5671 3229 5738 debaccharis,
3279 5671 3325 5727 si
3378 5672 3627 5743 superbia
