4000 6186
360 290 485 345 Il?!

1304 286 1651 345 COMMliNT.
1694 290 1758 344 IN
1800 290 1924 345 LlB.
1956 291 2280 367 s.IUDICUM.
2322 328 2389 336 —
2426 297 2553 352 LIB.
2592 300 2628 355 l.

3471 306 3610 363 “22

351 405 652 467 cxtdleris,
682 403 724 458 si
756 401 1070 455 crudelitate
1100 404 1380 471 grassaris.
1418 404 1654 472 nttnquid
1687 413 1841 472 potes
1877 419 1928 456 tn
1959 412 2005 465 Α
2036 407 2280 461 iecerunt
2302 409 2392 478 qui
2419 410 2699 466 coluerunt
2724 412 2946 480 Baalim,
2978 423 3033 470 et
3075 417 3409 488 reliquerunt
3430 422 3599 479 Deum

350 498 441 553 his
485 496 736 551 oumibus
775 494 974 556 dicere,
1029 494 1152 561 quia
1185 494 1434 548 Christus
1478 495 1607 548 vivit
1655 494 1707 546 in
1757 494 1843 547 te?
1869 492 1926 546 Si

351 605 487 659 ergo
523 586 874 657 peccantibus
906 584 1217 655 defungitur
1267 586 1513 639 Christus
1540 601 1641 654 pro
1687 600 1752 638 eo
1784 584 1927 653 quod

350 680 488 735 nihil
528 680 583 733 in
623 678 704 733 eis
723 675 951 744 justitia,
990 676 1121 730 nihil
1146 676 1429 745 patientia,
1459 676 1593 730 nihil
1627 676 1846 736 veritas,
1876 681 1931 726 et

351 769 533 823 omnia
559 768 646 821 illa
669 782 788 836 quae
813 766 1062 821 Christus
1089 773 1170 819 est
1196 774 1473 836 operatur,
1510 782 1540 819 a
1570 767 1776 820 sanctis
1801 784 1930 823 vero

350 872 687 927 qttmeunqtte
719 857 873 909 fiunt.
917 856 1168 910 Christus
1209 865 1314 919 est,
1361 858 1453 926 qui
1480 873 1543 911 ea
1573 858 1770 911 dicitur
1801 874 1931 928 ape-

284 988 285 993 η
350 952 483 1015 rari,
518 952 657 1005 sicut
694 958 749 1003 ct
774 949 1059 1018 Apostolus
1090 949 1219 1003 dicit
1252 967 1264 1003 :
1297 948 1487 1002 Omnia
1522 966 1733 1019 possum
1774 951 1828 1003 in
1869 967 1929 1004 eo

348 1047 440 1117 qui
472 1061 552 1099 me
581 1042 858 1112 confortat,
892 1040 1099 1095 Christo
1145 1041 1310 1112 (Phil.
1342 1043 1449 1112 Iv);
1481 1043 1755 1111 generatio
1801 1041 1925 1105 alia,

350 1152 472 1207 quae
530 1151 635 1190 non
671 1136 951 1204 cognoscit
1002 1134 1286 1187 Dominum
1331 1133 1515 1188 Iesum
1562 1134 1775 1202 (Matth.
1812 1135 1925 1205 xv),

350 1228 465 1295 ipsa
497 1233 579 1279 est
606 1224 867 1277 malarum
905 1224 1311 1293 cogitationum,
1345 1231 1399 1277 et
1428 1224 1790 1292 pessimarum
1835 1241 1929 1279 cu-

349 1316 655 1386 piditatum,
695 1330 816 1384 qua:
849 1314 1147 1384 procedunt
1175 1330 1240 1368 ex
1272 1315 1452 1379 corde,
1501 1316 1601 1368 ista
1645 1324 1728 1369 est
1759 1332 1925 1385 gene~

349 1409 515 1471 ratio,
556 1423 675 1476 qua:
706 1422 810 1461 non
849 1407 1126 1477 cognoscit
1174 1408 1460 1461 Dominum
1493 1406 1699 1471 Jesum,
1752 1425 1926 1477 neque

350 1515 488 1568 opus
514 1514 763 1568 magnum
797 1498 937 1566 quod
973 1496 1103 1550 fecit
1142 1497 1195 1549 in
1227 1496 1408 1551 Israel.
1444 1498 1606 1552 Vides
1635 1499 1757 1568 quia
1795 1514 1925 1567 pee-

351 1600 565 1644 catores
602 1603 666 1642 eo
696 1602 867 1656 usque
893 1589 1137 1651 veniunt,
1181 1596 1238 1641 ut
1258 1597 1312 1641 et
1345 1604 1481 1658 opus
1510 1589 1637 1642 illud
1668 1606 1922 1660 magnum

351 1688 408 1735 et
465 1679 781 1750 prteclarum
832 1676 974 1747 quod
1022 1677 1148 1731 fecit
1206 1678 1464 1732 Dominus
1511 1679 1918 1742 obliviscantur,

290 1784 299 1793 '
349 1771 493 1839 quod
526 1768 815 1822 cruciﬁxus
836 1775 918 1821 est
965 1782 1062 1835 pro
1095 1767 1332 1836 peccatis
1358 1769 1581 1834 nostris,
1604 1778 1657 1822 et
1690 1769 1925 1822 surrexit

346 1869 572 1929 propter
613 1857 1053 1926 justiticationem
1100 1866 1343 1911 nostram
1384 1857 1558 1927 (Rom.
1619 1859 1713 1929 tv).
1772 1860 1924 1915 Unde

347 1951 512 2003 credo
556 1949 698 2019 quod
727 1956 948 2018 prepter
984 1949 1121 2002 hanc
1147 1948 1470 2003 oblivionem
1498 1959 1746 2005 metuens
1796 1967 1925 2020 apo-

301 2090 313 2109 ,
347 2043 520 2097 stolus
548 2041 746 2095 Paulus
768 2041 984 2095 dicebat
1006 2040 1268 2110 discipulo
1296 2056 1394 2095 suo
1417 2040 1723 2106 Timotheo,
1763 2058 1921 2111 quem

344 2134 678 2203 prmcipuum
718 2131 950 2186 habebat
982 2149 994 2183 :
1027 2131 1229 2184 Memor
1280 2141 1388 2185 esto
1429 2129 1694 2185 Christum
1742 2131 1925 2187 Iesum

348 2225 696 2278 resurrexisse
730 2240 761 2276 a
816 2224 1036 2276 mortuis
1080 2220 1164 2292 (II
1209 2221 1344 2275 Tim.
1388 2224 1494 2293 tt);
1549 2223 1753 2278 sciebat
1782 2226 1924 2278 enim

346 2316 478 2385 quia
526 2323 637 2368 tam
684 2313 866 2382 magni
918 2313 1118 2381 operis,
1173 2313 1317 2382 quod
1368 2315 1669 2368 resurrexit
1710 2331 1738 2369 a
1782 2332 1928 2370 mor-

347 2409 477 2472 tuis,
526 2406 639 2460 ﬂeri
668 2405 835 2473 possit
863 2403 1080 2469 oblivio,
1113 2404 1157 2457 si
1194 2405 1470 2474 generatio
1501 2408 1775 2475 peccatrix
1809 2409 1925 2462 ori-

344 2508 500 2554 retur
522 2500 575 2552 in
609 2498 791 2552 corde.
1761 2494 1769 2501 '

418 2587 783 2658 Fet-eruntque
801 2586 901 2656 filii
928 2584 1098 2639 Israel
1122 2584 1319 2639 malum
1348 2587 1401 2639 in
1442 2598 1717 2657 conspectu
1750 2588 1926 2642 Domi-

346 2681 425 2746 ni,
469 2688 518 2733 et
565 2680 853 2732 servierunt
914 2676 1144 2742 Baalim,
1188 2694 1250 2730 ac
1295 2677 1602 2731 dimiserunt
1648 2679 1929 2733 Dominum

344 2773 517 2828 Deum
555 2780 761 2841 patrum
821 2786 1056 2832 suorum,
1102 2769 1192 2840 qui
1237 2768 1487 2822 eduxerat
1540 2786 1627 2823 eos
1673 2770 1738 2823 de
1789 2780 1928 2824 terra

348 2861 590 2932 ngypti,
635 2870 683 2913 et
738 2860 902 2913 secuti
938 2869 1058 2912 sunt
1106 2858 1229 2912 deos
1273 2857 1503 2925 alienos,
1547 2859 1671 2913 deos
1727 2877 1930 2931 quoque

345 2952 657 3025 populorum
682 2953 770 3022 qui
797 2950 1103 3004 habitabant
1139 2951 1194 3003 in
1235 2952 1459 3003 circuitu
1500 2967 1720 3017 eorum;
1756 2954 1929 3023 et‘ad-

350 3054 628 3099 oraverunt
649 3059 757 3107 eos,
779 3051 825 3095 et
868 3041 938 3095 ad
972 3041 1301 3095 iracundiam
1336 3044 1721 3097 concitaverunt
1743 3043 1927 3098 Domi-

349 3149 495 3197 num,
534 3133 844 3186 dimittentes
875 3148 1013 3196 eum,
1049 3140 1097 3184 et
1131 3130 1412 3186 serdientes
1464 3131 1601 3186 Baal
1630 3142 1678 3187 et
1759 3135 1921 3191 Asta-

349 3222 486 3276 roth.
516 3221 628 3277 Hoc
671 3223 910 3277 ostendit
939 3222 1065 3291 quia
1089 3220 1162 3275 illi
1192 3221 1284 3291 qui
1319 3221 1372 3275 in
1402 3230 1645 3293 tempore
1677 3223 1925 3278 Salvato-

346 3315 427 3369 ris
454 3314 715 3369 increduli
739 3315 1065 3368 exstiterunt
1088 3314 1339 3385 et‘impii,
1364 3331 1536 3385 genua
1563 3326 1923 3373 curvaverunt

348 3405 577 3470 Baalim,
606 3414 660 3460 et
686 3406 1050 3460 adoraverunt
1086 3405 1397 3460 simulacra.
1436 3404 1502 3458 Hi
1527 3421 1658 3461 vero
1687 3408 1776 3476 qui
1800 3423 1922 3462 cre-

349 3494 559 3550 duntet
589 3496 812 3571 implent
833 3510 995 3564 opera
1027 3494 1173 3559 fidei,
1210 3511 1316 3549 non
1363 3506 1729 3550 curvaverunt
1750 3512 1923 3565 genua

348 3584 578 3639 Baalim.
609 3584 791 3653 Neque
837 3584 981 3637 enim
1019 3598 1246 3654 usquam
1278 3582 1511 3638 refertur
1554 3585 1606 3637 in
1658 3586 1920 3651 historiis,

347 3677 433 3732 vel
466 3677 518 3730 in
567 3676 894 3746 evangelicis
920 3684 975 3730 et
1002 3676 1055 3730 in
1090 3676 1210 3730 aliis
1243 3676 1572 3745 quibuslibet
1614 3679 1916 3747 scripturis,

348 3768 493 3838 quod
539 3767 733 3837 aliquis
778 3775 1017 3835 tempore
1065 3764 1363 3821 Salvatoris
1412 3782 1585 3837 genua
1618 3768 1826 3823 ﬂexerit
1856 3769 1923 3823 si-

347 3860 643 3925 mulacris;
704 3861 796 3915 sed
828 3858 894 3913 de
923 3858 1029 3913 illis
1065 3858 1247 3927 itaque
1282 3859 1384 3913 hoc
1432 3859 1647 3924 dicitur,
1679 3860 1768 3928 qui
1798 3875 1924 3929 pec-

347 3951 485 4004 catis
509 3950 621 4004 suis
644 3948 852 4003 astricti
882 3955 936 4002 et
957 3947 1101 4002 velut
1125 3948 1410 4017 compediti
1439 3950 1778 4003 tenebantur.
1814 3949 1925 4005 Un-

349 4041 417 4093 de
446 4046 657 4092 constat
686 4037 813 4106 quia
843 4045 898 4090 et
940 4052 1037 4091 nos
1083 4036 1512 4107 quotiescunque
1540 4052 1845 4107 peccamus,
1869 4047 1925 4095 et

351 4132 545 4201 captivi
583 4129 813 4185 dicimur
838 4129 890 4181 in
916 4128 1030 4198 lege
1054 4128 1284 4196 peccati,
1316 4144 1486 4197 genua
1515 4137 1699 4184 nostra
1731 4145 1923 4185 curva-

262 4209 275 4216 ’
348 4242 469 4281 mus
498 4211 723 4276 Baalim.
758 4219 866 4275 Sed
911 4237 1015 4274 non
1046 4220 1099 4273 in
1139 4220 1241 4275 hoc
1262 4221 1435 4275 vocati
1464 4236 1668 4287 sumus,
1723 4237 1822 4276 nec
1855 4220 1923 4275 ad

348 4317 453 4371 hoc
489 4313 842 4375 credidimus,
890 4290 948 4365 ut
1004 4311 1198 4364 iterum
1237 4312 1537 4366 serviamus
1580 4320 1821 4381 peccato,
1869 4321 1924 4366 et

348 4408 543 4463 iterum
582 4419 753 4475 genua
804 4401 1084 4457 ﬂectamus
1117 4401 1370 4466 diabolo;
1436 4403 1530 4457 sed
1561 4411 1620 4456 ut
1647 4401 1923 4459 ﬂectamus

349 4514 522 4569 genua
572 4496 625 4549 in
680 4492 898 4548 nomine
927 4491 1076 4555 Jesu,
1115 4492 1239 4560 quia
1267 4492 1320 4544 in
1361 4491 1567 4545 nomine
1612 4491 1743 4546 Jesu
1773 4509 1924 4546 omne

349 4606 481 4661 genu
509 4586 759 4658 ﬂectitur,
791 4582 1072 4636 cwlcstium
1093 4590 1141 4635 et
1170 4581 1487 4634 terrestrium
1513 4590 1560 4634 et
1597 4580 1921 4650 infernarum

351 4677 517 4746 (Phil.
543 4676 601 4746 ιι)
628 4692 641 4739 ;
668 4683 720 4729 ct
757 4682 815 4727 ut
843 4671 1120 4727 ﬂectamus
1149 4688 1319 4742 genua
1357 4671 1422 4724 ad
1456 4670 1671 4726 Patrem
1714 4672 1926 4728 Domini

351 4768 522 4823 nostri
553 4765 677 4820 Jesu
705 4764 928 4829 Christi,
958 4780 1022 4816 ex
1048 4779 1148 4832 quo
1192 4763 1360 4815 omnis
1395 4765 1680 4831 paternitas
1707 4764 1759 4817 in
1786 4765 1925 4819 caelis

349 4870 399 4915 et
428 4862 482 4913 in
522 4869 660 4912 terra
686 4858 985 4910 nominatur
1014 4854 1229 4926 (Epltes.
1270 4852 1374 4923 tu).
1413 4854 1517 4908 Sed
1540 4865 1594 4909 et
1631 4856 1759 4925 quid
1791 4858 1924 4912 mihi

350 4952 569 5022 prodest
593 4951 637 5004 si
666 4963 838 5020 genua
868 4946 1110 5016 corporis
1150 4947 1254 5001 mei
1278 4946 1345 5000 ad
1373 4947 1670 5002 orationem
1702 4948 1926 5004 veniens

351 5041 561 5095 (lectam
594 5040 725 5103 Deo,
774 5046 828 5091 et
852 5051 1024 5105 genua
1054 5036 1232 5090 cordis
1278 5036 1383 5090 mei
1413 5035 1621 5091 ﬂectam
1668 5037 1926 5093 diabolo?

353 5132 409 5186 Si
455 5130 598 5187 enim
648 5146 755 5183 non
781 5136 983 5183 stctero
1008 5126 1197 5180 ﬁrmus
1237 5122 1521 5181 adversum
1561 5128 1787 5182 astutias
1809 5128 1922 5182 dia-

351 5224 476 5285 boli,
504 5223 623 5278 ﬂexi
673 5237 843 5292 genua
884 5236 1002 5275 mea
1030 5218 1275 5284 diabolo;
1305 5226 1360 5273 et
1386 5220 1428 5273 si
1462 5236 1566 5272 non
1607 5228 1924 5274 censtanter

352 5324 555 5370 stetere
602 5315 857 5367 adversus
883 5312 1038 5375 iram,
1080 5308 1203 5364 ﬂexi
1252 5325 1423 5380 genua
1456 5325 1575 5363 mea
1607 5310 1721 5363 ira}.
1756 5309 1922 5363 Simi-

354 5406 475 5462 liter
503 5414 557 5459 et
584 5406 630 5459 si
669 5420 773 5458 non
806 5411 1115 5457 constanter
1138 5401 1425 5455 adversum
1462 5399 1736 5454 libidinem
1770 5402 1922 5455 resti-

354 5506 490 5560 tero,
520 5496 639 5550 ﬂexi
686 5492 892 5549 libidini
935 5508 1106 5562 genua
1135 5492 1314 5546 cordis
1361 5490 1485 5553 mei,
1527 5499 1581 5542 et
1615 5490 1666 5544 in
1699 5491 1924 5561 singulis

357 5591 655 5660 quibusque
685 5602 803 5655 qum
832 5586 1103 5641 contraria
1149 5593 1275 5639 sunt
1318 5586 1448 5649 Deo,
1483 5584 1586 5639 hoc
1624 5584 1802 5638 facere
1839 5586 1922 5638 vi-

352 5679 541 5742 debor,
597 5678 696 5733 nisi
734 5684 1045 5732 constanter
1098 5684 1152 5732 et
1180 5675 1390 5732 fortit-.r
1415 5683 1637 5740 stetere,
1664 5676 1820 5732 sicuti
1848 5675 1921 5731 illi

2032 508 2246 567 patrum
2293 516 2536 567 suorum,
2593 504 2684 572 qui
2712 506 2897 559 eduxit
2926 508 3137 564 illos‘de
3185 522 3328 566 terra
3359 513 3604 587 Egypti.

2033 588 2147 642 Non
2175 589 2338 660 igitur
2382 602 2630 660 putemus
2662 596 2805 664 quod
2853 599 3133 655 videamur
3175 605 3462 661 simulacra
3496 626 3604 664 non

2031 679 2231 745 colere,
2260 691 2542 751 propterea
2580 683 2695 737 hmo
2740 701 2845 739 non
2871 688 3035 741 etiam
3062 693 3128 743 ad
3156 704 3469 749 nostrorum
3507 698 3608 751 ali-

2030 783 2165 837 quos
2192 772 2479 839 pertinere.
2511 772 2885 843 Unusquisque
2913 778 3053 844 quod
3083 795 3194 848 pra:
3221 784 3431 837 caeteris
3454 786 3604 849 colit,

2031 860 2172 925 quod
2193 874 2357 928 super
2375 863 2554 916 omnia
2587 864 2815 917 miratur
2829 875 2883 919 et
2912 868 3105 935 diligit,
3131 870 3234 926 hoc
3259 875 3305 925 ei
3330 874 3474 929 Deus
3500 887 3603 931 est.

2033 951 2270 1021 Denique
2296 953 2398 1007 hoc
2440 964 2524 1008 est
2565 957 2707 1024 quod
2753 966 2880 1012 ante
2925 963 3106 1015 omnia
3148 971 3205 1016 et
3237 979 3398 1034 super
3427 969 3607 1024 omnia

2030 1057 2128 1109 per
2154 1042 2464 1096 mandatum
2500 1060 2653 1097 suum
2686 1045 2839 1099 Deus
2853 1049 3096 1117 deposcit
3122 1052 3190 1106 ab
3215 1054 3432 1108 homine
3463 1072 3475 1108 :
3511 1056 3608 1109 Di-

2031 1130 2174 1199 liges,
2204 1132 2399 1200 inquit,
2433 1134 2710 1189 Dominum
2735 1138 2899 1192 Deum
2927 1151 3073 1195 tuum
3102 1160 3167 1197 ex
3188 1153 3293 1198 toto
3319 1147 3472 1200 corde
3496 1157 3605 1211 tuo,

2031 1230 2078 1273 et
2104 1237 2168 1273 ea:
2194 1230 2301 1274 tota
2337 1225 2512 1277 anima
2550 1235 2661 1291 tua,
2715 1237 2763 1280 et
2789 1245 2853 1281 ea:
2899 1232 3020 1283 totis
3060 1234 3257 1287 viribus
3287 1232 3389 1287 tuis
3425 1234 3604 1306 (Deut.

2030 1308 2127 1380 γι),
2174 1325 2554 1380 pneoccupare
2589 1316 2985 1383 quodammodo
3012 1336 3137 1389 erga
3167 1336 3227 1375 se
3261 1326 3490 1391 cupiens
3521 1334 3605 1380 to-

2030 1410 2114 1456 tos
2144 1404 2390 1457 humana:
2414 1407 2610 1460 mentis
2646 1407 2885 1473 affectus,
2919 1419 2974 1463 et
3000 1413 3176 1465 sciens
3205 1415 3327 1482 quia
3364 1416 3508 1483 quod
3535 1431 3602 1469 ex

2029 1500 2142 1546 toto
2162 1494 2562 1566 dilexeritquis,
2588 1507 2719 1553 etex
2740 1510 2849 1553 tota
2872 1503 3073 1568 anima,
3116 1512 3277 1572 atque
3304 1522 3368 1561 ex
3393 1508 3521 1562 totis
3535 1510 3611 1563 vi-

2028 1587 2198 1650 ribus,
2233 1588 2336 1641 hoc
2363 1589 2411 1642 ei
2470 1591 2614 1645 Deus
2635 1600 2736 1645 est.
2789 1593 3095 1649 Notandum
3130 1599 3275 1652 enim
3330 1603 3472 1669 quod
3503 1603 3605 1657 alia

2030 1678 2196 1730 editio
2217 1679 2360 1734 hunc
2409 1680 2585 1734 locum
2626 1682 2705 1737 sic
2737 1683 2897 1738 habet
2924 1702 2936 1738 :
2968 1685 3034 1738 Et
3082 1689 3368 1743 servierunt
3401 1692 3538 1745 Baal
3560 1702 3608 1746 et

1958 1747 2004 1805 Β
2033 1769 2345 1825 Astartibus.
2401 1771 2551 1827 Solet
2587 1775 2689 1827 dici
2722 1772 2849 1829 Baal
2881 1794 3072 1831 nomen
3102 1795 3221 1834 esse
3251 1784 3389 1850 apud
3420 1794 3607 1852 gentes

2028 1860 2238 1914 illarum
2261 1863 2491 1931 partium
2518 1862 2686 1929 Jovis,
2721 1867 2954 1922 Astarte
2976 1876 3155 1923 autem
3192 1870 3440 1939 Junonis,
3465 1881 3609 1945 quod

2026 1958 2083 2004 et
2112 1951 2290 2021 lingua
2328 1954 2533 2009 Punica
2571 1965 2793 2026 putatur
2819 1961 3104 2016 ostendere
3147 1979 3161 2016 :
3191 1977 3313 2018 nam
3346 1965 3473 2020 Baal
3510 1968 3610 2021 Pu-

2029 2044 2136 2097 nici
2186 2045 2439 2099 videntur
2472 2048 2654 2102 dicere
2709 2049 3023 2119 Dominum,
3082 2056 3222 2110 unde
3262 2056 3605 2113 Baalsamem

2028 2135 2182 2202 quasi
2213 2136 2494 2191 Dominum
2548 2140 2669 2194 (ἕωιὶ
2715 2141 3092 2215 intelliguntur
3143 2148 3355 2214 dicere;
3413 2167 3607 2204 sument

2029 2226 2223 2295 quippe
2253 2227 2393 2295 apud
2416 2244 2509 2283 eos
2537 2231 2659 2285 cmli
2691 2234 3050 2303 appellantur.
3100 2235 3242 2292 Juno
3272 2251 3453 2294 autem
3486 2243 3605 2296 sine

2028 2315 2365 2373 dubitatione
2409 2318 2478 2372 ab
2509 2320 2613 2374 illis
2649 2322 2908 2378 Astaroth
2955 2336 3202 2381 vocatur.
3248 2328 3311 2381 Et
3340 2330 3610 2397 quomodo

2030 2404 2149 2458 ISL‘D
2177 2405 2370 2477 lingua:
2417 2425 2524 2464 non
2551 2411 2779 2466 multum
2824 2414 2968 2469 inter
2994 2430 3053 2470 se
3082 2417 3358 2482 diﬂ‘erunt,
3412 2421 3610 2477 merito

2030 2496 2268 2550 creditur
2313 2498 2401 2553 hic
2457 2500 2525 2554 de
2580 2500 2704 2555 filiis
2739 2503 2903 2559 Israel
2945 2505 3050 2561 hoc
3089 2506 3272 2562 dicere
3301 2508 3610 2581 Scriptura,

2028 2584 2171 2654 quod
2198 2585 2329 2641 Baal
2352 2589 2660 2644 servierunt
2683 2602 2738 2646 et
2768 2592 3099 2661 Astartibus,
3140 2598 3264 2666 quia
3290 2597 3408 2653 Jovi
3434 2608 3489 2654 et
3517 2597 3610 2655 Ju-

2028 2674 2277 2729 nonibus.
2311 2673 2421 2729 Nec
2455 2692 2673 2733 movere
2700 2680 2879 2746 debet,
2911 2683 3054 2751 quod
3088 2700 3194 2738 non
3223 2686 3606 2754 dixitAstarti,

2028 2765 2083 2819 id
2113 2775 2196 2820 est
2238 2766 2454 2833 Iunoni,
2510 2772 2603 2825 sed
2646 2778 2900 2840 tanquam
2945 2775 3130 2830 multm
3178 2777 3287 2831 sint
3343 2776 3608 2845 Iunones,

2027 2855 2311 2926 pluraliter
2368 2859 2471 2913 hoc
2537 2875 2733 2915 nomen
2788 2864 3003 2930 posuit;
3052 2865 3119 2918 ad
3193 2866 3606 2923 simulacrorum

2028 2947 2171 3001 enim
2216 2950 2616 3005 multitudinem
2663 2952 2853 3007 referri
2895 2955 3063 3009 voluit
3087 2956 3440 3022 intellectura,
3473 2974 3610 3029 quo-

2031 3037 2191 3092 modo
2220 3041 2637 3110 unumquodque
2662 3040 2890 3098 Junonis
2941 3044 3294 3101 simulacrum
3341 3045 3482 3102 Juno
3511 3065 3605 3104 vo-

2031 3130 2278 3195 cabatur,
2328 3145 2391 3184 ac
2419 3146 2514 3200 per
2560 3132 2663 3187 hoc
2711 3142 2790 3186 tot
2818 3132 3079 3200 Junoncs,
3130 3144 3259 3206 quot
3309 3138 3604 3194 simulacra

2025 3218 2247 3290 intelligi
2274 3220 2460 3278 voluit.
2509 3222 2801 3278 Varietatis
2832 3234 3013 3280 autem
3050 3243 3215 3283 causa
3242 3229 3493 3284 existimo
3520 3230 3610 3286 Jo—

2023 3296 2143 3363 vem
2176 3308 2540 3381 singulariter,
2571 3312 2838 3370 Junonem
2885 3317 3169 3387 pluraliter
3219 3336 3612 3378 commemora-

2025 3416 2085 3456 re
2116 3400 2367 3456 voluisse.
2401 3402 2537 3457 Nam
2563 3407 2754 3460 eadem
2795 3423 2960 3462 causa
2988 3409 3347 3479 plurimorum
3380 3416 3609 3470 simula-

2025 3506 2239 3545 crorum
2268 3493 2429 3545 etiam
2453 3492 2613 3549 Joves
2640 3496 2924 3564 plhraliter
2954 3499 3060 3552 dici
3098 3510 3339 3569 possent.
3368 3503 3481 3559 Hoc
3507 3521 3609 3559 att-

2025 3590 2159 3646 tem,
2208 3583 2260 3637 id
2289 3591 2389 3648 est,
2420 3586 2639 3639 nomine
2664 3587 2857 3654 plurali
2901 3587 3163 3655 Junones,
3198 3594 3251 3648 in
3284 3593 3489 3653 Graecis
3521 3615 3607 3655 se-

2024 3673 2258 3727 cundum
2307 3672 2658 3743 Septuaginta
2702 3678 3024 3745 reperimus,
3080 3680 3132 3733 in
3180 3682 3388 3738 Latinis
3422 3697 3606 3742 autem

2025 3763 2376 3834 singulariter
2404 3774 2555 3829 erat;
2609 3781 2837 3835 quorum
2869 3768 2921 3821 in
2951 3769 3044 3823 illo
3074 3771 3167 3840 qui
3218 3788 3323 3827 non
3368 3775 3606 3831 habebat

2027 3854 2376 3924 Septuaginta
2424 3857 2944 3926 interpretationem,
2997 3861 3089 3916 sed
3114 3877 3179 3916 ex
3209 3861 3437 3920 Hebrteo
3462 3876 3603 3933 erat,

2023 3948 2283 4004 Astaroth
2325 3948 2569 4019 legimus,
2621 3966 2722 4005 nec
2774 3950 2920 4016 Baal,
2975 3954 3067 4008 sed
3112 3955 3338 4011 Baalim.
3382 3958 3535 4025 Quod
3557 3963 3604 4016 si

2026 4041 2164 4097 forte
2193 4041 2342 4096 aliud
2386 4042 2437 4095 in
2462 4039 2688 4097 Hebraea
2733 4050 2788 4098 et
2841 4042 2975 4115 Syra
3009 4045 3188 4117 lingua
3248 4050 3467 4103 nomina
3498 4052 3602 4107 ista

2025 4133 2355 4203 signiﬁcant,
2381 4132 2512 4187 deos
2547 4141 2728 4188 tamen
2768 4134 2905 4190 alios
2941 4135 3107 4191 fuisse
3138 4149 3376 4204 constat,
3408 4150 3461 4193 et
3503 4140 3606 4194 fal-

2026 4239 2134 4288 sos,
2165 4225 2361 4293 quibus
2389 4223 2555 4279 l.-:rael
2599 4226 2805 4279 servire
2834 4242 2940 4280 non
2998 4228 3201 4282 debuit.
3252 4229 3319 4282 Et
3353 4231 3605 4285 adorare—

2026 4321 2168 4377 runt,
2199 4312 2397 4380 inquit,
2436 4311 2559 4365 deos
2590 4312 2943 4376 alienos,deos
2977 4317 3207 4385 gentium
3228 4356 3243 4383 ,
3292 4318 3379 4389 qui
3411 4319 3465 4373 in
3500 4322 3606 4374 cir.

2026 4403 2168 4457 cuitu
2201 4403 2431 4473 ipsorum
2455 4413 2627 4469 erant,
2675 4413 2722 4457 et
2748 4407 2821 4457 ad
2843 4405 3177 4460 iracundiam
3213 4410 3604 4465 concitaverunt

2024 4496 2328 4549 Dominum.
2357 4494 2490 4551 Vide
2513 4504 2774 4567 quantum
2806 4496 3009 4552 faciant
3030 4506 3272 4566 peccata,
3297 4511 3353 4554 ut
3378 4516 3609 4570 peccan-

2028 4596 2112 4642 tes
2154 4587 2304 4641 illum
2329 4587 2382 4640 in
2414 4603 2519 4657 quo
2551 4603 2656 4641 non
2683 4589 2855 4643 solum
2905 4590 2999 4644 ira:
3038 4591 3216 4645 nullus
3244 4592 3471 4650 aﬂ‘ectus
3496 4604 3602 4663 est,

2028 4679 2121 4734 sed
2150 4693 2218 4732 ne
2270 4678 2408 4732 alius
2456 4678 2671 4748 quidem
2716 4679 2991 4748 passibilis
3028 4690 3225 4747 motus,
3270 4699 3369 4738 nos
3400 4685 3463 4739 ad
3496 4686 3605 4741 ira-

2028 4772 2279 4826 cundiam
2328 4786 2626 4842 provocare
2651 4771 2915 4826 dicamur.
2956 4774 3155 4827 Verum
3199 4775 3285 4829 ille
3321 4786 3605 4846 permanet

2026 4862 2377 4917 immutabilis
2407 4863 2460 4916 in
2494 4877 2590 4917 sua
2621 4870 2832 4927 natura,
2886 4880 2985 4919 nec
3020 4879 3256 4934 unquam
3297 4867 3390 4922 irm
3423 4870 3604 4923 turba-

2026 4962 2116 5006 tur
2154 4952 2475 5019 aﬂ‘ectibus;
2530 4969 2630 5023 ego
2672 4961 2851 5007 autem
2904 4970 3003 5024 per
3049 4971 3111 5009 ea
3163 4973 3284 5027 quae
3328 4959 3597 5027 delinquo,

2027 5042 2164 5096 iram
2220 5042 2350 5096 mihi
2380 5044 2491 5112 ipse
2542 5044 2837 5109 conscisco,
2901 5046 3041 5100 sicut
3085 5046 3224 5101 dixit
3256 5048 3597 5117 Apostolus:

2027 5132 2157 5186 Ha’c
2197 5133 2304 5203 ipse
2342 5133 2514 5199 doces,
2551 5137 2833 5188 secundum
2886 5136 3130 5191 duritiem
3176 5148 3353 5190 autem
3380 5149 3523 5190 tuam
3551 5147 3602 5191 et

2024 5223 2455 5293 corimpwnitens
2501 5223 2841 5288 thesaurisas,
2877 5225 3068 5294 inquit,
3114 5225 3205 5278 tibi
3236 5227 3343 5294 ipse
3381 5226 3515 5277 iram
3546 5227 3602 5279 in

2022 5313 2107 5366 die
2148 5314 2265 5378 inc,
2307 5324 2352 5366 et
2374 5312 2699 5367 reuelationis
2722 5315 2851 5382 justi
2887 5316 3082 5384 judicii
3119 5314 3238 5377 Dei,
3280 5315 3370 5383 qui
3421 5313 3600 5366 reddet

2029 5404 2306 5473 unicuique
2329 5404 2610 5457 secundum
2632 5421 2787 5474 opera
2809 5422 2904 5459 sua
2934 5404 3109 5475 (Rom.
3141 5404 3225 5475 ιι).
3246 5404 3602 5458 Irritaveruut

2027 5510 2156 5565 ergo
2209 5494 2491 5548 Dominum
2556 5494 2624 5549 ad
2689 5495 3044 5558 iracundiam,
3093 5503 3148 5547 et
3197 5493 3597 5569 dereliquerunt

2026 5585 2217 5650 Deum,
2264 5594 2316 5639 et
2368 5585 2651 5639 coluerunt
2700 5585 2829 5639 Baal
2873 5593 2928 5639 et
2973 5585 3251 5647 Astarten,
3336 5592 3392 5638 et
3427 5582 3600 5639 iratus

2025 5684 2107 5731 est
2138 5674 2318 5732 furore
2359 5675 2617 5731 Dominus
2666 5675 2720 5730 in
2757 5674 2920 5731 Israel
2945 5681 3000 5731 et
3024 5674 3246 5731 tradidit
3272 5688 3367 5730 eos
3393 5672 3449 5728 in
3480 5686 3599 5728 ma-
