4000 6186
401 303 543 358 “‘25

1074 298 1135 352 Β.
1176 294 1427 350 RABA‘NI
1467 293 1687 351 MAURI
1726 288 2041 347 ARCHIEP.
2085 287 2392 344 MOGUNT.
2431 286 2715 343 OPERUM
2754 287 2932 343 PARS
2970 289 3010 343 Ι.

3524 295 3665 353 illi

398 429 502 468 nus
530 407 1184 482 diripientium.Quandiu
1219 406 1340 477 quis
1360 406 1471 460 Deo
1493 404 1682 468 servit,
1726 418 1830 457 non
1862 410 1974 454 trae
2001 403 2049 460 A
2076 408 2228 467 genta
2270 409 2319 452 et
2363 415 2493 453 auro
2543 400 2791 470 redempti
2832 401 2982 482 estis,
3008 402 3101 455 sed
3144 405 3369 474 pretioso
3409 412 3675 482 sanguine

394 504 546 561 ditur
578 502 632 557 in
660 516 852 556 manus
882 498 1284 568 diripientium;
1317 511 1440 551 cum
1473 504 1655 549 autem
1675 492 1976 561 derelique-

394 594 471 649 rit
496 595 688 657 Deum,
723 597 776 644 et
803 589 1008 644 servire
1044 588 1274 659 coeperit
1302 586 1645 657 passionibus
1673 584 1805 648 suis,
1848 591 1980 637 tunc

398 688 596 744 dicitur
617 686 683 740 de
713 700 798 745 eo,
834 682 960 751 quia
1008 681 1231 736 tradidit
1275 695 1400 735 eum
1430 679 1571 733 Deus
1598 678 1651 731 in
1698 676 1978 747 passiones

396 777 725 850 ignominiae.
779 774 847 828 Et
899 770 1407 833 iteruszradidit
1452 786 1538 823 eos
1592 770 1648 822 in
1703 767 1976 837 reprobum

396 886 605 931 sensum
625 909 639 934 ,
668 876 725 921 ut
775 866 971 936 faciant
1003 881 1065 917 ea
1104 878 1220 933 qua:
1258 878 1362 916 non
1392 861 1720 916 conveniunt.
1753 858 1978 927 Quare?

400 960 541 1025 Quia
589 956 768 1027 repleti
815 962 956 1018 sunt,
990 951 1180 1021 inquit,
1211 950 1352 1003 omni
1395 950 1691 1020 iniquitate,
1723 948 1974 1018 nequitia,

397 1049 765 1120 fornicatione,
794 1043 1037 1106 avaritia,
1059 1048 1114 1096 et
1137 1039 1346 1095 caeteris
1373 1039 1623 1093 omnibus
1644 1054 1766 1107 qua:
1793 1039 1979 1093 dicun-

398 1150 486 1196 tur
512 1139 689 1211 (Rom.
722 1136 782 1208 ι).
829 1134 982 1189 Sicut
1000 1141 1056 1187 et
1083 1133 1173 1187 hic
1212 1132 1395 1193 modo,
1437 1131 1526 1201 qui
1554 1131 1867 1194 servierunt,
1891 1129 1977 1183 in-

399 1234 535 1302 quit,
590 1240 637 1284 et
676 1230 1027 1284 adoraverunt
1068 1223 1280 1280 Baalim
1331 1233 1379 1277 et
1418 1223 1689 1281 Astarten.
1761 1222 1977 1275 tradidit

396 1323 517 1378 illas
566 1321 711 1375 Deus
750 1318 806 1371 in
848 1315 1090 1371 manibus
1131 1313 1507 1384 diripientium,
1557 1320 1604 1365 et
1634 1311 1804 1379 factus
1823 1320 1897 1362 est
1924 1310 1980 1363 in

399 1410 638 1465 manibus
660 1408 994 1461 inimicorum
1030 1419 1265 1461 suorum.
1300 1401 1412 1457 Iloc
1439 1415 1569 1470 ergo
1610 1400 1769 1454 modo
1794 1399 1980 1453 intelli-

398 1500 631 1570 gendum
662 1506 744 1551 est
772 1496 937 1549 Deum
965 1494 1178 1548 tradere
1207 1507 1344 1560 quos
1371 1491 1557 1554 tradit,
1577 1506 1683 1544 non
1711 1489 1835 1557 quia
1864 1488 1981 1557 ipse

401 1594 583 1648 tradat
610 1592 868 1661 aliquem,
899 1589 992 1642 sed
1013 1603 1080 1642 ex
1105 1601 1169 1640 eo
1192 1584 1335 1655 quod
1358 1583 1679 1652 derelinquit
1710 1582 1977 1652 indignos,

399 1697 493 1737 eos
524 1680 732 1736 scilicet
786 1693 877 1747 qui
913 1691 971 1731 se
1017 1691 1124 1730 non
1154 1675 1228 1728 ita
1259 1673 1513 1728 excolunt
1537 1681 1591 1726 et
1614 1688 1643 1726 a
1668 1671 1814 1726 vitiis
1854 1685 1982 1739 pur-

2076 490 2199 558 agni
2226 489 2551 545 immaculati
2576 490 2626 563 (ι
2656 489 2801 545 Petr.
2827 476 2962 561 i).ln
2981 504 3204 563 argento
3231 497 3376 550 enim
3401 476 3672 569 propheta

2076 593 2293 632 omnem
2323 580 2606 648 pecuniam
2637 581 2981 652 significavit,
3012 585 3104 639 ubi
3139 585 3251 640 ait:
3281 587 3405 641 Non
3426 607 3546 642 cum
3578 609 3674 645 ar-

2074 679 2227 740 genta
2255 671 2579 726 redimeniini
2595 690 2614 738 ;
2643 675 2898 744 quoniam
2933 678 3107 745 pretio
3136 678 3375 748 quidem,
3402 684 3676 752 sanguine

2078 762 2303 826 Christi,
2328 778 2437 817 non
2472 771 2647 818 tamen
2695 764 2870 833 pretio
2914 766 3227 835 pecuniario
3269 768 3489 825 fuerant
3517 774 3674 831 redi-

2076 855 2277 908 mendi.
2321 855 2377 909 In
2402 870 2468 910 eo
2491 856 2632 925 quod
2660 856 2918 911 Dominus
2939 859 3070 912 dicit
3098 876 3111 912 :
3143 858 3210 912 Et
3236 877 3326 930 ego
3355 878 3461 916 non
3498 881 3672 935 appo-

2078 960 2200 997 nam
2246 937 2458 1025 auferre
2486 946 2652 1001 virum
2680 964 2713 1000 a
2742 945 2877 1016 facie
2905 948 3139 1019 ipsorum
3180 950 3244 1003 de
3268 953 3505 1020 gentibus
3531 972 3671 1019 quas

2079 1034 2283 1106 reliquit
2325 1036 2471 1107 ﬁlius
2515 1037 2686 1101 Nave,
2719 1048 2767 1092 et
2804 1039 3006 1094 dimisit
3046 1041 3117 1094 ad
3162 1044 3467 1098 tentandum
3508 1047 3562 1100 in
3590 1049 3669 1103 eis

2079 1123 2268 1190 Israel,
2302 1127 2349 1180 si
2399 1127 2740 1181 observabant
2789 1129 2926 1182 viam
2968 1128 3201 1197 Domini,
3234 1133 3378 1187 abire
3421 1134 3476 1188 in
3523 1152 3666 1203 eam,

2078 1216 2516 1285 quemadmodum
2562 1218 2921 1282 custodierunt
2963 1230 3139 1290 patres
3181 1240 3491 1290 eorum,an
3533 1244 3663 1284 non.

2079 1305 2149 1359 Et
2178 1308 2373 1369 dimisit
2399 1307 2656 1363 Dominus
2683 1319 2857 1379 gentes
2898 1312 3013 1378 has,
3042 1323 3097 1366 ut
3139 1328 3242 1369 non
3277 1317 3510 1384 auferret
3540 1308 3665 1377 illas

2081 1404 2224 1462 tunc,
2249 1407 2296 1450 et
2328 1414 2431 1451 non
2459 1398 2677 1451 tradidit
2705 1395 2824 1452 illas
2848 1400 2899 1452 in
2929 1417 3116 1455 manus
3133 1404 3294 1468 Iesu;
3316 1407 3453 1461 satis
3475 1417 3666 1462 osten-

2081 1488 2227 1542 ditur
2273 1503 2437 1545 causa
2492 1504 2660 1557 quare
2706 1506 2813 1551 non
2863 1489 3022 1546 Iesus
3076 1509 3265 1549 omnes
3311 1496 3430 1552 illas
3473 1509 3669 1569 gentes

2081 1577 2332 1633 bellando
2362 1580 2648 1642 deleverit;
2681 1583 2805 1650 quia
2855 1583 2958 1639 hoc
2987 1584 3032 1638 si
3064 1584 3239 1652 fieret,
3271 1605 3376 1644 non
3424 1601 3571 1645 esset
3612 1594 3671 1647 in

2082 1668 2276 1737 quibus
2320 1670 2407 1724 isti
2451 1671 2834 1739 probarentur.
2875 1673 3175 1739 Potuerunt
3220 1688 3399 1734 autem
3447 1697 3567 1736 esse
3596 1682 3673 1736 ad

401 1780 551 1842 gant,
576 1779 635 1824 ut
664 1771 891 1824 libenter
925 1768 977 1821 in
1008 1767 1087 1822 eis
1107 1766 1317 1819 habitet
1338 1765 1497 1818 Deus.
1544 1762 1660 1832 Ipso
1683 1762 1979 1832 refugiente
2007 1758 2056 1823 B
2086 1758 2373 1813 utilitatem
2402 1760 2665 1831 ipsorum,
2693 1763 2737 1821 si
2764 1765 2955 1827 tentati
2986 1765 3038 1829 in
3070 1767 3164 1829 eis,
3199 1784 3304 1822 non
3337 1770 3552 1840 reprobi
3583 1772 3671 1825 in—

400 1871 561 1931 atque
589 1867 864 1915 avertente
893 1873 953 1911 se
979 1858 1046 1910 ab
1072 1856 1270 1917 anima,
1317 1870 1435 1923 quae
1466 1854 1520 1908 in
1548 1852 1887 1907 immunditia
1917 1868 1981 1907 ac

400 1956 548 2009 vitiis
596 1953 769 2023 posita
809 1959 909 2013 est,
945 1950 1140 2004 tradita
1169 1946 1366 2001 dicitur
1391 1961 1454 1999 ex
1484 1961 1548 1999 eo
1576 1944 1717 2015 quod
1743 1943 1856 2027 Ded
1880 1957 1980 1996 va-

400 2062 501 2101 cua
544 2043 834 2105 invenitur,
895 2048 950 2094 et
982 2039 1250 2092 invaditur
1298 2052 1328 2090 a
1368 2036 1558 2106 spiritu
1603 2032 1857 2103 nequam.
1913 2034 1982 2088 Et

400 2135 524 2193 ideo
552 2148 651 2187 nos
675 2145 885 2185 summo
911 2128 1091 2183 studio
1119 2127 1419 2197 vigilemus,
1460 2132 1515 2180 et
1539 2125 1853 2180 festinemus
1881 2139 1981 2179 nos

399 2236 689 2295 purgarea
716 2220 861 2273 vitiis
901 2227 956 2273 et
980 2215 1430 2286 concupiscentiis
1475 2215 1661 2279 malis,
1709 2222 1770 2268 ut
1809 2215 1977 2268 Deum

400 2315 546 2368 intra
575 2329 675 2368 nos
696 2320 876 2366 tenere
898 2310 1186 2381 possimus,
1231 2315 1286 2362 et
1307 2316 1365 2361 ut
1386 2307 1629 2361 habitare
1653 2307 1905 2376 dignetur
1922 2306 1976 2360 in

394 2404 572 2468 nobis,
596 2404 722 2457 dum
746 2401 1046 2458 delectatur
1069 2407 1123 2454 et
1146 2398 1356 2454 actibus
1376 2404 1431 2452 et
1452 2396 1794 2459 sermonibus
1812 2403 1866 2460 et
1888 2411 1979 2450 co.-

393 2495 746 2574 gitationibus
774 2492 997 2551 nostris.

980 2646 1208 2703 CAPUT
1246 2646 1379 2710 VIII.

396 2784 551 2852 Quod
592 2784 762 2838 iratus
811 2783 1064 2837 Demittus
1095 2791 1277 2837 contra
1324 2781 1512 2850 Israel,
1543 2780 1762 2835 tradidit
1805 2796 1891 2834 eos
1922 2780 1976 2834 in

402 2851 428 2856 ’⁷
465 2872 653 2909 manus
683 2855 1072 2924 diripientium;
1101 2853 1217 2924 sed,
1239 2854 1313 2906 eis
1343 2851 1727 2924 paenitentibus,
1755 2852 1978 2924 suscita-

464 2926 535 2979 vit
576 2921 991 3047 itlerumjudices
1011 2923 1122 3003 ,ιιιιί
1151 2922 1428 2979 liberarent
1454 2938 1540 2976 eos
1568 2921 1632 2977 de
1662 2921 1975 2982 vastantium

464 3011 604 3047 mam
645 3012 726 3047 us.

462 3011 726 3049 manwus.

465 3124 643 3196 (Imm)
667 3123 696 3178 1
703 3133 947 3196 ratusque
962 3123 1218 3183 Dominus
1239 3132 1423 3177 contra
1441 3122 1632 3188 Israel,
1647 3122 1865 3177 tradidit
1890 3088 1976 3177 eos
2004 3106 2049 3168 (ἶ

395 3215 451 3275 in
470 3231 655 3268 manus
677 3215 1053 3283 diripientium,
1073 3215 1161 3284 qui
1188 3223 1430 3281 ceperunt
1451 3228 1541 3266 eos
1564 3223 1611 3265 et
1634 3212 1975 3265 vendiderunt

390 3304 627 3365 hostibus
653 3304 741 3371 qui
770 3303 1072 3356 habitabant
1105 3319 1197 3371 per
1229 3318 1445 3371 gyrum;
1477 3317 1569 3354 nec
1595 3308 1873 3370 potuerunt
1898 3316 1978 3353 re-

392 3394 576 3451 sistere
606 3391 924 3445 adversariis
953 3391 1087 3455 suis,
1113 3390 1202 3445 sed
1227 3406 1532 3460 quocunque
1554 3405 1763 3460 pergere
1788 3388 1979 3443 voluis-

391 3494 525 3549 sent,
559 3499 745 3537 manus
776 3481 987 3537 Domini
1029 3491 1139 3535 erat
1170 3497 1324 3551 super
1351 3497 1458 3545 eos,
1484 3482 1619 3535 sicut
1648 3480 1851 3535 locutus
1877 3491 1974 3544 est,

389 3584 441 3629 et
460 3573 658 3643 juravit
682 3574 789 3638 eis;
816 3581 864 3626 et
886 3572 1207 3627 vehementer
1228 3572 1402 3642 afﬂicti
1426 3581 1568 3626 sunt.
1597 3569 1975 3643 Suscitavitque

392 3663 649 3721 Dominus
664 3663 872 3733 jndices
893 3663 981 3733 qui
1009 3662 1287 3716 liberarent
1317 3678 1402 3715 eos
1428 3661 1491 3715 de
1516 3663 1829 3715 vastantium
1857 3679 1974 3715 ma-

393 3755 568 3820 nibus,
590 3756 679 3808 sed
712 3771 803 3808 nec
832 3753 949 3807 illos
975 3753 1159 3807 audire
1198 3753 1491 3817 voluerunt,
1518 3752 1833 3821 forn.‘can'es
1857 3769 1975 3806 cum

389 3846 493 3906 diis
529 3845 737 3910 alienis,
763 3853 810 3897 et
853 3844 1132 3898 adorantes
1176 3859 1283 3909 eos,
1313 3845 1415 3896 cito
1455 3843 1793 3897 deseruerunt
1837 3829 1974 3897 riam

389 3953 483 4009 per
519 3951 676 4006 quam
712 3934 931 4004 ingressi
956 3933 1165 4002 fuerant
1188 3926 1361 4004 patres
1398 3950 1600 3997 eorum,
1630 3943 1677 3986 et
1705 3933 1974 3989 audientes

392 4026 644 4085 Mandata
683 4025 918 4090 Domini,
945 4026 1122 4079 omnia
1164 4024 1330 4094 fecere
1363 4025 1650 4089 contraria,
1675 4033 1730 4079 et
1754 4033 1969 4080 caetera.

393 4117 510 4178 Alia
548 4126 728 4173 autem
762 4117 929 4172 editio
957 4117 1037 4172 sic
1066 4116 1232 4172 habet
1258 4133 1272 4170 :
1296 4116 1365 4170 Et
1408 4118 1633 4171 vendidit
1664 4136 1749 4172 eos
1778 4120 1833 4171 in
1856 4136 1971 4173 ma-

392 4229 518 4272 num
572 4211 903 4266 inimicorum
954 4226 1170 4265 suorum
1214 4210 1270 4263 in
1311 4209 1550 4263 circuitu.
1614 4210 1793 4278 Quaeri
1837 4211 1974 4266 solet

391 4316 561 4373 quare
605 4300 840 4355 dixerit:
874 4298 1138 4364 Vendidit,
1171 4307 1428 4370 tanquam
1476 4299 1691 4369 aliquod
1739 4302 1970 4370 pretium

391 4391 723 4462 intelligatur
763 4391 982 4445 datum?
1013 4388 1120 4446 Sed
1154 4390 1292 4445 etin
1322 4388 1536 4446 Psalmo
1564 4390 1794 4461 legitur:
1832 4389 1968 4446 Ven-

2083 1850 2430 1916 venirentur;
2464 1852 2651 1925 eisque
2697 1854 2892 1908 talibus
2922 1855 3154 1911 inventis
3194 1859 3380 1927 quales
3407 1875 3501 1915 eos
3542 1875 3671 1916 esse

2082 1940 2282 1996 debere
2308 1951 2639 2012 praeceperat
2668 1945 2946 2010 Dominus,
2963 1944 3077 2015 jam
3104 1958 3290 2016 gentes
3337 1950 3440 2003 illae
3489 1950 3673 2005 aufer-

2081 2042 2273 2088 rentur
2301 2052 2328 2088 a
2362 2034 2500 2089 facie
2528 2050 2737 2100 eorum,
2768 2038 2812 2091 si
2843 2037 2918 2091 ita
2967 2038 3227 2104 viverent,
3258 2056 3359 2095 nec
3390 2042 3545 2097 bellis
3571 2058 3671 2099 eos

2080 2124 2324 2178 exerceri
2372 2132 2665 2194 Oporteret.
2718 2126 2894 2181 Verba
2929 2128 3072 2182 enim
3120 2128 3331 2182 Domini
3359 2130 3465 2185 huc
3495 2146 3669 2200 usque

2082 2215 2396 2284 accipienda
2424 2225 2579 2272 sunt:
2606 2214 2831 2287 Propter
2867 2219 3008 2289 quod
3042 2230 3189 2274 tanta
3227 2220 3500 2292 dereliquit
3537 2240 3669 2293 gens

2080 2303 2190 2357 [nec
2217 2314 2580 2363 testamentum
2620 2323 2813 2373 meum,
2857 2308 2997 2378 quod
3042 2309 3285 2363 mandavi
3316 2311 3549 2381 patribus
3578 2328 3668 2365 eoe

2080 2410 2220 2459 rum,
2244 2404 2290 2448 et
2322 2412 2426 2449 non
2460 2395 2766 2450 obedierunt
2812 2398 2920 2451 voci
2965 2414 3124 2464 metu;
3148 2409 3197 2453 et
3226 2416 3318 2470 ego
3366 2417 3469 2456 non
3505 2418 3669 2470 appo-

2081 2498 2205 2537 nam
2235 2481 2445 2554 auferre
2484 2486 2650 2540 virum
2679 2504 2711 2540 a
2738 2487 2880 2555 facie
2906 2489 3161 2558 ipsorum,
3192 2489 3244 2543 id
3286 2498 3371 2544 est
3410 2491 3668 2546 adversae

2081 2577 2242 2632 rium.
2278 2577 2484 2640 Caetera
2510 2594 2640 2635 vero
2670 2580 2835 2634 verba
2857 2582 3139 2651 scriptoris
3166 2591 3313 2648 sunt,
3342 2585 3669 2653 exponentis

2079 2668 2221 2722 unde
2251 2668 2448 2723 dixerit
2478 2670 2735 2725 Dominus
2779 2686 2885 2726 non
2936 2656 2995 2727 se
3032 2672 3338 2728 ablaturum
3383 2675 3558 2729 virum
3596 2676 3668 2735 de

2077 2760 2328 2829 gentibus
2374 2776 2510 2831 quas
2552 2762 2838 2833 dereliquit
2883 2761 3040 2819 Jesus
3086 2763 3227 2819 filius
3256 2764 3421 2821 Nave.
3453 2764 3663 2821 Deinde

2078 2850 2406 2923 subjungens
2426 2869 2530 2923 qua
2546 2870 2711 2911 causa
2731 2856 3111 2926 dereliquerit:
3135 2856 3204 2911 Et
3227 2858 3445 2923 dimisit,
3467 2858 3664 2933 inquit,

2079 2944 2148 3000 ad
2176 2945 2485 2999 tentandum
2508 2944 2695 3011 Israel,
2723 2948 2770 3000 si
2794 2948 3066 3002 observant
3091 2950 3230 3011 viam
3258 2949 3493 3014 Domini,
3518 2951 3664 3005 abire

2079 3035 2135 3090 in
2176 3052 2258 3101 ea,
2286 3036 2727 3107 quemadmodum
2754 3039 3114 3097 custodierunt
3146 3049 3321 3110 patres
3364 3057 3568 3105 eorum,
3595 3058 3664 3097 an

2082 3144 2217 3194 non;
2256 3143 2351 3183 eos
2375 3128 2562 3183 volens
2598 3128 2823 3199 intelligi
2857 3137 3039 3199 patres
3064 3130 3367 3185 custodisse
3392 3131 3532 3184 viam
3561 3131 3664 3185 Do-

2081 3216 2230 3275 mini.
2262 3217 2352 3287 qui
2388 3216 2602 3271 fuerant
2624 3233 2749 3272 cum
2787 3216 2934 3285 Jesu,
2975 3219 3029 3273 id
3063 3227 3147 3275 est
3183 3235 3248 3275 eo
3292 3228 3533 3290 tempore
3557 3236 3664 3290 quo

2080 3306 2167 3360 ille
2204 3307 2437 3362 vivebat.
2467 3307 2883 3363 Generationem
2921 3308 3119 3379 quippe
3154 3309 3382 3365 alteram
3417 3312 3663 3379 superius

2080 3396 2265 3451 retulit
2311 3398 2614 3452 surrexisse
2640 3407 2765 3468 post
2796 3398 2913 3453 illos
2938 3399 3029 3467 qui
3059 3398 3309 3454 vixerant
3347 3414 3471 3454 eum
3511 3397 3661 3471 Iesu,

2080 3494 2133 3541 et
2160 3486 2229 3540 ab
2258 3487 2388 3556 ipsis
2413 3486 2644 3557 cmpisse
2681 3489 3139 3560 transgressiones
3174 3505 3294 3559 quae
3323 3489 3663 3545 offenderent

2079 3576 2385 3641 Dominum,
2440 3592 2540 3646 pro
2585 3578 2781 3648 quibus
2830 3580 3121 3643 tentandis,
3151 3580 3202 3633 id
3238 3589 3325 3634 est
3348 3581 3662 3650 prohandis,

2076 3666 2279 3720 relicta:
2311 3666 2525 3733 fuerant
2556 3675 2774 3737 gentes,
2806 3683 2902 3722 nec
2929 3670 3306 3722 exterminata:
3332 3685 3430 3739 per
3454 3667 3661 3725 Iesum.

2078 3754 2279 3810 Deinde
2305 3771 2372 3809 ne
2401 3764 2681 3824 putaretur
2704 3756 2808 3810 hoc
2830 3754 2988 3811 Jesus
3008 3757 3236 3812 consilio
3257 3772 3376 3821 suo,
3402 3767 3662 3828 tanquam

2077 3846 2333 3911 humano,
2360 3847 2555 3917 egisse,
2584 3856 2642 3901 ut
2669 3856 2856 3918 gentes
2903 3847 3008 3902 illa:
3048 3848 3505 3916 relinquerentur,
3535 3848 3664 3903 sub.

2068 3935 2249 4008 jungit
2279 3938 2554 4008 Scriptura
2579 3956 2590 3992 :
2620 3937 2687 3993 Et
2715 3938 2913 3993 dimisit
2953 3938 3210 3993 Dominus
3258 3948 3433 4009 gentes
3463 3939 3580 4002 has,
3606 3947 3662 3992 ut

2077 4044 2180 4081 non
2206 4026 2433 4096 auferret
2461 4026 2580 4082 illas
2605 4027 2873 4093 celeriter;
2910 4036 2957 4081 et
2987 4044 3090 4081 non
3116 4027 3333 4081 tradidit
3357 4043 3445 4081 eas
3468 4028 3521 4080 in
3553 4044 3663 4079 ma-

2076 4133 2173 4171 nus
2202 4116 2352 4172 Iesu.
2392 4118 2595 4174 Deinde
2622 4118 2864 4188 sequitur
2891 4136 2903 4171 :
2930 4118 2997 4173 Et
3044 4119 3125 4173 Ita:
3161 4128 3335 4188 gentes
3378 4134 3509 4187 quas
3541 4115 3661 4169 relis-

2072 4209 2184 4279 quit
2218 4207 2395 4273 Iesus,
2430 4220 2483 4263 ut
2506 4219 2727 4264 tentaret
2757 4209 2811 4263 in
2840 4210 2914 4262 eis
2945 4207 3116 4261 Israel
3140 4225 3317 4261 omnes
3343 4208 3433 4278 qui
3465 4207 3659 4261 nescie-

2074 4309 2195 4352 runt
2220 4300 2395 4352 omnia
2423 4298 2558 4353 bella
2600 4296 2855 4353 Chanaan
2878 4314 2895 4351 :
2920 4314 3101 4351 verum
3129 4308 3339 4367 propter
3365 4296 3660 4366 generatio-

2078 4408 2166 4445 nes
2194 4392 2426 4460 ﬁliorum
2451 4390 2641 4455 Israel,
2662 4390 2845 4443 docere
2867 4389 2984 4445 illos
3008 4387 3216 4441 bellant.
3244 4386 3373 4439 Erat
3398 4402 3527 4456 ergo
3555 4386 3655 4440 ista

393 4459 842 4553 didistiwpopulum
873 4490 1021 4539 tuum
1061 4483 1173 4536 sine
1197 4482 1361 4553 pretio
1393 4478 1508 4553 (Ps.
1533 4459 1711 4554 xuii).
1740 4483 1808 4539 Et
1830 4485 1971 4555 apud
1995 4459 2050 4519 ἶ)
2075 4459 2237 4539 causa
2283 4481 2335 4536 in
2385 4497 2574 4536 eorum
2623 4480 2998 4541 tentationem,
3028 4487 3089 4532 ut
3114 4477 3318 4531 bellare
3363 4477 3656 4541 discerent,

391 4575 708 4647 prophetam
737 4594 750 4629 :
777 4572 953 4629 Gratis
982 4575 1174 4629 uenditi
1213 4576 1357 4639 estis,
1383 4584 1431 4629 et
1473 4592 1573 4630 non
1614 4592 1732 4629 cum
1757 4588 1971 4645 argento

391 4664 717 4718 redimemini
752 4663 906 4735 (Isai.
934 4664 1054 4736 LII).
1100 4664 1278 4731 Quare
1303 4679 1433 4733 ergo
1458 4665 1680 4732 venditi,
1711 4664 1757 4719 si
1786 4667 1968 4734 gratis,

392 4763 448 4810 et
475 4755 587 4819 sine
610 4757 794 4825 pretio,
818 4764 873 4811 et
894 4772 999 4811 non
1020 4758 1199 4828 potius
1222 4756 1441 4811 donati?
1461 4758 1543 4811 An
1566 4756 1705 4811 forte
1727 4756 1971 4826 Scriptu-

393 4861 581 4903 rarum
626 4847 823 4903 locutio
867 4858 972 4916 est,
1000 4857 1060 4907 ut
1099 4848 1348 4904 venditus
1391 4848 1557 4903 etiam
1601 4849 1693 4917 qui
1739 4849 1970 4905 donatur

388 4939 495 4996 dici
523 4938 726 5007 possit?
752 4938 849 4994 ﬂic
876 4948 1053 4994 autem
1079 4956 1269 4996 sensus
1293 4949 1378 4996 est
1399 4940 1633 5011 optimus
1659 4940 1712 4995 in
1735 4956 1800 4996 eo
1822 4944 1963 5011 quod

388 5031 591 5087 dictum
615 5038 699 5085 est
727 5046 738 5082 :
767 5026 942 5082 Gratis
969 5031 1157 5086 venditi
1178 5033 1335 5097 estis;
1366 5039 1421 5088 et
1444 5050 1456 5086 :
1490 5030 1780 5086 Vendidisti
1805 5050 1967 5104 popu-

388 5119 499 5174 lum
530 5129 677 5174 tuum
702 5119 815 5173 sine
850 5120 1014 5187 pretio
1038 5136 1055 5172 :
1078 5121 1204 5189 quia
1232 5122 1307 5175 illi
1345 5122 1542 5192 quibus
1569 5124 1835 5179 tradidisti
1878 5141 1967 5195 po-

387 5213 595 5283 pulum,
638 5212 789 5281 impii
830 5209 1066 5276 fuerunt,
1096 5227 1201 5265 non
1230 5211 1398 5266 Deum
1427 5215 1652 5269 colendo
1677 5216 1817 5270 tradi
1862 5217 1964 5271 sibi

389 5302 543 5363 illum
584 5302 838 5373 populum
874 5309 1207 5365 meruerunt,
1238 5308 1297 5355 ut
1343 5302 1455 5371 ipse
1490 5303 1662 5358 cultus
1709 5311 1965 5376 tanquam

388 5395 623 5464 pretium
644 5394 936 5447 videretur.
961 5389 1113 5456 Quod
1136 5406 1264 5446 vero
1286 5392 1485 5446 dictum
1512 5401 1612 5457 est,
1646 5392 1824 5465 Neque
1847 5413 1964 5449 cum

391 5495 604 5555 argento
638 5486 994 5550 redimemini;
1026 5499 1132 5539 non
1180 5483 1272 5547 ait,
1302 5494 1462 5555 neque
1508 5503 1624 5540 cum
1657 5488 1843 5556 pretio,
1869 5489 1964 5544 sed

394 5595 555 5649 neque
587 5597 703 5635 cum
735 5591 968 5652 argento,
1002 5590 1061 5636 ut
1087 5580 1320 5651 pretium
1362 5581 1744 5651 redemptionis
1774 5585 1966 5640 intelli-

392 5677 581 5738 gatur:
605 5671 761 5739 quale
802 5672 933 5728 dicit
970 5672 1245 5742 apostolus
1294 5670 1481 5728 Petrus
1509 5691 1521 5728 :
1549 5672 1668 5728 Non
1702 5675 1839 5729 enim
1876 5692 1939 5729 ar

2074 4578 2127 4633 id
2155 4587 2257 4642 est,
2287 4584 2346 4630 ut
2377 4582 2526 4630 tanta
2551 4574 2750 4644 pietate
2780 4580 2833 4627 et
2856 4570 3160 4625 obedientia
3193 4568 3326 4637 legis
3355 4568 3448 4621 Dei
3491 4568 3658 4622 bella-

2075 4676 2214 4732 rent,
2242 4675 2445 4738 quanta
2493 4675 2676 4736 patres
2718 4679 2905 4719 eorum
2952 4662 3045 4732 qui
3089 4662 3315 4718 Domino
3347 4661 3457 4716 Deo
3489 4660 3655 4714 etiam

2071 4760 2319 4815 bellando
2368 4759 2720 4829 placuerunt:
2748 4772 2853 4810 non
2901 4756 3026 4825 quia
3071 4753 3303 4824 optabile
3344 4752 3549 4822 aliquid
3572 4760 3653 4807 est

2071 4850 2291 4916 bellum,
2319 4851 2411 4904 sed
2454 4850 2579 4918 quia
2608 4849 2783 4918 pietas
2818 4846 3102 4900 laudabilis
3129 4854 3184 4900 et
3208 4846 3262 4899 in
3303 4844 3464 4899 bello.
3500 4843 3651 4911 Quod

2071 4930 2250 4997 autem
2277 4942 2539 5010 sequitur,
2574 4938 2764 4992 Verum
2791 4938 2879 5007 qui
2906 4945 3024 4990 ante
3046 4935 3163 4989 illos
3191 4945 3364 5001 erant,
3389 4952 3493 4988 non
3522 4936 3652 4988 scie-

2073 5042 2194 5085 runt
2225 5030 2377 5095 illas;
2404 5028 2534 5098 quid
2564 5027 2668 5082 nisi
2697 5035 2883 5098 gentes
2926 5024 3040 5079 vult
3088 5024 3333 5093 intelligi,
3370 5038 3509 5092 quas
3552 5039 3648 5077 ne-

2070 5125 2312 5185 scierunt
2359 5121 2610 5177 bellando
2650 5120 2741 5189 qui
2787 5118 3007 5174 fuerunt
3047 5126 3170 5172 ante
3212 5119 3366 5179 istos,
3417 5132 3649 5186 quorum

2074 5214 2380 5278 tentationi,
2410 5214 2512 5268 hoc
2549 5219 2630 5266 est
2676 5210 2979 5281 probationi
3007 5209 3205 5263 relictae
3235 5208 3398 5262 sunt?
3441 5207 3647 5262 Deinde

2072 5318 2501 5359 commemorans
2547 5316 2665 5370 qua!
2708 5302 2845 5365 sint,
2872 5301 3128 5370 quinque,
3159 5298 3349 5367 inquit,
3383 5300 3643 5367 satrapias

2067 5396 2477 5465 alienigenarum
2504 5408 2521 5445 :
2544 5408 2675 5463 quas
2706 5394 2759 5447 in
2784 5392 2936 5447 libris
2973 5392 3278 5462 Regnorum
3307 5389 3645 5445 manifestius

2064 5486 2338 5555 exprimit.
2381 5484 2641 5555 Satrapire
2683 5492 2863 5564 autem
2894 5483 3146 5537 dicuntur
3187 5482 3336 5552 quasi
3366 5497 3531 5551 parva
3561 5496 3641 5534 re-

2063 5591 2187 5651 gna,
2217 5579 2412 5648 quibus
2441 5587 2685 5647 satrapes
2711 5584 2978 5646 prmerant
3003 5594 3015 5629 :
3043 5575 3185 5645 quod
3221 5590 3413 5630 nomen
3448 5575 3502 5627 in
3536 5573 3639 5627 illis

2065 5674 2309 5748 partibus
2343 5672 2623 5743 cujusdam
2650 5672 2871 5728 honoris
2898 5681 3002 5740 est,
3026 5671 3139 5726 sive
3166 5668 3283 5724 fuit.
3311 5667 3379 5723 Et
3405 5683 3631 5732 omnem,
