4000 6186
284 258 422 313 H25

274 375 472 445 inquit,
516 373 907 444 Chanana’um,
936 388 982 432 et
1015 378 1310 447 Sidonium,
1341 395 1389 438 et
1416 384 1629 439 vaum
1655 388 1859 441 inhabi-

272 473 473 523 tantem
506 461 759 516 Libanum
800 476 922 519 ante
945 478 1168 523 montem
1206 469 1438 527 Ilermon
1466 491 1627 545 usque
1652 475 1721 529 ad
1748 475 1853 529 Ca-

279 553 522 608 boemath
548 551 667 623 (pro
694 569 800 623 quo
826 554 1018 625 Aquila
1067 558 1450 630 interpretatus
1477 574 1578 629 est,
1611 565 1854 621 introitus

270 641 515 714 Emam),
548 652 597 697 et
625 642 824 712 factum
852 655 946 710 est,
976 656 1031 702 ut
1058 658 1341 704 tentaretur
1384 652 1440 706 in
1479 654 1603 722 ipsis
1644 654 1852 709 Israel:

276 741 538 803 tanquam
568 733 772 789 diceret
798 753 810 788 :
835 734 947 791 lloc
978 744 1156 791 autem
1183 739 1382 794 factum
1409 750 1510 808 est,
1536 751 1594 796 ut
1620 750 1856 803 tentare-

273 829 364 876 tur
390 823 442 877 in
471 823 598 892 ipsis
625 822 791 880 Israel
812 841 825 880 :
848 827 1002 890 scire,
1032 828 1077 881 si
1101 829 1316 891 audient
1340 832 1590 886 mandata
1623 831 1850 897 Domini,

272 928 384 966 non
412 920 470 965 ut
497 912 659 967 sciret
697 912 837 969 Deus
880 917 1117 977 omnium
1157 920 1422 988 cognitor,
1453 921 1616 976 etiam
1645 920 1854 976 futuro-

272 1016 418 1064 rum,
447 1000 542 1055 sed
571 1008 631 1054 ut
655 1001 855 1057 scirent
884 1003 1005 1071 ipsi,
1029 1012 1084 1062 ct
1118 1020 1214 1060 sua
1258 1008 1587 1063 conscientia
1614 1010 1698 1063 vel
1732 1009 1847 1081 glo-

270 1088 563 1151 riarentur,
595 1089 678 1143 vel
705 1092 1173 1158 convincerentur,
1199 1104 1378 1150 utrum
1421 1098 1669 1153 audirent
1699 1115 1849 1155 man-

270 1179 400 1232 data
431 1179 664 1243 Domini,
691 1195 809 1248 quae
830 1183 1102 1237 mandavit
1130 1186 1373 1255 patribus
1397 1203 1585 1247 eorum
1608 1189 1660 1243 in
1688 1205 1849 1244 manu

269 1267 464 1338 Moysi.
515 1268 779 1335 Quoniam
819 1284 949 1344 ergo
990 1275 1316 1332 manifestati
1363 1279 1463 1333 sibi
1504 1287 1628 1336 sunt
1653 1296 1759 1334 non
1792 1296 1851 1336 se

269 1358 544 1415 obediisse
585 1360 697 1415 Deo
726 1360 778 1417 in
806 1362 890 1419 his
919 1365 1167 1434 gentibus
1201 1382 1322 1437 qua:
1354 1369 1423 1424 ad
1450 1384 1637 1429 eorum
1678 1379 1851 1432 tenta-

268 1450 505 1515 tionem,
552 1451 604 1506 id
651 1460 738 1506 est
781 1456 1222 1512 exercitationem
1264 1467 1428 1528 atque
1473 1462 1847 1532 probationem

271 1538 486 1591 fuerant
524 1538 817 1604 derelictae,
847 1551 1131 1611 propterea
1175 1546 1311 1600 dixit
1354 1548 1494 1604 Deus
1534 1550 1617 1604 vel
1655 1551 1743 1605 illa
1793 1552 1847 1607 in

268 1625 468 1694 quibus
508 1636 690 1697 aperte
724 1629 919 1686 missus
947 1632 1168 1702 angelus
1212 1643 1267 1690 et
1308 1635 1521 1695 locutus
1562 1654 1850 1708 expressus

268 1727 373 1780 est,
407 1727 463 1773 et
483 1720 643 1788 paulo
683 1729 830 1789 ante,
859 1724 949 1778 ubi
977 1726 1055 1779 ait
1081 1743 1095 1779 :
1118 1724 1339 1797 Propter
1365 1730 1504 1798 quod
1530 1740 1675 1785 tanta
1700 1732 1847 1787 dere-

268 1808 421 1879 liquit
455 1826 577 1879 gens
609 1810 721 1868 hiet:
765 1821 1129 1869 testamentum
1172 1832 1342 1871 meum
1364 1857 1379 1881 ,
1417 1819 1556 1888 quod
1602 1822 1848 1875 mandavi

266 1899 504 1967 patribus
542 1915 744 1966 eorum,
778 1910 826 1959 et
855 1902 1157 1964 obedierunt
1202 1907 1311 1960 voci
1343 1924 1504 1974 metu;
1536 1920 1583 1962 et
1624 1926 1716 1980 ego
1748 1928 1850 1966 non

265 2004 529 2058 apponam
557 1990 766 2061 auferre
790 1995 956 2051 uirum
984 2011 1016 2047 a
1054 1994 1191 2063 facie
1230 1996 1482 2066 ipsorum.
1513 1999 1728 2059 Dictum
1768 2009 1851 2056 est

265 2086 453 2136 autem
482 2079 535 2134 in
566 2080 981 2138 Deuteronomio
1007 2100 1071 2138 ex
1102 2101 1336 2157 persona
1379 2088 1475 2143 Dei
1521 2088 1745 2160 loquens
1785 2092 1849 2147 de

265 2165 389 2225 istis
428 2169 677 2237 gentibus
701 2172 1061 2228 adversariis:
1094 2174 1216 2230 Non
1244 2176 1455 2246 ejiciam
1478 2177 1596 2233 illos
1628 2181 1682 2233 in
1711 2198 1848 2236 anno

262 2274 396 2323 uno,
426 2276 488 2313 ne
530 2260 624 2329 fiat
662 2271 802 2316 terra
839 2264 1063 2329 deserta,
1089 2275 1138 2327 et
1173 2267 1584 2339 multiplicentur
1608 2272 1662 2324 in
1686 2281 1733 2325 te
1759 2274 1845 2326 be-

264 2348 384 2403 stia:
416 2348 576 2417 ferte;
603 2351 861 2422 paulatim
903 2355 1059 2408 etiam
1089 2356 1207 2411 illos
1232 2358 1494 2428 auferant,
1525 2361 1688 2416 donec
1714 2363 1848 2421 ntul-

261 2435 591 2505 tiplicamini,
615 2451 662 2494 et
706 2444 946 2499 crescatis
984 2454 1031 2497 et
1077 2445 1389 2504 hwreditetis
1428 2460 1621 2504 terram
1666 2452 1844 2523 (Deut.

259 2528 385 2596 vn).
420 2525 642 2582 Poterat
682 2531 823 2586 hanc
864 2534 1275 2609 promissionem
1306 2554 1458 2593 suam
1498 2556 1718 2598 servare
1744 2544 1847 2598 Do-

259 2615 450 2675 minus
477 2631 606 2688 erga
627 2618 956 2685 obedientes,
983 2630 1044 2676 ut
1071 2626 1448 2685 exterminatio
1469 2629 1706 2700 gentium
1733 2632 1848 2692 illa-

260 2718 408 2769 rum,
441 2707 806 2762 crescentibus
846 2709 1155 2769 Israeliticis
1201 2715 1478 2784 partibus,
1510 2717 1681 2783 ﬁeret,
1721 2736 1847 2777 cum

260 2807 456 2849 eorum
485 2795 772 2853 multitudo
802 2807 994 2863 terras,
1023 2803 1164 2855 unde
1189 2804 1482 2859 adversarii
1524 2810 1849 2864 extermina-

260 2890 477 2948 rentur,
512 2885 756 2941 descrtas
800 2903 920 2944 esse
966 2906 1074 2944 non
1124 2892 1414 2953 desineret.
1471 2894 1622 2963 Quod
1664 2910 1844 2959 auzem

202 2998 209 3005 -
262 2974 385 3033 ait:
417 2974 498 3029 Ne
533 2976 944 3047 multiplicemur
975 2981 1097 3035 inde
1142 2981 1317 3037 bestia:
1362 2984 1523 3053 ferar;
1564 2987 1758 3040 mirum
1799 2989 1845 3043 si

261 3082 375 3123 non
425 3052 676 3124 bestiales
714 3071 1111 3139 quodammodo
1153 3052 1474 3144 cupiditates
1514 3085 1569 3130 et
1596 3077 1845 3134 libidines
1872 3093 1915 3154 ρ

262 3157 491 3229 intelligi
545 3159 741 3222 voluit,
772 3177 890 3230 qua:
935 3162 1108 3223 solent
1152 3164 1217 3217 de
1266 3167 1549 3234 repentino
1594 3183 1844 3223 successu

264 3244 798 3319 terrenznfelicitatis
824 3253 1079 3308 existere.
1110 3252 1293 3324 Neque
1323 3256 1466 3310 enim
1507 3257 1647 3312 Deus
1675 3259 1846 3314 homi-

262 3354 365 3393 nes
395 3342 758 3398 exterminare
786 3352 1024 3414 poterat,
1054 3354 1110 3400 et
1151 3347 1352 3401 bestias
1389 3364 1493 3402 non
1534 3358 1767 3417 poterat,
1792 3359 1846 3406 et

262 3436 513 3509 perdere,
547 3439 630 3492 vel
657 3440 805 3511 pasci
833 3440 1009 3515 potius
1049 3456 1155 3495 non
1190 3442 1523 3512 permittere.

865 3588 1091 3646 CAPUT
1146 3592 1236 3647 1X.

260 3698 343 3761 De
364 3715 421 3751 eo
441 3700 578 3773 quod
596 3701 761 3773 iratus
774 3701 1032 3773 Dominus
1050 3719 1146 3773 pro
1166 3703 1456 3773 malefactis
1480 3705 1845 3764 Israelitarum

338 3771 553 3822 tradidit
580 3788 665 3823 eos
690 3772 742 3825 in
774 3787 959 3845 manus
993 3771 1203 3845 Chusan
1234 3771 1539 3829 Ih’isatbaim
1574 3780 1705 3845 regis
1736 3779 1847 3832 ,υθ-

338 3841 643 3911 sopotamia'
661 3880 676 3904 ,
703 3841 1088 3911 servieruntque
1109 3843 1154 3894 ei
1178 3853 1293 3896 octo
1322 3846 1506 3908 annis;
1535 3841 1636 3899 sed
1658 3848 1845 3902 iterant

341 3924 456 3963 cum
481 3908 834 3963 clamauerunt
868 3910 936 3967 ad
951 3908 1257 3975 Dominum,
1282 3915 1549 3969 suscitavit
1573 3918 1647 3970 eis
1674 3918 1849 3971 salva-

339 3987 519 4056 torem,
542 3988 588 4056 et
618 3978 853 4056 liberavit
877 3996 986 4056 eos,
1012 3997 1104 4056 per
1128 3979 1371 4036 Otltoniel
1398 3984 1653 4051 uidelicet,
1673 3987 1844 4056 filium

338 4046 520 4114 Cenes,
557 4048 775 4117 fratrem
806 4047 962 4103 Caleb
993 4046 1264 4104 minorem.

332 4200 485 4269 (Cui.
523 4200 627 4272 ιιι.)
666 4200 855 4271 Itaque
878 4201 978 4272 ﬁlii
1002 4201 1174 4256 Israel
1201 4202 1567 4258 habitaverunt
1595 4204 1651 4258 in
1673 4206 1842 4261 medio

261 4289 585 4355 Chanantei,
616 4300 666 4345 et
704 4290 900 4355 Etluri,
943 4301 991 4344 et
1031 4292 1359 4358 Amorrha'i,
1403 4304 1449 4347 et
1481 4292 1775 4367 Pherezaai,
1793 4304 1843 4348 et

260 4382 432 4447 Emi,
469 4391 515 4435 et
540 4380 793 4445 Jebustei,
826 4390 874 4434 et
915 4381 1178 4439 duxerunt
1227 4399 1414 4437 uxores
1460 4383 1598 4451 ﬁlias
1637 4400 1840 4447 eorum,

1241 265 1594 323 COMMENT.
1636 270 1701 323 IN
1741 271 1866 327 LIB.
1904 272 2221 334 JUDlCUM.
2260 309 2331 321 —
2365 280 2493 335 LIB.
2524 282 2560 337 l.

3388 296 3535 351 H26

1887 392 1934 451 Α
1962 399 2045 445 ret
2067 407 2179 447 eos.
2213 394 2280 448 Et
2304 410 2431 465 quia
2458 397 2561 488 ipsi!
2580 399 2636 454 in
2671 402 2898 458 excelsis
2919 409 3180 464 montium
3207 411 3369 483 impie
3393 430 3525 488 age-

1956 481 2089 535 bant
2120 483 2172 536 in
2210 478 2572 554 Altissimum,
2600 500 2884 560 propterea
2911 497 2980 551 ab
3007 498 3122 567 ipso
3150 502 3201 556 in
3246 478 3523 565 humilita-

1960 578 2062 623 tem
2093 573 2398 630 traduntur.
2447 576 2553 632 Sed
2597 581 2722 634 nolo
2759 591 2914 652 putes
2956 590 3079 656 quia
3123 607 3247 664 erga
3278 600 3528 670 antiquos

1955 662 2287 720 solummodo
2310 676 2426 722 erat
2456 670 2571 725 haec
2616 672 2797 727 divina
2841 662 3207 747 providentia,“
3233 696 3290 740 ut
3321 662 3525 761 eos-qui

1955 751 2116 822 impie
2140 758 2517 815 exaltabantur
2546 764 2784 819 traderet
2828 768 3210 838 humiliandos,
3247 787 3300 831 et
3324 751 3525 837 salubri

1952 844 2235 901 medicina:
2283 849 2508 917 ratione,
2540 856 2809 913 contraria
2859 862 3143 917 contrariis
3186 880 3522 926 curarentur.

1952 931 2103 989 Nunc
2140 946 2319 998 autem
2359 943 2710 1012 omnipotenti
2745 947 2855 1003 Deo
2882 965 3007 1021 erga
3036 954 3331 1012 Ecclesium
3372 976 3525 1016 suam

1952 1022 2018 1077 de
2042 1022 2344 1093 huiusmodi
2371 1029 2661 1089 salubritas
2688 1038 3061 1107 providentiae,
3088 1052 3172 1098 est
3196 1047 3358 1101 etiam
3383 1065 3525 1106 nunc

1951 1109 2166 1167 Chusan
2195 1114 2529 1185 Rasathaim,
2564 1137 2658 1175 rex
2683 1124 3097 1197 Mesopotamiae,
3129 1135 3213 1187 cui
3244 1143 3529 1194 traduntur

1952 1199 2293 1263 humiliandte
2315 1216 2371 1261 et
2394 1207 2685 1280 aﬂligendae
2711 1216 2905 1272 animm
2928 1236 3067 1288 quze,
3097 1222 3399 1289 Christiana
3434 1231 3530 1285 hu-

1950 1296 2178 1353 militate
2208 1308 2534 1372 contempta,
2566 1306 2619 1359 in
2655 1312 2960 1383 superbiam
2991 1329 3050 1369 se.
3078 1327 3239 1386 atque
3268 1336 3526 1391 arrogan-

1961 1381 2092 1437 tiam
2122 1384 2411 1455 dederunt;
2440 1393 2680 1448 odiosum
2718 1381 2850 1452 satis
2892 1410 2975 1455 est
3003 1403 3055 1456 in
3098 1381 3525 1477 co-nspectu'Dei

1950 1481 2214 1548 superbia:
2241 1483 2459 1551 vitium;
2488 1490 2633 1557 quia,
2654 1491 2798 1546 sicut
2827 1494 3101 1564 Scriptura
3119 1500 3280 1554 dicit:
3304 1501 3524 1559 Initium

1949 1571 2245 1660 discedendi
2273 1594 2305 1629 a
2334 1577 2443 1633 Deo
2467 1583 2707 1649 superbia
2738 1585 2906 1655 (Eccl.
2940 1587 3016 1660 ιι).
3063 1590 3130 1645 Ει
3157 1592 3350 1648 iterum
3393 1597 3524 1652 alibi

1953 1658 2233 1731 Scriptura
2262 1666 2424 1720 dicit:
2452 1668 2591 1723 Deus
2616 1674 2849 1742 superbis
2881 1658 3090 1742 resistit,
3114 1681 3394 1738 humilibus
3423 1704 3524 1739 au-

1872 1744 1920 1802 B
1948 1759 2047 1804 tem
2092 1754 2181 1806 dat
2231 1757 2451 1825 gratiam
2483 1758 2535 1829 (I
2563 1759 2709 1815 Petr.
2746 1765 2818 1834 ι’).
2854 1766 2909 1820 Si
2941 1769 3061 1835 quis
3102 1771 3295 1841 igitur,
3322 1774 3524 1834 Christi

1952 1841 2249 1898 humilitate
2269 1845 2541 1917 despecta,
2560 1851 2649 1919 qui
2676 1862 2896 1922 propter
2913 1871 3032 1922 nos,
3048 1874 3169 1913 cum
3196 1861 3335 1917 Deus
3358 1873 3521 1931 esset,

1949 1929 2111 1983 homo
2137 1930 2312 1988 factus
2336 1944 2440 2000 est,
2470 1945 2526 1991 et
2556 1939 2856 1997 humiliavit
2885 1959 2944 2006 se
2967 1962 3137 2016 usque
3171 1950 3237 2005 ad
3269 1929 3521 2020 mortem,

1949 2022 2225 2081 extollitur
2251 2033 2306 2078 et
2327 2025 2547 2082 eliertur
2567 2030 2633 2084 ad
2660 2041 2974 2101 potestates.
2998 2047 3160 2106 atque
3188 2041 3257 2095 ad
3285 2043 3520 2114 dignita-

1951 2116 2032 2162 tes
2059 2112 2239 2165 saeculi
2283 2115 2512 2182 prosilit,
2537 2127 2593 2172 et
2627 2129 2773 2175 artrs
2797 2123 2990 2191 quibus
3021 2126 3135 2181 hmo
3158 2112 3370 2199 assequi
3400 2133 3523 2188 niti-

1948 2204 2064 2264 tur,
2096 2201 2260 2256 etiam
2296 2205 2342 2257 si
2370 2214 2555 2260 contra
2589 2206 2748 2266 [idem
2795 2219 2850 2265 et
2896 2213 3207 2284 religionem
3250 2220 3378 2287 sint,
3413 2238 3522 2277 non

1948 2289 2146 2361 refugit
2170 2309 2270 2348 nec
2296 2295 2581 2363 horrescit,
2606 2299 2894 2358 dummodo
2920 2308 3061 2375 quod
3089 2311 3237 2379 cupit
3258 2312 3518 2378 obtineat,

1948 2380 2074 2439 inde
2092 2384 2277 2457 evenit
2299 2396 2358 2438 ut
2383 2384 2551 2444 faciat
2575 2389 2864 2459 malignum
2889 2393 2942 2453 in
2969 2407 3256 2467 conspectu
3285 2400 3518 2456 Domini.

1948 2468 2017 2524 Et
2044 2481 2391 2545 posteaquam
2416 2491 2655 2533 summas
2686 2481 2935 2551 indeptus
2964 2484 3125 2542 fuerit
3151 2489 3347 2546 infulas
3372 2501 3525 2563 pote-

1946 2567 2166 2628 statum,
2189 2571 2244 2618 et
2271 2565 2339 2618 ad
2366 2565 2480 2633 ipsa
2507 2569 2770 2636 superbia:
2800 2570 3008 2642 fastigia
3036 2590 3245 2630 summa
3272 2593 3527 2635 conss-eno

1947 2648 2106 2714 derit,
2134 2650 2259 2709 inde
2281 2652 2520 2723 deiectus
2548 2658 2777 2712 traditur
2800 2660 2925 2716 huic
2946 2662 3160 2720 Chusan
3184 2665 3518 2736 Rasathaim,

1946 2739 2039 2792 uni
2081 2741 2285 2803 scilicet
2326 2758 2393 2798 ex
2442 2747 2582 2801 aeris
2626 2749 2992 2823 principibus,
3022 2755 3163 2810 sicut
3189 2765 3245 2811 et
3267 2758 3357 2812 alii
3386 2759 3501 2814 Pha

1948 2831 2119 2895 raoni,
2143 2841 2197 2886 et
2242 2833 2331 2887 alii
2375 2833 2616 2900 Chiram,
2645 2846 2706 2891 ut
2749 2841 2996 2898 bumiliet
3038 2860 3196 2910 eum,
3221 2848 3313 2917 qui
3358 2849 3524 2907 nimis

1948 2917 2125 2974 fuerat
2150 2921 2436 2986 e‘xaltatus,
2462 2934 2519 2978 ut
2539 2924 2755 2999 allligat,
2776 2936 2834 2981 ut
2852 2939 3118 2998 conterat,
3137 2935 3307 2990 donec
3333 2937 3526 3007 resipi.

1949 3019 2085 3077 seat,
2104 3020 2159 3066 et
2183 3024 2389 3082 quaerat
2408 3016 2709 3084 Dominum,
2732 3022 2843 3090 qui,
2871 3038 2994 3085 cum
3020 3035 3167 3081 esset
3194 3028 3246 3086 in
3270 3033 3522 3100 superbia

1947 3112 2001 3157 et
2039 3104 2272 3162 elatione
2312 3110 2659 3177 constitutus,
2686 3113 2967 3182 ignorabat
3012 3117 3315 3175 Dominum.
3368 3123 3527 3181 Nune

1946 3209 2075 3263 ergo
2103 3196 2157 3249 hi
2207 3198 2299 3266 qui
2350 3200 2635 3255 traduntur
2675 3218 2776 3272 pro
2813 3215 3036 3273 peccato
3076 3207 3132 3261 in
3175 3210 3523 3273 tribulatione
3556 3202 3564 3210 ’

1944 3286 2142 3355 positi,
2169 3289 2449 3345 videamus
2491 3293 2617 3361 quid
2660 3294 2896 3350 faciunt?
2943 3296 3075 3358 illud
3102 3300 3345 3368 profecto
3374 3305 3518 3372 quod

1945 3379 2204 3448 scriptum
2249 3391 2334 3437 est
2366 3401 2379 3436 :
2417 3383 2486 3437 Et
2531 3384 2885 3441 clamauerunt
2929 3390 2998 3443 ad
3044 3391 3365 3461 Dominum,
3395 3410 3520 3452 cum

1946 3469 2363 3537 tribularentur;
2386 3483 2434 3526 et
2454 3473 2517 3526 de
2539 3478 2930 3530 necessitatibus
2953 3496 3132 3533 eorum
3152 3482 3386 3536 liberavit
3410 3502 3517 3551 eos,

1945 3570 1992 3614 et
2037 3561 2217 3616 eduxit
2243 3580 2329 3618 eos
2364 3564 2428 3619 de
2456 3567 2676 3619 tenebris
2703 3576 2750 3619 et
2781 3569 2965 3621 umbra
2995 3574 3195 3635 mortis,
3238 3585 3286 3628 et
3315 3578 3522 3634 vincula

1944 3666 2124 3705 eorum
2165 3653 2387 3724 disrupit
2434 3653 2606 3727 (Psal.
2638 3658 2771 3727 ενι).
2822 3657 2929 3714 Sed
2977 3659 3280 3728 abjiciatur,
3312 3681 3518 3734 quasso,

1946 3742 2014 3801 ab
2040 3744 2186 3796 omni
2224 3745 2326 3799 hac
2355 3755 2540 3800 sancta
2588 3747 2857 3813 Ecclesia,
2902 3757 2956 3803 et
3003 3753 3270 3821 praecipue
3316 3756 3385 3809 ab
3436 3758 3521 3812 his

1945 3832 2037 3901 qui
2084 3833 2392 3891 ministrant
2439 3836 2493 3890 in
2538 3839 2771 3903 sanctis,
2820 3839 2955 3893 odor
3000 3841 3101 3896 iste
3153 3838 3517 3914 deterrimus,

1946 3936 2005 3984 ut
2047 3930 2352 3999 possimus,
2406 3931 2547 3985 sicut
2598 3933 2798 3988 Paulus
2853 3934 3094 4002 dicebat,
3158 3938 3295 3994 ellici
3347 3939 3521 3998 bonus

1944 4021 2077 4076 odor
2109 4020 2305 4076 Christi
2351 4020 2449 4092 (II
2497 4021 2619 4078 Cor.
2664 4024 2756 4094 ιι),
2797 4039 2864 4078 ne
2912 4024 3050 4082 forte
3097 4028 3364 4084 irascatur
3409 4031 3520 4085 Do-

1945 4111 2145 4176 minus,
2163 4119 2218 4166 et
2240 4110 2307 4165 ad
2333 4112 2665 4168 iracundiam
2688 4129 3040 4183 provocemus
3062 4126 3303 4172 sanctum
3329 4118 3516 4187 Israel,

1944 4211 1999 4256 et
2033 4203 2211 4256 tradat
2235 4218 2332 4258 nos
2358 4204 2409 4257 in
2432 4220 2624 4258 manus
2649 4203 2865 4259 Chusan
2897 4204 3232 4272 Rasathaim,
3259 4218 3317 4260 ut
3347 4209 3523 4264 humi~

1945 4288 2171 4356 litatem,
2205 4307 2364 4360 quam
2394 4291 2447 4345 in
2495 4293 2719 4347 scientia
2756 4292 2954 4348 Christi
2985 4295 3180 4350 docere
3214 4296 3515 4359 debuimus,

1946 4379 1999 4433 in
2046 4381 2401 4449 correptionis
2442 4391 2640 4436 nostrae
2689 4383 3031 4439 tribulatione
3076 4385 3364 4441 discamus.
3410 4386 3517 4448 Sed

257 4472 462 4545 ipsique
494 4474 634 4543 ﬁlias
662 4491 788 4528 suas
828 4490 1007 4528 eorum
1031 4475 1157 4544 ﬁliis
1191 4476 1545 4541 tradiderunt,
1576 4487 1624 4531 et
1653 4480 1840 4533 servie-
1868 4451 1920 4510 D
1948 4470 2066 4523 Vide
2093 4471 2379 4540 benignum
2422 4471 2727 4536 Dominum.
2754 4472 3175 4529 misericordiam
3209 4490 3332 4529 cum
3363 4492 3518 4533 εθνθ·

256 4576 380 4621 runt
414 4565 745 4631 diis~eorum,
773 4566 1103 4636 feceruntque
1127 4566 1324 4620 malum
1349 4568 1404 4621 in
1432 4578 1706 4639 conspectu
1734 4570 1841 4624 Do-

257 4657 412 4719 mini,
437 4665 484 4709 et
511 4656 656 4709 obliti
677 4667 796 4709 sunt
820 4655 915 4709 Dei
937 4660 1040 4721 sui,
1057 4658 1331 4712 servientes
1354 4657 1561 4711 Baalim
1585 4670 1633 4713 et
1686 4656 1842 4714 Asta-

258 4746 396 4799 rotlt.
424 4746 701 4819 Iratusque
726 4756 800 4802 est
828 4747 1083 4801 Dominus
1113 4759 1291 4799 con'ra
1326 4747 1515 4812 Israel,
1545 4757 1592 4801 et
1619 4750 1839 4805 tradidit

258 4852 345 4907 eos
375 4838 429 4890 in
457 4854 615 4891 manu
660 4836 872 4891 Chusan
926 4836 1231 4895 Rasathaim
1263 4839 1397 4907 regis
1424 4837 1836 4907 Mesopotamia,

256 4900 647 4997 servieruntque
694 4928 742 4981 ei
783 4938 896 4980 octo
950 4928 1123 4981 annis.
1182 4926 1407 4993 Quando
1455 4926 1699 4982 fecerunt
1744 4929 1838 4983 ﬁlii

256 5017 424 5073 Israel
454 5019 747 5090 malignum
775 5019 827 5072 in
857 5028 1145 5088 conspectu
1169 5019 1297 5083 Dei,
1329 5029 1383 5074 et
1410 5019 1559 5074 obliti
1586 5029 1710 5074 sunt
1739 5020 1843 5074 Do-

258 5110 392 5165 mini
422 5109 515 5164 Dei
546 5112 649 5172 sui,
682 5127 745 5165 ac
770 5111 1135 5179 relinquentes
1155 5127 1279 5165 eum
1308 5112 1610 5165 servierunt
1638 5113 1841 5166 Baalim

258 5210 315 5255 et
342 5200 478 5255 lucis
497 5202 795 5271 gentilium,
817 5210 943 5256 tunc
969 5203 1396 5257 lbesamizantes
1425 5203 1528 5257 sibi
1552 5205 1682 5272 ipsis
1706 5206 1839 5259 iram

261 5291 447 5347 traditi
492 5300 617 5346 sunt
637 5292 784 5359 justo
809 5294 905 5347 Dei
926 5292 1128 5360 judicio
1156 5293 1209 5346 in
1239 5307 1432 5347 manus
1474 5292 1836 5361 inimicorum,

214 5380 231 5389 ’
260 5383 557 5437 secundum
602 5384 718 5438 haec
756 5400 876 5454 qua:
925 5399 1165 5454 praesens
1208 5383 1368 5438 lectio
1407 5382 1718 5439 declaravit.
1770 5386 1838 5440 In

260 5489 470 5539 manus,
490 5476 681 5545 inquit,
704 5475 915 5530 Chusan
942 5476 1245 5530 Rasatliaim
1270 5475 1403 5545 regis
1425 5475 1832 5545 Mesopotamia'.

261 5564 648 5635 Interpretatur
689 5578 868 5621 autem
914 5566 1131 5621 Chusan
1182 5566 1497 5621 Rasathaim
1540 5567 1835 5621 humiliatio

191 5705 195 5708 .
261 5671 475 5712 eorum:
506 5657 689 5712 traditi
717 5666 837 5712 sunt
868 5673 998 5728 ergo
1023 5660 1074 5713 in
1103 5675 1294 5714 manus
1320 5659 1438 5728 ejus
1469 5659 1559 5729 qui
1586 5659 1836 5727 humilia-

1944 4561 2102 4616 ritate
2143 4561 2479 4627 miscentem,
2510 4572 2566 4617 et
2604 4563 2771 4633 ipsius
2814 4578 2987 4632 poena:
3034 4566 3250 4619 modum
3283 4566 3428 4635 justa
3460 4579 3518 4631 et

1945 4652 2195 4706 clementi
2242 4652 2560 4707 liberatione
2603 4661 2940 4722 pensantem.
2974 4652 3087 4707 Non
3111 4654 3164 4707 in
3193 4667 3513 4727 perpetuum

1944 4744 2169 4798 tradidit
2207 4744 2609 4813 delinquentes;
2656 4745 2750 4798 sed
2798 4752 3022 4813 quanto,
3048 4740 3239 4815 inquit,
3272 4755 3516 4819 tempore

1944 4836 2247 4891 servierunt
2280 4835 2504 4900 Baalim,
2537 4844 2687 4889 tanto
2712 4836 2951 4889 servient
2975 4835 3136 4890 etiam
3161 4835 3376 4894 Chusan
3408 4842 3516 4896 Ra.

1943 4926 2199 4991 sathaim,
2228 4926 2331 4981 hoc
2371 4934 2456 4981 est
2488 4934 2611 4980 octo
2639 4925 2814 4979 annis.
2848 4925 3004 4982 Disce
3030 4926 3145 4982 haec
3172 4936 3224 4983 et
3252 4938 3328 4996 tu,
3357 4946 3392 4985 o
3418 4949 3514 4986 an.

1943 5019 2103 5082 ditor,
2134 5018 2378 5088 quisquis
2420 5017 2507 5072 ille
2536 5033 2618 5081 es,
2644 5017 2734 5087 qui
2768 5017 2863 5072 tibi
2903 5019 3152 5075 conscius
3180 5035 3241 5076 es
3283 5022 3509 5090 alicujus

1942 5111 2165 5173 erroris,
2192 5119 2248 5165 et
2280 5119 2483 5181 quanto
2518 5119 2759 5180 tempore
2797 5126 3006 5166 errasse
3033 5120 3084 5167 te
3113 5115 3276 5177 nosti,
3306 5123 3508 5182 quanto

1942 5208 2182 5268 tempore
2229 5199 2520 5267 deliquisti,
2544 5206 2693 5252 tanto
2742 5199 3094 5255 nihilominus
3132 5208 3374 5269 tempore
3413 5201 3512 5253 hos

1942 5290 2087 5345 milia
2118 5291 2348 5360 teipsum
2376 5290 2429 5342 in
2459 5289 2589 5354 Deo,
2616 5298 2670 5343 et
2692 5289 2990 5345 satisfacito
3015 5291 3062 5344 ei
3090 5290 3142 5343 in
3171 5290 3510 5346 confeSsione

1939 5380 2287 5450 poenitentiae.
2338 5377 2453 5432 Non
2500 5388 2782 5447 exspectes
2830 5387 2892 5433 ut
2931 5378 3175 5433 bumiliet
3208 5387 3258 5433 te
3292 5379 3508 5440 Chusan

1940 5471 2277 5534 Rasathaim,
2306 5479 2361 5523 et
2387 5470 2557 5523 invito
2584 5470 2878 5524 necessitas
2906 5477 3223 5537 extorqueat
3246 5471 3510 5537 pmniten-

1939 5567 2089 5628 tiam,
2114 5565 2209 5620 sed
2258 5565 2370 5632 ipse
2412 5561 2645 5632 praeveni
2685 5560 2906 5616 tortoris
2944 5558 3101 5613 istius
3127 5574 3350 5623 manus;
3381 5561 3508 5629 quia

1939 5658 1984 5712 si
2011 5666 2063 5712 te
2088 5657 2201 5726 ipse
2225 5652 2614 5716 cmendaveris,
2638 5651 2686 5705 si
2716 5659 2767 5705 te
2794 5649 2906 5718 ipse
2929 5653 3259 5716 correxeris,
3277 5651 3399 5720 pius
3425 5656 3510 5706 est
