3996 6176
461 249 601 306 1127

1135 240 1198 295 Β.
1236 236 1490 293 RABANI
1530 233 1752 292 MAURI
1792 229 2109 287 ARCIIIEP.
2151 228 2460 285 MOGUNT.
2501 227 2790 284 OPERUM
2827 224 3007 282 PARS
3043 225 3085 280 ι.

3590 224 3739 284 1128

417 426 421 433 ,
459 371 603 425 Deus
624 374 680 422 et
704 364 1033 425 misericors,
1058 359 1149 429 qui
1170 358 1460 412 vindictam
1483 361 1744 423 temperet
1765 351 1832 404 ab
1857 364 1922 403 eo
1945 345 2035 415 qui
2064 348 2115 405 A
2140 360 2271 416 ergo
2306 356 2362 402 et
2410 347 2569 401 hodie
2599 346 2951 401 ecclesiarum
3000 345 3262 409 omnium,
3290 358 3415 413 qua:
3460 354 3589 399 sunt
3627 349 3742 401 sub

458 461 605 517 illam
647 453 958 528 paenitendo
1000 448 1261 520 praevenit
1306 445 1355 518 (1
1389 445 1511 500 Cor.
1544 443 1626 514 ιι).
1675 442 1780 497 Sed
1821 450 1876 496 et
1908 438 2039 493 illud

460 549 880 608 consideremus,
910 542 1035 609 quia
1074 539 1247 593 donec
1294 537 1560 591 servirent
1605 533 1824 588 Chusan
1868 531 2040 584 Rasa-

463 643 630 704 thaim
663 639 718 692 bi
744 636 836 705 qui
869 631 1049 688 traditi
1078 632 1294 685 fuerant
1322 642 1421 697 pro
1448 625 1673 685 delictis,
1704 633 1758 678 et
1787 637 1893 676 non
1926 620 2038 673 cla-

461 740 672 789 marent
694 730 759 782 ad
783 724 1083 784 Dominum,
1103 736 1262 775 nemo
1288 719 1580 774 suscitatus
1609 715 1803 783 estqui
1832 713 2041 767 salvare

460 837 554 877 eos
587 824 788 890 posset.
841 813 975 868 Cum
1025 826 1154 865 vero
1203 808 1573 863 clamaverunt
1612 804 1679 858 ad
1734 802 2037 879 Dominum,

463 889 601 965 tunc,
622 904 903 963 suscitavit
928 902 1185 956 Dominus
1212 899 1538 953 salvatorem
1562 893 1747 955 Israel,
1781 900 1835 945 et
1866 889 2041 944 salva-

460 1002 537 1054 vit
565 1015 678 1053 cos.
709 996 1040 1050 Salvatorem
1073 997 1251 1043 autem
1283 988 1416 1042 dicit
1448 984 1721 1049 Othoniel,
1751 983 1843 1052 qui
1874 982 2043 1036 inter-

460 1098 704 1161 pretatur
729 1097 926 1156 tempus
952 1083 1080 1137 milii
1123 1081 1232 1133 Dei.
1558 1156 1568 1169 \
1610 1077 1629 1096 ⁶

531 1180 599 1233 Et
653 1180 1009 1231 clamarerunt
1064 1171 1131 1224 ad
1180 1171 1483 1230 Dominum,
1512 1164 1601 1237 qui
1649 1165 1919 1219 suscitavit
1967 1164 2042 1218 eis

460 1268 795 1330 salvatorem,
825 1274 872 1318 et
905 1262 1135 1316 liberavit
1166 1276 1250 1313 eos
1271 1300 1285 1323 ,
1316 1256 1559 1310 Othoniel
1586 1256 1845 1318 videlicet,
1871 1253 2042 1321 ﬁlium

463 1360 650 1421 Cenes,
686 1358 901 1425 fratrem
927 1352 1082 1406 Caleb
1110 1351 1396 1412 minorem;
1424 1347 1624 1416 fuitque
1654 1346 1709 1398 in
1742 1361 1800 1397 eo
1826 1344 2041 1413 spiritus

461 1448 697 1510 Domini,
729 1456 774 1498 et
797 1443 1057 1514 judicavit
1099 1438 1301 1502 Israel;
1329 1454 1566 1507 egressas
1590 1445 1664 1489 est
1696 1435 1764 1487 ad
1789 1450 2038 1503 pugnam,

462 1552 508 1597 et
537 1537 752 1593 tradidit
780 1534 1036 1588 Dominus
1057 1532 1112 1584 in
1132 1546 1318 1583 manus
1340 1528 1454 1596 ejus
1477 1526 1689 1580 Cltusan
1711 1524 2035 1587 Rasathaim,

464 1645 631 1699 regem
663 1625 854 1695 Syria’,
888 1634 933 1676 et
968 1620 1219 1690 oppressit
1243 1633 1393 1681 eum;
1427 1616 1718 1686 quievitque
1746 1624 1886 1666 terra
1910 1630 2042 1678 qua-

2139 454 2299 503 cmto,
2335 452 2500 507 quam
2539 437 2757 507 plurimi
2798 436 3030 506 judices,
3068 437 3266 506 quibus
3304 436 3573 504 judicium
3620 455 3736 496 non

2140 533 2313 587 solum
2344 547 2524 586 rerum
2550 538 2827 601 gestarum
2847 530 3032 584 datum
3063 538 3167 591 est,
3193 530 3290 584 sed
3315 539 3370 585 et
3396 533 3734 589 animarum.

2143 621 2341 676 Verum
2371 621 2556 676 nescio
2585 621 2629 677 si
2657 621 2780 691 quis
2805 622 2875 676 sit
2902 622 3026 676 talis
3066 622 3327 677 Ecclesia:
3346 623 3541 693 judex,
3569 639 3735 693 quem

2141 713 2363 780 dignum
2412 710 2576 766 faciat
2619 713 2761 767 Deus
2805 713 2999 781 spiritu
3046 728 3146 767 suo
3192 712 3438 781 replere,
3484 725 3550 768 ut
3596 716 3739 770 sicut

2141 799 2390 857 Othoniel
2412 801 2536 865 iste,
2568 802 2875 856 testimonio
2888 800 3180 873 Scriptura:
3202 803 3491 857 decoratus
3520 815 3630 867 est,
3664 807 3741 860 ita

2142 892 2307 946 etiam
2334 892 2456 962 ipsi,
2482 892 2548 946 de
2578 892 2772 961 quibus
2797 894 2900 947 hoc
2929 902 3202 962 optamus,
3233 894 3327 948 Dei
3359 895 3741 950 testimonium

2142 991 2474 1038 mercantur.
2520 982 2611 1037 Ait
2637 998 2805 1053 ergo:
2831 983 2899 1037 Et
2943 984 3115 1053 factus
3155 992 3231 1046 est
3270 985 3490 1054 spiritus
3523 985 3742 1038 Domini

2142 1090 2299 1143 super
2324 1090 2465 1137 eum,
2494 1081 2544 1126 et
2576 1074 2836 1142 judicavit
2867 1073 3059 1137 Israel,
3088 1082 3136 1126 et
3172 1074 3298 1127 exiit
3331 1074 3404 1128 ad
3436 1074 3659 1136 bellum,
3691 1085 3741 1129 et

2143 1165 2361 1217 tradidit
2406 1164 2664 1218 Dominus
2691 1165 2745 1217 in
2775 1182 2960 1219 manus
3000 1165 3116 1234 ejus
3161 1165 3374 1221 Clmsan
3418 1167 3739 1221 Rasathaim

2145 1270 2334 1325 regem.
2368 1256 2545 1321 Quare
2576 1255 2711 1309 hoc?
2754 1254 2890 1320 Quia
2918 1257 3141 1325 spiritus
3172 1256 3384 1312 Domini
3411 1267 3537 1312 erat
3564 1258 3620 1312 in
3649 1273 3739 1320 eo.

2145 1354 2198 1398 et
2245 1346 2549 1399 confortata
2579 1354 2659 1399 est
2708 1360 2901 1399 manus
2939 1345 3057 1414 ejus
3101 1363 3262 1417 super
3302 1347 3523 1403 Cbusan
3558 1349 3737 1403 Rasa-

2146 1436 2334 1491 tbaim.
2378 1436 2447 1491 Et
2472 1444 2593 1506 post
2622 1436 2738 1490 htec
2765 1436 2895 1490 dicit
2937 1438 3063 1507 quia
3100 1437 3306 1508 quievit
3344 1447 3489 1492 terra
3534 1440 3642 1493 sub
3673 1454 3740 1492 eo

2136 1528 2321 1597 judice
2365 1528 2722 1599 quadraginta
2753 1529 2930 1583 annis.
2967 1529 3128 1583 Vides
3167 1545 3330 1600 quam
3361 1528 3510 1599 larga
3541 1540 3631 1584 est
3658 1531 3739 1585 di—

2144 1618 2269 1672 vina
2297 1618 2615 1673 clementia?
2635 1616 2772 1673 Octo
2798 1618 2955 1672 annis
2985 1617 3077 1672 filii
3105 1618 3267 1672 Israel
3298 1619 3610 1673 servierunt
3638 1635 3742 1689 pro

462 1686 727 1789 drizgintav
742 1686 915 1769 annis.
1077 1712 1220 1764 hunc
1249 1705 1499 1764 Othoniel
1525 1705 1672 1774 prior
1702 1703 1790 1758 ille
1814 1703 2042 1773 populus
2070 1686 2117 1744 Β
2146 1708 2436 1763 multorum
2479 1708 2726 1773 delictis;
2756 1709 3111 1778 quadraginta
3142 1724 3315 1763 annos
3343 1724 3442 1779 pro
3464 1686 3742 1779 uniusvju-

464 1812 531 1866 de
576 1810 837 1866 servitute
884 1803 1203 1860 humilitatis
1231 1808 1449 1868 ereptus
1488 1810 1591 1861 est,
1640 1805 1695 1851 et
1729 1795 1934 1850 reddita
1962 1802 2046 1848 est

463 1917 569 1972 pax
596 1899 810 1969 populo,
838 1911 999 1966 quam
1041 1893 1291 1963 superbia
1316 1892 1513 1947 dudum
1551 1898 1604 1944 et
1634 1890 1845 1943 diversa
1874 1886 2046 1956 plebis

463 1991 707 2046 facinora
754 1988 1025 2058 fugavere.
1075 1984 1273 2038 Verum
1320 1981 1578 2053 quoniam
1608 1979 1845 2034 diximus
1889 1977 2047 2046 spiri-

465 2083 665 2138 tualem
694 2080 980 2150 quemdam
1017 2092 1175 2146 posse
1215 2073 1440 2145 intelligi
1481 2071 1699 2143 Chusan
1730 2068 2044 2123 Rasathaim

467 2186 672 2241 regem,
700 2178 757 2224 ct
792 2182 956 2222 unum
984 2167 1049 2220 de
1075 2164 1402 2220 adversariis
1438 2171 1493 2217 et
1516 2162 1660 2216 aeris
1685 2159 2046 2231 potestatibus

464 2262 789 2332 principem,
814 2258 884 2312 ita
906 2270 1243 2325 consequens
1270 2254 1400 2309 mihi
1429 2253 1659 2318 videtur,
1686 2252 1851 2305 etiam
1879 2247 2047 2304 Otho-

466 2350 661 2405 nielcm
690 2350 875 2413 istum,
907 2347 1000 2417 qui
1045 2347 1113 2402 ad
1142 2345 1478 2400 liberandum
1524 2341 1777 2412 populum
1816 2339 2046 2396 suscita-

466 2448 555 2492 tus
601 2444 716 2501 est,
744 2450 862 2491 esse
907 2449 1073 2489 unum
1121 2433 1355 2501 aliquem
1404 2431 1470 2485 de
1517 2428 1706 2483 militia
1740 2426 1946 2482 caelesti
1991 2432 2047 2481 et

466 2528 860 2598 archangelicis
887 2526 1098 2589 turmis,
1129 2526 1217 2595 qui
1247 2524 1316 2577 ad
1360 2520 1738 2576 adminiculum
1767 2521 2047 2574 mittuntur

467 2637 681 2685 eorum,
713 2620 803 2688 qui
838 2616 1195 2671 Itwreditatem
1236 2616 1447 2685 capiunt
1488 2612 1677 2666 salutis
1708 2610 1866 2682 (Heb.
1900 2610 1964 2681 ι),
1989 2618 2045 2665 et

467 2720 592 2766 sunt
620 2708 796 2779 angeli
840 2707 1137 2762 salvatores
1161 2746 1176 2770 ,
1202 2705 1294 2775 qui
1323 2713 1379 2759 et
1405 2704 1459 2757 iu
1487 2702 1787 2758 Othonielis
1820 2711 1876 2755 et
1903 2700 2022 2756 Aod

466 2802 649 2873 specie
701 2801 1083 2872 designantur;
1113 2797 1263 2866 quia,
1308 2796 1448 2851 sicut
1491 2809 1631 2864 saepe
1684 2791 2040 2855 ostendimus,

467 2911 576 2950 non
623 2893 798 2949 solum
824 2907 854 2946 a
881 2889 1169 2946 contrariis
1196 2885 1485 2941 virtutibus
1519 2885 1917 2955 impugnamur,
1950 2881 2045 2936 sed

465 2994 524 3041 et
551 2964 746 3040 divina:
790 2984 1055 3052 boumque
1104 2980 1330 3035 virtutes
1380 2977 1448 3033 ad
1494 2975 1754 3031 auxilium
1799 2984 2044 3031 nostrum

469 3075 760 3149 mittuntur
789 3088 818 3126 a
846 3071 1094 3127 Domino.
1152 3070 1442 3146 Videamus
1492 3073 1673 3121 tamen
1717 3065 1840 3136 quis
1881 3064 2042 3119 fuerit

452 3164 573 3234 iste
599 3161 872 3227 Othoniel,
889 3159 1043 3229 cujus
1066 3158 1303 3223 familiai,
1320 3156 1471 3226 cujus
1493 3155 1819 3211 nobilitatis?
1845 3153 2043 3221 Filius,

471 3254 674 3323 inquit,
701 3250 890 3315 Cenes,
923 3250 1087 3319 frater
1114 3247 1292 3313 Caleb,
1316 3248 1460 3302 illius
1478 3246 1763 3302 laudabilis
1790 3254 1845 3301 et
1874 3244 2047 3299 admiv

471 3343 626 3399 randi
681 3341 780 3395 viri
826 3338 1030 3402 Caleb,
1079 3337 1171 3406 qui
1212 3336 1314 3390 fuit
1355 3352 1539 3391 comes
1579 3343 1636 3391 et
1686 3336 1864 3391 socius
1917 3333 2045 3389 Jesu

470 3432 649 3497 Nave,
694 3431 761 3486 de
798 3443 936 3500 quo,
966 3435 1127 3497 prout
1173 3427 1484 3498 potuimus,
1527 3426 1583 3480 iu
1627 3426 1739 3481 suis
1767 3425 1900 3480 locis
1927 3440 2047 3494 quae

470 3524 586 3579 visa
634 3528 760 3577 sunt
805 3518 1178 3574 disseruimus.
1226 3515 1366 3583 Quid
1411 3532 1540 3587 ergo
1589 3516 1719 3571 dicit
1767 3513 2046 3583 Scriptura

471 3618 540 3673 de
586 3617 691 3671 isto
739 3612 1025 3670 Othoniel?
1068 3621 1420 3682 posteaquam
1467 3611 1629 3675 dixit,
1679 3610 1804 3681 quia
1848 3608 2046 3663 clama-

470 3720 650 3766 uerunt
711 3709 810 3780 filii
863 3706 1036 3763 Israel
1088 3706 1159 3760 ad
1199 3705 1517 3769 Dominum,
1568 3704 1739 3773 factus
1799 3712 1914 3769 est,
1966 3702 2051 3756 in-

472 3800 609 3871 quit,
663 3800 877 3869 spiritus
931 3796 1142 3851 Domini
1192 3810 1348 3866 super
1390 3791 1653 3858 Othoniel,
1695 3802 1744 3846 et
1788 3792 2048 3862 judicavit

472 3889 664 3945 Israel.
712 3888 875 3944 Putas
913 3898 998 3943 est
1031 3887 1085 3941 in
1110 3886 1283 3940 'nobis
1319 3884 1533 3954 aliquis,
1566 3884 1660 3954 qui
1690 3883 1774 3957 ita
1811 3882 2049 3937 validum

473 3989 531 4035 et
556 3980 627 4034 ita
652 3979 855 4049 justum
882 3977 1169 4033 clamorem
1197 3974 1409 4029 emittat
1436 3973 1503 4027 ad
1530 3973 1698 4027 Deum
1723 4011 1738 4035 ,
1768 3980 1827 4025 ut
1857 3971 2050 4042 dignus

475 4071 548 4127 sit
573 4069 838 4134 exaudiri,
865 4078 922 4123 et
949 4074 1222 4122 mereatur
1248 4065 1478 4135 populus
1506 4065 1751 4134 accipere
1786 4063 2046 4134 judicem,

474 4172 530 4219 et
555 4161 716 4216 talem
735 4159 974 4229 judicem
1001 4170 1160 4228 quem
1185 4155 1408 4225 spiritus
1434 4154 1528 4208 Dei
1551 4154 1772 4224 repleat,
1803 4163 1862 4208 ut
1882 4154 2054 4224 possit

476 4262 686 4309 rectum
719 4262 903 4306 tenere
918 4247 1214 4319 judicium?
1240 4247 1383 4302 unde
1411 4255 1467 4301 et
1492 4246 1629 4302 liber
1661 4247 1777 4316 ipse
1797 4245 2050 4300 Iudicum

2148 1800 2292 1855 stitia
2338 1800 2392 1853 in
2440 1815 2573 1868 pace
2617 1800 2933 1869 perdurant.
2984 1798 3354 1870 Quadraginta
3382 1815 3556 1854 annos
3581 1802 3742 1869 quie-

2147 1889 2287 1943 visse
2346 1897 2543 1941 terram
2597 1887 2972 1957 promissionis
3020 1903 3052 1940 a
3092 1887 3247 1942 bellis
3297 1888 3396 1942 sub
3447 1885 3742 1943 Othonicle

2140 1977 2326 2046 judice
2351 1978 2628 2049 Scriptura
2656 1988 3174 2048 testatur,quautum
3214 1980 3474 2050 temporis
3501 1981 3743 2050 primor-

2147 2068 2234 2122 dia
2265 2068 2491 2122 Romani
2519 2068 2729 2138 imperii
2750 2070 2848 2123 sub
2868 2068 3041 2123 Numa
3064 2068 3328 2139 Pompilio
3356 2071 3741 2124 tantummodo

2147 2175 2275 2227 rege
2301 2168 2489 2229 pacata
2522 2160 2720 2214 habere
2748 2167 3056 2228 potuerunt.
3095 2159 3202 2213 Sed
3229 2160 3358 2230 quid
3389 2159 3591 2213 dicitur
3615 2168 3740 2228 post

2146 2252 2297 2306 lucc?
2342 2252 2411 2305 Et
2440 2252 2716 2321 defunctus
2744 2263 2839 2316 est,
2871 2253 3065 2322 inquit,
3100 2251 3345 2306 Othoniel
3370 2252 3517 2320 ﬁlius
3543 2250 3736 2307 Cenez.

2149 2341 2281 2396 Rem
2335 2343 2494 2397 video
2540 2341 2917 2411 periculosam.
2978 2342 3273 2398 Defunctus
3317 2352 3402 2397 est
3456 2341 3735 2397 Othoniel.

2147 2434 2361 2501 Quare?
2391 2434 2527 2502 Quia
2542 2434 2656 2505 jam
2676 2435 2930 2505 indignus
2956 2443 3078 2490 erat
3104 2435 3353 2505 populus,
3384 2436 3479 2505 qui
3508 2435 3739 2489 haberet

2140 2522 2380 2592 judicem
2414 2525 2594 2581 talem.

2222 2615 2461 2686 Denique
2496 2616 2549 2670 in
2601 2617 3060 2685 consequentibus
3112 2616 3242 2671 dicit
3288 2617 3382 2672 illo
3421 2617 3681 2673 defuncto
3716 2635 3730 2671 :

2146 2705 2217 2759 Et
2266 2706 2590 2776 adjecerunt,
2643 2706 2838 2775 inquit,
2878 2706 2978 2775 ﬁlii
3026 2705 3198 2760 Israel
3226 2708 3399 2776 facere
3441 2708 3644 2762 malum
3684 2709 3738 2760 in

2148 2805 2426 2866 conspectu
2458 2795 2688 2849 Domini.

2761 2907 2989 2965 CAPUT
3039 2909 3106 2964 X.

2073 3029 2117 3091 ρ
2149 3017 2229 3074 De
2280 3036 2341 3073 eo
2390 3019 2530 3091 quod
2568 3029 2863 3091 peccantem
2915 3020 3087 3075 Israel
3120 3022 3337 3077 tradidit
3374 3023 3638 3078 Dominus
3680 3026 3737 3077 in

2218 3106 2380 3160 manu
2404 3089 2577 3160 Eglon
2611 3091 2744 3160 regis
2775 3089 2953 3160 Moab,
2983 3091 3075 3144 sed
3099 3109 3186 3146 eos
3218 3096 3413 3147 iterum
3434 3095 3735 3147 misericor-

2217 3159 2354 3212 diter
2400 3158 2636 3221 liberavit
2669 3158 2772 3229 'per
2814 3158 2962 3225 Aod,
3013 3161 3183 3229 ﬁlium
3220 3162 3424 3229 Hierte,
3457 3164 3733 3217 ambidex-

2216 3237 2375 3292 trum,
2400 3228 2491 3299 qui
2512 3228 2773 3300 interfecit
2797 3229 2990 3300 Eglon.

2218 3338 2395 3411 (ιβιδ.)
2422 3339 2491 3393 Et
2511 3340 2824 3410 confortavit
2851 3340 3105 3396 Dominus
3127 3342 3318 3414 Eglon,
3354 3360 3527 3414 regem
3553 3343 3733 3408 Moab,

2149 3431 2424 3486 adversum
2448 3431 2640 3485 Israel.
2669 3431 2962 3488 Considera
2986 3435 3113 3503 quia
3139 3450 3238 3503 pro
3264 3450 3330 3490 eo
3354 3436 3500 3503 quod
3530 3435 3736 3505 indigni

2147 3530 2303 3578 erant
2346 3520 2460 3591 jam
2492 3523 2693 3578 habere
2740 3524 3035 3594 principem
3087 3526 3270 3591 talem,
3316 3536 3606 3596 propterea
3641 3544 3737 3581 au-

2149 3613 2321 3667 fertur
2370 3614 2439 3669 ab
2473 3613 2553 3668 eis
2600 3614 2775 3669 bonus
2824 3614 3022 3684 judex;
3078 3624 3133 3670 et
3167 3632 3291 3685 quia
3331 3615 3579 3672 fecerunt
3623 3633 3738 3672 ma-

2148 3701 2354 3772 lignum
2408 3702 2463 3756 in
2505 3710 2801 3772 conspectu
2842 3703 3079 3769 Domini,
3110 3705 3381 3760 excitatur
3434 3706 3513 3760 eis
3562 3706 3738 3761 hostis

2149 3793 2439 3863 pessimus,
2468 3792 2658 3863 Eglon,
2692 3808 2787 3847 rex
2818 3793 2992 3847 Moab.
3023 3795 3184 3850 Vides
3212 3796 3339 3865 quia
3387 3805 3573 3851 nostra
3610 3812 3738 3866 pec-

2150 3893 2271 3938 cata
2302 3883 2446 3937 vires
2466 3883 2712 3938 hostibus
2733 3884 3002 3952 praebent;
3045 3893 3101 3939 et
3133 3885 3350 3954 quando
3386 3901 3485 3940 nos
3504 3885 3737 3941 facimus

2152 3975 2445 4045 malignam
2502 3973 2557 4027 in
2611 3982 2901 4043 conspectu
2955 3975 3195 4040 Domini,
3246 3987 3302 4029 et
3348 3975 3734 4046 delinquimus,

2155 4074 2281 4119 tunc
2319 4071 2709 4118 convertuntur
2733 4079 2764 4116 a
2792 4063 3020 4119 Domino
3046 4064 3345 4119 adversarii
3370 4068 3566 4131 nostri,
3607 4077 3736 4122 tunc

2153 4155 2299 4209 vires
2342 4153 2631 4208 contrariis
2665 4155 2881 4209 dantur.
2921 4153 3036 4209 IIoc
3085 4155 3199 4209 sive
3256 4156 3556 4210 secundum
3596 4156 3737 4210 litte-

2155 4259 2273 4298 ram
2299 4258 2531 4313 quzeras,
2571 4243 2646 4297 ita
2694 4243 2958 4305 invenies.
3003 4244 3129 4312 quia
3162 4259 3272 4299 non
3300 4243 3734 4310 invalescerent;

477 4346 696 4410 dicitur,
720 4351 775 4397 et
814 4341 1195 4396 describuntur
1222 4339 1276 4392 in
1303 4353 1369 4393 eo
1408 4337 1619 4408 judices
1645 4338 1736 4408 qui
1774 4337 2055 4407 judicave-
2075 4376 2128 4435 D
2155 4337 2268 4391 sive
2321 4336 2375 4389 in
2427 4321 2704 4404 spiritibus
2753 4334 3093 4400 consideres,
3152 4333 3401 4388 similiter
3449 4338 3736 4391 contrariae

477 4442 605 4490 runt
631 4433 906 4504 populum.
934 4430 1088 4485 Sicut
1115 4430 1259 4483 enim
1283 4429 1373 4483 alii
1394 4429 1518 4484 libri
1560 4428 1760 4499 Regum
1800 4429 2052 4483 dicuntur

477 4526 562 4580 vel
610 4525 938 4595 Regnorum,
969 4522 1023 4576 in
1076 4521 1271 4590 quibus
1317 4520 1639 4575 describitur
1680 4521 2053 4590 unusquisque

481 4630 667 4684 regum
697 4613 966 4683 quomodo
1009 4610 1316 4681 regnaverit
1349 4618 1404 4663 et
1432 4610 1561 4679 quid
1586 4610 1789 4681 egerit,
1820 4609 1894 4663 ita
1916 4618 1970 4664 et
1998 4610 2051 4664 in

481 4705 583 4759 hoc
612 4704 790 4759 libello
828 4712 978 4775 gesta
1011 4702 1253 4771 judicum
1295 4700 1622 4765 referuntur,
1647 4708 1704 4755 et
1732 4700 2054 4755 describitur

482 4813 590 4851 non
620 4797 791 4850 solum
815 4797 859 4851 si
886 4796 1013 4865 quid
1040 4796 1107 4849 ab
1132 4795 1213 4849 eis
1239 4803 1384 4849 recte
1408 4802 1463 4848 et
1485 4792 1690 4848 utiliter
1710 4801 1920 4863 gestum
1945 4802 2049 4860 est,

481 4904 669 4944 verum
697 4896 752 4942 et
780 4888 825 4942 si
850 4889 977 4958 quid
1007 4887 1345 4957 culpabiliter
1379 4887 1671 4942 admissum
1703 4895 1805 4941 est.
1834 4886 1944 4940 Cur
1980 4895 2053 4940 ta-

482 4994 603 5033 men
652 4984 940 5043 utrumque
983 4966 1309 5046 descriptum
1345 4976 1416 5030 sit
1441 4976 1487 5030 si
1518 4974 1776 5044 requiris,
1804 4985 1866 5031 ut
1910 4992 2054 5031 nunc

482 5068 737 5125 Ecclesia:
763 5065 1030 5135 principes
1053 5065 1138 5119 vel
1161 5065 1368 5135 judices
1385 5065 1724 5134 pervidentes
1753 5079 1816 5119 ea
1841 5081 1961 5134 qua:
1985 5064 2054 5118 ab

486 5161 570 5215 bis
594 5156 930 5213 laudabiliter
953 5162 1103 5226 gesta
1127 5164 1270 5221 sunt,
1285 5157 1526 5225 priorum
1548 5165 1847 5226 sequantur
1875 5170 2057 5211 exem-

481 5250 599 5320 pla;
626 5249 669 5303 si
699 5263 804 5318 qua
832 5262 960 5302 vero
991 5246 1044 5299 in
1068 5244 1174 5299 illis
1201 5245 1501 5314 culpantur,
1536 5255 1596 5300 ut
1633 5247 1723 5301 isti
1751 5254 1976 5301 caveant
1998 5254 2053 5301 et

485 5341 771 5396 declinent.
803 5337 992 5409 Magna
1021 5351 1151 5407 ergo
1170 5335 1288 5391 laus
1308 5336 1464 5407 primi
1490 5335 1648 5405 huius
1664 5337 1863 5407 judicis
1887 5336 2054 5392 Otho-

422 5480 427 5499 ,
484 5433 593 5488 niel
649 5432 919 5496 refertur,
950 5430 1093 5501 quod
1144 5429 1368 5499 spiritus
1417 5429 1513 5484 Dei
1563 5428 1736 5484 factus
1770 5437 1854 5484 est
1897 5445 2059 5500 super

487 5535 634 5584 eum,
661 5527 717 5574 et
741 5535 839 5589 per
868 5521 1115 5590 spiritum
1150 5519 1244 5574 Dei
1267 5518 1547 5590 judicabat
1572 5516 1759 5584 Israel,
1787 5520 1930 5589 quod
1958 5535 2059 5587 ego

489 5609 557 5664 de
586 5609 692 5665 alio
735 5612 965 5680 quodam
1014 5613 1213 5669 dictum
1262 5628 1369 5670 non
1420 5611 1573 5668 valde
1625 5612 1862 5668 memini.
1924 5614 2060 5671 Sunt

2155 4428 2385 4481 virtutes
2427 4440 2533 4479 non
2573 4424 2962 4479 invalescerent
2997 4423 3279 4478 adversum
3317 4439 3437 4489 nos,
3473 4441 3579 4479 nec
3624 4427 3737 4497 ipse

2155 4519 2401 4576 diabolus
2451 4519 2507 4573 in
2544 4517 2700 4573 nobis
2727 4517 2930 4587 aliquid
2965 4516 3304 4586 praevaleret,
3362 4519 3467 4573 uisi
3511 4520 3564 4573 ei
3595 4521 3737 4573 vires

2156 4626 2222 4666 ex
2252 4612 2454 4667 nostris
2490 4610 2638 4664 vitiis
2666 4609 3068 4678 praeberemus;
3113 4607 3268 4663 valde
3301 4607 3554 4665 infirmus
3591 4621 3734 4666 esset

2156 4703 2444 4757 adversum
2483 4716 2601 4764 nos,
2639 4699 2743 4753 nisi
2813 4713 2912 4753 nos
2958 4713 3083 4751 eum
3117 4696 3312 4752 fortem
3352 4700 3407 4752 in
3460 4702 3736 4770 peccando

2156 4793 2479 4856 faceremus,
2531 4799 2587 4845 et.
2626 4790 2728 4844 nisi
2781 4805 2877 4859 per
2919 4797 3143 4859 peccata
3191 4790 3605 4860 nostradocum
3653 4793 3734 4849 iu-

2161 4883 2409 4939 troeundi
2438 4892 2492 4938 et
2521 4881 2831 4937 dominandi
2857 4881 3122 4935 inveniret
3158 4881 3213 4935 in
3236 4881 3410 4936 nobis.
3438 4881 3732 4952 Propterea

2161 4975 2393 5044 denique
2430 4983 2485 5028 et
2510 4972 2797 5042 Apostolus
2846 4982 3140 5042 praemonet
3178 4956 3404 5028 diceus‘:
3439 4973 3621 5029 Nolite
3653 4977 3735 5030 ιο.

2161 5082 2280 5119 cum
2315 5064 2443 5117 dare
2472 5062 2680 5117 diabolo
2713 5062 2927 5134 (Epltes.
2975 5061 3071 5130 iv).
3107 5063 3260 5118 Sicut
3285 5073 3339 5117 et
3362 5065 3460 5118 hic
3475 5067 3637 5121 modo
3660 5066 3737 5122 le—

2162 5156 2359 5227 gimus,
2399 5155 2522 5224 quia
2573 5162 2924 5223 posteaquam
2976 5152 3221 5207 fecerunt
3252 5154 3347 5208 filii
3396 5153 3561 5211 Israel
3615 5174 3734 5212 ma-

2162 5247 2365 5318 lignum
2388 5247 2441 5300 in
2464 5254 2752 5315 conspectu
2777 5244 3011 5308 Domini,
3033 5245 3208 5299 locum
3223 5246 3486 5301 dederunt
3500 5248 3734 5305 diabolo.

2162 5339 2501 5397 Confortavit
2539 5338 2683 5394 enim
2733 5337 2989 5417 Dominus
3038 5338 3227 5409 Eglon,
3256 5354 3438 5408 regem
3477 5340 3652 5403 Moab,
3683 5352 3738 5401 et

2166 5431 2407 5501 adjuuxit
2448 5431 2496 5486 ei
2538 5446 2726 5486 omnes
2778 5431 2916 5486 filios
2963 5431 3139 5486 Amon
3184 5439 3239 5486 et
3278 5431 3559 5487 Amalech.
3619 5433 3736 5487 Non

2166 5524 2364 5588 solum,
2396 5522 2590 5592 inquit,
2618 5523 2731 5592 ipse
2764 5521 3101 5576 confortatus
3121 5529 3203 5576 est
3229 5536 3295 5576 ex
3322 5522 3560 5591 peccatis
3604 5521 3738 5575 tilio-

2169 5629 2288 5669 rum
2334 5614 2521 5680 Israel,
2567 5613 2658 5668 sed
2691 5619 2745 5667 et
2771 5610 3137 5682 adjunguntur
3161 5612 3210 5668 ei
3258 5613 3394 5669 socii
3415 5623 3735 5683 nequamcx
