3996 6176
310 298 441 352 “29

1257 300 1606 357 COMMENT.
1648 299 1714 354 Ili
1750 297 1878 352 LIB.
1921 299 2233 352 JUDICUM.
2275 329 2342 338 --
2380 298 2508 354 LIB.
2543 300 2585 356 I.

3416 306 3551 361 11ῖο

303 410 428 465 ﬁliis
452 411 680 465 Ammon
711 421 764 468 et
791 413 1082 479 Amalech,
1117 418 1206 485 qui
1231 433 1353 472 cum
1381 419 1497 487 ipso
1525 419 1729 486 pariter
1772 418 1869 470 im-
1898 413 1948 471 Λ
1973 426 2094 479 (IlI-"0
2122 413 2348 466 vastatus
2382 411 2652 484 Egyptiis
2685 423 2740 468 et
2768 417 3073 485 prostratis,
3123 418 3263 473 filios
3285 418 3453 475 Israel
3484 420 3552 476 de

299 513 541 574 pugnent
578 505 759 560 Israel.
828 507 893 560 Et
954 510 1259 573 servierunt,
1312 510 1507 579 inquit,
1548 509 1647 577 ﬁlii
1704 507 1874 561 Israel

300 593 498 664 Eglon,
548 598 654 665 regi
687 596 861 660 Moab,
907 600 1196 667 quindecim
1236 601 1406 653 annis.
1464 600 1701 654 Observa
1751 599 1878 667 quia

301 683 473 736 etiam
504 699 783 738 mensuras
810 700 981 753 poma:
1017 687 1218 742 indicat
1248 689 1527 758 Scriptura
1560 688 1772 752 divina;
1805 687 1876 740 ibi

301 781 427 825 octo
456 774 632 835 annis,
679 782 733 827 et
771 775 855 827 hic
882 775 1067 829 decem
1094 785 1148 830 et
1174 777 1412 847 quinque
1462 777 1612 831 dicit.
1654 777 1877 830 Certum

303 871 388 916 est
418 872 596 916 autem
640 864 783 933 quod
816 868 1109 921 secundum
1164 869 1369 936 peccati
1421 869 1635 922 modum
1663 875 1717 921 et
1749 882 1879 921 cou-

303 953 628 1011 versationis
657 962 856 1008 nostra:
884 972 1111 1021 moram,
1156 959 1320 1012 etiam
1350 958 1721 1028 castigationis
1748 966 1878 1011 tem-

302 1059 434 1113 pora
467 1046 846 1100 terminantur.
878 1048 1231 1104 Transierunt
1268 1053 1411 1106 enim
1468 1053 1554 1105 isti
1608 1052 1794 1105 decem
1824 1059 1881 1104 et

305 1135 543 1202 quinque
560 1136 691 1188 anni
723 1136 1022 1203 servitutis,
1054 1147 1110 1193 et
1157 1155 1262 1194 non
1292 1138 1548 1203 refertur,
1581 1140 1724 1208 quod
1772 1139 1881 1193 cla-

305 1228 576 1280 ntuvcriut
621 1228 687 1281 ad
717 1228 1025 1293 Dominum,
1062 1230 1149 1284 vel
1184 1232 1432 1285 conversi
1462 1232 1571 1286 sint
1608 1247 1638 1284 a
1674 1230 1879 1286 malitia

305 1334 434 1377 sua;
470 1318 562 1371 sed
606 1327 725 1386 post
764 1319 949 1374 decem
991 1329 1045 1375 et
1072 1323 1309 1391 quinque
1337 1337 1506 1377 annos
1529 1323 1723 1377 iterum
1749 1323 1880 1376 dici-

306 1418 410 1471 tur,
457 1409 582 1476 quia
617 1408 991 1464 elamaverunt
1029 1411 1121 1465 ﬁlii
1173 1411 1339 1466 Israel
1370 1413 1435 1466 ad
1464 1413 1770 1475 Dominum,
1827 1420 1881 1464 et

304 1499 587 1552 suscitavit
642 1500 720 1552 eis
760 1500 1016 1555 Dominus
1056 1503 1198 1556 Deus
1248 1503 1573 1557 salvatorem
1619 1502 1783 1565 Aoth,
1820 1501 1880 1554 ﬁ-

303 1591 433 1644 lium
485 1591 645 1655 Cera,
679 1591 772 1646 ﬁlii
797 1591 1013 1657 Jcmini,
1046 1593 1223 1648 virum
1280 1596 1696 1649 ambidextrum.
1740 1594 1880 1648 Ecce

303 1683 480 1751 qualis
528 1692 610 1739 est
642 1686 744 1738 iste
778 1685 869 1752 qui
901 1686 1196 1740 suscitatur
1242 1688 1309 1741 ad
1338 1687 1652 1741 salvandum
1679 1686 1872 1741 Israel!

304 1774 450 1829 Nihil
488 1776 648 1830 habet
677 1776 729 1829 in
772 1791 831 1831 se
860 1777 1162 1842 sinistrum,
1195 1778 1289 1832 sed
1329 1774 1612 1846 utramque
1662 1792 1881 1831 manum
1907 1752 1955 1810 Β

303 1866 552 1919 dextram
605 1866 800 1930 habet;
850 1868 954 1921 hoc
999 1876 1085 1922 est
1111 1868 1256 1922 enim
1285 1869 1430 1937 quod
1463 1868 1662 1922 dicitur
1711 1867 1883 1921 ambi-

302 1951 515 2011 dexter.
544 1956 743 2026 Dignus
764 1973 891 2012 vere
923 1958 1103 2028 populi
1126 1960 1397 2029 princeps,
1425 1969 1480 2014 et
1508 1958 1761 2013 Ecclesia:
1787 1958 1880 2028 ju-

304 2046 433 2108 dex,
456 2045 548 2115 qui
574 2046 703 2100 nihil
721 2048 1163 2115 agatsinistrum,
1193 2048 1346 2117 cujus
1367 2049 1509 2118 quod
1535 2049 1647 2119 agit
1666 2048 1879 2112 dextra,

304 2137 513 2192 nesciat
545 2137 786 2201 sinistra,
815 2139 868 2192 in
894 2146 1300 2209 ntraqueparte
1342 2149 1443 2203 est,
1478 2140 1532 2194 in
1561 2139 1665 2194 ﬁde
1694 2138 1884 2193 dexter

299 2244 410 2300 est,
439 2236 493 2290 in
545 2236 756 2291 actibus
796 2236 987 2291 dexter
1028 2244 1131 2298 est,
1172 2236 1303 2291 nihil
1336 2237 1495 2291 habet
1547 2238 1614 2289 de
1655 2234 1761 2289 illis
1789 2234 1882 2304 qui

306 2329 643 2383 collocantur
671 2344 701 2382 a
746 2328 1002 2391 sinistris,
1034 2329 1229 2397 quibus
1264 2328 1464 2382 dicitur
1496 2342 1510 2381 :
1540 2325 1801 2380 Discedite
1850 2341 1883 2377 a

300 2436 408 2483 me,
441 2420 666 2489 operarii
700 2419 1016 2489 iniquitatis,
1044 2420 1214 2473 nescio
1257 2436 1344 2473 vos
1370 2418 1388 2490 (
1408 2419 1538 2474 Luc.
1601 2419 1747 2485 xm).
1802 2415 1883 2469 Ile

306 2508 362 2561 in
389 2509 557 2578 ignem
588 2518 857 2571 tetermtm,
888 2525 1038 2579 quem
1080 2509 1396 2578 prmparavit
1435 2508 1575 2561 Deus
1602 2505 1809 2560 diabolo
1836 2514 1883 2559 et

308 2599 509 2667 angelis
548 2598 661 2661 eius
705 2597 919 2669 (Matth.
952 2597 1103 2668 xxv).
1140 2597 1294 2664 Quod
1345 2597 1554 2651 scilicet
1593 2596 1646 2649 in
1685 2594 1884 2649 talibus

308 2697 366 2743 et
406 2689 568 2744 simili
613 2703 941 2757 praasmnere
970 2697 1122 2759 puto,
1171 2688 1315 2757 quod
1343 2687 1636 2742 secundum
1671 2686 1887 2755 spirita-

306 2781 418 2835 lem
458 2780 888 2850 intelligentiam,
920 2791 976 2836 et
1010 2782 1181 2835 sancti
1213 2795 1401 2835 omnes
1438 2779 1761 2835 ambidextri
1806 2779 1886 2833 di-

305 2879 525 2934 cantur,
555 2879 610 2924 et
636 2887 667 2926 e
690 2872 965 2925 contrario
1003 2871 1249 2926 diabolus
1275 2878 1330 2925 et
1362 2870 1638 2940 principes
1660 2866 1800 2938 ejus,
1838 2871 1883 2924 si

309 2963 416 3018 dici
445 2971 640 3032 potest,
671 2963 1024 3018 ambisinistri
1052 2964 1307 3018 dicuntur
1336 2982 1349 3016 :
1380 2970 1550 3017 totum
1572 2962 1714 3016 enim
1740 2961 1886 3031 quod

304 3064 481 3125 agunt
526 3054 802 3109 sinistrum
841 3061 943 3117 est,
979 3060 1147 3108 totum
1174 3067 1513 3124 perversum,
1552 3060 1722 3107 totum
1773 3052 1882 3122 igni

304 3157 516 3199 {eterna
545 3161 670 3200 cum
697 3146 783 3200 his
804 3147 893 3215 qui
929 3161 959 3199 a
991 3145 1226 3201 sinistris
1257 3153 1386 3200 sunt
1417 3146 1747 3216 deputatum.
1777 3144 1882 3201 Sed

311 3236 592 3290 videamus
628 3236 755 3304 quid
788 3237 894 3306 agit
918 3237 1009 3291 hic
1036 3236 1578 3305 ambidexterjudex.
1606 3236 1889 3291 Miserum-

308 3343 412 3395 que
440 3326 566 3394 ﬁliis
595 3326 767 3380 Israel
814 3344 905 3396 per
948 3344 1067 3381 eum
1111 3345 1329 3381 munera
1370 3328 1541 3398 Eglon
1572 3330 1676 3399 regi
1708 3329 1884 3395 Moab,

310 3417 401 3486 qui
431 3417 552 3485 fecit
603 3418 701 3471 sibi
738 3416 970 3487 gladium
1001 3418 1279 3487 ancipitem
1307 3417 1577 3472 habentem
1626 3419 1681 3472 in
1718 3421 1887 3473 medio

310 3504 557 3573 capulum
591 3504 927 3575 longitudinis
962 3505 1152 3574 palma:
1182 3523 1389 3570 manus,
1420 3516 1469 3560 et
1502 3508 1766 3560 accinctus
1812 3518 1887 3560 est

307 3611 374 3648 eo
398 3595 572 3648 subter
608 3611 791 3663 sagum
821 3596 875 3648 in
916 3595 1100 3649 dextro
1148 3596 1364 3664 femore,
1384 3603 1443 3650 et
1472 3603 1689 3650 caetera.
1726 3595 1888 3649 Vides

310 3686 442 3755 quia
469 3687 718 3743 dextrum
765 3693 852 3739 est
873 3700 1034 3739 omne
1075 3686 1219 3754 quod
1252 3686 1391 3756 gerit
1418 3686 1558 3738 Aoth
1590 3685 1679 3739 hic
1718 3683 1890 3737 ambi-

311 3777 526 3840 dexter,
562 3783 618 3830 et
650 3775 898 3829 manibus
932 3775 1123 3828 dexter
1168 3781 1272 3839 est,
1322 3782 1376 3829 et
1418 3773 1646 3842 pedibus
1702 3773 1890 3827 dexter

309 3880 417 3927 est.
442 3870 497 3924 In
522 3869 725 3924 femore
745 3870 888 3923 enim
919 3869 1108 3922 dextro
1147 3867 1381 3935 gladium
1406 3872 1604 3934 portat,
1630 3872 1690 3919 ut
1710 3864 1892 3918 veniat

314 3962 383 4016 ad
428 3976 607 4029 regem
660 3959 837 4021 Moab,
873 3968 929 4012 et
970 3956 1259 4011 interficiat
1284 3970 1426 4009 eum.
1479 3955 1799 4010 Dixeramus
1820 3955 1889 4008 'in

312 4050 683 4118 superioribus
719 4048 860 4118 quod
896 4048 982 4101 isti
1009 4062 1144 4115 quos
1168 4046 1234 4100 ad
1269 4045 1494 4099 salutem
1517 4043 1698 4114 populi
1729 4053 1786 4099 et
1820 4044 1889 4098 ad

314 4142 652 4199 liberandum
694 4142 832 4196 ﬁlios
868 4140 1032 4195 Israel
1071 4140 1335 4195 suscitare
1373 4139 1572 4194 dicitur
1617 4139 1761 4194 Deus
1784 4138 1891 4194 sal-

316 4242 538 4288 vatores
598 4231 681 4285 vel
731 4229 963 4298 judices,
1012 4230 1301 4299 imaginem
1353 4227 1532 4282 ferant
1584 4228 1888 4298 aliquorum

314 4320 619 4394 principum
657 4334 723 4373 ex
765 4319 973 4374 coalesti
1018 4318 1210 4373 militia
1235 4326 1292 4373 et
1327 4326 1681 4386 supernorum
1722 4317 1891 4371 virtu-

1975 502 2104 572 jugo
2135 505 2411 559 servitutis
2439 506 2644 560 eduxit.
2683 506 2948 562 Similiter
2979 525 3193 580 quoque
3227 512 3390 566 etiam
3421 513 3550 567 illud

1981 610 2021 646 r.
2044 592 2216 647 fertur
2242 594 2294 648 in
2317 596 2582 662 historiis,
2608 599 2751 667 quod
2772 600 2873 653 sub
2894 615 3020 669 rege
3040 601 3383 671 Assyriorum
3414 602 3551 659 Seu~

1980 682 2240 736 nacherib
2262 684 2485 753 angelus
2510 686 2721 740 Domini
2743 688 2996 753 mittitur,
3025 690 3118 757 qui
3144 692 3299 745 caesis
3323 692 3423 747 sub
3444 707 3552 746 una

1980 780 2140 825 nocte
2151 781 2205 825 et
2226 776 2510 841 prostratis
2526 785 2744 831 centum
2766 780 3039 848 octoginta
3063 781 3297 850 quinque
3316 783 3553 837 millibus

1981 862 2235 925 hostium,
2265 866 2521 919 cturbem
2547 866 2613 921 de
2640 868 2940 935 obsidione,
2958 871 3281 939 etpopulum
3300 872 3556 927 deimmi-

1980 955 2128 1008 neuti
2154 954 2412 1009 liberaret
2435 956 2654 1012 interitu
2688 959 2737 1031 (1
2757 958 2793 1010 ν
2819 959 2949 1030 Reg.
2984 962 3121 1033 xix).
3140 964 3215 1016 Ita
3241 978 3370 1034 ergo
3394 966 3554 1019 etiam

1982 1064 2123 1102 nunc
2137 1049 2324 1104 eadem
2347 1053 2732 1119 consequentia
2762 1054 3020 1108 debemus
3045 1056 3345 1119 advertere,
3371 1056 3496 1125 quia
3512 1055 3554 1109 si

1981 1138 2197 1207 quando
2224 1154 2323 1207 pro
2357 1140 2593 1208 peccatis
2646 1143 2847 1197 nostris
2902 1144 2955 1197 in
2990 1145 3359 1213 captivitatem
3392 1146 3557 1199 tradi-

1982 1241 2124 1291 mur,
2154 1226 2449 1281 clamemus
2477 1228 2545 1281 ad
2574 1229 2882 1294 Dominum,
2906 1231 3201 1286 clamemus
3243 1240 3425 1287 autem
3449 1248 3556 1287 nou

1980 1331 2076 1397 ore
2096 1317 2188 1371 sed
2219 1326 2420 1381 mente,
2462 1318 2536 1372 ita
2567 1326 2628 1372 ut
2655 1319 2809 1374 dolor
2842 1320 3022 1374 cordis
3045 1321 3248 1376 fontem
3292 1320 3559 1391 lacrymn-

1981 1420 2101 1459 rum
2134 1405 2396 1474 producat
2418 1420 2488 1461 ex
2540 1408 2713 1463 oculis
2750 1409 2890 1463 sicut
2924 1409 3014 1463 ille
3047 1410 3138 1479 qui
3177 1410 3392 1465 dicebat
3413 1423 3431 1460 :
3460 1410 3558 1463 La-

1981 1496 2108 1550 vabo
2153 1513 2245 1564 per
2283 1496 2517 1567 singulas
2561 1508 2733 1554 noctes
2775 1500 2987 1566 lectum,
3037 1501 3282 1572 lacrymis
3335 1512 3558 1561 stratum
3650 1528 3655 1533 λ

1981 1603 2152 1641 meum
2180 1588 2360 1656 rigabo
2388 1585 2562 1657 (Psalt
2589 1588 2687 1660 γι).
2718 1588 2776 1644 Si
2801 1590 2877 1645 ita
2911 1592 3280 1646 convertimur
3308 1608 3337 1645 a
3374 1592 3557 1655 malis,

1983 1684 2042 1729 ut
2065 1676 2206 1730 ultra
2243 1692 2348 1731 non
2396 1678 2775 1749 contingamus
2812 1681 2986 1746 mala;
3012 1681 3057 1736 si
3098 1682 3175 1735 ita
3202 1682 3499 1736 desinimus
3529 1697 3560 1736 a

1983 1768 2260 1836 superbia,
2283 1776 2344 1822 ut
2363 1769 2506 1824 ultra
2526 1770 2661 1824 nihil
2682 1772 2994 1841 superbum,
3026 1772 3160 1827 nihil
3188 1788 3448 1843 arrogans
3474 1788 3561 1826 sa-

1982 1858 2192 1928 piamus
2225 1876 2237 1910 :
2268 1859 2433 1913 mittit
2460 1860 2624 1914 etiam
2652 1861 2807 1915 nobis
2834 1862 3095 1918 Dominus
3122 1864 3376 1918 virtutem
3408 1880 3559 1918 suam

1983 1949 2281 2015 caelestem,
2304 1965 2403 2020 per
2426 1966 2591 2020 quam
2622 1951 2917 2008 liberemur
2941 1969 2971 2008 a
2993 1954 3124 2024 iugo
3149 1956 3428 2011 servitutis
3445 1955 3562 2009 dia.

1983 2041 2192 2106 bolicee,
2235 2057 2355 2111 qua:
2392 2043 2566 2097 virtus
2604 2045 2786 2098 omnia
2815 2060 2914 2114 pro
2943 2047 3100 2101 nobis
3140 2055 3263 2117 agat
3296 2048 3485 2101 dextra
3507 2055 3564 2100 et

1984 2147 2264 2202 prospera,
2295 2148 2415 2202 qum
2440 2132 2607 2188 faciat
2643 2150 2742 2189 nos
2773 2135 3076 2205 relinquere
3103 2138 3247 2192 viam
3283 2124 3559 2192 sinistram

1983 2237 2104 2291 qua:
2129 2224 2278 2278 ducit
2305 2224 2358 2278 in
2393 2224 2771 2294 perditionem,
2820 2234 2876 2280 et
2903 2232 3122 2283 revocet
3148 2242 3247 2283 nos
3275 2229 3343 2282 ad
3379 2242 3561 2282 veram
3616 2239 3620 2243 ‘

1984 2315 2151 2381 viam,
2181 2316 2330 2371 illum
2359 2315 2449 2386 qui
2490 2316 2622 2371 dicit
2652 2335 2664 2369 :
2700 2316 2813 2387 Ego
2846 2332 2966 2371 sum
3008 2318 3109 2382 via,
3168 2320 3356 2373 ueritas
3385 2328 3432 2371 et
3461 2319 3563 2373 vita

1985 2405 2165 2476 (Joan.
2198 2408 2335 2478 xiv),
2380 2406 2657 2462 Christum
2714 2405 2900 2462 Iesum
2952 2407 3242 2461 Dominum
3293 2416 3561 2462 nostrum.

1985 2498 2162 2564 Quarri
2205 2506 2383 2567 potest
2431 2508 2612 2551 utrum
2663 2499 2923 2554 mentitus
2966 2497 3131 2554 fuerit
3182 2498 3324 2554 Aoth
3377 2500 3563 2569 iudex,

1984 2586 2198 2654 quando
2220 2586 2419 2640 occidit
2457 2585 2627 2656 Eglon
2672 2602 2851 2657 regem
2877 2586 3052 2642 Moab.
3080 2587 3214 2642 Cum
3245 2589 3387 2642 enim
3420 2588 3568 2643 solus

1986 2676 2086 2731 soli
2139 2676 2487 2731 insidiaretur
2533 2684 2594 2730 ut
2645 2693 2775 2731 eum
2812 2685 3144 2747 percuteret,
3196 2679 3302 2733 hoc
3339 2678 3413 2733 illi
3440 2679 3562 2734 ait:

1996 2766 2220 2822 Verbum
2266 2767 2528 2821 occultum
2573 2768 2702 2821 mihi
2746 2778 2822 2821 est
2867 2769 2936 2821 ad
2966 2778 3033 2833 te,
3068 2784 3195 2833 rex;
3230 2777 3292 2822 ut
3332 2769 3419 2823 ille
3447 2785 3476 2822 a
3509 2784 3567 2823 sc

1984 2877 2174 2917 omnes
2199 2862 2291 2931 qui
2333 2876 2455 2917 cum
2487 2862 2580 2917 illo
2607 2861 2842 2927 fuerant,
2870 2872 3193 2919 removeret.
3253 2863 3404 2931 Quod
3439 2878 3561 2919 cum

1986 2950 2189 3007 factum
2213 2959 2379 3014 esset,
2430 2952 2625 3006 iterum
2666 2951 2803 3006 dixit
2826 2951 3013 3006 Aoth:
3048 2950 3272 3005 Verbum
3312 2951 3410 3005 Dei
3438 2952 3567 3006 mihi

1987 3044 2056 3098 ad
2083 3054 2150 3110 te,
2177 3056 2288 3099 rex.
2320 3043 2427 3099 Sed
2451 3049 2632 3112 potest
2656 3058 2765 3097 non
2788 3056 2909 3097 esse
2930 3042 3291 3105 mendacium,
3325 3042 3568 3112 quandoa

1988 3136 2206 3207 quidem
2231 3134 2384 3192 verbi
2430 3135 2648 3189 nomine
2678 3133 2816 3189 solet
2846 3133 3012 3188 etiam
3049 3132 3249 3188 factum
3294 3134 3568 3205 appellare

1990 3228 2288 3298 Scriptura,
2332 3233 2388 3281 et
2437 3239 2626 3279 revera
2677 3224 2752 3278 ita
2799 3232 2934 3278 erat.
2986 3222 3143 3290 Quod
3191 3231 3371 3279 autem
3405 3223 3565 3289 dixit,

1995 3323 2223 3377 Verbum
2261 3320 2377 3383 Dei,
2421 3318 2828 3389 intelligendum
2851 3325 2936 3372 est
2977 3318 3081 3373 hoc
3106 3317 3183 3372 illi
3205 3317 3376 3372 Deum
3406 3326 3467 3372 ut
3489 3316 3571 3373 fa‘

1987 3426 2137 3472 ceret
2169 3417 2516 3487 prscccpisse,
2555 3415 2645 3483 qui
2688 3430 2809 3471 eum
2847 3414 3048 3486 populo
3092 3430 3191 3471 suo
3237 3416 3572 3471 excitaverat

1989 3511 2336 3571 salvatorem,
2383 3509 2522 3562 sicut
2555 3509 2660 3562 illis
2699 3508 3028 3577 temporibus
3064 3507 3189 3561 talia
3218 3507 3332 3562 ﬁeri
3369 3509 3568 3562 divini«

1991 3610 2077 3653 tus
2095 3598 2398 3668 oportebat.
2452 3597 2584 3651 Item
2624 3598 2819 3650 merito
2866 3596 3127 3664 quaeritur
3170 3600 3440 3663 quomodo
3466 3613 3569 3661 ,εει

1990 3688 2223 3741 cundum
2266 3685 2409 3739 LXX
2451 3685 2609 3739 exilis
2634 3685 2789 3739 valde
2816 3699 2913 3738 rex
2953 3684 3121 3755 Eglon
3151 3682 3335 3749 fuerit,
3359 3693 3413 3738 et
3440 3700 3569 3738 con-

1991 3777 2213 3832 cluserit
2241 3777 2407 3846 adeps
2436 3776 2651 3838 vulnus,
2699 3775 2915 3842 quando
2955 3787 3249 3844 percussus
3304 3783 3403 3829 est.
3459 3774 3563 3830 Sed

1992 3866 2397 3937 intelligendum
2444 3872 2528 3919 est
2578 3879 2642 3919 ea
2681 3864 2951 3923 locutione
2990 3865 3211 3927 dictum,
3245 3880 3350 3934 qua
3379 3865 3568 3919 solete

1992 3958 2268 4016 contrario
2317 3956 2540 4027 intelligi
2596 3974 2609 4008 :
2666 3956 2806 4011 sicut
2842 3956 3041 4011 dicitur
3070 3956 3244 4021 lucus,
3281 3958 3422 4027 quod
3457 3958 3562 4011 mi.

1992 4053 2139 4107 nime
2158 4050 2356 4109 luceat,
2382 4055 2439 4103 et
2462 4047 2739 4102 abundare
2761 4047 3138 4117 respondetur,
3163 4046 3303 4117 quod
3330 4059 3435 4102 non
3459 4056 3565 4114 est,

1991 4152 2046 4199 'et
2072 4140 2350 4198 benedixit
2397 4138 2510 4210 regi
2540 4153 2638 4207 pro
2677 4135 2975 4199 maledixit,
3026 4134 3166 4191 sicut
3195 4138 3455 4206 scriptum
3484 4145 3569 4193 est

1993 4234 2049 4287 in
2074 4232 2214 4286 libro
2253 4230 2563 4300 Regnorum
2590 4229 2654 4282 de
2678 4226 2931 4281 Nabutte.
2960 4226 3094 4280 Nam
3132 4225 3183 4279 in
3220 4242 3283 4280 ea
3309 4228 3567 4297 interpreo

1994 4323 2217 4386 tatione,
2246 4335 2367 4389 quae
2392 4334 2498 4372 non
2525 4317 2818 4372 secundum
2843 4315 3213 4387 Septuaginta,
3241 4318 3338 4371 .sed
3364 4334 3429 4372 ex
3464 4317 3569 4373 Hc-

321 4424 455 4469 tum.
489 4425 624 4479 atlas
650 4410 718 4463 ad
746 4409 1043 4464 subsidium
1075 4408 1217 4462 Deus
1243 4408 1458 4462 emittat
1480 4422 1666 4462 eorum
1696 4406 1789 4476 qui
1821 4407 1889 4461 ad
1914 4427 1969 4486 D
1994 4414 2143 4468 bran
2171 4420 2273 4476 est,
2305 4411 2376 4464 ita
2409 4408 2712 4463 invenimus
2749 4425 2763 4461 :
2804 4406 2936 4462 Erat
2973 4417 3146 4462 autem
3169 4407 3337 4479 Egton
3361 4425 3569 4464 crassus

317 4519 377 4557 sc
405 4511 517 4556 toto
545 4501 708 4554 corde
737 4499 1105 4564 clamaverint,
1136 4507 1190 4554 et
1218 4513 1318 4567 per
1337 4497 1746 4552 conversionem
1773 4510 1888 4566 pm-

319 4593 560 4646 niteutize
586 4592 820 4646 divinam
843 4605 971 4660 erga
1014 4605 1074 4644 se
1114 4589 1455 4645 clementiam
1487 4586 1754 4642 ﬂexerint.
1783 4587 1890 4642 Sed

321 4684 425 4737 hoc
450 4697 516 4736 ne
558 4688 944 4751 przesumptum
990 4681 1129 4748 apud
1155 4679 1434 4734 auditores
1455 4678 1703 4731 videatur
1731 4694 1761 4731 a
1798 4694 1893 4731 no-

322 4775 425 4832 bis.
456 4774 709 4828 debemus
726 4784 792 4823 ex
811 4769 1213 4838 Scripturarum
1237 4768 1288 4822 id
1309 4767 1631 4821 auctoritate
1657 4766 1890 4821 ﬁrmare.

323 4863 594 4933 Scriptum
626 4872 709 4917 est
741 4860 793 4914 in
817 4859 1001 4914 Exodo
1046 4858 1171 4927 quia
1200 4865 1380 4926 patres
1407 4856 1577 4909 nostri
1606 4854 1697 4908 ﬁlii
1730 4854 1893 4909 Israel

322 4968 446 5008 cum
481 4951 648 5005 multo
697 4959 936 5017 tempore
965 4948 1017 5000 iu
1063 4946 1335 5016 .Egyptiis
1365 4953 1418 4999 et
1462 4944 1731 4998 Pharaoni
1781 4945 1893 5015 regi

324 5044 597 5099 dirissima
621 5044 672 5096 in
694 5040 790 5095 luti
813 5048 867 5094 et
886 5040 1071 5093 lateris
1096 5039 1431 5092 confectione
1450 5037 1767 5101 servissent,
1788 5036 1896 5089 cla-

325 5144 618 5197 mauerunt,
649 5132 841 5201 inquit,
869 5130 938 5184 ad
971 5130 1271 5195 Dominum,
1305 5130 1379 5182 ita
1410 5136 1469 5182 ut
1494 5129 1608 5197 ipse
1638 5129 1896 5184 Dominus

327 5225 532 5279 diceret
579 5242 593 5276 :
642 5222 858 5277 Clamor
902 5220 1135 5289 ﬁliorum
1190 5218 1359 5273 Israel
1406 5219 1641 5272 ascendit
1694 5219 1763 5272 ad
1816 5236 1898 5274 me

329 5313 526 5382 (Exod.
595 5313 716 5381 ιιι);
777 5321 832 5365 et
883 5311 1048 5364 misso
1114 5308 1331 5378 quidem
1381 5307 1562 5377 Moyse
1614 5306 1900 5360 visibilitcr

328 5403 516 5457 eduxit
552 5418 664 5457 eos.
718 5401 902 5455 Refert
948 5408 1126 5454 autem
1160 5398 1439 5467 Scriptura
1491 5397 1634 5465 quod
1679 5396 1901 5466 angelus

330 5495 722 5551 exterminatur
747 5494 941 5548 missus
962 5492 1051 5554 sit,
1083 5492 1172 5561 qui
1212 5497 1447 5544 vastaret
1476 5488 1690 5557 quidem
1720 5488 1900 5541 omnia

336 5586 689 5656 primogenita
748 5584 984 5653 Egypti,
1035 5582 1392 5637 lsraelitarum
1453 5594 1584 5634 vero
1631 5580 1901 5634 neminem

338 5686 602 5747 tangeret.
628 5678 694 5730 Et
715 5677 793 5730 sic
813 5674 1117 5729 declaratur
1137 5674 1392 5729 virtutem
1413 5670 1580 5726 fuisse
1606 5670 1898 5733 caelestem,

656 5767 928 5826 Ριιτιισι..
975 5762 1191 5822 CVIII.

1993 4520 2168 4559 mmts.

2065 4592 2199 4647 Aoth
2230 4600 2427 4654 autem,
2457 4590 2648 4644 clausis
2686 4588 3077 4659 diligentissime
3121 4590 3264 4645 ostiis
3296 4591 3567 4659 cenaculi,

1994 4693 2044 4737 et
2069 4681 2359 4751 obﬁrmatis
2383 4697 2520 4743 sera,
2551 4692 2643 4749 per
2662 4681 2912 4750 posticam
2957 4696 3190 4750 egressus
3218 4691 3314 4748 est,
3340 4686 3571 4755 servique

1997 4772 2130 4841 regis
2150 4769 2370 4840 ingressi
2410 4769 2650 4822 uiderunt
2685 4768 2892 4822 clausas
2923 4768 3061 4836 fores
3088 4771 3361 4835 cwnaculi,
3385 4780 3439 4828 et
3463 4789 3569 4829 omn

1998 4868 2137 4916 tera.
2167 4859 2445 4925 Quomodo
2485 4858 2638 4927 pueri
2682 4859 2826 4927 regis
2853 4859 3018 4929 Eglon
3068 4860 3204 4915 clavi
3237 4867 3567 4933 aperuerint,

1995 4953 2139 5023 quod
2162 4950 2303 5005 Aoth
2350 4949 2482 5002 clavi
2509 4963 2617 5002 non
2664 4949 2950 5011 clauserat,
2985 4961 3161 5021 potest
3187 4970 3405 5011 movere
3436 4972 3449 5009 :
3478 4964 3570 5009 aut

1995 5046 2040 5100 si
2060 5044 2149 5099 ille
2174 5044 2308 5097 clavi
2338 5041 2627 5103 clauserat,
2654 5042 2923 5110 quomodo
2956 5058 3141 5098 secum
3168 5059 3285 5100 eam
3332 5062 3436 5099 non
3470 5059 3567 5097 au«

1997 5137 2181 5200 ferret,
2221 5145 2281 5190 ut
2329 5134 2419 5190 isti
2456 5146 2559 5188 nec
2596 5130 2736 5188 clavi
2779 5136 2990 5203 aperire
3031 5139 3289 5205 possent?
3337 5136 3568 5188 Proinde

1999 5236 2091 5282 aut
2137 5227 2241 5281 alia
2283 5222 2450 5281 clavis
2473 5224 2634 5279 allata
2664 5233 2766 5288 est,
2800 5235 2895 5279 aut
2942 5226 3046 5281 tale
3094 5228 3357 5280 clausura:
3401 5237 3569 5292 genus

2001 5317 2122 5381 fuit,
2156 5317 2300 5386 quod
2324 5316 2442 5371 sine
2481 5315 2619 5370 clavi
2664 5316 2835 5385 possit
2864 5316 3061 5378 claudi,
3105 5330 3206 5369 nec
3252 5312 3369 5367 sine
3420 5312 3572 5368 clave

2002 5407 2196 5476 aperiri
2250 5404 2366 5475 (III
2422 5405 2552 5475 Reg.
2599 5406 2742 5474 xui).
2792 5405 2926 5459 Nam
2982 5414 3109 5459 sunt
3141 5402 3384 5473 quaedam
3422 5404 3569 5467 talia,

2004 5496 2143 5547 sicut
2163 5509 2225 5547 ea
2251 5508 2370 5561 qua:
2396 5494 2672 5548 veruclata
2706 5494 2974 5549 dicuntur.
3006 5493 3110 5546 Sed
3141 5492 3415 5547 videamus
3438 5508 3572 5564 qua-

2006 5582 2126 5636 liter
2155 5581 2315 5646 Aoth,
2352 5582 2444 5651 qui
2486 5583 2873 5650 interpretatur
2898 5581 3037 5641 laus,
3077 5580 3397 5635 concluserit
3426 5583 3575 5655 prina

2006 5672 2241 5738 cipatum
2296 5685 2473 5724 suum.
2527 5670 2761 5724 Ilistoria
2808 5683 2905 5723 nos
2955 5668 3171 5721 edocuit
3224 5683 3287 5721 ea
3332 5685 3452 5739 qua:
3506 5670 3574 5725 de

3021 5759 3099 5818 36
