4000 6186
446 336 576 389 1151

1097 329 1158 382 Β.
1200 323 1451 380 RABth
1490 320 1708 376 MAURI
1746 317 2063 373 ARClllEP.
2107 313 2416 370 MUGUNT.
2456 309 2742 367 OPERUM
2781 308 2961 362 PARS
3002 308 3041 360 l.

3568 308 3722 363 “5?.

445 445 613 516 Eglnn
664 454 788 513 rege
825 442 1024 510 scripta
1073 446 1222 502 sunt,
1264 434 1535 505 quomodo
1588 428 2021 501 sapientissimus
2053 430 2098 488 Α
2126 424 2259 477 colae
2280 423 2331 475 in
2356 430 2521 485 terra,
2553 420 2697 473 sicut
2726 424 2781 471 et
2808 416 2895 469 ille
2924 415 3013 484 qni
3043 413 3255 468 dicebat
3288 433 3301 466 :
3331 413 3601 479 Quoniam
3629 416 3719 470 in-

446 536 537 591 hic
555 532 725 599 Aoth,
756 541 873 587 arte
896 530 1126 601 quadam
1150 536 1233 592 et,
1264 535 1323 580 ut
1349 527 1422 579 ita
1454 523 1653 586 dicam,
1681 519 1894 582 callida,
1928 518 2023 571 sed

449 623 704 679 laudabili
735 636 864 678 usus
901 618 1238 687 deceptione,
1269 610 1606 668 interemerit
1637 608 1806 679 Eglon
1836 615 2024 676 tyran-

447 732 599 781 uum,
649 712 742 785 qui
774 714 1160 781 interpretatur
1197 715 1396 760 rotalus
1424 701 1507 756 vel
1548 700 1767 753 orbitas.
1799 697 2024 765 Oportet

448 822 579 880 ergo
611 806 746 860 tales
773 818 894 859 esse
937 810 992 857 et
1036 798 1207 854 nostri
1249 793 1429 865 populi
1452 790 1683 860 judices,
1720 787 1898 857 qualis
1924 785 2024 840 fuit

447 876 589 955 Anth
641 897 763 960 iste,
795 894 888 965 qui
922 892 1309 960 interpretatur
1353 883 1490 944 laus,
1548 888 1609 935 ut
1645 893 1835 935 omnes
1868 876 2023 930 volu-

447 989 585 1045 biles
611 993 793 1041 motus
844 990 899 1035 et
935 979 1141 1035 orbitas
1168 975 1294 1031 mali
1328 971 1538 1027 itineris
1565 969 1818 1024 excidant
1851 972 1904 1020 et
1932 979 2026 1033 pe—

448 1082 651 1135 rimant
696 1072 1107 1129 Madlanitarum
1146 1079 1358 1137 regem;
1401 1059 1708 1115 Madianiuc
1730 1067 1910 1111 autem
1944 1055 2023 1108 in-

450 1176 817 1238 terpretantur
867 1163 1067 1231 ﬂuxus,
1090 1157 1177 1212 vel
1204 1154 1410 1223 eﬂusio.
1462 1148 1631 1217 llujus
1678 1147 1843 1217 igitur
1870 1143 2027 1196 ﬂuxa:

446 1270 502 1315 et
529 1235 801 1328 dissoluta:
829 1252 1005 1325 gentis
1049 1250 1299 1320 princeps
1326 1244 1411 1299 vel
1442 1244 1569 1305 dux,
1601 1240 1690 1309 qui
1736 1243 1913 1308 potest
1942 1235 2025 1287 vi-

446 1325 562 1404 deri
586 1347 724 1401 alius
749 1343 834 1399 vel
868 1340 1112 1410 intelligi,
1142 1336 1248 1391 nisi
1273 1348 1452 1390 sermo
1481 1329 1624 1385 illius
1647 1325 2025 1397 philosophize,

447 1457 567 1511 qua:
596 1451 866 1494 summum
893 1434 1093 1489 bonum
1114 1428 1325 1498 iudicat
1371 1424 1723 1493 voluptatem,
1761 1430 1922 1487 quem
1949 1416 2029 1468 in-

446 1505 680 1585 terficiat
721 1533 778 1580 et
821 1524 1055 1594 perimat
1102 1515 1450 1587 evangelicus
1485 1524 1684 1573 sermo,
1717 1509 1809 1578 qui
1849 1505 2029 1577 gladio

448 1627 813 1689 comparatur,
864 1620 921 1669 et
964 1625 1143 1666 sermo
1194 1606 1565 1677 propheticus,
1598 1603 1712 1671 ipse
1752 1601 1808 1654 in
1840 1610 2030 1652 vemre

448 1726 636 1767 eorum
687 1716 849 1777 atque
895 1705 1020 1760 imis
1061 1699 1376 1773 praecordiis
1421 1693 1748 1750 ambidextri
1792 1691 2030 1747 doctoris

2123 512 2242 566 cola
2288 527 2379 581 ego
2418 525 2532 563 sum
2574 508 2713 578 apud
2740 515 2789 560 te
2831 506 2888 558 in
2931 515 3091 567 terra,
3122 513 3170 556 et
3210 504 3545 573 peregrinus,
3577 505 3716 556 sicut

2123 622 2304 660 omnes
2342 614 2515 676 patres
2556 603 2658 655 mei
2691 598 2865 670 (Psal.
2914 612 3153 676 υνυς
3202 596 3353 650 Psal.
3392 598 3610 667 cxvm).
3648 597 3711 650 Et

2123 697 2269 750 hunc
2298 672 2428 764 ergo
2460 689 2761 761 Samegach
2809 697 3030 743 sanctus
3061 672 3300 756 spiritus
3347 685 3423 739 ibi
3474 685 3710 741 incolam

2125 786 2276 850 dicit,
2306 784 2357 838 id
2400 792 2509 846 est,
2545 782 2664 846 hic;
2713 778 2859 848 quod
2890 777 3032 830 enim
3082 784 3270 830 sancto
3301 774 3510 844 Spiritu
3537 777 3631 844 qui
3658 777 3713 830 in

2125 872 2280 928 coriis
2307 878 2409 935 est,
2435 870 2488 923 id
2514 878 2616 932 est,
2651 866 2805 921 nobis
2839 865 2927 919 hic
2957 872 3061 917 est.
3090 863 3229 930 Quid
3257 877 3389 932 ergo
3411 863 3617 917 dicitur
3643 863 3714 916 de

2126 962 2432 1033 Samegach
2464 978 2477 1014 :
2508 958 2796 1021 Percussit,
2825 956 3018 1024 inquit,
3048 953 3349 1024 Allophylos
3376 956 3433 1007 in
3458 957 3721 1008 sexcentis

2125 1054 2248 1108 viris
2283 1053 2337 1107 in
2370 1054 2502 1106 stiva
2529 1060 2577 1104 et
2617 1048 2745 1120 pede
2770 1048 2938 1101 aratri
2963 1048 2988 1100 ?
3029 1046 3190 1100 Aliud
3229 1061 3400 1116 genus
3429 1045 3608 1100 laudis
3660 1047 3717 1099 in

2128 1141 2425 1212 Samegach
2463 1140 2639 1193 video.
2664 1137 2771 1192 Iste
2795 1137 2851 1190 in
2880 1143 3063 1190 aratro
3091 1143 3315 1205 pugnat,
3337 1133 3481 1188 Anth
3504 1149 3717 1204 pugna-

2128 1236 2218 1289 bat
2239 1235 2291 1289 in
2306 1233 2503 1303 gladio.
2529 1231 2635 1285 Iste
2660 1230 2713 1283 in
2739 1237 2923 1283 aratro
2941 1227 3133 1291 vincit,
3156 1234 3339 1280 tamen
3358 1234 3413 1280 et
3437 1226 3530 1280 hic
3556 1237 3718 1294 supc-

2129 1332 2214 1378 rat
2241 1332 2297 1379 et
2323 1321 2620 1393 prosternit
2646 1317 2976 1389 Allcphylos.
3015 1316 3199 1371 Potest
3234 1329 3364 1383 ergo
3391 1314 3505 1369 ﬁeri
3536 1324 3591 1367 ut
3617 1316 3720 1369 Ec-

2128 1413 2306 1469 clesiae
2329 1412 2493 1482 judex
2522 1423 2631 1463 non
2679 1422 2895 1477 semper
2942 1406 3179 1477 gladium
3213 1403 3481 1474 proferat,
3526 1405 3578 1458 id
3603 1413 3719 1467 est,

2129 1518 2236 1557 non
2263 1515 2479 1571 θεωρεῖ
2511 1498 2837 1552 auctoritate
2859 1496 3011 1549 verbi
3050 1502 3105 1549 et
3133 1494 3385 1549 acumine
3413 1495 3721 1562 correptio-

2128 1596 2216 1651 nis
2239 1600 2445 1657 utatur,
2475 1590 2571 1645 sed
2605 1588 2895 1657 aliquando
2923 1587 3086 1642 etiam
3101 1584 3357 1640 imitetur
3393 1584 3721 1656 agricolam,

2129 1692 2186 1739 et
2230 1682 2381 1737 velut
2431 1687 2614 1735 aratro
2655 1678 2874 1732 sulcans
2903 1676 3099 1729 anima:
3150 1685 3375 1737 terram,
3411 1691 3475 1729 ac
3515 1675 3721 1743 sa-pius

448 1768 900 1871 disputationibus
948 1768 1323 1855 concludatur,
1354 1797 1415 1842 ut
1442 1786 1686 1841 veritatis
1718 1797 1815 1838 eos
1853 1796 2029 1836 asser-
2059 1774 2105 1828 Β
2131 1790 2254 1831 eam
2289 1772 2541 1828 clementi
2571 1769 2993 1825 commonitione
3024 1768 3360 1831 rcscindens,
3385 1778 3567 1836 aptam
3590 1783 3725 1821 eam

450 1895 596 1948 tione
635 1887 960 1946 concludens
982 1884 1293 1954 exstinguat
1331 1893 1548 1936 omnem
1576 1876 1729 1946 pravi
1764 1872 2033 1945 dogmatis

447 1989 505 2038 et
551 1993 753 2036 crassre
788 1973 1157 2045 intelligentite
1199 1984 1435 2032 sensum,
1493 1968 1586 2037 qui
1634 1980 1693 2021 se
1734 1963 1944 2019 extollit
1976 1969 2033 2017 et

446 2074 611 2144 erigit
656 2070 941 2124 adversum
1000 2062 1299 2136 spiritalem
1355 2060 1639 2117 scientiam
1693 2056 1918 2120 Christi,
1971 2061 2034 2107 ut

447 2164 566 2219 haec
613 2162 688 2215 ita
740 2158 968 2222 faciens,
992 2165 1048 2210 et
1091 2155 1149 2209 in
1194 2152 1362 2207 verbo
1394 2151 1487 2205 Dei
1538 2148 1824 2212 dimicans,
1859 2160 2029 2199 unus»-

451 2254 684 2325 quisque
727 2249 985 2305 Ecclesia:
1030 2245 1197 2318 judex
1233 2244 1348 2307 ﬁat,
1397 2242 1562 2297 etiam
1587 2240 1721 2323 ipse
1748 2234 2032 2290 laudabilis

448 2318 612 2409 A-oth,
648 2343 714 2398 de
748 2354 856 2411 quo
879 2339 1028 2393 dicat
1075 2336 1333 2390 Dominus
1363 2352 1376 2386 :
1408 2318 1593 2403 Euge,
1621 2344 1765 2384 serve
1818 2326 1949 2380 bone
1981 2334 2031 2379 et

452 2432 649 2502 ﬁdelis,
673 2431 798 2503 quia
825 2445 981 2500 super
1001 2444 1171 2498 pauca
1210 2424 1359 2495 fuisti
1384 2420 1578 2491 fidelis,
1601 2433 1762 2488 supra
1786 2414 1952 2470 multa
1983 2424 2032 2469 te

454 2524 771 2581 constituam
819 2518 1032 2592 (Matth.
1076 2518 1225 2588 xxv).

1062 2605 1291 2662 CAPUT
1339 2605 1430 2660 Xl.

450 2704 531 2761 De
546 2702 773 2774 Samgar
794 2700 909 2774 [ilio
930 2699 1103 2753 Anath
1120 2699 1209 2769 qui
1230 2697 1481 2774 percussit
1508 2695 1580 2774 de.
1603 2692 1890 2774 Ifhilistiim
1916 2707 2033 2746 sea:-

660 2762 835 2827 c'entos
862 2772 1002 2826 viros
1030 2762 1255 2834 veniere,
1296 2776 1343 2822 et
1369 2765 1602 2835 defendit
1628 2762 1820 2818 Israel.

522 2881 700 2956 (ιιιιυ.)
732 2879 1158 2949 Humiliatusque
1213 2886 1287 2931 est
1346 2873 1505 2930 Moab
1559 2874 1617 2929 in
1667 2871 1897 2938 dieillo,
1935 2870 2032 2926 sub

451 2991 614 3029 manu
663 2970 852 3036 Israel,
893 2978 945 3024 et
986 2967 1179 3040 quievit
1224 2976 1364 3020 terra
1402 2963 1666 3034 octoginta
1710 2961 1886 3015 annis.
1921 2957 2033 3015 Sub

448 3067 629 3136 iudice
652 3063 793 3120 Aoth
814 3061 1092 3133 octoginta
1126 3072 1299 3112 annos
1349 3069 1541 3125 pacem
1571 3052 1760 3133 habuit
1785 3050 1950 3106 Israel
1977 3049 2033 3105 in

2135 1863 2493 1934 suscipiendis
2552 1860 2851 1915 seminibus
2906 1869 3079 1928 paret.
3141 1857 3540 1913 lnterlicientur
3582 1873 3726 1927 ergo

2132 1956 2298 2013 etiam
2322 1956 2401 2010 sic
2428 1952 2714 2024 Allophyli,
2748 1966 2871 2006 cum
2895 1967 2999 2006 non
3014 1952 3348 2021 argumentis
3378 1959 3432 2005 ct
3465 1951 3726 2004 acumine

2133 2058 2321 2106 contra
2367 2046 2710 2102 adversarios
2736 2045 2965 2109 utimur,
2997 2044 3093 2097 sed
3133 2043 3333 2113 agresti
3383 2050 3438 2097 et
3483 2041 3724 2111 simplici

2133 2139 2556 2198 commonitione
2590 2137 2658 2192 de
2681 2135 2879 2192 animis
2904 2135 3211 2189 auditorum
3238 2134 3370 2188 vitia
3402 2142 3458 2188 et
3486 2142 3721 2201 peccata

2133 2232 2501 2304 propellimus.
2556 2227 2664 2283 Sed
2699 2235 2753 2281 et
2809 2227 2946 2296 ipse,
2975 2240 3009 2280 ο
3038 2226 3269 2287 auditor,
3314 2232 3435 2279 esto
3477 2222 3725 2293 agricola

2133 2325 2327 2378 animae
2353 2330 2478 2386 tuae,
2508 2328 2661 2375 ntere
2688 2320 2792 2373 hoc
2842 2326 3029 2373 aratro
3057 2332 3164 2388 quo
3192 2318 3364 2371 utitur
3391 2313 3722 2384 Semegach.

2134 2413 2242 2469 Sed
2264 2427 2386 2467 cum
2414 2410 2632 2466 miseris
2651 2424 2870 2464 manum
2899 2416 3040 2461 tuam
3072 2408 3123 2461 in
3149 2416 3410 2469 aratrum,
3432 2404 3540 2459 noli
3567 2412 3727 2458 retro

2133 2501 2426 2569 respicere,
2457 2499 2511 2553 id
2546 2506 2652 2563 est,
2683 2506 3036 2566 posteaquam
3065 2496 3255 2551 tuleris
3303 2510 3515 2550 crucem
3537 2501 3722 2559 tuam,

2133 2601 2191 2646 et
2225 2598 2442 2649 secutus
2470 2589 2638 2644 {ueris
2661 2587 2972 2651 Christum;
3012 2595 3365 2657 posteaquam
3394 2584 3590 2640 saaculo
3627 2599 3729 2639 re—

2134 2681 2415 2744 nuntiasti,
2443 2687 2498 2734 et
2520 2681 2606 2734 his
2632 2694 2753 2750 quae
2796 2679 2850 2732 in
2876 2678 3078 2733 secqu
3107 2686 3253 2740 sunt,
3303 2676 3414 2730 noli
3438 2685 3588 2730 retro
3627 2690 3728 2731 re-

2133 2774 2362 2844 spicere,
2409 2771 2521 2827 noli
2566 2771 2849 2841 requirere
2899 2785 2963 2825 ea
3002 2786 3123 2841 quas
3163 2776 3388 2840 propter
3434 2768 3725 2823 Christum

2141 2866 2378 2921 duxeras
2419 2870 2479 2918 ut
2502 2870 2779 2928 stercora;
2813 2861 2938 2931 quia
2961 2861 3006 2915 si
3042 2860 3099 2914 in
3144 2861 3251 2915 isto
3289 2869 3472 2914 aratro
3494 2874 3725 2912 manum

2136 2968 2350 3025 semper
2411 2953 2689 3017 habueris,
2735 2952 2811 3006 ita
2864 2961 2924 3007 ut
2958 2951 3293 3007 conﬁdenter
3330 2951 3479 3004 dicas
3523 2969 3535 3002 :
3582 2949 3727 3003 ΜΗιὶ

2137 3058 2312 3102 autem
2352 3046 2485 3101 absit
2515 3045 2704 3116 gloria,
2746 3046 2848 3099 nisi
2874 3046 2930 3098 in
2973 3060 3129 3098 cruce
3151 3042 3364 3097 Domini
3390 3042 3553 3096 nostri
3588 3040 3729 3095 Jesu

454 3126 602 3213 ierra
630 3126 1084 3226 repromissionis,
1121 3147 1397 3218 duplicato
1432 3144 1608 3199 silicet
1632 3126 1876 3213 tempore
1893 3139 2038 3210 quod
2065 3130 2108 3191 C
2141 3135 2359 3200 Christi,
2384 3152 2477 3206 per
2517 3151 2668 3206 quem
2695 3135 2824 3187 mihi
2847 3133 3075 3187 mundus
3105 3133 3388 3202 cruciﬁxus
3409 3141 3501 3193 est,
3541 3141 3595 3185 et
3627 3148 3731 3200 ego

460 3247 561 3302 fuit
611 3242 962 3302 memorabile
1010 3240 1381 3295 Romanorum
1430 3233 1530 3289 sub
1578 3247 1707 3301 rege
1753 3229 2035 3299 Pompilio.

459 3335 586 3390 Post
615 3336 754 3388 hunc
788 3333 889 3402 fuit
913 3329 1141 3400 Santgar
1165 3326 1309 3396 ﬁlius
1338 3326 1535 3390 Anath,
1570 3325 1660 3394 qui
1685 3320 1940 3392 percussit
1976 3320 2041 3374 de

459 3424 744 3480 I’Itilistiim
798 3429 1065 3476 sexcentos
1119 3418 1258 3473 viros
1313 3431 1535 3480 vomere,
1588 3422 1638 3469 et
1688 3414 1797 3483 ipse
1836 3426 2039 3482 quoque

457 3509 690 3581 defendit
742 3504 937 3562 Israel.
979 3503 1328 3575 Septuaginta
1359 3519 1373 3555 :
1404 3500 1473 3554 Et
1503 3508 1616 3571 post
1656 3515 1776 3553 eum
1815 3496 2042 3552 surrexit

459 3600 706 3670 Santgar,
742 3596 892 3667 filius
922 3595 1119 3659 Anath,
1141 3600 1191 3647 et
1221 3590 1474 3662 percussit
1500 3588 1819 3659 alienigenas
1846 3586 1903 3639 in
1929 3600 2043 3639 sexo

458 3702 632 3748 centes
682 3692 818 3745 viros
860 3696 1054 3760 praeter
1082 3685 1270 3742 vitulos
1314 3684 1490 3748 boum,
1521 3691 1570 3739 et
1605 3681 1821 3737 salvavit
1846 3678 2037 3734 Israel.

459 3782 743 3851 Quomodo
771 3789 897 3852 post
939 3779 1082 3835 Aoth
1110 3778 1215 3842 iste
1259 3791 1359 3847 pro
1398 3773 1564 3830 lsrael
1605 3770 1948 3844 pugnaverit,
1985 3777 2039 3824 et

461 3875 640 3929 dictus
668 3872 740 3928 sit
786 3870 1025 3925 salvasse
1058 3867 1243 3931 Israel,
1291 3872 1470 3936 potest
1494 3877 1616 3919 esse
1647 3860 1893 3932 quaestio.
1921 3858 2039 3913 Non

460 3964 609 4019 enim
648 3976 836 4018 rursus
872 3961 1085 4016 fuerant
1109 3957 1365 4028 captivati
1392 3956 1477 4011 vel
1512 3952 1643 4025 iugo
1663 3952 1939 4009 servitutis
1961 3951 2043 4005 in-

462 4056 611 4113 nexi.
641 4054 749 4110 Sed
797 4052 1206 4123 intelligendum
1247 4050 1321 4103 ita
1355 4047 1583 4110 dictum,
1636 4044 1878 4108 servavit,
1931 4058 2039 4097 non

461 4147 588 4218 quia
630 4143 881 4201 nocuerit
928 4141 1131 4212 aliquid
1158 4139 1358 4204 hostis,
1385 4138 1482 4192 sed
1519 4151 1588 4190 ne
1634 4133 2042 4204 permitteretur

461 4254 695 4305 nocere;
739 4235 994 4307 quoniam
1040 4231 1367 4288 credendum
1392 4236 1478 4286 est
1500 4227 1641 4284 bello
1664 4227 1892 4295 erupisse
1926 4232 2043 4279 ten;

464 4341 600 4395 tare,
624 4337 679 4383 et
719 4326 880 4396 hujus
911 4323 1141 4380 victoria
1195 4322 1366 4376 fuisse
1420 4318 1718 4390 depulsum.
1758 4315 1865 4372 Sed
1913 4315 2043 4384 quid

464 4422 564 4479 sibi
602 4419 731 4476 velit
751 4415 896 4488 quod
943 4414 1171 4480 addidit,
1211 4422 1403 4484 prieter
1426 4408 1613 4467 vitulos
1645 4409 1819 4474 boum,
1851 4405 2043 4461 obscu-

2142 3226 2336 3281 ntundo
2380 3224 2523 3296 (Gal.
2549 3225 2649 3295 Vl).
2676 3223 2804 3279 “me
2830 3223 2925 3277 tibi
2955 3223 3187 3286 dicenti,
3232 3220 3432 3275 Cadent
3459 3238 3491 3274 a
3520 3221 3730 3273 dextris

2140 3318 2243 3371 tuis
2275 3317 2451 3371 decem
2493 3315 2683 3381 millia,
2718 3325 2767 3369 et
2797 3331 2830 3368 a
2857 3314 3084 3368 sinistris
3111 3314 3218 3366 tuis
3248 3311 3409 3378 miile,
3451 3311 3519 3365 ad
3548 3321 3599 3365 te
3625 3328 3730 3365 an.

2140 3420 2241 3465 teut
2264 3425 2369 3463 non
2390 3407 2829 3480 approximabunt
2857 3405 3030 3477 (Psal.
3056 3405 3170 3474 xc).
3203 3403 3310 3459 Sed
3338 3403 3519 3458 ethoc
3544 3403 3729 3471 ipsum

2140 3500 2285 3572 quod
2313 3499 2468 3564 dixit,
2496 3499 2554 3552 in
2585 3497 2839 3553 sexcentis
2866 3494 3156 3566 Allophglis
3194 3492 3513 3557 percussisse
3539 3491 3728 3547 Same-

2140 3592 2302 3662 gach,
2330 3605 2437 3645 non
2467 3588 2599 3643 mihi
2629 3588 2846 3643 videtur
2883 3587 3118 3642 otiosum
3147 3584 3373 3640 dictum.
3405 3582 3547 3650 Quid
3577 3583 3729 3637 enim

2141 3696 2278 3752 opus
2321 3685 2440 3735 erat
2463 3680 2749 3751 designare
2777 3678 2942 3733 etiam
2973 3690 3287 3739 numerum,
3316 3674 3425 3740 nisi
3450 3671 3594 3730 forte
3613 3671 3731 3727 evi-

2142 3772 2357 3827 dentius
2390 3771 2444 3825 in
2472 3770 2590 3840 ipso
2627 3782 2856 3825 numero
2878 3782 2946 3823 ea
2970 3766 3039 3823 de
3064 3767 3262 3836 quibus
3293 3764 3545 3835 superius
3579 3764 3726 3819 dixi-

2142 3879 2283 3929 mus,
2350 3861 2649 3918 indicavit?
2685 3860 2930 3930 Namque
2985 3859 3234 3914 senarius
3292 3869 3578 3919 numerus,
3632 3856 3729 3925 qui

2145 3955 2533 4026 multiplicatus
2558 3951 2807 4024 pervenit
2830 3952 2885 4005 in
2910 3956 3215 4009 sexcentos,
3243 3946 3432 4002 mundi
3456 3946 3619 4016 hujus
3654 3944 3721 4000 ﬁ-

2144 4063 2334 4117 guram
2380 4052 2549 4109 tenet,
2591 4044 2682 4114 qui
2710 4045 2764 4098 iu
2794 4058 2889 4098 sex
2913 4043 3107 4098 diebus
3144 4040 3345 4095 dicitur
3372 4052 3726 4094 consumma-

2145 4148 2252 4193 tus.
2292 4137 2592 4193 Sescentos
2631 4149 2764 4205 ergo
2817 4134 2871 4188 in
2922 4141 3106 4188 aratro
3145 4131 3346 4187 dicitur
3391 4127 3731 4200 percussisse

2145 4229 2256 4294 ille,
2292 4228 2380 4282 cui
2407 4239 2505 4296 per
2541 4240 2759 4280 crucem
2789 4223 2994 4279 Christi
3029 4220 3322 4277 crucifixus
3348 4226 3435 4274 est
3472 4216 3731 4273 mundus.

2216 4317 2647 4387 Addideruntque
2660 4315 2760 4384 ﬁlii
2778 4312 2951 4369 Israel
2970 4314 3146 4383 facere
3157 4311 3355 4366 malum
3374 4311 3433 4365 in
3451 4318 3729 4380 conspectu

2150 4408 2363 4463 Domini
2392 4416 2506 4478 post
2539 4415 2759 4461 mortem
2794 4404 2953 4469 Aoth,
2986 4413 3033 4457 et
3062 4402 3281 4457 tradidit
3324 4400 3447 4454 illos
3472 4399 3733 4453 Dominus

464 4529 582 4567 rum
622 4519 723 4566 est.
760 4508 844 4562 An
870 4506 1010 4562 forte
1034 4513 1088 4559 et
1111 4503 1269 4558 boum
1316 4511 1553 4573 stragem
1580 4499 1868 4571 pugnando
1893 4495 2042 4562 fecit.
2072 4499 2203 4559 Din
2227 4515 2390 4553 manu
2432 4496 2594 4552 Jabin
2636 4497 2773 4567 regis
2806 4494 3086 4559 Chanaan,
3109 4494 3201 4563 qui
3227 4491 3459 4562 regnarit
3492 4491 3549 4544 in
3574 4489 3730 4543 Aser.

461 4612 517 4658 et
567 4603 642 4657 ita
692 4601 899 4656 dictum
941 4605 1026 4651 est
1064 4609 1186 4650 eum
1226 4592 1491 4648 occidisse
1542 4596 1828 4645 sexcentos
1875 4586 2043 4650 viros,

465 4701 661 4763 praeter
689 4691 820 4746 illud
850 4688 993 4759 quod
1020 4685 1149 4741 fecit
1177 4685 1244 4740 de
1269 4683 1444 4738 bobus
1483 4681 1698 4736 occisis.
1742 4677 1852 4733 Sed
1878 4690 2048 4746 quare

467 4783 666 4837 vitulos
694 4778 1034 4837 nominavit?
1057 4776 1140 4831 An
1167 4775 1372 4831 Graece
1401 4770 1687 4827 locutionis
1714 4764 2048 4823 consuetudo

467 4880 551 4927 est
576 4870 743 4925 etiam
783 4868 982 4924 vitulos
1028 4881 1125 4922 eos
1170 4862 1463 4934 appellare,
1501 4860 1593 4929 qui
1621 4857 1856 4927 grandes
1887 4855 2049 4910 sunt?

469 4961 605 5018 Nam
632 4959 709 5015 ita
754 4959 902 5028 loqui
950 4956 1107 5028 vulgo
1133 4956 1187 5010 in
1236 4953 1473 5024 {Egypto
1500 4948 1878 5022 perhibentur,
1907 4946 2051 5002 sicut

470 5052 613 5125 apud
640 5066 740 5106 nos
775 5048 907 5119 pulli
944 5046 1284 5117 appellantur
1308 5042 1520 5115 gallinae
1539 5037 1827 5107 cujuslibet
1847 5037 2045 5092 anatis.

471 5144 588 5202 Non
645 5148 828 5197 autem
878 5137 1043 5192 habet
1082 5134 1454 5204 interpretatio
1483 5147 1548 5188 ex
1577 5130 1826 5193 Hebraeo,
1864 5138 2051 5198 ρνιειετ

469 5236 661 5293 vitulos
691 5235 868 5298 bourn,
903 5229 1046 5285 sicut
1074 5229 1175 5282 ista
1203 5240 1323 5296 qua:
1360 5223 1656 5280 secundum
1700 5220 2051 5291 Septuaginta

469 5340 554 5388 est
581 5349 593 5385 :
621 5330 764 5386 sicut
788 5327 953 5383 habet
975 5322 1065 5377 illa
1090 5337 1158 5376 ex
1207 5320 1456 5381 Hebraeo,
1482 5331 1684 5371 vomere
1718 5314 1913 5368 occisos
1943 5328 2055 5367 sea"

471 5432 644 5479 ventos
699 5421 858 5485 viros,
906 5414 1052 5487 quod
1078 5414 1183 5468 ista
1210 5427 1318 5466 non
1363 5409 1547 5463 habet.
1581 5407 1876 5463 Videamus
1910 5420 2056 5459 nunc

475 5511 630 5583 quale
652 5513 725 5567 sit
747 5512 914 5566 etiam
940 5504 1267 5578 principium
1314 5499 1637 5571 Samegach,
1666 5498 1758 5569 qui
1789 5498 2056 5566 interpre—

476 5610 643 5667 tatur,
681 5601 754 5655 ibi
783 5602 1005 5654 advena.
1054 5598 1254 5653 V'erum
1281 5603 1366 5650 est
1393 5594 1540 5648 enim
1584 5593 1709 5662 quia
1742 5606 1933 5645 omnes
1965 5591 2057 5659 qui

475 5701 602 5748 sunt
624 5693 871 5748 homines
897 5691 1019 5757 Dei,
1059 5691 1275 5746 adventu
1305 5695 1432 5743 sunt
1459 5685 1514 5742 in
1541 5686 1645 5742 hoc
1673 5684 1872 5740 mundo
1899 5690 1953 5737 et
1978 5682 2059 5737 in-

2153 4596 2206 4650 II
2210 4595 2455 4666 abuitque
2475 4594 2658 4647 ducem
2680 4591 2938 4645 exercitus
2963 4589 3069 4653 sui,
3097 4588 3303 4641 nomine
3327 4584 3587 4639 Sisaram.
3615 4582 3733 4652 Ipse

2151 4694 2325 4739 autem
2352 4682 2622 4737 habitabat
2647 4682 2703 4735 in
2726 4680 2943 4734 Aroseth
2978 4679 3230 4750 gentium.
3262 4674 3731 4742 Clamat-eruntque

2152 4777 2251 4847 ﬁlii
2272 4775 2442 4831 Israel
2463 4774 2533 4829 ad
2555 4774 2872 4838 Dominum;
2914 4780 3198 4842 nongentos
3221 4770 3361 4823 enim
3382 4766 3607 4821 habebat
3633 4763 3733 4835 [al-

2154 4876 2301 4922 catos
2330 4883 2542 4930 currus,
2564 4874 2613 4920 et
2635 4881 2727 4935 per
2746 4864 2928 4934 viginti
2971 4878 3137 4917 annos
3169 4861 3500 4916 vehementer
3525 4872 3733 4928 oppres-

2154 4969 2291 5014 serat
2339 4975 2445 5013 eas.
2479 4956 2547 5011 Et
2590 4953 2926 5023 adjecerunt,
2973 4953 3169 5023 inquit,
3203 4950 3302 5005 lilii
3348 4948 3518 5005 Israel
3554 4948 3733 5003 facere

2156 5050 2449 5121 malignum
2491 5049 2545 5101 in
2584 5054 2873 5117 conspectu
2911 5044 3146 5107 Domini,
3191 5052 3248 5097 et
3297 5042 3439 5096 Aoth
3488 5048 3737 5093 mortuus

2154 5149 2257 5195 est.
2298 5138 2557 5193 Servatur
2584 5137 2839 5191 nimirum
2881 5135 2933 5188 in
2966 5134 3052 5188 his
3094 5132 3259 5187 etiam
3290 5130 3381 5185 illa
3429 5128 3739 5184 observatio

2156 5246 2317 5302 quam
2354 5230 2406 5284 in
2437 5227 2810 5299 superioribus
2851 5224 3274 5295 designavimus,
3317 5221 3446 5290 quia
3483 5233 3585 5291 pro
3611 5231 3737 5288 pec-

2158 5321 2296 5375 catis
2325 5319 2507 5391 populi
2540 5318 2772 5373 moritur
2820 5319 2995 5372 bonus
3024 5314 3205 5384 populi
3259 5314 3387 5368 dux.
3425 5311 3563 5366 Cum
3590 5310 3735 5364 enim

2160 5411 2366 5482 indigni
2409 5410 2611 5465 fuerint
2639 5408 2841 5472 eﬂ’ecti,
2862 5415 2918 5463 et
2945 5406 3172 5463 fecerint
3196 5405 3491 5475 malignum
3524 5402 3578 5455 in
3605 5414 3735 5455 con-

2156 5510 2341 5571 spectu
2364 5500 2597 5561 Domini,
2631 5499 2909 5554 auferetur
2930 5499 2998 5552 ab
3026 5498 3108 5553 eis
3130 5498 3291 5551 homo
3322 5495 3439 5549 Dei.
3470 5492 3581 5547 Sed
3606 5490 3737 5546 dicit

2160 5591 2407 5648 fortassis
2433 5590 2659 5661 popula-3
2700 5598 2886 5644 noster
2915 5603 2930 5642 :
2961 5588 3186 5655 Quando
3213 5586 3453 5641 Ecclesia
3483 5583 3579 5637 Dei
3621 5583 3733 5635 sine

2157 5683 2336 5757 judice
2373 5690 2476 5747 est,
2525 5680 2740 5736 etiamsi
2785 5680 2933 5750 prior
2959 5678 3269 5742 decesserit,
3317 5676 3456 5730 alter
3511 5672 3726 5728 adhibe-
