3996 6176
303 332 438 389 “33

294 453 402 499 tur.
428 442 700 499 Audacter
723 444 971 501 fortassis
992 448 1193 519 aliquid
1224 452 1495 521 dicemus;
1527 465 1705 511 tamen
1733 460 1877 527 quod

287 536 555 606 scriptum
585 545 670 590 est
699 537 945 592 dicimus.
995 539 1110 594 Non
1153 559 1368 613 semper
1402 546 1655 618 princeps
1696 551 1877 620 populi

282 635 345 680 et
370 627 627 681 Ecclesia:
643 627 807 698 judev
828 645 925 698 per
949 630 1046 686 Dei
1072 633 1359 690 arbitrium
1385 637 1566 703 datur,
1591 642 1685 694 sed
1715 651 1878 711 prout

283 716 483 770 merita
534 726 720 772 nostra
759 718 1075 788 deposcunt,
1113 722 1160 777 si
1195 724 1322 778 mali
1353 734 1480 781 sunt
1507 737 1663 782 actus
1699 731 1872 784 nostri

279 814 339 860 et
364 822 657 876 operamur
704 809 998 880 malignum
1053 813 1108 867 in
1153 826 1448 886 conspectu
1503 820 1619 885 Dei,
1676 822 1874 878 dantur

279 898 438 953 nobis
466 899 742 969 principes
780 904 1077 959 secundum
1130 921 1225 961 eor
1250 918 1521 975 nostrum,
1550 921 1607 967 et
1639 914 1741 968 hoc
1772 914 1870 969 tibi

277 990 345 1044 de
374 989 671 1061 Scripturis
711 995 970 1064 probabo.
1001 994 1141 1052 Audi
1166 1014 1422 1070 namque,
1449 1004 1578 1072 quid
1606 1004 1867 1062 Dominus

275 1082 419 1137 dicat
449 1101 464 1135 :
494 1082 758 1140 Fecerunt
804 1088 906 1141 sibi
935 1105 1126 1158 regem,
1153 1102 1201 1145 et
1232 1110 1338 1147 non
1366 1111 1459 1164 per
1500 1113 1613 1161 me;
1640 1106 1695 1150 et
1717 1099 1865 1167 prin-

271 1175 461 1245 cipem,
489 1185 536 1229 et
556 1192 661 1230 non
679 1194 773 1247 per
800 1178 1078 1234 consilium
1108 1199 1301 1237 meum.
1334 1184 1401 1238 Et
1430 1186 1530 1241 hoc
1554 1187 1754 1242 dictum
1782 1190 1862 1242 vi-

270 1266 511 1322 deturtle
533 1265 695 1322 Saule
718 1267 826 1333 illo,
860 1283 1022 1338 quem
1044 1272 1231 1342 utique
1256 1274 1370 1343 ipse
1396 1276 1655 1332 Dominus
1688 1278 1863 1350 elege-

1252 342 1604 400 COMMENT.
1648 347 1715 400 lN
1751 346 1877 403 LIB.
1916 346 2232 410 IllDltlUM.
2289 389 2341 398 —-
2377 358 2502 415 LIB.
2544 364 2580 417 1.

3433 386 3575 443 ttat
3636 358 3649 359 ί

1910 465 1955 522 Α
1986 463 2190 518 minam
2227 470 2520 525 suscitetur
2549 478 2851 546 prophetia,
2878 499 3000 552 quae
3025 498 3108 543 est
3140 492 3192 547 in
3227 493 3400 566 figura
3432 500 3568 555 Deb-

1984 553 2154 620 borte,
2187 565 2243 611 et
2279 563 2575 619 secundum
2633 571 2931 638 prophetia:
2980 581 3211 647 gratiam
3264 553 3321 640 ct
3363 588 3566 646 intelli-

1981 645 2218 711 gentiam
2250 648 2505 708 Ecclesia:
2549 659 2777 727 popnlus
2815 645 3166 734 gubernetur.
3196 675 3279 729 vel
3298 675 3412 745 jam
3435 645 3557 736 sen-

1978 748 2071 789 sus
2096 737 2519 812 uniuscujusque
2552 750 2749 804 mentis
2774 761 2829 806 et
2854 756 3049 813 anima:
3073 737 3311 832 regatur:

2578 860 2806 919 CAPUT
2845 868 2955 923 ΧΠ.

1971 936 2051 993 De
2079 940 2647 1046 Debbq‘qla'e-tnllqr‘aclt,
2667 957 2769 1046 qui
2782 975 3151 1046 percusserunt
3178 965 3361 1046 labia,
3388 990 3556 1046 regem

2224 1012 2603 1087 Cltananwum,
2633 1012 2699 1078 ἐἰ
2730 1012 2917 1084 Sisara
2948 1034 3134 1090 ducem
3170 1012 3304 1108 ejus:

2037 1100 2190 1196 (Cir.
2222 1105 2321 1177 tv.)
2345 1107 2480 1165 Erat
2509 1122 2684 1168 autem
2717 1115 2952 1175 Debbora
2975 1100 3249 1196 prophetes
3278 1150 3416 1188 uxor
3446 1137 3554 1191 La-

1918 1270 1929 1280 .
1962 1193 2197 1295 pliidoth,
2248 1215 2366 1267 qua:
2389 1200 2673 1270 judicabat
2706 1210 2957 1279 populum
3003 1193 3184 1273 in-illo
3224 1231 3473 1295 tempore,
3506 1240 3553 1282 et

1962 1285 2173 1373 sedebat
2195 1289 2290 1342 sub
2315 1290 2513 1358 palma,
2545 1312 2663 1365 qua:
2705 1302 2914 1356 nomine
2938 1304 3081 1362 illius
3112 1285 3395 1369 vocabatur
3415 1285 3552 1373 inter

268 1372 375 1425 rat,
411 1370 467 1415 et
498 1376 678 1430 regem
709 1361 826 1416 ﬁeri
865 1360 1127 1430 jusserat.
1177 1364 1284 1422 Sed
1329 1370 1585 1436 quoniam
1638 1387 1743 1426 non
1772 1388 1858 1427 se-
1959 1371 2127 1427 Rama
2150 1385 2198 1429 et
2215 1377 2395 1434 Bethel
2424 1383 2479 1436 in
2493 1360 2667 1440 monte
2690 1386 2967 1458 Epltraim.
2993 1360 3546 1477 Ascendebantque‘ad

268 1455 497 1477 --_--..l--...
541 1452 635 1477 15-:
683 1454 1010 1477 ..-l--_a-.,.__
1071 1458 1161 1477 --.ι
1216 1458 1409 1477 ---μήμι
1488 1476 1493 1477 ,
1723 1471 1732 1477 .
1812 1464 1823 1474 -
2106 1463 2194 1477 ιη..
2233 1466 2254 1477 ν
2384 1468 2394 1477 .
2430 1471 2440 1477 .

264 1455 502 1509 cundum
541 1452 638 1508 Dei
683 1454 1039 1522 voluntatem,
1068 1458 1162 1513 sed
1210 1458 1505 1515 secundum
1548 1464 1856 1532 peccatoris
1956 1477 2071 1515 eam
2090 1463 2194 1531 ﬁlii
2222 1466 2394 1523 Israel
2422 1471 2475 1524 in
2511 1490 2663 1531 omne
2682 1452 2969 1547 judicium.
2996 1487 3128 1553 Qum
3154 1494 3296 1548 misit
3321 1452 3546 1554 et'voca-

262 1544 447 1614 populi
494 1545 743 1599 meritum
773 1544 952 1601 fuerat
978 1547 1207 1614 electus,
1238 1559 1404 1621 negat
1430 1567 1555 1606 eum
1588 1567 1713 1608 cum
1753 1569 1850 1609 sua
1955 1551 2022 1605 vit
2045 1550 2253 1609 Barach
2278 1557 2453 1625 ﬁlium
2473 1544 2765 1623 Abinoe'de
2806 1571 2975 1629 Gades
2999 1544 3545 1660 IVept/zali,

262 1635 645 1660 “Luam”.
680 1636 899 1660 “mg..-
945 1639 1285 1660 --_-.,.__.-___
1343 1641 1468 1660 ης-.-
1505 1657 1551 1660 -,
1604 1659 1612 1660 ,
1799 1644 1846 1660 ..
1965 1642 2022 1660 si
2293 1648 2330 1660 ..
2510 1657 2518 1660 -
2608 1659 2613 1660 ν

262 1636 538 1691 voluntate
562 1635 646 1690 vel
676 1636 904 1692 consilio
938 1639 1312 1696 constitutum.
1343 1641 1474 1696 Tale
1495 1657 1625 1714 ergo
1647 1643 1849 1714 aliquid
1951 1642 2022 1695 ad
2059 1660 2178 1700 eum
2221 1661 2240 1699 τ
2287 1648 2539 1725 Prcecepit
2575 1659 2669 1713 tibi
2708 1661 2968 1722 Dominus
2992 1635 3136 1727 Dea;

257 1725 623 1796 intelligamus
652 1727 816 1781 etiam
841 1726 897 1781 in
925 1727 1187 1791 Ecclesiis
1217 1728 1357 1797 fieri,
1397 1732 1523 1801 quia
1555 1748 1656 1803 pro
1683 1735 1849 1789 meri-
1950 1732 2037 1800 de,
2071 1736 2325 1795 descende
2348 1753 2399 1796 et
2438 1747 2542 1799 duc
2590 1754 2875 1810 exercitum
2907 1759 2962 1813 in
3009 1725 3540 1837 montem-"Iliam;

255 1817 328 1871 tis
363 1818 543 1887 populi
575 1828 669 1873 aut
691 1819 746 1873 in
773 1820 941 1875 verbo
967 1829 1023 1876 et
1043 1836 1209 1893 opere
1232 1832 1425 1893 potens
1459 1841 1490 1881 a
1514 1826 1627 1883 Deo
1649 1829 1842 1884 tribui-
1867 1836 1918 1896 Β
1947 1823 2197 1935 ignesque
2211 1842 2381 1888 tecum
2396 1839 2573 1893 decem
2589 1841 2758 1898 millia
2776 1860 3133 1919 pugnatorum
3155 1817 3536 1935 sterni}:

253 1918 344 1963 tur
370 1919 549 1964 rector
578 1911 852 1974 Ecclesizn,
882 1922 977 1967 aut
1003 1914 1049 1968 si
1090 1916 1383 1986 malignum
1409 1917 1577 1974 faciat
1609 1921 1841 1991 populus

250 2003 304 2056 in
333 2012 627 2072 conSpectu
658 2004 891 2072 Domini,
951 2007 1077 2062 talis
1127 2008 1392 2065 Ecclesia:
1438 2011 1608 2081 judex
1657 2013 1835 2079 datur,

237 2095 346 2149 sub
363 2110 473 2163 quo
494 2093 689 2149 famem
721 2104 776 2149 et
798 2096 944 2151 sitim
970 2097 1200 2167 populus
1223 2101 1480 2168 patiatur,
1506 2118 1614 2157 non
1635 2101 1835 2158 famem

243 2185 401 2254 panis
444 2200 621 2255 neque
666 2186 814 2243 sitim
842 2202 1016 2258 aquae,
1050 2190 1144 2246 sed
1182 2188 1382 2247 famem
1427 2194 1682 2250 audiendi
1712 2211 1833 2251 ver-

242 2277 370 2331 bum
406 2277 619 2333 Domini
651 2277 830 2351 (Rom.
870 2280 1011 2346 vni).
1040 2282 1122 2338 lta
1150 2299 1283 2354 ergo
1310 2301 1410 2342 nos
1432 2301 1659 2357 agamus
1681 2289 1828 2344 etita

237 2384 481 2435 oremus,
508 2386 575 2425 ne
601 2388 842 2443 unquam
875 2388 976 2429 nos
996 2374 1177 2430 divina
1204 2376 1574 2449 indignatione
1602 2380 1657 2436 in
1675 2382 1829 2437 verbi

237 2458 382 2515 fame
404 2462 730 2518 condemnet
766 2479 833 2519 ac
857 2464 970 2531 siti,
994 2481 1064 2522 ne
1085 2482 1324 2537 unquam
1361 2471 1644 2526 auferatur
1662 2488 1698 2526 α
1729 2488 1828 2528 no-

237 2552 323 2607 bis
348 2554 563 2622 quinos
597 2556 767 2611 verbo
804 2565 860 2612 et
895 2572 1059 2628 opere
1087 2560 1342 2626 instruat,
1384 2565 1478 2633 qui
1501 2564 1556 2618 in
1579 2566 1825 2622 moribus

232 2651 292 2698 et
319 2644 622 2711 honestate,
674 2648 768 2717 qui
807 2648 1082 2718 patientia:
1129 2666 1194 2707 ac
1224 2655 1657 2711 mansuetudinis
1703 2670 1824 2725 per-

231 2734 436 2792 fectmn
460 2737 530 2792 de
557 2752 617 2793 se
641 2740 854 2810 populis
880 2749 1105 2810 priestet
1134 2746 1461 2816 exemplum.
1492 2746 1628 2802 Nam
1652 2748 1696 2803 si
1720 2763 1821 2805 nos

230 2826 524 2884 fecerimus
551 2830 845 2902 malignum
886 2833 941 2888 in
968 2845 1259 2904 conspectu
1287 2837 1520 2901 Domini,
1556 2840 1608 2895 id
1633 2849 1739 2907 est,
1769 2843 1816 2896 si

227 2917 373 2974 male
399 2921 691 2989 egerimus,
730 2922 776 2977 si
816 2922 1151 2981 voluntatem
1185 2935 1427 2982 nostram
1474 2937 1531 2984 et
1563 2945 1670 2985 non
1717 2932 1815 2986 Dei

228 3011 514 3079 faciamus,
560 3017 793 3071 moritur
813 3026 870 3071 et
898 3016 1063 3084 Aoth,
1105 3018 1386 3076 auferetur
1406 3030 1461 3076 et
1487 3022 1807 3096 Samegacb,

222 3114 283 3160 et
310 3107 693 3164 obscurabitur
736 3109 853 3166 laus
896 3121 1081 3167 nostra
1131 3121 1187 3168 et
1214 3115 1494 3170 trademur
1521 3115 1577 3170 in
1614 3132 1810 3172 manus

1943 1916 2078 1970 (Itali
2088 1929 2135 1973 et
2147 1920 2211 1975 de
2224 1923 2354 1991 [iliis
2376 1925 2422 1979 Ζ
2424 1929 2638 1987 abulon.
2656 1934 2771 2006 Ego
2785 1916 2960 1995 autem
2974 1944 3194 2002 educam
3210 1916 3280 2002 a'd
3291 1961 3339 2005 te
3354 1952 3408 2006 in

1937 2012 2184 2066 torrentis
2212 2012 2394 2084 Cison,
2419 2020 2657 2078 Sisaram
2685 2031 2971 2100 principem
2993 2038 3252 2093 exercitus
3277 2039 3458 2107 Jabin,
3484 2059 3529 2099 et

1937 2116 2123 2155 currus
2166 2105 2304 2175 ejus,
2333 2119 2488 2179 atque
2534 2130 2737 2170 omnem
2780 2121 3191 2194 multitudinem,
3228 2141 3279 2182 et
3319 2135 3527 2188 tradam

1934 2210 2023 2248 eos
2052 2195 2105 2249 in
2135 2214 2295 2253 manu
2320 2212 2433 2256 tua.
2473 2204 2721 2279 Dixitque
2743 2213 2813 2265 ad
2854 2231 2969 2270 eam
3007 2216 3214 2275 Barac/1
3246 2236 3265 2274 :
3296 2222 3359 2279 Si
3384 2229 3525 2280 venis

1933 2301 2158 2349 mecum,
2190 2290 2412 2356 eadem;
2446 2296 2493 2348 si
2522 2297 2753 2356 nolueris
2775 2304 2968 2370 venire,
2997 2323 3102 2362 non
3133 2326 3369 2382 pergam.
3393 2313 3525 2380 Quae

1928 2375 2065 2430 dixit
2088 2378 2159 2433 ad
2180 2395 2300 2434 eum
2325 2396 2343 2434 :
2371 2381 2464 2440 Ibo
2494 2389 2702 2458 quidem
2735 2401 2927 2459 tecum,
2949 2398 3041 2451 sed
3076 2375 3144 2454 inv
3171 2375 3270 2456 hac
3292 2375 3523 2460 vice-tibi

1927 2467 2148 2524 victoria
2176 2486 2281 2525 non
2305 2476 2651 2545 reputabitur,
2681 2482 2804 2555 quia
2825 2483 2881 2539 in
2901 2501 3061 2542 manu
3088 2488 3323 2546 mulieris
3344 2493 3524 2549 trade-

1926 2565 2015 2610 tur
2048 2557 2255 2617 Sisara.
2294 2563 2557 2631 Quoniam
2592 2571 2809 2638 quidem
2851 2578 3121 2633 seutentia
3159 2589 3247 2636 est
3287 2584 3515 2653 apostoli

1923 2647 2099 2716 Pauli,
2131 2668 2270 2744 qua:
2316 2655 2487 2711 dicit:
2523 2657 2708 2715 Omnis
2735 2661 3012 2734 Scriptura
3063 2647 3485 2744 divinitus-inspi

1922 2750 2041 2794 rata
2062 2743 2209 2797 utilis
2234 2755 2311 2799 est
2333 2746 2404 2800 ad
2436 2747 2752 2818 docendum,
2783 2754 2854 2808 ad
2899 2757 3282 2828 increpandam
3310 2762 3383 2816 ad
3418 2764 3487 2819 do

1918 2832 2168 2920 ctrinam,
2191 2851 2310 2906 qua:
2353 2847 2430 2892 est
2477 2840 2533 2893 in
2575 2840 2787 2910 justitia
2817 2844 2908 2915 (II
2937 2846 3070 2902 Tim.
3103 2850 3218 2920 ut);
3248 2853 3380 2920 quid
3415 2855 3483 2908 ba

1918 2919 2046 2975 beat
2061 2921 2118 2975 in
2139 2937 2258 2979 sese
2279 2925 2383 2981 ista
2409 2927 2714 2999 Scriptura,
2741 2949 2905 3003 quam
2927 2937 3044 2992 sine
3064 2919 3229 2995 dubio
3254 2919 3310 2997 et
3332 2943 3508 3013 ipsan-

1917 3010 2238 3081 inspiratam
2267 3016 2528 3075 divinitus
2550 3023 2899 3090 conﬁtemur,
2927 3030 3070 3098 quod
3112 3032 3269 3087 nobis
3310 3010 3379 3090 ad
3412 3036 3509 3090 do-

1913 3104 2146 3160 ctrinam
2169 3108 2344 3175 cedat,
2366 3112 2512 3180 quod
2535 3114 2604 3169 ad
2630 3115 3231 3192 increpationem,quod
3255 3125 3324 3181 ad
3343 3127 3504 3183 disci-

221 3196 383 3252 Jabin
410 3199 553 3268 reg’s
572 3199 847 3255 Chanaan.
879 3199 1036 3257 Jabin
1060 3212 1239 3258 autem
1274 3205 1664 3276 interpretatur
1691 3223 1809 3261 sen-

1916 3193 2138 3262 plinam,
2164 3200 2307 3267 quod
2337 3201 2403 3254 ad
2443 3202 2732 3272 justitiam.
2766 3185 2904 3275 Quid
2932 3185 3077 3267 enim
3105 3185 3268 3271 nobis
3294 3228 3365 3273 ex
3401 3218 3504 3274 hoc

221 3304 316 3341 sus
364 3287 478 3342 sive
521 3290 822 3357 prudentia.
871 3290 928 3345 Si
952 3307 1089 3362 ergo
1120 3309 1217 3348 nos
1244 3296 1350 3349 non
1397 3297 1807 3363 probaverimus

221 3378 394 3432 Deum
419 3363 421 3366 i
442 3378 645 3434 habere
684 3380 738 3434 in
768 3382 981 3447 notitia,
1011 3384 1175 3439 tradit
1223 3400 1322 3440 nos
1356 3385 1614 3441 Dominus
1644 3388 1696 3442 in
1725 3403 1806 3442 re-

217 3473 448 3541 probum
500 3489 740 3538 sensum,
774 3473 1015 3544 repletos,
1068 3476 1260 3545 inquit,
1295 3478 1586 3548 iniquitate,
1622 3482 1805 3550 nequi-

216 3567 316 3631 tia,
357 3567 723 3636 fornicatione,
751 3568 997 3632 avaritia,
1033 3567 1212 3639 plenos
1239 3568 1459 3633 invidia,
1484 3570 1801 3632 homicidiis,

216 3660 566 3724 contentione,
597 3658 743 3724 dolo,
770 3670 1161 3726 susurratores,
1188 3660 1529 3726 detractores,
1555 3661 1661 3715 Deo
1689 3663 1804 3715 odi-

215 3748 370 3815 biles,
395 3748 816 3814 contumeliosos,
841 3752 1113 3820 superbos,
1142 3750 1332 3815 elatos,
1359 3753 1663 3821 parentibus
1699 3770 1803 3807 non

213 3839 531 3904 obedientes,
592 3839 926 3910 insipientes,
975 3842 1367 3910 incompositos,
1425 3845 1539 3896 sine
1582 3843 1800 3912 aﬂ'ectu,

210 3933 328 3988 sine
362 3933 724 3986 misericordia
757 3931 937 4005 (llam.
972 3934 1034 4005 ι).
1069 3930 1230 3987 Vides
1272 3933 1364 4002 qui
1387 3942 1515 3988 sunt
1538 3942 1593 3988 et
1613 3933 1800 4002 quales

210 4026 305 4095 qui
360 4025 644 4080 traduntur
673 4026 725 4080 in
757 4027 1051 4095 reprobum
1094 4040 1337 4090 sensum,
1375 4025 1468 4093 qui
1511 4027 1800 4079 traduntur

206 4115 367 4171 Jabin
400 4116 632 4185 principi
659 4115 1111 4170 Chananatorum.

288 4209 356 4262 Et
398 4208 658 4278 princeps,
693 4207 887 4276 inquit,
912 4205 1116 4261 militite
1157 4206 1319 4260 Jabin
1353 4217 1466 4260 erat
1498 4204 1707 4272 Sisara,
1748 4215 1797 4259 et

204 4304 318 4370 ipse
360 4300 632 4354 habitabat
657 4300 712 4353 in
758 4299 978 4353 Arosetlt
1015 4300 1268 4370 gentium,
1319 4308 1368 4353 et
1413 4309 1562 4353 erant
1590 4300 1637 4352 ei
1667 4315 1798 4352 non-

206 4395 347 4465 genti
375 4408 562 4446 currus
593 4391 771 4461 ferrei.
804 4390 873 4444 Et
895 4391 1252 4446 clamauerunt
1274 4391 1375 4460 ﬁlii
1403 4389 1577 4445 Israel
1597 4392 1665 4444 ad
1687 4391 1796 4444 Do-

206 4486 427 4538 minum.
480 4483 655 4536 Etiam
688 4482 741 4536 in
790 4482 892 4537 hoc
920 4481 1172 4537 similiter
1201 4481 1290 4535 illa
1335 4496 1499 4550 quam
1539 4480 1790 4549 superius

204 4574 610 4643 designavimus
644 4571 953 4628 observatio
991 4570 1318 4636 custoditur,
1368 4570 1494 4640 quia
1539 4570 1790 4625 nesciunt

202 4666 444 4721 clamare
495 4664 565 4719 ad
601 4662 890 4717 Dominum
929 4662 1025 4716 ﬁlii
1071 4661 1260 4726 Israel,
1304 4661 1409 4716 nisi
1434 4677 1556 4716 cum
1599 4663 1785 4719 traditi

202 4760 407 4814 fuerint
433 4760 486 4813 in
513 4773 705 4813 manus
732 4755 911 4820 Jabin,
943 4755 1028 4811 vel
1064 4771 1189 4811 cum
1214 4754 1396 4811 alllicti
1419 4771 1519 4825 per
1549 4755 1666 4825 ejus
1690 4758 1788 4811 mi-

203 4852 336 4907 litia:
355 4851 654 4920 principem
691 4848 954 4912 Sisaram,
981 4849 1068 4904 cui
1096 4857 1274 4914 erant,
1308 4849 1505 4917 inquit,
1534 4846 1811 4920 nongenti.

202 4963 399 5006 currus
420 4946 603 5011 ferrei,
629 4945 827 5015 quibus
855 4943 1064 4998 scilicet
1091 4942 1418 5014 atiligerctur
1440 4942 1669 5013 populus
1693 4945 1788 4998 du-

203 5053 282 5092 ne
311 5036 558 5091 cervicis.
610 5035 795 5089 Sisara
833 5040 1012 5086 autem
1065 5031 1455 5100 interpretatur
1485 5031 1614 5085 visio
1646 5033 1786 5102 equi.

201 5131 311 5185 Iste
337 5138 419 5183 est
446 5128 590 5181 enim
616 5125 890 5189 animalis,
919 5132 1101 5178 etnon
1131 5121 1407 5192 spiritalis,
1447 5123 1539 5192 qui
1577 5138 1683 5177 non
1709 5122 1790 5176 vi-

202 5222 312 5286 det,
345 5220 449 5274 nisi
497 5234 560 5274 ea
599 5234 719 5287 qua:
750 5215 1003 5272 animalis
1037 5224 1180 5277 sunt,
1218 5214 1331 5283 ipsa
1363 5223 1449 5268 est
1467 5214 1585 5283 ejus
1626 5214 1786 5280 visio,

200 5314 320 5383 ipse
345 5313 394 5367 ei
428 5326 641 5381 semper
689 5310 952 5374 intuitus;
997 5316 1054 5363 et
1107 5308 1227 5362 ideo
1273 5320 1490 5375 semper
1536 5306 1789 5361 animalis

201 5404 386 5468 homo,
416 5412 470 5457 et
502 5404 548 5458 is
588 5404 681 5472 qui
709 5403 1007 5458 secundum
1056 5415 1277 5456 carnem
1306 5409 1394 5454 est
1440 5400 1783 5469 persequitur

1820 4533 1868 4591 D

198 5511 326 5550 eum
357 5494 447 5562 qui
485 5494 779 5547 secundum
803 5493 1052 5562 spiritum
1091 5501 1173 5547 est
1198 5488 1341 5562 (Gal.
1360 5489 1454 5561 tv),
1484 5491 1653 5544 donec
1676 5491 1784 5558 spi~

198 5585 375 5641 ritalis
420 5584 684 5655 intelligat
731 5592 787 5637 et
836 5584 1112 5638 exatninet
1153 5583 1357 5644 omnia,
1405 5591 1462 5635 ct
1518 5580 1783 5650 intelligat

197 5677 342 5731 unde
387 5673 488 5728 sibi
536 5675 610 5728 sit
638 5674 899 5727 auxilium
937 5673 1356 5741 deposcendum,
1389 5681 1446 5726 et
1488 5671 1684 5726 clamet
1712 5672 1782 5725 ad

196 5768 508 5833 Dominum,
537 5763 709 5820 donec
747 5764 940 5818 animce
970 5763 1044 5816 illi
1076 5777 1197 5831 qua:
1227 5762 1541 5817 clamaverit
1570 5762 1636 5816 ad
1677 5762 1778 5817 Do-

1910 3285 2221 3353 confcrtur,
2260 3291 2306 3344 si
2354 3290 2593 3363 legamus
2638 3296 2743 3352 hoc
2785 3302 2929 3368 quod
2987 3304 3275 3361 recitatum
3303 3317 3408 3375 est,
3445 3310 3504 3367 id

1907 3386 1991 3430 est
2025 3378 2167 3446 quod
2208 3379 2469 3449 Debbora,
2504 3384 2699 3455 inquit,
2736 3389 2927 3444 mulier
2961 3395 3311 3464 prophetissa,
3365 3414 3503 3454 uxor

1907 3466 2222 3537 Laplaidotlt,
2256 3473 2369 3541 ipsa
2385 3475 2669 3543 judicabat
2712 3479 2885 3537 Israel
2920 3484 2976 3539 in
3022 3485 3116 3540 illo
3159 3497 3422 3560 tempore;
3448 3505 3496 3546 et

1904 3556 2039 3624 ipsa,
2070 3559 2263 3629 inquit,
2289 3561 2528 3618 Debbora
2551 3568 2761 3623 sedebat
2784 3572 2879 3626 sub
2896 3574 3077 3644 palma
3105 3579 3243 3633 inter
3265 3556 3493 3637 inediam

1903 3645 2093 3713 Rama,
2122 3662 2171 3703 et
2201 3651 2336 3705 inter
2360 3655 2587 3709 medium
2616 3657 2817 3727 Betltel,
2854 3663 2911 3717 in
2941 3676 3117 3721 monte
3142 3668 3419 3740 Epltraim,
3445 3687 3493 3728 et
3544 3682 3551 3689 ‘

1903 3740 2249 3795 ascendebant
2277 3743 2348 3797 ad
2367 3760 2483 3799 eam
2502 3746 2603 3815 lilii
2630 3748 2825 3818 Israel,
2854 3763 2910 3807 ut
2930 3756 3326 3825 judicarcntur.
3353 3763 3490 3817 Tum

1902 3828 2095 3884 deinde
2116 3833 2246 3902 quid
2277 3835 2434 3892 nobis
2462 3838 2805 3907 eruditionis,
2834 3853 2931 3900 aut
2953 3846 3236 3917 doctrinas,
3259 3863 3354 3907 aut
3373 3852 3492 3923 jus-

1903 3920 2034 3977 titia:
2066 3938 2129 3978 ea
2171 3925 2458 3984 conferunt
2497 3944 2619 4000 quae
2663 3948 2986 4005 sequuntur,
3011 3940 3097 3997 vel
3139 3942 3206 3998 de
3254 3920 3488 4009 Bal-ach.

1900 4014 1984 4067 vel
2013 4015 2080 4070 de
2106 4014 2241 4081 Jael,
2270 4019 2353 4074 vel
2381 4021 2548 4077 etiam
2579 4024 2647 4079 de
2678 4024 2863 4082 Sisara
2893 4029 3031 4086 duce
3055 4032 3263 4089 militia:
3289 4032 3488 4091 Jabiu?

1904 4106 2193 4165 Videamus
2217 4126 2349 4184 ergo
2381 4115 2428 4168 si
2450 4112 2594 4172 forte
2621 4131 2721 4187 per
2748 4118 2865 4175 haec
2892 4121 3115 4193 dignum
3154 4124 3382 4194 aliquid,
3414 4128 3487 4183 92-

1897 4207 1989 4251 cut
2016 4207 2073 4253 et
2112 4215 2180 4254 ex
2212 4199 2513 4273 Scripturis
2542 4208 2784 4272 caneris,
2817 4209 2886 4263 de
2914 4215 3273 4269 sacramentis
3302 4231 3485 4272 secre‘

1898 4291 2126 4347 tioribus
2153 4294 2466 4351 doceamur.
2499 4296 2683 4354 Primo
2705 4300 2809 4355 hoc
2838 4301 3014 4371 ipsum
3043 4306 3187 4373 quod
3217 4321 3340 4360 cum
3360 4308 3482 4377 plu-

1897 4381 2247 4451 rimijudices
2276 4384 2380 4438 viri
2410 4384 2464 4438 in
2491 4385 2658 4441 Israel
2692 4386 2860 4443 fuisse
2891 4389 3214 4456 referantur,
3240 4392 3309 4448 de
3335 4396 3481 4451 nullo

1897 4471 2114 4528 illorum
2149 4475 2371 4541 dicitur,
2401 4477 2528 4546 quia
2568 4480 2834 4548 propheta
2861 4480 3049 4546 fuerit,
3076 4483 3181 4537 nisi
3221 4484 3290 4539 de
3342 4485 3481 4542 Deb-

1895 4565 2026 4620 bora
2053 4566 2298 4622 muliere.
2323 4566 2553 4624 Praestat
2579 4573 2713 4626 etin
2751 4572 2856 4628 hoc
2905 4574 3331 4632 consolationem
3370 4594 3477 4634 non

1898 4660 2177 4714 minimam
2205 4660 2491 4716 mulierum
2518 4665 2671 4718 sexui
2699 4665 2865 4718 etiam
2894 4665 3069 4734 prima
3091 4667 3262 4737 ipsius
3288 4668 3479 4725 littera:

1897 4749 2087 4814 facies,
2115 4758 2172 4806 et
2200 4761 2462 4819 provocat
2489 4768 2585 4808 cas
2606 4792 2620 4817 ,
2653 4753 2731 4808 uti
2760 4769 3103 4824 nequaquam
3129 4772 3227 4826 pro
3254 4759 3480 4814 infirmi-

1898 4851 2007 4898 tate
2035 4858 2196 4898 sexus
2220 4844 2530 4912 desperent,
2562 4845 2727 4899 etiam
2755 4846 3084 4914 prophetiae
3111 4848 3299 4918 gratia:
3318 4864 3473 4919 capa-

1896 4951 1990 4991 ces
2027 4950 2087 4991 sc
2118 4936 2235 4993 fieri
2285 4951 2473 5006 posse;
2504 4938 2603 4993 sed
2648 4937 2953 5009 intelligant
2978 4947 3034 4993 et
3079 4942 3305 4996 credant
3333 4948 3477 5012 quod

1895 5040 2135 5084 meretur
2161 5033 2298 5084 banc
2324 5030 2555 5100 gratiam
2589 5030 2796 5100 puritas
2818 5032 3035 5096 mentis,
3062 5048 3168 5086 non
3191 5033 3476 5089 diversitas

1894 5134 2075 5175 sexus.
2107 5119 2217 5174 Sed
2241 5120 2520 5174 videamus
2541 5121 2669 5190 quid
2692 5121 2855 5175 etiam
2882 5121 3157 5178 interioris
3177 5124 3478 5192 intelligen.

1893 5212 1983 5267 tite
2029 5212 2258 5281 respiret
2307 5226 2587 5266 arcanum.
2625 5212 2871 5268 Debbora
2914 5216 3027 5285 apis
3066 5215 3471 5282 interpretatur,

1893 5302 2008 5357 sive
2052 5301 2276 5372 loquela.
2322 5302 2430 5357 Sed
2450 5304 2617 5358 etiam
2655 5313 2710 5359 et
2752 5304 2804 5358 in
2830 5305 3197 5374 superioribus
3237 5302 3477 5356 diximus

1892 5391 2035 5459 quod
2081 5391 2327 5447 Debbora
2373 5394 2426 5447 in
2458 5395 2756 5465 prophetia:
2796 5393 2971 5451 forma
3017 5392 3327 5461 accipienda
3377 5391 3478 5445 sit.

1891 5503 2011 5559 qtae
2033 5498 2117 5541 est
2141 5489 2290 5557 apis;
2326 5497 2537 5543 certum
2565 5502 2800 5558 namque
2832 5494 2916 5541 est
2943 5485 3086 5553 quod
3127 5482 3305 5536 omnis
3351 5496 3463 5552 pro.

1890 5580 2075 5648 pbetia
2104 5580 2286 5633 suavis
2314 5579 2556 5633 cmlestis
2580 5578 2839 5632 doctrina:
2860 5575 3013 5629 favos
3043 5581 3099 5626 et
3129 5571 3305 5626 dulcia
3333 5572 3466 5627 divi-

1890 5670 1942 5723 ni
1972 5669 2171 5739 eloquii
2199 5668 2356 5723 mella
2387 5675 2677 5736 componat
2713 5681 2727 5719 :
2762 5665 2901 5719 unde
2937 5671 2991 5717 et
3030 5663 3197 5715 David
3235 5665 3491 5760 canebat.

1889 5763 2071 5819 dicens
2097 5782 2108 5816 :
2130 5760 2302 5827 Quam
2326 5760 2504 5814 dulcia
2527 5758 2768 5828 faucibus
2796 5755 2921 5809 meis
2950 5754 3155 5823 eloquia
3177 5763 3289 5807 tua.
3315 5769 3470 5823 super
