3996 6176
481 349 619 405 “'55

1123 347 1184 401 Β.
1227 344 1481 400 RAllANl
1522 345 1740 401 MAURI
1778 343 2097 398 ARClllEP.
2142 342 2448 400 MOGUNT.
2491 344 2777 400 OPERUM
2816 342 2995 398 PARS
3037 343 3076 396 l.

3616 344 3757 401 “'56

472 466 581 521 «uel
607 475 655 521 et
685 466 863 535 favum
892 462 973 516 ori
999 459 1306 529 meolPsol.
1341 455 1563 528 cxvm)!
1600 457 1668 511 Et
1705 456 1906 511 iterum
1932 455 2059 509 alibi
2087 457 2138 517 Α
2163 472 2285 511 eum
2314 457 2555 511 victorim
2579 456 2788 527 palma;
2818 458 2913 511 sed
2941 458 2993 510 in
3028 473 3222 511 manus
3253 458 3520 522 mulieris,
3553 461 3641 515 cui
3663 477 3763 517 no-

470 560 638 621 dicit,
667 557 886 611 Iudicia
920 554 1013 607 Dei
1041 553 1267 622 pretioso
1307 568 1414 604 esse
1441 565 1597 618 super
1631 563 1821 602 aurum
1853 556 1901 601 et
1931 546 2066 617 lapi-

479 655 597 703 dem
623 649 905 701 oretiosum
937 644 1115 708 nimis,
1148 652 1194 697 et
1221 641 1462 695 dulciora
1491 656 1646 709 super
1689 638 1791 692 mel
1811 647 1858 691 et
1886 637 2062 707 favum

482 737 839 812 (Psahxvm).
875 734 981 790 Sed
1004 744 1059 789 et
1086 734 1219 788 illud
1243 732 1667 795 consideremus,
1700 731 1792 784 ubi
1824 728 2063 783 residere

482 830 681 883 dicitur
694 826 1059 896 prophetissa,
1079 833 1134 878 et
1148 824 1237 878 ubi
1260 823 1409 877 locus
1429 821 1545 889 ejus
1560 836 1680 876 esse
1699 820 2026 875 describitur
2048 838 2059 871 :

466 916 589 973 .Sub
604 915 804 985 palma,
822 915 1015 983 inquit,
1033 915 1165 967 inter
1184 912 1411 965 medium
1431 910 1599 964 Roma
1617 921 1662 964 et
1684 911 1819 964 inter
1835 910 2064 962 medium

482 1003 681 1059 Bethel.
714 1003 839 1067 Sub,
852 1003 1028 1073 palma
1052 1002 1235 1057 sedem
1262 1002 1424 1055 habet
1460 1001 1742 1071 prephetia
1762 1041 1776 1064 ,
1809 1000 1935 1069 quia
1967 1000 2062 1069 ju-

477 1104 614 1158 stus,
656 1092 832 1162 inquit
868 1091 1058 1156 David,
1098 1092 1231 1145 sicut
1276 1089 1451 1160 palma
1482 1089 1685 1161 ﬂorebit
1714 1089 1886 1159 (Psal.
1920 1088 2060 1160 xei);

480 1199 579 1256 per
605 1185 708 1239 hoc
736 1183 881 1253 quod
911 1183 1025 1237 suis
1062 1181 1497 1236 institutionibus
1523 1182 1792 1235 eruditum
1822 1181 2064 1251 prophea

484 1276 557 1329 tia
582 1276 830 1345 perducit
870 1276 937 1330 ad
972 1274 1206 1343 palmam
1254 1288 1502 1344 supernae
1554 1273 1854 1327 vocationis
1878 1272 1973 1325 Dei
2009 1272 2064 1325 in

480 1369 698 1425 Christo
731 1368 862 1423 Jesu
926 1368 1156 1422 Domino
1212 1374 1421 1421 nostro.
1484 1366 1629 1419 inter
1674 1365 1911 1420 medium
1964 1380 2064 1417 au-

485 1474 589 1519 tem
620 1463 792 1517 flama
836 1470 896 1516 et
922 1461 1084 1513 inter
1108 1459 1345 1513 medium
1370 1457 1557 1511 Bethel
1606 1457 1796 1511 sedere
1843 1456 2060 1511 dicitur.

482 1554 652 1608 Rama
674 1554 1063 1622 interpretatur
1081 1549 1306 1615 excelsa,
1328 1548 1517 1604 Bethel
1539 1558 1717 1602 autem
1738 1548 1923 1601 domus
1949 1546 2061 1600 Dei.

483 1647 674 1701 Videte
699 1646 751 1700 in
778 1645 976 1714 quibus
997 1643 1128 1697 locis
1158 1642 1395 1696 residere
1418 1641 1616 1695 dicitur
1637 1641 1919 1710 prophetia
1943 1656 1956 1692 :
1985 1639 2067 1692 in-

484 1747 567 1793 ter
586 1737 800 1793 excelsa
816 1743 872 1791 et
887 1733 1234 1789 domumDei.
1252 1731 1394 1785 Nihil
1414 1732 1559 1785 enim
1581 1730 1803 1794 humile,
1821 1730 1952 1784 nihil
1974 1730 2066 1784 de-

2167 563 2288 603 men
2316 547 2450 611 Jacl,
2498 549 2731 602 traditur
2774 548 2981 603 Sisara.
3011 548 3351 603 Describitur
3380 562 3569 605 autem
3616 553 3758 621 quod

2165 652 2286 691 cum
2346 637 2640 692 secundum
2692 639 3174 693 commonitionem
3228 640 3516 704 Debborae,
3554 642 3609 696 id
3656 652 3756 710 est,

2164 727 2460 796 prophetia:
2484 728 2863 797 insequeretur
2890 729 3096 783 Barach
3122 732 3759 804 principemAllophylo—

2165 833 2284 871 rum
2311 817 2573 883 Sisaram,
2602 819 2717 888 ipse
2749 819 2970 889 quidem
3003 836 3128 874 eum
3156 822 3629 890 comprehendere
3656 841 3762 877 non

2164 910 2358 980 potuit,
2422 911 2517 965 sed
2569 911 2809 965 occurrit
2856 911 2905 966 ei
2944 910 3169 982 fugienti
3214 913 3408 968 mulier
3450 914 3765 985 alienigena

2164 1001 2313 1066 Jael;
2367 1016 2489 1070 qua:
2517 1002 2712 1055 mulier
2737 1002 2889 1072 prius
2912 1019 3037 1058 cum
3075 1018 3142 1059 eo
3186 1004 3553 1060 amicitiarum
3584 1006 3763 1062 fmdus

2166 1093 2449 1157 habuerat,
2482 1093 2552 1147 ad
2584 1108 2749 1163 quam
2778 1093 2869 1148 ille
2896 1110 3020 1148 cum
3043 1094 3369 1150 declinassct
3406 1096 3613 1151 latendi
3643 1114 3773 1168 gra-

2166 1183 2262 1247 tia,
2284 1198 2479 1251 aquam
2501 1183 2747 1253 poposcit
2771 1192 2830 1236 ut
2851 1184 3086 1249 biberet,
3117 1184 3214 1239 sed
3231 1185 3299 1238 ab
3326 1184 3417 1238 illa
3441 1185 3590 1239 lacte
3604 1195 3771 1257 pota-

2167 1282 2256 1328 tus
2275 1282 2377 1328 est.
2410 1274 2474 1327 Et
2503 1290 2626 1327 cum
2657 1288 2780 1327 eum
2804 1273 2857 1327 in
2882 1273 3145 1328 lateribus
3164 1273 3484 1329 collocasset
3519 1291 3586 1329 ac
3606 1275 3762 1346 pelli-

2164 1366 2268 1420 bus
2295 1364 2619 1434 oportuisset,
2652 1372 2775 1434 post
2804 1365 2919 1419 11330
2948 1364 3130 1433 palum
3159 1365 3352 1419 malleo
3377 1366 3639 1420 adactum
3668 1382 3767 1436 per

2166 1454 2282 1523 eius
2304 1454 2441 1509 mala
2469 1454 2554 1509 vel
2578 1454 2827 1509 maxillas
2875 1454 3084 1519 deﬁxit,
3117 1464 3173 1509 et
3201 1464 3327 1509 tunc
3348 1470 3656 1511 occurrens
3686 1459 3770 1511 in-

2166 1546 2399 1600 sectanti
2441 1545 2649 1599 Barach
2681 1555 2955 1599 mortuum
2974 1544 3089 1612 jam
3118 1553 3174 1599 et
3204 1554 3538 1615 prostratum
3575 1556 3771 1600 osten-

2166 1634 2245 1689 dit
2272 1634 2533 1690 Sisaram.
2569 1634 2707 1701 Quid
2742 1650 2873 1705 ergo
2909 1634 3066 1689 nobis
3092 1636 3420 1690 sacramenti
3449 1638 3634 1691 omnis
3665 1637 3773 1691 istc

2164 1724 2410 1779 historia:
2433 1733 2611 1779 textus
2628 1724 2902 1779 ostendit?
2922 1723 3061 1788 Jael,
3089 1724 3283 1779 mulier
3306 1726 3408 1779 ista
3430 1725 3770 1797 alienigena,

475 1828 703 1898 jeetum,
723 1825 855 1881 nihil
885 1825 1008 1884 vile,
1028 1839 1154 1893 erga
1182 1821 1479 1892 prophetia:
1500 1821 1683 1876 sedem
1712 1822 1940 1890 reperiri
1967 1835 2062 1889 po-
2091 1819 2137 1877 B
2166 1817 2231 1872 de
2261 1831 2366 1885 qua
2391 1817 2675 1886 prophetia
2705 1816 2842 1870 dixit
2868 1816 3010 1884 quod
3041 1816 3098 1870 in
3127 1832 3288 1870 manu
3321 1816 3565 1871 mulieris
3587 1818 3778 1872 victo-

480 1928 586 1974 test
614 1937 627 1972 :
663 1918 805 1973 sicut
831 1925 887 1971 et
909 1916 1166 1971 Salomon
1200 1916 1551 1972 nihilominus
1579 1916 1858 1986 sapientia:
1877 1918 2062 1972 sedem

481 2008 794 2063 describens
829 2006 1043 2062 dicitde
1072 2021 1157 2069 ea,
1185 2004 1328 2074 quod
1350 2005 1432 2060 vel
1480 2006 1534 2059 in
1569 2006 1743 2075 portis
1783 2006 2063 2060 civitatum

480 2099 718 2162 assistat,
758 2096 841 2150 vel
881 2096 935 2150 in
994 2109 1272 2149 murorum
1306 2096 1577 2150 mmnibus
1626 2096 1852 2159 habitet,
1883 2095 1966 2150 vel
2010 2095 2063 2148 in

480 2190 605 2244 altis
633 2188 873 2243 turribus
911 2187 1082 2242 libere
1130 2194 1257 2257 agat
1286 2185 1470 2256 (Prov.
1503 2202 1621 2251 vm,
1649 2186 1727 2257 9).
1771 2185 1885 2240 Hoc
1928 2201 2060 2256 ergo

479 2279 643 2334 modo
669 2277 973 2349 prophetia,
998 2293 1119 2347 qua:
1146 2292 1291 2330 nunc
1335 2276 1391 2329 in
1430 2276 1677 2331 Debbora
1715 2276 2063 2340 describitur,

480 2369 626 2422 inter
669 2370 886 2423 domum
915 2370 1008 2424 Dei
1035 2378 1091 2424 et
1127 2369 1271 2425 inter
1318 2370 1531 2425 excelsa
1569 2370 1769 2424 dicitur
1790 2369 2062 2425 habitare.

479 2456 599 2512 Non
617 2460 762 2512 enim
782 2474 880 2514 nos
900 2460 1058 2515 docet
1084 2475 1206 2529 quae
1230 2476 1392 2531 super
1419 2468 1619 2514 terram
1646 2470 1771 2516 smit
1797 2475 2064 2530 quarrere,

480 2551 578 2606 sed
611 2566 731 2620 qua:
761 2552 813 2606 in
839 2552 994 2607 caelis
1028 2562 1157 2608 sunt
1193 2561 1250 2607 ct
1296 2554 1350 2607 in
1378 2553 1606 2608 excelsis
1632 2594 1645 2617 ,
1678 2554 1765 2607 ubi
1826 2551 2066 2607 Christus

481 2651 555 2695 est
583 2642 640 2695 in
666 2642 881 2696 dextera
904 2641 1002 2696 Dei
1024 2642 1208 2696 sedens
1246 2641 1383 2712 (Col.
1414 2642 1520 2712 ιιι).
1552 2643 1681 2697 Illuc
1702 2658 1802 2697 nos
1835 2642 2068 2712 prephe-

481 2732 557 2786 tia
594 2732 845 2786 hortatur
871 2733 1189 2798 ascendere,
1226 2732 1351 2787 illuc
1377 2734 1671 2803 discipulos
1698 2748 1826 2788 suos
1849 2733 2069 2786 molitur

482 2823 780 2893 imponere.
812 2822 938 2879 Haec
959 2839 1108 2894 ergo,
1147 2831 1203 2879 et
1248 2824 1427 2894 primo
1447 2826 1711 2887 omnium,
1736 2825 1938 2894 inquit,
1964 2824 2068 2877 mi-

482 2914 553 2968 sit
580 2922 635 2969 et
666 2914 881 2969 vocavit
904 2915 971 2969 ad
1000 2929 1059 2969 se
1087 2915 1329 2980 Barach;
1360 2914 1567 2969 Barach
1591 2924 1770 2969 autem
1800 2914 2068 2983 interpre-

403 3057 412 3065 ,
485 3010 632 3057 tatur
650 3003 962 3056 coruscatio.
994 3001 1314 3059 Coruscatio
1344 3018 1472 3058 vero
1501 3012 1584 3058 est
1604 3019 1725 3072 qua:
1749 3002 1913 3057 habet
1943 3006 2063 3072 qui-

481 3096 605 3149 dem
637 3094 831 3162 lucem,
847 3097 942 3151 sed
964 3111 1069 3150 non
1093 3103 1528 3166 permanentem,
1545 3098 1611 3151 ad
1634 3095 1904 3151 modicum
1919 3097 2063 3150 enim

2170 1908 2248 1961 ria
2275 1907 2387 1971 lict,
2416 1907 2641 1978 figuram
2687 1916 2833 1961 tenet
2879 1908 3155 1972 Ecclesirc,
3197 1924 3317 1978 qua:
3345 1923 3412 1962 ex
3439 1908 3776 1980 alienigenis

2167 1997 2417 2068 gentibus
2461 2005 2784 2066 congregata
2827 2005 2930 2050 est.
2987 1995 3380 2066 interpretatur
3422 2009 3605 2051 autem
3650 1997 3775 2053 Jael

2168 2089 2425 2153 ascensio,
2457 2088 2581 2156 quia
2612 2102 2800 2142 revera
2831 2102 2935 2142 non
2970 2096 3056 2141 est
3094 2086 3198 2141 alia
3225 2090 3497 2155 ascensio,
3526 2105 3641 2159 qua
3676 2105 3773 2145 as-

2169 2179 2418 2233 cenditur
2443 2177 2508 2232 ad
2538 2176 2759 2242 etclam,
2789 2177 2893 2232 nisi
2922 2192 3019 2246 per
3057 2177 3355 2234 Ecclesium
3408 2180 3773 2237 multiformis

2170 2271 2448 2341 sapientia:
2481 2271 2595 2325 Dei.
2629 2271 2747 2339 Ipsa
2795 2280 2881 2325 est
2907 2285 3038 2341 ergo
3059 2287 3203 2341 quae,
3232 2271 3361 2327 dum
3392 2287 3424 2327 a
3462 2275 3771 2345 corporali-

2169 2361 2270 2415 bus
2306 2361 2374 2414 ad
2411 2360 2676 2429 spiritalia
2700 2369 2755 2414 et
2785 2375 2816 2415 a
2846 2362 3081 2416 terrenis
3119 2364 3365 2419 ascendit
3390 2365 3458 2419 ad
3488 2366 3772 2429 caelestia.

2168 2452 2429 2508 interficit
2450 2451 2712 2517 Sisaram,
2731 2452 2797 2506 de
2815 2466 2922 2522 quo
2941 2450 3058 2521 jam
3079 2454 3331 2525 superius
3356 2456 3599 2513 diximus
3618 2467 3774 2528 quod

2169 2545 2471 2601 carnalium
2519 2545 2797 2608 vitiorum,
2830 2555 2885 2600 et
2914 2547 3170 2602 animalis
3204 2548 3289 2604 vel
3327 2549 3505 2604 choici
3531 2551 3775 2623 [χοϊκόςὶ

2169 2635 2406 2690 hominis
2436 2643 2580 2689 tenet
2607 2634 2866 2699 formam;
2896 2635 3023 2705 quia
3043 2634 3227 2692 Sisara
3270 2639 3401 2692 visio
3426 2642 3545 2711 equi
3600 2642 3777 2697 inter.

2171 2734 2440 2797 pretatur,
2463 2725 2528 2780 de
2572 2740 2680 2795 quo
2731 2724 3012 2797 Scriptura
3042 2728 3177 2784 dicit
3208 2748 3221 2783 :
3258 2729 3439 2785 Nolite
3478 2732 3600 2801 ﬁeri
3630 2736 3775 2790 sicut

2170 2831 2334 2886 equas
2348 2826 2393 2870 et
2418 2813 2615 2879 mulus,
2642 2816 2831 2885 quibus
2845 2832 2947 2870 non
2963 2827 3039 2871 est
3060 2817 3351 2874 intellectus
3376 2818 3553 2891 (Psal.
3584 2831 3772 2888 nm).

2171 2906 2300 2961 Palo
2353 2921 2484 2976 ergo
2527 2920 2650 2960 cum
2709 2907 2998 2973 interficit,
3028 2909 3083 2963 id
3116 2920 3220 2975 est,
3264 2910 3395 2983 ligni
3427 2915 3612 2970 crucis
3640 2932 3775 2971 eum

2174 2997 2423 3051 acumine
2466 3006 2519 3051 et
2578 2997 2780 3054 virtute
2836 3001 3155 3069 prosternit.
3183 3001 3251 3056 Et
3291 3019 3402 3058 non
3434 3005 3558 3060 sine
3597 3023 3770 3063 causa

2171 3090 2419 3145 maxillas
2444 3088 2563 3159 ejus
2598 3091 2722 3161 palo
2750 3093 3220 3149 transverberasse
3245 3094 3599 3151 describitur.
3629 3097 3772 3153 [llud

485 3187 745 3255 temporis
770 3187 1079 3256 reSplendct
1107 3187 1398 3241 ctdesinit.
1428 3186 1526 3240 llic
1552 3202 1682 3256 ergo
1705 3186 1911 3240 Barach
1936 3187 2064 3240 mihi
2095 3170 2138 3230 C
2168 3181 2317 3235 cnim
2346 3196 2409 3235 os
2438 3183 2583 3251 quod
2622 3183 2687 3236 de
2727 3183 3038 3239 carnalibus
3084 3185 3425 3254 loquebatur,
3453 3196 3508 3243 et
3549 3188 3644 3243 illa
3673 3191 3774 3245 do-

482 3275 697 3329 videtur
736 3275 964 3329 formam
1011 3291 1200 3344 gerere
1244 3276 1425 3344 populi
1463 3277 1691 3345 prioris,
1743 3277 1835 3345 qui
1890 3277 2067 3344 primo

481 3364 723 3418 omnium
749 3380 847 3434 per
872 3365 1209 3433 prophetiam
1238 3373 1463 3419 vocatus
1501 3374 1603 3432 cst,
1631 3375 1687 3421 et
1711 3367 1969 3422 invitatus
2000 3368 2068 3422 ad

482 3453 750 3509 audienda
797 3454 1008 3523 eloquia
1040 3455 1170 3520 Dei,
1207 3463 1263 3508 et
1303 3456 1499 3509 divinte
1534 3457 1669 3527 legis
1706 3473 1930 3511 munera
1977 3473 2067 3513 ca-

482 3545 697 3616 pienda,
729 3547 822 3616 qui
849 3544 1058 3600 refulsit
1086 3547 1328 3615 quidem,
1355 3554 1411 3600 et
1443 3546 1495 3599 in
1528 3546 1660 3617 legis
1685 3547 1970 3617 splendore
2000 3549 2066 3603 ad

481 3634 648 3692 breve
686 3645 899 3707 tempus
944 3638 1271 3703 coruscavit,
1295 3639 1387 3692 sed
1443 3654 1551 3692 non
1601 3638 1690 3692 diu
1747 3640 2064 3708 permansit,

483 3742 586 3783 nec
607 3729 923 3783 continuum
962 3728 1096 3782 lucis
1127 3729 1302 3798 potuit
1338 3729 1593 3783 obtinere
1617 3728 1900 3798 fulgorem.
1931 3729 2065 3784 Cum

484 3837 614 3892 ergo
636 3822 861 3877 dixisset
898 3822 1148 3876 Debbora
1199 3822 1265 3875 ad
1316 3821 1544 3886 Barach,
1577 3823 1631 3876 id
1653 3830 1757 3887 est,
1780 3822 2066 3893 prephetia

484 3912 552 3966 ad
589 3913 826 3982 priorem
882 3912 1135 3982 populum
1166 3931 1179 3967 :
1214 3912 1351 3978 Quia
1390 3915 1481 3966 tibi
1520 3915 1761 3985 pmoepit
1810 3915 2066 3969 Dominus

484 4002 626 4057 Deus
641 4001 831 4067 Israel,
855 4012 904 4056 et
944 4013 999 4056 tu
1037 4005 1258 4058 ascende
1289 4006 1345 4057 in
1378 4017 1604 4060 montem
1645 4006 1869 4071 Tlmbor,
1901 4019 1948 4062 et
1979 4026 2068 4064 ac-

484 4093 595 4161 cipe
621 4092 795 4146 decent
822 4092 987 4146 millia
1018 4095 1170 4155 viros,
1201 4106 1258 4149 et
1297 4095 1505 4165 reliqua
1546 4113 1668 4166 qua:
1695 4100 1896 4168 scripta
1919 4109 2073 4158 sunt:

492 4184 623 4253 quid
652 4184 930 4254 respondit
969 4184 1202 4251 Barach,
1233 4203 1300 4242 ex
1340 4203 1569 4258 persona
1603 4191 1785 4259 populi
1830 4193 1896 4247 ad
1942 4209 2069 4262 pro-

485 4276 723 4343 phetiam
747 4274 1045 4331 videamus.
1078 4275 1224 4343 Non,
1256 4278 1449 4349 inquit,
1481 4281 1781 4348 ascendam,
1807 4284 1908 4337 nisi
1939 4293 1985 4336 ct
2010 4294 2066 4338 tu

485 4369 779 4423 ascenderis
821 4386 1054 4434 mecum;
1090 4370 1218 4438 quia
1254 4372 1436 4426 nescio
1482 4371 1649 4437 diem,
1673 4374 1727 4429 in
1753 4390 1859 4445 qua
1888 4376 2068 4432 mittet

488 4458 747 4513 Dominus
798 4458 1047 4528 angelum
1094 4475 1248 4515 suum
1289 4476 1521 4515 mecum.
1557 4462 1716 4518 Vides
1763 4479 1893 4534 ergo
1923 4480 2061 4535 quo-

486 4548 644 4602 modo
672 4549 779 4604 illis
800 4550 1072 4618 prioribus
1097 4551 1381 4621 prophetia
1413 4552 1670 4611 detulerit
1696 4554 1905 4625 eloquia
1929 4557 2058 4623 Dei;

484 4648 542 4694 et
561 4640 665 4694 illis
695 4641 826 4695 dicit
847 4642 978 4710 data
1006 4657 1126 4697 esse
1148 4652 1418 4712 praecepta
1432 4653 1492 4699 ut
1515 4647 1813 4702 ascendant
1834 4649 1889 4702 in
1911 4664 2067 4705 mon-

488 4738 615 4784 tem.
642 4732 747 4786 Sed
776 4742 1037 4789 excusant
1055 4743 1110 4789 et
1135 4735 1345 4801 dicunt,
1376 4751 1483 4791 non
1508 4738 1826 4805 ascendam,
1852 4740 1954 4795 nisi
1979 4756 2066 4795 as-

483 4823 735 4876 cenderis
770 4838 1002 4878 mecum.
1037 4824 1105 4878 Et
1141 4826 1207 4879 de
1235 4826 1586 4881 excusatione
1622 4827 1841 4898 quidem
1872 4845 2061 4885 verum

484 4923 587 4978 est,
613 4915 708 4969 sed
736 4914 801 4968 de
827 4917 1244 4984 repromissione
1267 4917 1458 4974 falsum
1489 4928 1593 4974 est.
1617 4920 1771 4987 Quod
1784 4923 1928 4977 enim
1955 4939 2062 4978 non

484 5004 824 5059 ascenderint
851 5007 904 5058 in
939 5016 1173 5062 montem
1202 5008 1297 5063 Dei
1317 5020 1526 5064 certum
1563 5018 1676 5077 est;
1708 5013 1852 5082 quod
1880 5022 2062 5070 autem

483 5094 808 5165 pollicentur
842 5111 901 5151 se
938 5111 1263 5155 ascensuros
1290 5116 1411 5156 csse
1459 5117 1582 5157 cum
1614 5106 1919 5174 prophetia,
1963 5106 2065 5161 fal-

484 5202 602 5239 sum
624 5193 725 5240 est.
755 5185 871 5241 Non
898 5187 1042 5241 enim
1071 5191 1240 5244 secuti
1272 5201 1394 5246 sunt
1419 5195 1759 5263 prophetiam
1788 5205 1850 5250 ut
1875 5198 2064 5253 crede-

485 5285 608 5330 rent
624 5277 693 5340 ei,
715 5276 783 5331 de
811 5293 918 5347 quo
938 5279 1114 5333 omnis
1134 5282 1416 5349 prophetia
1441 5286 1755 5355 prtescripta
1770 5296 1873 5353 est,
1901 5289 2061 5344 Chri-

484 5379 589 5422 sto.
614 5367 902 5439 Propterea
940 5385 1070 5440 ergo
1102 5370 1234 5425 dicit
1270 5373 1335 5428 ad
1380 5389 1503 5429 eum
1538 5376 1781 5432 Debbora
1809 5398 1821 5433 :
1853 5379 1950 5434 Ibo
1981 5392 2054 5435 te-

483 5474 635 5522 cum;
670 5470 1019 5514 rerumtamen
1050 5463 1197 5525 scito,
1222 5463 1344 5532 quia
1379 5481 1482 5518 non
1511 5468 1607 5519 erit
1638 5469 1895 5537 primatus
1939 5481 2059 5527 tuus

484 5548 538 5602 in
566 5549 645 5603 via
670 5549 768 5603 hac
803 5568 959 5617 quam
980 5552 1198 5617 incedis,
1225 5554 1314 5607 sed
1351 5556 1405 5608 in
1430 5573 1587 5608 manu
1618 5560 1852 5613 mulieris
1891 5564 2061 5618 tradet

488 5639 739 5694 Dominus
761 5640 1016 5696 Sisaram.
1053 5644 1342 5700 Evidenter
1364 5649 1603 5702 ostendit
1640 5651 1766 5718 quia
1807 5667 1914 5708 non
1956 5656 2062 5710 erit

488 5728 627 5796 apud
654 5728 797 5782 illum
822 5733 1073 5799 populum
1109 5735 1393 5804 primatus,
1426 5752 1526 5792 nec
1551 5742 1891 5808 permanebit
1920 5747 2061 5815 apud

2173 3273 2346 3326 ctrina
2378 3289 2497 3342 qua:
2535 3273 2717 3327 carnis
2758 3274 2986 3344 gloriam
3035 3264 3379 3344 pectereDat,
3403 3293 3525 3348 quae
3548 3280 3605 3334 in
3633 3281 3777 3338 deli-

2170 3363 2270 3418 ciis
2315 3372 2369 3418 et
2431 3363 2797 3435 voluptatibus
2850 3367 3139 3421 vivendum
3190 3369 3530 3441 sapientibus
3575 3374 3768 3428 smculi

2170 3457 2562 3526 persuadebat;
2594 3467 2647 3511 et
2681 3457 2972 3512 lmmauum
3004 3476 3175 3529 genus
3203 3460 3431 3517 luxuriae
3450 3464 3771 3520 adulatione

2170 3549 2479 3617 deceperat,
2509 3548 2656 3613 illml,
2695 3549 2934 3617 inquam,
2962 3568 3024 3604 os
3063 3551 3208 3620 ligno
3240 3553 3421 3607 crucis
3468 3555 3771 3627 conﬁgitur

2169 3650 2220 3692 ct
2242 3639 2576 3704 terebratur,
2599 3640 2725 3708 quia
2767 3640 2852 3693 illa
2893 3641 2999 3705 via,
3028 3658 3190 3710 quam
3221 3643 3562 3713 philosophia
3596 3646 3768 3701 latam

2170 3740 2225 3782 et
2250 3729 2545 3798 spatiosum
2576 3731 2964 3799 lll'llfdlcchfal
3002 3732 3315 3801 voluptatis,
3343 3736 3484 3790 hanc
3506 3736 3770 3793 Christus

2170 3831 2378 3876 arctam
2403 3832 2457 3877 et
2482 3834 2765 3894 angustam
2804 3824 2959 3878 nobis
2994 3825 3134 3880 viam
3162 3826 3352 3881 salutis
3378 3830 3646 3883 ostendit.
3674 3829 3769 3885 Sic

2168 3928 2300 3985 ergo
2329 3912 2445 3969 Jael
2477 3914 2719 3969 Ecclesia
2763 3916 3018 3970 vitiorum
3049 3918 3350 3988 principem
3380 3918 3631 3974 Sisaram
3662 3923 3766 3977 ob.

2171 4015 2375 4063 tectum
2414 4006 2666 4076 pellibus,
2705 4006 2758 4062 id
2796 4017 2902 4074 cst,
2939 4009 3308 4064 membrorum
3337 4012 3770 4067 mortiﬁcatione

2170 4099 2428 4167 sopitum,
2458 4109 2513 4153 et
2538 4108 2745 4153 artemo
2788 4099 3005 4154 tradidit
3047 4115 3258 4155 somno.
3286 4102 3541 4157 Occurrit
3578 4113 3769 4159 tanta:

2169 4188 2283 4243 Jael
2313 4189 2554 4247 Ecclesia
2598 4197 2719 4258 post
2752 4189 2875 4253 hoc,
2924 4198 2980 4244 et
3026 4191 3192 4259 priori
3245 4190 3441 4261 populo
3470 4193 3766 4248 insectanti

2171 4281 2432 4338 Sisaram.
2481 4282 2859 4337 insectabatur
2904 4282 3049 4337 enim
3103 4283 3264 4337 Israel
3311 4285 3485 4355 legem
3506 4286 3768 4355 justitia,

2170 4375 2264 4430 sed
2303 4375 2357 4429 in
2383 4373 2559 4444 legem
2597 4390 2704 4429 non
2731 4374 3000 4444 pervenit.
3026 4374 3277 4430 Occurrit
3311 4389 3443 4445 ergo
3492 4375 3766 4441 Eccksia,

2169 4464 2334 4518 ctiam
2361 4464 2483 4533 ipsi,
2523 4470 2579 4518 et
2616 4462 2854 4518 ostendit
2877 4462 2925 4517 ei
2969 4477 3107 4532 opus
3133 4479 3313 4526 suum,
3344 4465 3655 4520 ostenditei
3686 4466 3763 4520 vi-

2170 4557 2401 4613 ctoriam
2453 4564 2917 4619 consummatam,
2954 4563 3119 4624 atque
3161 4554 3216 4609 in
3268 4555 3590 4611 societatem
3633 4572 3766 4611 eum

2169 4647 2429 4720 prostrati
2473 4645 2650 4702 hostis
2697 4644 2913 4700 invitat.
2940 4644 3140 4701 Verum
3170 4656 3255 4700 est
3274 4645 3421 4701 cuitu
3452 4646 3587 4701 illud
3611 4648 3762 4717 quod

2167 4737 2458 4810 Apostolus
2481 4738 2535 4792 in
2563 4736 2862 4792 novissimo
2885 4744 3130 4810 tempore
3176 4734 3305 4791 dicit
3333 4734 3601 4801 futurum,
3627 4739 3761 4807 quia

2169 4844 2292 4883 cum
2346 4827 2621 4897 plenitudo
2669 4827 2911 4895 gentium
2966 4826 3365 4890 subintroierit,
3399 4838 3531 4881 tunc
3577 4828 3763 4884 omnis

2169 4918 2336 4973 Israel
2362 4917 2544 4973 salvus
2565 4916 2657 4970 lict
2673 4914 2847 4987 (Rom.
2880 4914 2978 4989 x1).
2999 4914 3083 4970 Sit
3097 4932 3228 4987 ergo
3253 4918 3521 4986 primatus
3536 4918 3761 4987 quidem

2167 5012 2223 5066 in
2254 5026 2415 5065 manu
2455 5007 2698 5062 mulieris
2742 5006 3078 5077 alienigenae,
3108 5024 3215 5062 non
3242 5017 3420 5062 tamen
3448 5008 3763 5075 excluditur

2167 5120 2197 5158 a
2229 5103 2506 5159 consortio
2534 5101 2719 5172 gloria:
2755 5102 2920 5155 etiam
2953 5100 3187 5164 Barach,
3227 5102 3320 5171 qui
3354 5102 3505 5171 prior
3533 5103 3760 5172 quidem

2167 5199 2432 5262 cmperat,
2455 5193 2548 5247 sed
2574 5192 2902 5247 novissimus
2920 5192 3167 5261 pervenit
3192 5193 3259 5246 ad
3289 5193 3473 5248 linem.
3496 5193 3613 5248 Imo
3626 5194 3760 5249 dum

2167 5286 2259 5341 ille
2284 5285 2553 5354 pervenit,
2579 5283 2695 5339 Jael
2717 5282 3019 5354 alienigena
3040 5293 3458 5355 praetereuntem
3487 5284 3759 5353 quodam-

2167 5379 2329 5433 modo
2358 5377 2640 5433 victoriam
2678 5376 2837 5446 rapit.
2863 5376 3061 5431 Eadem
3086 5375 3259 5432 forma
3284 5377 3565 5445 prncessit
3585 5377 3757 5431 etiam

2165 5469 2220 5523 in
2250 5469 2393 5523 Esau
2426 5478 2482 5523 et
2504 5468 2693 5531 Jacob,
2732 5466 2992 5522 fratribus
3031 5464 3185 5538 (Gen.
3210 5466 3401 5539 xxvn).
3431 5467 3574 5522 Dum
3603 5469 3753 5523 enim

2166 5562 2310 5615 Esau
2350 5569 2592 5615 sectatur
2648 5560 2899 5629 agrestia,
2951 5563 3078 5616 dum
3128 5572 3371 5615 moratur
3409 5561 3750 5624 insaltibus,

2165 5655 2500 5724 praeveniens
2533 5653 2717 5719 Jacob,
2750 5663 2805 5708 et
2846 5655 3088 5710 mulieris
3135 5656 3485 5711 nihilominus
3518 5656 3753 5711 consilio

2168 5747 2359 5801 matris
2412 5747 2742 5816 compositos
2776 5748 2915 5817 patri
2943 5747 3176 5804 olferens
3204 5749 3375 5817 cibos,
3417 5749 3748 5804 benedictio-
