4000 6186
238 331 380 387 1157

1199 327 1555 384 COMMENT.
1597 328 1663 382 IN
1706 324 1833 388 LIB.
1874 327 2190 385 JUDICUM.
2341 328 2466 383 LIB.
2506 328 2548 383 1.

3366 329 3388 381 1
3408 327 3514 385 I38-

239 447 327 500 uis
373 443 639 514 primatus
682 440 909 511 accepit.
937 439 1030 495 Sic
1055 448 1110 494 ct
1141 439 1192 493 iu
1219 441 1539 512 Evangelio,
1566 448 1823 511 pergente
1850 445 1897 503 A
1926 450 2274 512 posteaquam
2326 442 2377 495 in
2433 458 2597 495 manu
2652 443 2893 497 mulieris
2933 441 3072 496 facta
3130 440 3354 495 victoria
3397 449 3506 509 est,

235 536 475 589 Domino
505 533 572 587 ad
622 532 785 586 ﬁliam
814 532 1076 601 principis
1103 544 1389 601 synagoga:
1434 531 1828 596 suscitandam,

232 625 583 695 praeveniens
611 622 807 676 mulier
853 637 973 690 qum
1019 621 1166 673 ﬁuxu
1198 620 1481 689 sanguinis
1526 619 1829 684 laborabat,

230 715 389 769 ﬁdeli
428 722 574 767 tactu
618 712 773 782 prior
823 711 1175 779 consequitur
1221 711 1530 764 sanitatem.
1585 709 1739 776 Quod
1786 710 1831 765 si

234 807 415 860 etiam
444 803 569 858 inde
595 801 985 871 requirendum
1013 801 1218 869 aliquid
1248 800 1461 854 videtur
1500 814 1530 853 a
1562 799 1832 868 diligenti—

236 895 352 949 bus
398 893 757 956 auditoribus,
800 892 944 961 quod
997 891 1143 945 laete
1180 905 1305 944 eum
1345 898 1564 960 potasse
1612 889 1833 956 dicitur,

238 1001 373 1039 cum
418 983 506 1037 ille
556 996 750 1050 aquam
780 981 1137 1051 poposcisset,
1161 980 1443 1034 videamus
1484 994 1551 1034 ne
1587 978 1729 1034 forte
1752 995 1837 1034 se-

239 1070 485 1127 cundum
520 1070 777 1139 mystieas
822 1069 905 1123 vel
948 1068 1266 1139 allegorieas
1309 1069 1455 1139 leges
1491 1070 1598 1124 tale
1632 1069 1835 1139 aliquid

240 1164 414 1218 etiam
442 1162 508 1215 de
545 1162 647 1215 hoc
690 1161 861 1230 possit
901 1161 1138 1216 ostendi.
1165 1161 1349 1216 Laetis
1374 1162 1527 1217 cibus
1556 1177 1677 1217 esse
1703 1162 1837 1217 dici-

245 1261 341 1306 tur
361 1253 415 1305 iu
442 1250 738 1321 Scripturis
758 1250 965 1305 sanctis
988 1251 1163 1320 prima
1186 1251 1303 1306 haec
1324 1251 1547 1306 moralis
1570 1252 1838 1307 institutio

242 1358 370 1412 quae
390 1341 774 1413 incipientibus
801 1341 945 1395 velut
976 1341 1217 1411 parvulis
1252 1341 1515 1407 traditur;
1552 1356 1662 1396 non
1689 1342 1836 1395 enim

245 1431 425 1486 initiis
469 1432 652 1486 statim
700 1430 979 1500 discipulis
1025 1432 1091 1486 de
1129 1430 1413 1500 profundis
1447 1439 1504 1486 et
1532 1432 1838 1487 secretiori-

244 1524 355 1577 bus
382 1524 706 1577 tradendum
733 1530 819 1577 cst
869 1523 1249 1588 sacramentis,
1284 1522 1378 1577 sed
1417 1539 1627 1578 morum
1655 1538 1839 1579 corre-

246 1614 385 1677 ctio,
422 1612 729 1667 emendatio
755 1612 1058 1681 disciplina:
1091 1612 1355 1683 religiosae
1408 1614 1838 1668 conversationis

245 1713 310 1759 ct
333 1703 596 1773 simplicis
621 1703 746 1758 ﬁdei
796 1705 976 1773 prima
1020 1704 1100 1759 eis
1129 1704 1398 1759 elementa
1428 1704 1732 1759 traduntur.
1758 1704 1835 1760 ls-

1930 532 2198 587 canticum
2223 533 2363 586 istud
2412 532 2678 596 Debbora,
2718 532 2865 586 velut
2916 532 3155 587 victoria:
3195 530 3366 600 ipsius
3397 530 3513 588 lau-

1932 623 2076 687 dem,
2122 623 2383 677 cecinisse
2418 622 2790 693 perscribitur.
2826 621 3026 675 Verum
3066 622 3113 675 si
3163 620 3513 677 meminimus

1932 730 2117 768 eorum
2149 730 2270 783 quze
2317 714 2369 767 in
2424 713 2794 783 superioribus
2844 712 2987 766 dicta
3045 719 3173 765 sunt
3213 711 3508 766 secundum

1933 804 2214 875 mysticam
2268 803 2520 869 formam,
2549 819 2669 873 quae
2718 813 2802 857 est
2853 802 3025 872 ﬁgura
3072 800 3355 865 Debboraz,
3393 815 3515 869 qua:

1934 897 2095 951 etiam
2115 894 2345 959 Baracb,
2375 896 2504 965 quid
2534 894 2786 965 imaginis
2811 901 2992 949 teneat
3015 891 3133 946 Jael
3159 890 3371 953 mulier,
3397 906 3537 959 quae.

1935 986 2302 1040 adversarium
2361 985 2539 1056 populi
2589 986 2686 1041 Dei
2743 985 2855 1039 sola
2909 982 3136 1051 dejeeit,
3191 996 3311 1051 quae
3356 980 3517 1035 etiam

1936 1077 2112 1145 imago
2163 1076 2235 1131 sit
2284 1075 2483 1131 Sisara:
2514 1076 2682 1145 ipsius
2735 1075 2827 1144 qui
2880 1089 2909 1127 a
2961 1073 3188 1127 muliere
3216 1071 3519 1141 alienigena

1937 1165 2064 1236 ligni
2100 1166 2301 1220 virtute
2334 1173 2639 1234 prostratus
2666 1172 2768 1228 est,
2802 1162 3152 1231 intelligimus
3184 1161 3301 1214 haec
3335 1159 3519 1213 omnia

1938 1265 2275 1310 sacramenta
2302 1270 2441 1316 esse,
2472 1269 2592 1323 qua:
2624 1255 2675 1307 in
2722 1253 3035 1308 novissimis
3080 1251 3414 1320 temporibus
3468 1261 3523 1304 et

1940 1346 1992 1399 in
2028 1345 2134 1399 ﬁne
2168 1344 2351 1399 saeculi
2398 1360 2495 1414 per
2530 1344 2825 1397 Eeclesiam
2856 1350 3321 1403 consummantur,
3360 1347 3417 1395 et
3463 1340 3518 1392 in

1939 1437 2149 1490 cantico
2170 1438 2290 1499 hoc,
2319 1437 2466 1490 velut
2490 1436 2718 1504 epinicia
2750 1434 2886 1503 ejus,
2929 1434 2981 1487 id
3010 1441 3110 1494 est,
3138 1432 3383 1486 victoriae
3409 1430 3523 1483 lau-

1939 1529 2059 1583 dem
2090 1543 2209 1582 esse
2250 1528 2576 1597 descriptam
2618 1547 2630 1580 ε
2672 1528 2814 1581 illius
2851 1526 3059 1580 scilicet
3091 1526 3371 1593 temporis,
3396 1539 3520 1578 cum

1940 1618 2228 1672 novissima
2278 1619 2494 1673 inimica
2529 1620 2837 1673 destruetur
2875 1633 3052 1682 mors;
3088 1625 3217 1670 tunc
3239 1616 3383 1670 enim
3427 1630 3523 1669 ex-

1941 1707 2164 1762 sultabit
2188 1706 2455 1773 Debbora,
2479 1708 2533 1761 id
2556 1716 2661 1770 est,
2686 1707 3047 1761 illustrabitur
3099 1705 3268 1775 gloria
3290 1704 3524 1773 prephe-

250 1795 353 1849 tud
393 1803 477 1849 est
498 1794 755 1849 Ecclesia:
783 1795 887 1859 lac,
912 1795 1026 1849 htcc
1071 1795 1441 1865 ineipientium
1490 1797 1835 1865 parvulorum
1864 1787 1912 1845 B
1943 1797 2048 1860 tize,
2082 1797 2207 1866 quia
2248 1812 2368 1865 quae
2393 1797 2646 1867 przcdixit
2695 1797 2913 1868 impleta
2934 1804 3078 1851 sunt.
3110 1795 3261 1849 Tunc
3306 1792 3441 1857 Jael,
3466 1792 3521 1848 id

248 1885 430 1952 prima
458 1891 585 1938 sunt
612 1884 897 1939 elementa.
926 1883 1035 1938 Sed
1064 1885 1164 1939 iste
1204 1884 1358 1939 cibus
1384 1885 1469 1939 his
1498 1885 1716 1954 quidem
1743 1887 1836 1955 qui

247 1979 454 2032 bonum
490 1976 805 2045 proﬁciendi
857 1977 1190 2046 propositum
1220 1985 1432 2047 gerunt,
1459 1978 1623 2031 vitam
1646 1978 1837 2032 tribuit

249 2076 309 2123 et
335 2067 597 2131 salutem;
645 2066 731 2119 his
756 2082 884 2120 vero
905 2067 1106 2135 quibus
1144 2066 1417 2120 contraria
1452 2066 1688 2137 placent,
1715 2067 1837 2136 qui-

251 2158 357 2211 bus
388 2156 619 2220 luxuria,
654 2155 818 2209 libido
836 2196 849 2220 ,
875 2156 1122 2222 avaritia,
1144 2164 1199 2210 et
1218 2157 1394 2210 omnis
1416 2156 1664 2225 impietas
1686 2156 1833 2210 cordi

246 2256 356 2310 est,
388 2244 690 2313 bujusmodi
720 2245 967 2300 doctrina
990 2260 1179 2300 necem
1206 2255 1261 2300 et
1288 2248 1567 2300 interitum
1593 2256 1833 2317 praestat.

252 2337 350 2391 Sic
391 2352 521 2407 ergo
564 2335 622 2390 ﬁt
679 2345 739 2390 ut
796 2352 861 2391 ex
914 2337 998 2391 bis
1028 2346 1189 2406 atque
1235 2338 1439 2392 eisdem
1469 2338 1606 2393 cibis
1643 2339 1838 2407 quibus

250 2429 478 2481 aluntur
503 2428 656 2493 boni,
707 2427 1043 2483 suﬂ'ocentur
1109 2428 1256 2494 mali,
1284 2438 1340 2483 et
1380 2430 1432 2483 in
1459 2446 1565 2499 quo
1591 2432 1697 2500 piis
1726 2431 1837 2485 vita

250 2529 359 2579 est.
375 2520 449 2574 ibi
473 2519 545 2574 sit
566 2520 744 2590 impiis
757 2535 921 2574 mors.
946 2520 1189 2588 Denique
1213 2528 1272 2574 ut
1297 2521 1545 2590 exemplo
1572 2536 1658 2576 res
1676 2536 1836 2590 quam

252 2612 488 2666 dicimus
534 2610 746 2680 planior
778 2613 894 2676 ﬁat,
940 2611 1126 2664 vinum
1154 2626 1314 2665 sanos
1342 2620 1397 2665 et
1446 2613 1728 2667 commode
1747 2614 1841 2667 de-

252 2711 448 2774 gentes
482 2703 654 2773 juvat,
687 2710 757 2765 et,
793 2704 935 2757 sicut
970 2701 1254 2773 Scriptura
1284 2703 1434 2767 dicit,
1459 2719 1556 2758 cor
1600 2705 1838 2760 hominis

254 2794 378 2849 sani
430 2794 697 2848 duntaxat
734 2793 995 2859 laetiﬁcat,
1031 2792 1388 2847 febrientibus
1416 2807 1575 2858 vero,
1607 2793 1651 2847 si
1693 2809 1841 2847 sum-

254 2883 486 2954 pserint,
529 2885 826 2953 perniciem
869 2884 1126 2937 continuo
1168 2890 1224 2936 et
1265 2882 1542 2935 interitum
1574 2882 1735 2952 parit,
1766 2883 1838 2936 ita

256 2974 317 3027 ﬁt
367 2981 426 3026 ut
468 2974 657 3028 eadem
683 2988 768 3028 res
804 2988 909 3027 non
937 2973 1126 3027 eodem
1157 2972 1320 3026 modo
1358 2979 1567 3041 sumpta
1605 2972 1697 3025 uni
1722 2973 1838 3041 qui-

254 3064 379 3119 dem
422 3063 609 3129 vitam,
642 3064 733 3117 alii
766 3072 945 3117 autem
997 3062 1244 3118 conferat
1292 3068 1541 3116 mortem.
1576 3060 1666 3116 Sic
1710 3076 1840 3132 ergo

254 3155 664 3224 intelligendum
688 3163 791 3218 est,
823 3162 876 3209 et
922 3152 1195 3218 Sisaram,
1225 3153 1388 3206 istum
1417 3152 1706 3207 animalem
1742 3151 1841 3206 ho-

255 3245 486 3309 minem,
511 3253 566 3300 et
588 3246 839 3300 vitiorum
861 3245 1183 3315 principem,
1209 3259 1304 3313 per
1325 3244 1624 3299 doctrinam
1657 3242 1841 3298 Eccle-

254 3336 353 3388 siae
399 3351 559 3404 quam
604 3350 711 3389 non
737 3351 804 3389 ex
834 3336 937 3390 ﬁde
975 3335 1214 3404 suscepit
1254 3334 1601 3389 exstinctum.
1634 3332 1740 3388 Sed
1779 3341 1837 3389 et

255 3443 595 3497 unaquaeque
649 3429 828 3481 anima
856 3436 1068 3497 satagat
1090 3428 1196 3482 isto
1225 3426 1367 3480 laete
1412 3425 1721 3496 evangelica
1758 3434 1842 3480 at-

254 3531 366 3585 que
392 3517 682 3586 apostolico
705 3520 885 3589 sopire
906 3518 961 3571 in
989 3517 1276 3586 semetipsa
1302 3525 1358 3571 et
1381 3517 1729 3586 exstinguere
1755 3515 1839 3570 Si-

253 3622 460 3661 saram.
486 3606 544 3661 Si
574 3608 716 3663 enim
743 3624 841 3677 per
874 3609 990 3662 haec
1033 3607 1257 3662 edoctus
1278 3608 1399 3676 quis
1428 3606 1844 3661 mortiﬁcaverit

252 3696 502 3750 membra
527 3711 623 3750 sua
653 3711 773 3766 qua:
795 3705 921 3751 sunt
954 3712 1121 3766 super
1149 3704 1374 3760 terram,
1401 3696 1706 3760 avaritiam,
1733 3695 1841 3749 for-

250 3786 610 3851 nicationem,
640 3795 695 3840 et
723 3794 941 3851 ezetera,
990 3801 1112 3855 quae
1151 3793 1371 3840 sanctus
1397 3784 1688 3853 Apostolus
1714 3800 1842 3838 euu-

253 3885 435 3931 ruerat
482 3876 619 3944 (Col.
671 3876 785 3947 Ill),
835 3877 1075 3932 Sisaram
1126 3877 1182 3931 in
1240 3877 1530 3946 semetipso
1570 3876 1840 3930 videbitur

251 3967 576 4038 peremisse,
599 3975 662 4021 ut
696 3967 812 4021 haec
856 3982 966 4022 non
1023 3967 1198 4022 solum
1228 3968 1282 4021 in
1318 3982 1549 4036 persona
1583 3967 1841 4023 Ecclesiae

252 4058 644 4122 consummari,
668 4072 855 4112 verum
881 4058 1046 4112 etiam
1066 4059 1438 4128 unusquisque
1462 4058 1515 4111 in
1540 4072 1638 4112 sua
1661 4058 1840 4111 anima

251 4148 511 4203 ostendat
539 4147 771 4217 impleri.
805 4147 941 4214 Quia
974 4163 1139 4218 ergo,
1167 4149 1308 4203 sicut
1344 4148 1601 4213 diximus,
1632 4155 1843 4217 emptus

251 4248 343 4295 est
381 4240 597 4309 quidem
632 4237 818 4293 Sisara
870 4239 1125 4293 insectari
1160 4255 1190 4293 a
1219 4240 1417 4309 populo
1470 4240 1660 4309 priori,
1703 4240 1842 4293 inte-

253 4339 502 4399 remptus
528 4338 708 4383 autem
740 4338 824 4383 est
850 4343 881 4381 a
917 4327 1139 4382 muliere
1164 4330 1285 4393 hac,
1317 4330 1558 4384 Ecclesia
1580 4329 1840 4399 gentium,

250 4421 395 4475 etin
432 4436 593 4473 manu
632 4420 751 4489 ejus
798 4420 920 4474 data
955 4429 1039 4475 est
1075 4420 1250 4489 palma
1296 4422 1565 4484 victoriae;
1617 4422 1669 4474 in
1712 4435 1841 4473 con-

253 4512 618 4567 summatione
661 4511 924 4575 omnium,
979 4512 1031 4566 id
1064 4520 1170 4575 est,
1204 4511 1256 4563 iu
1292 4510 1396 4563 ﬁne
1450 4509 1632 4564 saeculi
1677 4509 1841 4562 etiam

254 4602 533 4656 canticum
568 4601 796 4654 Domino
832 4600 1139 4654 cantabitur
1165 4614 1261 4668 per
1299 4598 1626 4663 Debboram,
1657 4598 1710 4650 in
1734 4613 1843 4665 quo

254 4692 523 4761 primatus
544 4690 762 4759 quidem
785 4689 1001 4744 dabitur
1024 4688 1138 4743 Jael
1165 4687 1422 4743 Ecclesia:
1456 4687 1716 4757 gentium,
1741 4701 1842 4741 nec

260 4793 441 4837 tamen
488 4783 556 4837 de
582 4783 794 4838 Barach
821 4782 979 4836 laude
1014 4781 1283 4845 silebitur,
1316 4779 1412 4834 sed
1457 4794 1621 4833 unum
1648 4787 1702 4832 et
1724 4777 1835 4847 pri-

261 4874 365 4928 mis
387 4882 445 4928 et
470 4874 780 4930 novissimis
808 4872 1051 4929 victoriae
1078 4872 1363 4942 praemium
1398 4870 1632 4926 dabitur.

856 4983 1084 5039 CAPUT
1125 4982 1260 5037 XIII.

257 5076 340 5130 De
370 5076 572 5129 cantico
600 5076 817 5145 mystico
846 5073 987 5142 quod
1012 5073 1309 5145 cecinerunt
1336 5071 1609 5145 Debbora
1649 5081 1695 5125 et
1742 5070 1847 5125 Ba-

405 5147 553 5211 raclt,
577 5142 720 5214 ﬁlius
744 5146 1017 5207 Abinoem,
1035 5151 1149 5211 post
1166 5143 1434 5196 victoriam
1456 5142 1700 5196 Domino.

336 5235 489 5308 (Car.
522 5238 599 5306 v.)
644 5234 1058 5305 Cecineruntque
1094 5232 1334 5286 Debbora
1373 5243 1419 5286 et
1451 5231 1657 5285 Barach
1698 5231 1843 5299 ﬁlius

261 5326 515 5381 Abinoem
536 5327 593 5380 in
621 5326 707 5379 die
745 5324 861 5388 illa,
902 5324 1131 5377 dicentes
1170 5335 1188 5373 :
1233 5320 1338 5385 Qui
1385 5332 1561 5390 sponte
1582 5321 1841 5374 nbtulistis

261 5418 328 5471 de
352 5417 522 5471 Israel
549 5418 754 5471 animus
779 5426 973 5470 vestras
1011 5415 1079 5469 ad
1104 5412 1415 5485 periculum,
1438 5412 1717 5465 benedicite
1746 5411 1845 5465 Do-

263 5507 484 5561 minum.
515 5506 700 5561 Sisara
729 5522 853 5561 eum
885 5506 1127 5561 exercitu
1151 5520 1249 5559 suo
1280 5513 1337 5557 et
1381 5503 1633 5558 curribus
1654 5502 1846 5557 ferreis

264 5598 463 5666 quibus
490 5599 768 5670 impugnat
799 5597 1052 5667 populum
1098 5596 1213 5659 Dei,
1245 5603 1525 5665 superatus
1547 5601 1667 5656 est;
1699 5595 1843 5662 quod

269 5691 342 5748 ita
375 5688 612 5745 futurum
660 5689 939 5760 prophetia
966 5686 1277 5758 praaceeinit
1314 5701 1411 5756 per
1439 5685 1759 5748 Debboram,
1788 5693 1843 5740 et

1866 4462 1920 4520 D

1940 1896 2044 1950 est,
2071 1886 2308 1940 Ecclesia
2335 1887 2545 1941 hostem
2574 1901 2917 1941 communem
2953 1885 3194 1939 omnium
3219 1884 3519 1952 superabit,

1938 1986 1992 2031 et
2020 1986 2369 2046 posteaquam
2411 1977 2686 2046 plenitudo
2708 1977 2945 2044 gentium
2984 1975 3279 2038 introierit,
3311 1981 3439 2026 tunc
3465 1984 3525 2025 ea

1937 2069 2165 2133 Baracb,
2197 2070 2247 2122 id
2275 2078 2378 2133 est,
2412 2069 2649 2137 reliquus
2698 2067 2881 2124 Israel.
2907 2066 3089 2120 salvus
3111 2066 3220 2129 ﬁet,
3244 2073 3299 2118 et
3336 2065 3388 2117 in
3428 2078 3517 2117 so-

1939 2160 2189 2214 cietatem
2219 2158 2461 2212 victoria:
2492 2158 2782 2227 recipietur
2810 2156 2983 2228 (Rom.
3018 2154 3118 2224 xi).
3167 2154 3318 2208 Tunc
3366 2167 3517 2221 ergo,

1939 2252 1983 2306 si
2016 2250 2162 2321 digni
2195 2249 2666 2314 fuerimus,etiam
2718 2264 2817 2303 nos
2865 2247 3202 2302 cantabimus
3251 2237 3520 2299 canticum

1939 2340 2079 2394 istud
2111 2339 2372 2394 refertum
2414 2339 2657 2409 mysticis
2692 2347 2748 2392 ct
2773 2336 3105 2406 propheticis
3141 2334 3519 2389 sacramentis.

1941 2432 2047 2486 Sed
2071 2431 2348 2485 videamus
2386 2430 2515 2500 quid
2562 2430 2613 2483 in
2640 2430 2905 2499 principio
2940 2426 3135 2481 cantici
3176 2424 3335 2493 hujus
3361 2423 3523 2495 spiri-

1940 2522 2062 2575 talis
2101 2521 2204 2575 ista
2241 2521 2490 2574 Debbora
2519 2528 2679 2588 atque
2710 2518 2919 2571 Baraeh
2939 2517 3139 2570 dicant.

1952 2615 1957 2621 ”
2013 2610 2117 2677 Qui
2141 2620 2344 2680 sponte,
2396 2610 2563 2673 aiunt,
2606 2608 2866 2662 obtulistis
2886 2607 2951 2661 de
2996 2605 3167 2661 Israel
3209 2607 3414 2660 animas
3440 2622 3526 2660 eeo

1940 2713 2076 2757 stras
2124 2703 2192 2757 ad
2240 2702 2549 2772 periculum,
2579 2701 2862 2755 benedicite
2911 2699 3217 2754 Dominum.
3260 2698 3360 2764 Qui
3399 2705 3524 2753 sunt

1941 2810 2070 2864 ergo
2101 2794 2187 2848 isti
2213 2793 2304 2862 qui
2332 2793 2541 2847 animas
2566 2807 2693 2847 suas
2718 2799 2909 2861 sponte
2942 2789 3010 2845 ad
3040 2789 3339 2860 periculum
3365 2790 3527 2844 obtu-

1942 2886 2141 2951 lerunt,
2186 2885 2293 2939 nisi
2339 2884 2604 2954 apostoli,
2651 2885 2929 2953 pmphetze
2984 2890 3040 2935 et
3083 2888 3374 2952 martyres,
3422 2894 3522 2935 nec

1942 2993 2047 3032 non
2069 2985 2125 3031 et
2145 2977 2326 3031 caeteri
2345 2976 2501 3046 justi,
2526 2976 2616 3044 qui
2638 2982 2859 3045 propter
2880 2974 3156 3028 servitium
3192 2972 3289 3027 Dei
3314 2971 3524 3026 animas

1945 3085 2073 3124 suas
2098 3069 2479 3139 praeparabant
2520 3068 2587 3123 ad
2627 3067 3002 3129 tentationem,
3037 3072 3094 3119 et
3139 3063 3301 3132 hujus
3330 3061 3519 3117 mundi

1943 3162 2171 3215 adversa
2220 3175 2375 3228 aequo
2424 3159 2604 3213 animo
2660 3158 2982 3212 tolerabant.
3039 3154 3243 3209 Omnes
3304 3153 3522 3224 quidem

1942 3250 2116 3305 sancti
2145 3258 2306 3319 atque
2333 3249 2491 3303 electi
2527 3258 2657 3303 tunc
2680 3247 2890 3301 animas
2910 3260 3036 3301 suas
3056 3253 3247 3316 Sponte
3275 3243 3527 3298 deferunt

1942 3340 2009 3395 ad
2031 3340 2351 3411 periculum,
2383 3338 2600 3409 quando
2621 3337 3016 3394 confessionem
3055 3335 3291 3389 nominis
3320 3331 3526 3388 Christi

1941 3433 2134 3487 devota
2159 3441 2341 3486 mente
2361 3431 2679 3501 suscipiunt,
2706 3437 2762 3484 et
2784 3429 2836 3483 in
2862 3443 2992 3482 vera
3020 3426 3282 3497 religione
3312 3424 3527 3479 fortiter

1940 3521 2235 3589 persistere
2281 3519 2615 3573 decernunt:
2647 3520 2773 3572 hinc
2803 3519 2945 3572 enim
2983 3517 3050 3570 ad
3086 3514 3383 3584 perieulum
3411 3513 3527 3567 aui-

1941 3624 2059 3664 mas
2106 3624 2234 3663 suas
2289 3609 2536 3672 tradunt,
2566 3623 2673 3676 quo
2698 3607 2748 3660 ei
2770 3647 2785 3670 ,
2815 3612 3125 3672 contempto
3151 3610 3521 3673 persecutore,

1942 3698 2236 3753 eoadunari
2284 3712 2384 3765 per
2422 3697 2579 3751 ﬁdem
2612 3711 2716 3749 non
2765 3702 3029 3759 metuunt,
3057 3707 3218 3761 quem
3262 3692 3523 3744 mundum

1942 3787 2197 3843 maximis
2233 3787 2371 3841 odiis
2424 3786 2677 3855 persequi
2707 3784 3028 3853 intelligunt.
3058 3782 3211 3838 Unde
3235 3780 3348 3849 ipsa
3375 3778 3525 3834 Veri-

1942 3886 2027 3931 tas
2047 3878 2101 3930 in
2134 3876 2425 3946 Evangelio
2464 3874 2741 3945 discipulis
2779 3874 2894 3927 ait:
2928 3872 2985 3927 Si
3014 3872 3240 3926 mundus
3269 3887 3360 3924 vos
3390 3870 3519 3933 odit,

1942 3968 2123 4021 scitote
2163 3967 2286 4037 quia
2316 3982 2395 4019 me
2434 3965 2660 4035 priorem
2682 3964 2821 4018 vobis
2854 3965 2974 4017 odio
2996 3949 3179 4016 habuit
3204 3961 3384 4032 (Joan.
3406 3964 3518 4029 xv).

1946 4059 2011 4112 Et
2036 4058 2164 4112 item
2200 4075 2212 4108 :
2250 4056 2435 4120 Eritis,
2460 4054 2653 4124 inquit,
2684 4053 2805 4107 odio
2831 4052 3068 4107 omnibus
3091 4060 3301 4121 propter
3337 4064 3522 4102 nomen

1943 4165 2115 4202 meum
2146 4147 2299 4219 (Luc.
2332 4145 2468 4217 xxx).
2496 4144 2648 4201 Unde
2671 4160 2767 4215 per
2788 4144 3010 4198 Paulum
3041 4143 3277 4197 dicitur:
3308 4139 3498 4194 Omnes

1945 4240 2032 4309 qui
2060 4239 2142 4307 pie
2165 4237 2342 4292 volunt
2368 4240 2533 4291 vivere
2556 4237 2609 4289 in
2631 4237 2861 4300 Christo,
2883 4235 3292 4305 persecutionem
3313 4232 3524 4300 patiun-

1944 4338 2032 4380 tur
2058 4325 2143 4397 (II
2169 4327 2304 4380 Tim.
2337 4326 2444 4396 Ill).
2478 4325 2583 4381 Sed
2608 4327 2661 4380 hi
2686 4325 2753 4379 ad
2780 4324 3200 4379 benedicendum
3232 4321 3521 4375 Dominum

1944 4418 2324 4481 exhortantur,
2346 4418 2471 4485 quia
2496 4432 2618 4471 cum
2646 4417 2829 4470 hostes
2858 4432 3004 4480 suos,
3027 4414 3321 4469 novissima
3349 4420 3523 4466 morte

1946 4507 2244 4569 destructa,
2298 4505 2651 4575 superabunt,
2695 4514 2952 4559 aeternam
3001 4502 3305 4558 mercedem
3352 4500 3527 4569 perci-

1945 4601 2175 4670 pientcs,
2216 4596 2406 4651 laudes
2445 4604 2731 4665 perpetuas
2759 4597 2810 4649 in
2840 4596 2994 4650 caelis
3034 4609 3157 4647 cum
3203 4591 3407 4647 sanctis
3433 4606 3521 4645 an-

1947 4691 2081 4760 gelis
2108 4691 2162 4744 in
2187 4697 2450 4744 alternum
2481 4687 2708 4742 Domino
2738 4687 3119 4741 decantabunt.

2017 4781 2222 4844 Audite,
2259 4794 2421 4849 reges,
2468 4778 2713 4848 percipite
2749 4778 2987 4843 auribus,
3024 4776 3302 4847 principes.
3348 4774 3523 4846 Reges

1949 4870 2181 4941 appellat
2206 4884 2300 4923 eos
2333 4867 2424 4937 qui
2461 4874 2827 4921 convocantur
2855 4866 2922 4920 ad
2948 4866 3271 4921 audiendum
3299 4865 3522 4921 verbum

1948 4961 2064 5014 Dei.
2093 4958 2339 5022 Exsulta,
2391 4955 2584 5026 popule
2619 4956 2746 5019 Dei,-
2789 4956 3013 5010 audiens
3064 4963 3171 5011 tute
3224 4954 3523 5011 nobilitatis

1948 5048 2213 5119 insignia;
2258 5057 2313 5100 tu
2349 5046 2562 5100 vocaris
2599 5044 2665 5098 ad
2706 5045 3032 5099 audiendum
3055 5046 3280 5100 verbum
3312 5044 3427 5106 Dei,
3468 5052 3518 5096 et

1952 5154 2055 5193 non
2086 5146 2146 5191 ut
2173 5137 2344 5206 plebs,
2373 5136 2468 5190 sed
2490 5144 2549 5188 ut
2577 5150 2673 5188 rex
2707 5135 2936 5189 vocaris.
2963 5135 3082 5189 Tibi
3127 5134 3273 5189 enim
3319 5133 3521 5186 dictum

1950 5237 2031 5284 est
2064 5246 2080 5282 :
2113 5225 2287 5281 Genus
2323 5225 2492 5296 regale
2516 5235 2563 5280 et
2587 5226 2929 5290 sacerdotale,
2959 5225 3181 5303 populus
3222 5225 3278 5277 in
3304 5223 3524 5293 acquisi-

1950 5320 2141 5372 tionem
2169 5316 2219 5388 (ι
2252 5316 2396 5369 Petr.
2421 5315 2504 5387 It).
2531 5314 2656 5370 Ideo
2682 5316 2811 5384 quia
2836 5331 2933 5369 vm
2957 5329 3114 5385 reges
3134 5315 3266 5368 estis
3284 5352 3299 5378 ,
3327 5312 3525 5366 merito

1951 5422 2047 5461 rex
2075 5416 2260 5461 noster
2287 5406 2537 5461 Christus
2560 5406 2841 5460 Dominus
2865 5405 2982 5459 Rex
3010 5405 3211 5460 dicitur
3248 5418 3434 5476 regum
3471 5410 3531 5459 et

1954 5502 2211 5555 Dominus
2244 5500 2660 5556 dominantium.
2686 5500 2792 5555 Sed
2821 5499 3261 5569 sieutexaltastis
3290 5498 3356 5552 de
3378 5498 3522 5552 nobi~

1949 5591 2119 5645 litatis
2144 5598 2336 5644 vestrae
2363 5590 2536 5653 titulo,
2571 5590 2646 5643 ita
2694 5590 2902 5643 discere
2932 5587 3140 5642 debetis
3163 5587 3293 5656 quid
3319 5587 3517 5656 agendo

1952 5680 2316 5751 "unusquisque
2335 5690 2573 5735 vestrum
2596 5679 2686 5733 ﬁat
2711 5693 2823 5741 rex,
2855 5679 2995 5748 quod
3018 5678 3173 5733 vobis
3193 5678 3270 5733 ita
3290 5676 3525 5734 ὴνβνίωι
