3996 6176
458 298 594 354 1139

1164 287 1224 340 Β.
1266 283 1517 339 BABANI
1557 279 1773 335 MAURI
1814 272 2131 331 ARCIIIEP.
2174 269 2481 326 MOGUNT.
2525 262 2809 322 OPERUM
2846 261 3026 318 PARS
3063 263 3105 317 1.

3580 263 3729 317 {HO

458 411 730 469 deﬁniam.
776 405 977 476 Regem
1018 410 1070 457 te
1110 414 1230 455 esse
1276 397 1518 452 omnium
1567 393 1716 455 facit,
1760 391 1806 445 si
1846 395 2034 456 regnet
2062 390 2107 445 A
2137 399 2201 438 ac
2238 383 2533 452 potentium
2561 377 2720 447 hujus
2750 378 2932 431 mundi
2962 378 3236 431 destructa
3264 385 3367 431 cst.
3405 375 3467 432 Et
3512 378 3668 433 Sina.
3696 398 3729 433 α

461 503 709 559 Christus
734 500 789 552 in
811 505 864 551 te
889 513 902 548 :
936 510 1028 547 rex
1069 503 1301 559 namque
1329 505 1361 541 a
1393 484 1613 556 regendo
1634 484 1810 535 dictus
1841 487 1942 532 est.
1977 476 2035 531 Si

461 609 592 664 ergo
617 600 676 647 et
703 591 756 644 in
779 596 832 644 te
879 587 1094 641 animus
1129 586 1320 650 regnat
1348 585 1403 632 et
1431 589 1629 644 corpus
1674 572 2034 638 obtemperat,

463 686 506 737 si
535 675 998 749 concupiscendus
1022 670 1205 726 carnis
1226 669 1325 723 sub
1344 666 1533 736 jugum
1570 659 1781 730 imperii
1812 658 1887 712 tui
1915 656 2040 709 mit-

465 791 568 839 tas,
595 775 639 829 si
674 745 931 826 vitiorum
964 770 1155 834 gentes
1181 754 1491 813 sobrietatis
1520 762 1626 806 tua:
1652 747 1821 802 frenis
1847 745 2040 801 arctio—

466 870 617 922 ribus
635 874 872 933 premas,
895 856 1093 911 merito
1111 867 1205 906 rex
1235 848 1454 911 diceris,
1482 845 1573 914 qui
1598 853 1655 897 te
1673 849 1820 895 recta
1854 852 2042 906 regere

467 931 701 1013 noveris.
734 949 870 1006 Cum
895 960 1025 1015 ergo
1048 943 1175 997 talis
1200 938 1367 993 fueris
1395 935 1640 998 etl‘ectus,
1672 931 1832 1000 digne
1863 936 1924 982 ut
1949 942 2043 981 rex

466 1050 534 1104 ad
562 1042 827 1103 audienda
863 1039 1046 1095 divina
1070 1034 1236 1090 verba
1269 1028 1577 1085 vocaberis.
1603 1025 1717 1079 Hoc
1744 1036 1872 1075 vero
1900 1018 2045 1089 quod

468 1137 833 1207 subsequitur,
858 1131 1029 1201 magis
1056 1138 1375 1195 corporeum
1402 1120 1657 1191 quiddam
1682 1117 1885 1170 indicat
1903 1112 2044 1181 quod

469 1234 600 1291 dicit
629 1205 903 1285 {Auribus
932 1221 1203 1295 pereipite,
1238 1231 1416 1271 omnes
1440 1222 1689 1280 satrapw.
1711 1209 1864 1264 Sicut
1901 1205 2046 1260 enim

473 1323 698 1380 inferior
724 1327 807 1374 est
850 1329 978 1385 rege
1013 1320 1256 1377 satrapa,
1292 1307 1366 1360 ita
1395 1313 1451 1359 et
1492 1302 1713 1357 auribus
1769 1296 2048 1366 percipere

474 1414 697 1471 inferius
718 1410 931 1464 videtur
971 1417 1095 1458 esse
1121 1413 1285 1469 quam
1327 1395 1555 1449 audire:
1589 1390 1777 1446 audire
1816 1396 2050 1455 namque

476 1506 545 1560 ad
575 1501 888 1559 interiorem
941 1493 1179 1565 pertinet
1221 1487 1517 1544 hominem.
1548 1484 1688 1537 sicut
1708 1489 1763 1535 ct
1789 1477 2052 1532 Dominus

479 1594 691 1650 dicebat
718 1608 731 1643 :
761 1586 867 1653 Qui
894 1584 1047 1638 habet
1082 1595 1236 1634 aures
1277 1573 1549 1637 audiendi,
1600 1571 1784 1625 audiat
1833 1566 2048 1639 (Matth.

480 1680 623 1753 sui);
646 1678 870 1735 auribus
890 1689 1021 1729 vero
1050 1671 1350 1742 percipere,
1390 1665 1459 1719 ad
1496 1662 1821 1718 exteriorem
1851 1665 1906 1713 et
1933 1671 2054 1712 eor-

2139 477 2272 542 facie
2301 474 2513 528 Domini
2544 473 2640 527 Dei
2669 470 2859 526 Israel.
2890 470 2993 525 Per
3020 470 3169 525 Sinai
3203 487 3352 533 vero,
3385 472 3473 525 ubi
3517 471 3733 542 Moyses

2137 567 2312 637 legem
2338 581 2366 619 a
2396 564 2622 619 Domino
2650 565 2881 632 accepit,
2910 561 3167 618 Iudaicus
3200 563 3459 633 pepulus,
3487 568 3584 619 cui
3619 566 3728 632 ipsa

2138 661 2225 713 lex
2248 660 2373 712 data
2399 664 2503 721 est,
2532 657 2864 725 designatur.
2898 654 3006 709 Sed
3035 655 3176 711 sicut
3207 665 3420 711 montes
3452 656 3732 711 ﬂuxerunt

2140 771 2171 809 a
2226 752 2364 809 facie
2418 748 2653 813 Domini,
2692 748 2773 801 sic
2823 753 2878 800 et
2924 743 3073 799 Siuai
3125 761 3155 799 a
3199 744 3339 800 facie
3370 747 3594 801 Domini
3643 748 3735 802 Dei

2143 844 2307 900 Israel
2329 883 2345 908 ,
2376 842 2503 913 quia
2533 855 2633 895 nec
2658 838 2965 893 Iudaeorum
3003 853 3105 891 nec
3140 839 3301 892 etiam
3337 839 3632 909 gentilium
3663 839 3741 893 fa-

2145 944 2261 991 stus
2272 950 2336 988 ac
2355 931 2604 1001 superbia
2623 928 2925 999 praesentia:
2947 927 3157 981 Domini
3176 926 3282 981 ullo
3298 928 3460 982 modo
3476 929 3741 983 resistere

2144 1026 2389 1090 valebat;
2434 1022 2530 1078 sed
2576 1020 2815 1091 potentia
2861 1019 3073 1072 virtutis
3109 1034 3333 1072 summa:
3365 1029 3632 1088 superata
3675 1036 3740 1074 ac

2145 1124 2419 1187 prostrata
2466 1121 2568 1177 est,
2616 1113 2689 1166 ita
2739 1118 2800 1165 ut
2843 1110 2908 1165 ad
2963 1110 3337 1178 paenitentiam
3382 1118 3739 1178 peccatorum

2148 1206 2415 1271 conversi,
2436 1202 2883 1274 baptismatisque
2904 1201 3081 1271 gratia
3108 1199 3274 1255 abluti
3299 1200 3521 1270 plurimi
3550 1217 3741 1255 eorum

2149 1296 2217 1350 de
2240 1293 2675 1366 persecutoribus
2704 1292 2757 1346 in
2791 1289 3151 1360 evangelistas
3187 1290 3375 1343 mutati
3418 1290 3557 1352 sint,
3605 1290 3745 1343 sicut

2152 1386 2349 1442 Saulus
2391 1383 2720 1439 sanissimus
2750 1389 3068 1452 persecutor
3100 1380 3168 1435 de
3200 1378 3399 1434 Iudaeis
3428 1379 3480 1433 in
3523 1388 3745 1448 aposto-

2151 1480 2263 1534 lum
2286 1478 2544 1541 Paulum;
2570 1490 2672 1530 nec
2700 1488 2805 1528 non
2842 1480 2897 1528 et
2921 1471 3075 1526 multi
3097 1471 3163 1525 de
3190 1470 3480 1542 gentilibus
3514 1471 3571 1524 in
3611 1486 3748 1541 pra:-

2154 1571 2424 1626 dieatores
2457 1565 2733 1638 Evangelii
2775 1564 3120 1619 transmutati
3153 1570 3278 1617 sunt
3309 1581 3323 1616 :
3360 1563 3501 1618 sicut
3546 1562 3750 1633 Diony-

2157 1665 2269 1720 sius
2321 1660 2682 1730 Areopagita,
2739 1657 3097 1728 Tropbimus,
3144 1656 3474 1726 Ephesinus,
3538 1655 3749 1719 Gaius,

477 1746 715 1840 W518!!!
740 1772 949 1837 Spw-ai
970 1761 1234 1816 andilum-
1268 1756 1393 1810 Ῑάθο
1413 1768 1544 1823 ergo
1565 1750 1730 1840 θιβίο
1750 1749 1826 1803 mi
1851 1748 2049 1840 (ιιιῑειιιξ
2080 1749 2128 1807 Β
2152 1764 2207 1808 et
2238 1753 2607 1814 Aristarchus,
2642 1749 2961 1804 Macedones
3003 1748 3233 1803 comites
3252 1746 3421 1810 Pauli,
3459 1756 3519 1801 et
3559 1746 3751 1801 cmteri

478 1861 594 1919 dire
616 1834 837 1919 debent,
860 1868 1014 1922 reges
1039 1851 1322 1911 dicuntur;
1353 1844 1447 1913 qui
1483 1856 1613 1896 vero
1628 1834 1857 1895 'auribus
1890 1835 2062 1907 perci-

480 1965 632 2022 pere,
658 1957 906 2014 satrapes
935 1941 1299 2012 appellantur.

550 2040 667 2110 Ego
696 2053 837 2102 sum,
866 2050 959 2106 ego
982 2048 1120 2096 sum,
1145 2046 1262 2101 quis
1310 2028 1535 2082 Domino
1579 2039 1787 2086 canam,
1837 2016 2061 2090 psallam

482 2136 705 2192 Domino
735 2131 845 2186 Deo
880 2126 1071 2183 Israel.
1098 2125 1251 2181 Beati
1282 2128 1412 2178 sunt
1450 2120 1542 2190 qui
1585 2121 1812 2187 possunt
1841 2119 2064 2167 cantare

484 2231 755 2286 canticum
784 2223 1036 2279 Domino.
1057 2221 1149 2275 Ait
1171 2232 1303 2288 ergo
1335 2216 1425 2270 hic
1461 2229 1562 2267 vox
1610 2208 1742 2278 justi
1772 2225 1785 2260 :
1816 2205 1926 2275 Ego
1957 2202 2065 2255 Do—

484 2319 626 2373 mino
654 2314 898 2378 cantabo,
928 2321 977 2366 et
1009 2308 1234 2381 psallam
1274 2306 1383 2360 Deo
1414 2300 1603 2357 Israel.
1636 2298 1768 2366 Quis
1800 2302 1960 2365 putas
1991 2292 2064 2345 ita

486 2422 700 2464 canone
727 2404 877 2460 vocis
905 2410 1008 2465 est,
1038 2409 1090 2454 et
1122 2400 1198 2453 ita
1228 2395 1453 2467 spiritus
1480 2391 1605 2462 puri
1634 2388 1939 2455 mentisque
1960 2381 2067 2438 sin-

487 2514 647 2562 ccrm,
676 2504 738 2551 ut
760 2493 1032 2550 cantilena
1057 2491 1174 2560 ejus
1193 2487 1436 2542 divinum
1464 2481 1736 2537 delectare
1762 2476 1936 2546 possit
1971 2490 2068 2528 au-

487 2588 693 2645 ditum?
716 2585 810 2640 [lle
829 2581 1073 2654 profecto
1094 2587 1181 2634 est
1213 2577 1305 2646 qni
1336 2573 1540 2629 nullum
1570 2571 1733 2624 habet
1758 2568 1811 2621 in
1853 2580 1912 2620 se
1945 2580 2073 2618 rau-

488 2693 611 2734 eum
653 2674 861 2746 peccati
903 2684 1119 2733 sonum,
1148 2667 1238 2737 qui
1265 2664 1398 2718 nihil
1429 2658 1743 2717 offensionis
1785 2658 1837 2710 in
1864 2656 2066 2725 lingua,

493 2768 625 2823 nihil
655 2761 1033 2821 crassitudinis
1076 2759 1132 2813 in
1175 2757 1367 2827 spiritu
1403 2752 1562 2824 gerit.
1597 2749 1690 2803 llle
1715 2756 1892 2818 potest
1924 2754 2069 2800 recte

491 2862 674 2916 dicere
708 2876 725 2911 :
754 2857 867 2927 Ego
898 2853 1125 2909 Domino
1163 2848 1419 2913 cantabo,
1459 2842 1683 2917 psallam
1727 2840 1836 2894 Deo
1874 2836 2066 2892 Israel.

492 2952 691 3006 Cantat
721 2958 849 3017 ergo
884 2942 1137 3004 Domino,
1171 2939 1265 3008 qui
1309 2952 1431 2991 eum
1462 2933 1749 2989 devotione
1791 2927 1972 2985 cordis
2017 2933 2071 2980 et

492 3042 605 3095 uris
627 3038 803 3095 oilicio
821 3036 980 3106 digne
1002 3032 1279 3103 pmdicat.
1310 3026 1503 3081 Psallit
1524 3038 1675 3088 vero,
1713 3021 1805 3092 qui
1828 3033 1953 3074 eum
1979 3018 2068 3071 ho-

497 3133 580 3186 uis
607 3129 862 3198 operibus
878 3094 1092 3180 laud-at.
1122 3121 1413 3176 Videamus
1441 3117 1622 3185 itaque
1652 3111 1922 3184 quomodo
1947 3124 2070 3163 can-
2096 3094 2144 3156 C

498 3224 664 3276 ticum
701 3221 877 3288 ipsum
895 3216 1131 3271 inchoet.
2080 3270 2085 3273 Α

566 3311 808 3371 Domine,
835 3323 953 3360 cum
986 3307 1157 3359 exires
1182 3304 1246 3356 de
1279 3302 1418 3363 Seir,
1441 3309 1489 3353 et
1517 3295 1767 3352 transires
1790 3308 1883 3362 per
1906 3290 2074 3360 regio—

498 3417 588 3456 nes
610 3399 803 3461 Edam,
832 3407 971 3450 terra
1012 3404 1153 3448 mota
1196 3402 1291 3454 est,
1316 3390 1530 3461 oculique
1556 3402 1619 3441 ac
1661 3384 1821 3440 nubes
1849 3381 2077 3437 stillave-

501 3499 620 3544 runt
643 3504 828 3559 aquas,
848 3495 1047 3540 tuentes
1089 3485 1354 3552 (luxerunt
1406 3497 1439 3533 a
1481 3477 1616 3548 facie
1635 3474 1870 3537 Domini,
1906 3483 1952 3526 et
1988 3471 2077 3527 Si-

500 3581 588 3636 noi
619 3597 652 3633 a
682 3577 816 3661 [λείε
846 3575 1055 3630 Domini
1079 3573 1176 3626 Dei
1201 3569 1391 3627 Israel.
1418 3567 1679 3624 Dominus
1708 3579 1838 3634 ergo
1868 3564 1932 3618 de
1955 3561 2078 3615 Seir

500 3676 668 3737 exiit,
698 3654 826 3742 quia
865 3685 933 3725 ex
963 3668 1189 3724 Iudaico
1214 3663 1413 3735 populo
1442 3660 1665 3715 malitiae
1699 3666 1754 3713 et
1789 3654 2078 3711 increduli-

502 3767 629 3821 tatis
663 3764 891 3834 spinetis
921 3759 1245 3830 asperrimo.
1275 3755 1572 3812 secundum
1616 3764 1839 3807 carnem
1899 3747 2077 3802 editus

501 3868 613 3920 est;
654 3854 866 3909 transiit
889 3868 987 3923 per
1027 3852 1274 3920 regiones
1306 3841 1737 3913 Edom,quando
1760 3839 1958 3895 ibidem
1979 3852 2079 3907 per

501 3947 680 4004 aetatis
729 3944 901 4012 spatia
957 3942 1315 4011 juvenescens
1377 3934 1575 3998 crevit,
1615 3940 1671 3985 et
1727 3929 2077 3999 Evangelium

501 4033 845 4107 prtedicando
897 4030 1076 4083 lumen
1137 4027 1261 4081 ﬁdei
1307 4025 1509 4093 ubique
1556 4021 1785 4092 sparsit;
1838 4019 2081 4073 tandem—

502 4140 608 4195 que
657 4123 725 4177 ad
788 4134 1003 4175 crucem
1057 4116 1308 4180 veniens,
1358 4129 1457 4184 per
1520 4112 1828 4182 passionem
1881 4118 1938 4163 et
1996 4125 2082 4162 re~

503 4214 893 4270 sui-rectionem
921 4225 1075 4265 suam
1105 4206 1426 4279 mysterium
1476 4203 1863 4272 redemptionis
1882 4211 2081 4256 nostra:

506 4306 827 4364 mirabiliter
854 4302 1187 4372 adimplevit.
1221 4299 1448 4353 Nomine
1484 4310 1699 4366 quoque
1747 4295 1915 4349 Edom
1966 4293 2081 4347 sive

504 4400 667 4462 Esau,
712 4396 851 4451 sicut
879 4402 935 4447 et
956 4393 1097 4457 Seir,
1142 4390 1284 4445 idem
1335 4388 1562 4459 populus
1605 4386 1912 4442 Iudaeorum
1938 4383 2080 4438 desi-

504 4494 718 4556 gnatur.
768 4484 904 4538 Nam
953 4482 1075 4537 Seir
1122 4479 1322 4551 pilosus
1365 4478 1451 4533 vel
1503 4476 1763 4547 hispidus,
1809 4474 1973 4537 Esau,
2000 4490 2083 4526 va-

507 4592 603 4629 nus
627 4585 722 4629 aut
753 4574 979 4644 frustra,
999 4581 1055 4627 et
1078 4571 1248 4625 Edom
1286 4568 1475 4622 rubens
1498 4567 1612 4622 sive
1640 4575 1879 4621 terrenus
1922 4564 2083 4617 inter-

505 4674 768 4734 pretatur.
810 4664 975 4735 Igitur
1011 4663 1138 4732 quia
1173 4660 1473 4716 carnalium
1501 4657 1894 4712 desideriorum
1936 4654 2084 4709 oble-

505 4765 772 4811 ctamenta
808 4765 865 4811 et
892 4756 1188 4810 vanitatem
1217 4751 1400 4806 mundi
1436 4757 1651 4805 secutus
1677 4755 1777 4811 est,
1810 4746 1963 4816 quasi
1991 4760 2087 4814 per

508 4847 666 4902 lentis
687 4846 924 4900 edulium
950 4845 1215 4914 primatus
1239 4842 1320 4896 sui
1347 4840 1573 4912 gloriam
1605 4837 1858 4907 perdidit,
1884 4844 1939 4890 et
1963 4850 2089 4903 pro-

508 4938 731 4994 missam
759 4936 859 4990 sibi
893 4933 1286 4990 benedictionis
1310 4930 1542 5002 gratiam
1571 4928 1674 4984 tide
1699 4927 1879 4998 pepuli
1906 4923 2088 4993 junio-

510 5032 586 5087 ris
623 5027 998 5101 supplantatus
1028 5026 1229 5081 amisit.
1263 5023 1511 5092 Migravit
1536 5036 1665 5093 ergo
1694 5021 1955 5074 Dominus
1990 5032 2089 5087 per

507 5124 889 5199 pradicatores
926 5134 1052 5174 suos
1084 5133 1116 5172 a
1148 5116 1457 5172 Iudaeorum
1499 5112 1697 5185 populo
1738 5112 1874 5166 duro
1911 5119 1968 5165 et
2001 5111 2086 5165 in-

505 5227 664 5289 grato
690 5214 761 5270 ad
787 5210 1026 5285 gentium
1054 5209 1305 5265 salutem.
1333 5207 1441 5262 Sed
1462 5207 1593 5277 quid
1624 5213 1753 5259 tunc
1781 5203 1980 5259 factum
2016 5203 2087 5258 sit

507 5312 808 5369 audiamus.
858 5305 1041 5370 Terra,
1086 5304 1280 5373 inquit,
1313 5313 1453 5355 mota
1491 5311 1587 5365 est,
1635 5301 1739 5354 hoc
1762 5308 1867 5364 est,
1895 5314 2085 5353 carna-

508 5408 638 5462 lium
660 5403 823 5461 corda
851 5402 1040 5456 timore
1066 5413 1329 5454 concussa
1359 5406 1501 5451 sunt.
1533 5393 1662 5448 Caeli
1691 5410 1752 5448 ac
1779 5393 1938 5446 nubes
1965 5393 2084 5446 stit-

506 5499 744 5553 laverunt
775 5493 946 5565 aquis,
990 5506 1112 5546 cum
1144 5488 1369 5558 apostoli
1399 5496 1561 5558 atque
1586 5487 1864 5557 prophetae
1893 5483 2085 5539 volun-

512 5599 676 5644 tatem
704 5587 796 5642 Dei
836 5585 1007 5640 sacris
1029 5581 1411 5653 judicaveruut
1446 5578 1645 5633 verbis.
1682 5577 1887 5630 Montes
1920 5576 2088 5644 ﬂuu-

514 5690 637 5736 runt
671 5698 701 5733 a
725 5678 860 5750 {acie
886 5678 1117 5743 Domini,
1158 5675 1375 5747 quando
1403 5672 1651 5741 superbia
1682 5676 2089 5740 persecutorem

2106 4447 2159 4507 D

2164 1845 2256 1915 qui
2293 1841 2637 1913 discipulatui
2665 1839 3028 1908 apostolorum
3072 1836 3415 1893 adlimscrant
3452 1837 3604 1908 (Act.
3646 1838 3749 1907 is).

2233 1934 2302 1990 In
2350 1934 2531 1988 diebus
2590 1930 2814 2002 Samgar
2853 1930 2953 2000 ﬁlii
2995 1930 3206 1995 Anath,
3258 1930 3314 1983 in
3359 1929 3546 1983 diebus
3596 1929 3749 1992 laet,

2163 2029 2463 2100 quieuerunt
2492 2025 2688 2079 semita:
2710 2041 2729 2088 ;
2764 2031 2811 2076 et
2835 2023 2925 2093 qui
2949 2021 3375 2092 ingrediebantur
3395 2038 3490 2091 per
3514 2038 3611 2075 eas
3638 2038 3753 2073 am-

2167 2118 2469 2174 bulauerunt
2496 2132 2588 2187 per
2618 2113 2777 2169 calles
2821 2113 3017 2167 devios.
3056 2112 3298 2167 Diximus
3327 2112 3582 2180 superius
3606 2109 3750 2179 quoi

2168 2209 2425 2276 Samgar,
2464 2206 2554 2276 qui
2596 2205 2988 2273 interpretatur
3023 2202 3219 2256 advena
3245 2203 3360 2257 sive
3397 2201 3647 2266 colonus,
3685 2200 3755 2254 si-

2166 2300 2447 2375 gniﬁcaret
2482 2297 2889 2367 prtedicatorem
2926 2294 3095 2348 divini
3130 2295 3307 2357 verbi,
3339 2295 3432 2363 qui
3464 2293 3752 2347 Dominico

2168 2404 2353 2452 aratro
2390 2393 2624 2447 innitens
2663 2404 2762 2459 per
2786 2389 3134 2459 Evangelium
3175 2387 3305 2443 colit
3330 2388 3492 2442 corda
3542 2386 3756 2440 audito-

2168 2503 2322 2553 rum;
2357 2492 2411 2540 et
2434 2484 2549 2539 Iael
2578 2524 2593 2549 ,
2628 2482 2823 2538 mulier
2851 2480 3172 2550 alienigena,
3213 2492 3334 2547 qua:
3361 2478 3757 2546 interpretatur

2168 2581 2424 2642 ascensio,
2472 2579 2587 2633 sive
2647 2575 2850 2646 requies
2895 2571 3028 2637 Dei,
3077 2569 3387 2638 designaret
3428 2567 3751 2629 Ecclesiam,

2172 2673 2224 2726 in
2273 2684 2379 2740 qua
2414 2668 2682 2724 veraciter
2724 2665 2791 2720 ad
2829 2664 3087 2719 cmlorum
3120 2676 3343 2732 regnum
3396 2658 3753 2720 ascenditur;

2169 2766 2294 2834 quia
2322 2763 2392 2817 ibi
2422 2760 2630 2817 cunctis
2652 2758 2756 2813 rite
2774 2756 3117 2813 credentibus
3139 2751 3392 2822 perennis
3420 2749 3551 2804 vita:
3579 2749 3755 2803 aditus

2169 2855 2427 2926 aperitur,
2465 2852 2567 2906 sibi
2608 2858 2663 2906 et
2706 2848 2920 2918 requies
2963 2846 3055 2900 Dei
3096 2853 3199 2908 est,
3240 2842 3329 2897 ubi
3368 2840 3617 2910 quotidie
3644 2837 3755 2906 ejus

2171 2947 2422 3002 voluntas
2465 2941 2807 3011 adimpletur.
2850 2938 2999 2994 Unde
3035 2937 3214 2991 divina
3252 2950 3355 2989 vox
3392 2948 3488 3003 per
3525 2932 3755 3001 prophe—

2173 3048 2281 3092 tam
2307 3036 2383 3090 ait
2421 3049 2437 3089 :
2478 3033 2648 3103 Super
2679 3047 2833 3103 quem
2877 3029 3159 3100 requiescet
3193 3026 3408 3096 spiritus
3449 3040 3632 3086 meus,
3660 3022 3755 3074 nisi

2176 3144 2330 3198 super
2366 3124 2613 3180 humilem
2646 3132 2695 3177 et
2737 3122 2999 3192 quietum,
3044 3128 3093 3172 et
3140 3126 3439 3171 trementem
3493 3128 3756 3168 sermones

2178 3235 2319 3272 meos
2351 3215 2507 3288 (Isai.
2538 3212 2705 3284 vat).
2741 3212 2800 3266 ln
2827 3210 3012 3264 diebus
3039 3223 3171 3277 ergo
3201 3206 3393 3261 horum
3431 3204 3760 3273 quieverunt

2179 3308 2404 3371 semitm,
2442 3306 2569 3376 quia
2595 3318 2694 3374 per
2722 3300 2958 3357 divinam
2983 3298 3213 3370 gratiam
3237 3295 3387 3366 pacis
3418 3296 3567 3348 dona
3594 3291 3758 3346 ﬁdeli-

2179 3402 2283 3456 bus
2311 3399 2463 3454 l'uere
2497 3409 2786 3459 concessa;
2827 3400 2883 3446 et
2907 3392 2999 3461 qui
3041 3387 3482 3459 ingrediebantur
3508 3400 3613 3455 per
3646 3398 3757 3443 eas,

2181 3490 2596 3547 ambulaverunt
2631 3499 2730 3555 per
2762 3482 2927 3538 calles
2961 3481 3169 3541 devios,
3218 3491 3343 3532 cum
3386 3481 3759 3545 persecutores

2181 3580 2608 3640 Christianorum
2638 3585 2694 3631 et
2724 3572 2960 3631 lueretici
2980 3612 2996 3636 ,
3038 3570 3130 3640 qui
3160 3584 3265 3623 non
3299 3567 3421 3621 fidei
3453 3564 3756 3623 devotione,

2182 3671 2276 3727 sed
2307 3676 2427 3724 astu
2456 3666 2675 3721 malitia:
2708 3662 3006 3718 Ecclesiam
3036 3658 3242 3729 ingredi
3285 3663 3652 3714 tentaverunt,
3689 3652 3759 3705 di-

2185 3763 2309 3817 vino
2344 3759 2550 3828 judicio
2590 3756 2819 3826 dispersi
2847 3761 3002 3819 sunt;
3051 3760 3106 3807 et
3154 3751 3280 3820 quia
3324 3748 3475 3819 pacis
3512 3746 3756 3801 semitam

2185 3852 2433 3909 incedere
2454 3848 2829 3922 neglexerunt,
2857 3860 2954 3915 per
2982 3844 3183 3898 erroris
3212 3841 3492 3896 anfractus
3516 3840 3762 3893 deviave—

2186 3954 2333 4010 runt,
2365 3959 2470 3998 non
2500 3942 2641 4012 quod
2665 3938 2966 4011 justissima
2991 3937 3165 4007 pietas
3194 3933 3424 3987 Deitatis
3459 3944 3650 3985 errare
3674 3941 3762 3980 eos

2187 4036 2398 4101 fecerit,
2432 4036 2525 4090 sed
2545 4034 2696 4103 justo
2722 4030 2927 4100 judicio
2955 4036 3172 4098 propter
3205 4040 3302 4081 sua
3340 4031 3567 4094 peccata
3599 4023 3652 4075 in
3679 4034 3759 4072 er-

2187 4144 2363 4186 rorem
2394 4128 2512 4182 illos
2538 4126 2731 4181 cadere
2758 4121 3080 4192 permiserit.
3114 4117 3267 4174 Unde
3291 4130 3389 4187 per
3416 4114 3755 4170 Salozizenem

2188 4221 2386 4277 dicitur
2424 4235 2436 4271 :
2469 4216 2574 4281 Qui
2610 4214 2843 4268 ambulat
2894 4208 3233 4278 simpliciter,
3286 4204 3462 4259 saluus
3494 4204 3631 4265 erit;
3676 4195 3759 4269 qui

2187 4322 2360 4366 autem
2392 4307 2645 4380 perversis
2674 4304 2965 4375 ingreditur
2992 4301 3112 4366 viis,
3139 4296 3370 4351 concidet
3396 4293 3556 4349 semel
3582 4290 3754 4363 (Prov.

2190 4402 2265 4471 Χ).
2292 4401 2358 4454 Et
2380 4400 2507 4454 item
2540 4415 2551 4449 :
2591 4395 2683 4448 Vir
2706 4394 2793 4464 qui
2821 4391 3070 4447 erraverit
3097 4407 3128 4443 α
3151 4390 3233 4443 ria
3256 4386 3533 4449 doctrinm,
3558 4385 3614 4438 in
3635 4392 3755 4437 etetu

2182 4469 2472 4560 gigantium
2500 4474 3103 4548 commorabitur(Prov.
3130 4474 3270 4546 xxi).
3301 4473 3439 4529 Hine
3456 4480 3515 4527 et
3540 4469 3759 4526 Psalmi-

2183 4592 2266 4636 sta
2300 4597 2312 4632 :
2346 4576 2600 4630 Dominus
2629 4613 2645 4637 ,
2690 4571 2785 4635 ait,
2829 4568 3026 4622 dimisit
3067 4583 3154 4622 eos
3181 4565 3463 4621 secundum
3501 4560 3758 4616 desideria

2184 4669 2356 4723 cordis
2391 4680 2593 4729 eorum,
2641 4673 2692 4716 et
2735 4660 2879 4713 ibant
2925 4659 2982 4711 in
3030 4655 3385 4712 voluntatibus
3436 4652 3547 4708 suis
3592 4648 3756 4721 (Psal.

2187 4760 2373 4828 Lxxx).
2411 4757 2478 4811 Et
2512 4754 2637 4808 alibi
2677 4751 2937 4821 scriptum
2969 4757 3100 4804 est:
3139 4746 3232 4801 Va:
3273 4744 3536 4816 peccatori
3574 4755 3756 4797 terrast

2188 4846 2496 4919 ingredienti
2523 4843 2728 4897 duabus
2757 4841 2851 4896 viis
2881 4839 3073 4908 (Eccli.
3105 4836 3189 4908 ιι).

2260 4939 2600 4994 Cessat'erunt
2640 4935 2798 5003 fortes
2832 4933 2887 4986 in
2923 4928 3113 4992 Israel,
3154 4938 3202 4982 et
3234 4928 3560 4998 quieverunt,
3608 4922 3757 4976 donec

2187 5042 2418 5103 surgeret
2445 5028 2680 5083 Debbora
2707 5035 2873 5080 mater
2894 5023 2950 5077 in
2970 5019 3160 5076 Israel.
3187 5019 3291 5087 Qui
3317 5024 3444 5073 sunt
3463 5016 3553 5070 isti
3583 5013 3753 5071 fortes,

2188 5125 2277 5194 qui
2299 5127 2651 5177 cessaverunt
2679 5118 2732 5172 in
2765 5114 2949 5180 Israel,
2978 5112 3080 5168 nisi
3107 5112 3388 5182 propheta:
3413 5118 3469 5163 et
3490 5106 3629 5175 justi
3667 5103 3757 5157 viri

2187 5211 2278 5281 qui
2306 5210 2357 5263 in
2382 5205 2579 5278 populo
2619 5203 2709 5258 Dei
2748 5212 2987 5272 tempore
3014 5213 3115 5254 suo
3154 5198 3447 5268 primatum
3496 5200 3754 5261 gerentes.

2190 5302 2428 5360 consiliis
2450 5314 2544 5355 eos
2567 5294 2963 5369 gubernabant,
2988 5299 3151 5360 atque
3174 5288 3381 5344 solati'is
3408 5283 3756 5355 adjuvabant;

2192 5393 2286 5448 sed
2311 5391 2650 5461 quieverunt,
2680 5386 2785 5439 hoc
2822 5390 2939 5446 est,
2969 5379 3353 5461 domuitionem
3389 5374 3582 5430 mortis
3618 5382 3760 5425 acer:

2193 5487 2407 5553 perunt,
2431 5484 2487 5533 et
2512 5477 2630 5531 ideo
2650 5477 3021 5533 cessaverunt,
3049 5467 3176 5540 quia
3202 5454 3382 5521 inerte
3409 5462 3757 5518 intercedente

2194 5548 2513 5642 permanere
2547 5581 2653 5622 non
2679 5567 2972 5633 potuerunt
2999 5578 3014 5614 :
3041 5567 3103 5613 ut
3125 5558 3383 5627 paulatim
3411 5555 3615 5610 veteris
3641 5548 3755 5619 legis

2195 5679 2293 5717 usu
2351 5659 2651 5722 deﬁciente,
2681 5654 2792 5724 jam
2841 5652 2929 5708 ille
2975 5650 3275 5714 adveniret,
3326 5662 3486 5718 quem
3526 5644 3756 5699 Det-hera
