4000 6186
296 344 427 400 {Ml

1250 331 1600 392 COMMENT.
1637 328 1704 383 IN
1742 326 1870 382 LIB.
1908 322 2223 379 JUDICUM.
2264 351 2334 361 -—
2369 321 2497 375 LlB.
2537 321 2579 375 ι.

3401 320 3539 376 1142

288 466 487 521 mater,
520 457 623 513 hoc
651 461 749 517 est,
783 467 911 507 vera
940 449 1223 522 prophetia
1249 448 1488 504 futurum
1516 438 1868 516 prmcincbat,
1898 439 1951 496 Λ
1972 432 2171 499 Iacob,-
2211 433 2374 489 venite
2398 442 2449 485 et
2469 430 2731 522 ambulate
2753 431 2806 485 in
2832 430 3265 522 lumineDommi
3294 432 3429 504 (Isa.
3454 435 3537 506 ιι).

288 559 353 605 ut
379 547 808 605 benedictionem
840 546 993 600 daret
1042 545 1185 614 ipse,
1224 543 1317 612 qui
1362 544 1532 613 legem
1576 535 1742 594 dedit,
1776 532 1868 600 qui

288 639 631 714 signaculum
656 638 786 708 iegis
807 645 863 690 et
881 636 1265 707 prophetarum
1293 632 1533 688 omnium
1562 628 1680 684 fuit.
1716 627 1870 683 Unde

289 730 410 801 ipsa
443 728 654 784 Veritas
674 727 728 781 in
758 724 1047 795 Evangelia
1071 724 1146 778 ait
1174 741 1187 777 :
1218 722 1329 777 Lex
1352 731 1403 776 et
1421 721 1683 791 prophetae
1707 733 1869 788 usque

290 820 364 875 ad
404 818 665 873 Joannem
710 815 923 887 (Matth.
973 819 1056 885 ιι).
1108 813 1244 869 llinc
1268 826 1483 882 quoque
1509 810 1708 866 Paulus
1743 810 1820 863 ait
1851 823 1866 862 :

294 908 584 978 Postquam
607 906 740 959 venit
769 903 1035 974 plenitudo
1051 902 1317 972 temporis,
1342 900 1479 954 misit
1502 898 1642 954 Deus
1667 896 1869 951 Filium

290 1016 449 1053 suum
476 999 672 1067 factum
708 1013 772 1050 ea:
801 995 1037 1059 muliere,
1070 995 1267 1064 factum
1290 993 1384 1046 sub
1409 993 1538 1063 lege,
1563 1003 1620 1047 ut
1643 1007 1749 1054 eos,
1778 992 1869 1061 qui

291 1090 389 1144 sub
411 1089 519 1160 lege
535 1098 701 1153 erant,
727 1088 997 1142 redimeret
1021 1084 1218 1158 (Colat.
1236 1087 1330 1157 tv).
1356 1087 1421 1141 Et
1442 1086 1669 1141 iterum:
1690 1083 1864 1147 Finis,

289 1180 498 1248 inquit,
530 1179 658 1249 legis
698 1176 936 1231 Christus
971 1187 1045 1231 est
1074 1177 1142 1230 ad
1167 1178 1432 1247 justitiam
1468 1178 1611 1231 omni
1636 1177 1869 1231 credenti

288 1269 469 1341 (Rom.
499 1270 579 1339 Χ).
1414 1314 1417 1317 ,

366 1360 519 1415 Nova
549 1358 681 1414 bella
722 1359 872 1429 elegit
916 1358 1189 1413 Dominus.
1239 1358 1370 1426 Qua:
1416 1366 1542 1415 sunt
1588 1359 1690 1414 ista
1730 1373 1870 1413 nova

287 1454 454 1517 bella,
503 1453 603 1507 nisi
645 1459 834 1507 contra
864 1458 1083 1522 peccata
1114 1460 1170 1506 et
1214 1453 1342 1506 vitia
1391 1452 1650 1506 virtutum
1699 1451 1868 1505 lucta-

287 1543 475 1597 mina?
502 1541 627 1596 Hice
652 1541 848 1611 quippe
869 1541 1032 1612 elegit
1055 1541 1333 1607 Dominus,
1362 1541 1485 1610 quia
1515 1542 1631 1595 hsce
1653 1540 1864 1609 probat.

295 1632 448 1688 Unde
471 1632 666 1687 Paulus
702 1631 777 1685 ait
808 1651 822 1686 :
864 1629 985 1685 Non
1015 1641 1090 1685 est
1117 1631 1261 1685 nobis
1287 1629 1588 1684 colluctatio
1618 1630 1868 1684 adversus

291 1738 502 1775 carnem
528 1732 577 1776 et
607 1738 934 1791 sanguinem,
960 1722 1050 1775 sed
1075 1722 1322 1775 adversus
1347 1722 1670 1792 principatus
1702 1731 1749 1775 et
1775 1737 1868 1790 po-

290 1820 524 1877 testates,
555 1813 800 1867 adversus
831 1812 1013 1866 mundi
1051 1822 1272 1866 rectores
1310 1812 1641 1866 tenebrarum
1678 1811 1864 1865 harum
1895 1779 1944 1839 Β

288 1914 475 1958 contra
496 1904 766 1975 spiritalia
792 1906 1036 1977 nequitiis
1065 1905 1119 1958 in
1159 1903 1446 1959 calestibus
1472 1903 1632 1975 (Eph.
1669 1902 1767 1975 vt).
1802 1903 1869 1957 Et

287 1996 423 2051 item
456 2013 470 2049 :
501 1996 633 2066 Ego,
666 1997 859 2066 inquit,
887 1999 962 2051 sic
987 2012 1161 2058 curro,
1190 2013 1295 2050 non
1317 1997 1470 2067 quasi
1495 1997 1550 2050 in
1577 1997 1867 2059 incertum;

287 2089 367 2141 sic
404 2105 613 2159 pugno,
658 2106 762 2143 non
791 2091 942 2160 quasi
984 2107 1156 2144 aerem
1195 2089 1468 2144 verberans
1501 2103 1520 2141 :
1546 2089 1636 2143 sed
1672 2091 1869 2159 castigo

285 2195 481 2248 corpus
508 2197 700 2245 meum,
734 2191 783 2234 et
811 2181 1045 2237 servituti
1073 2181 1320 2252 subjicio,
1356 2198 1419 2236 ne
1445 2182 1582 2251 forte
1605 2200 1724 2236 rum
1748 2182 1868 2237 aliis

287 2268 707 2337 pra'dicaverim,
733 2272 840 2339 ipse
868 2271 1115 2341 reprobus
1141 2272 1335 2343 eﬂiciar
1355 2270 1409 2343 (I
1434 2269 1558 2326 Cor.
1591 2269 1691 2344 rx).
1719 2271 1868 2327 Nova

286 2357 476 2428 itaque
519 2359 657 2415 bella
704 2370 848 2426 sunt,
899 2362 992 2416 ubi
1040 2362 1240 2416 malum
1284 2370 1473 2418 contra
1518 2363 1717 2418 malum
1761 2380 1870 2419 non

286 2450 551 2510 redditur.
594 2452 689 2506 sed
720 2452 917 2507 malum
951 2468 1050 2523 per
1078 2454 1279 2509 bonum
1318 2454 1585 2520 vincitur;
1625 2455 1717 2509 ubi
1748 2453 1869 2509 fidei

286 2550 465 2607 scuto,
491 2542 656 2597 lorica
671 2541 917 2611 iustitiae,
945 2544 1097 2613 galea
1127 2544 1336 2611 salutis,
1363 2553 1419 2601 et
1441 2545 1617 2615 gladio
1634 2544 1871 2614 Spiritus

287 2632 448 2688 miles
487 2632 688 2689 Christi
726 2649 824 2703 per
849 2635 1163 2705 patientiam
1190 2642 1379 2690 contra
1426 2635 1611 2691 hostes
1651 2635 1872 2690 dimicat

284 2720 468 2793 (Rom.
501 2740 599 2789 xu,
629 2722 824 2794 Ephes.
847 2724 950 2796 v1),
972 2725 1126 2794 cujus
1147 2725 1357 2779 militia:
1378 2741 1474 2780 rex
1495 2725 1741 2781 Christus
1763 2734 1868 2791 est,

283 2814 383 2883 qui
415 2814 694 2884 discipulis
721 2815 833 2869 suis
865 2816 942 2870 ait
974 2834 988 2868 :
1026 2814 1090 2870 In
1130 2816 1383 2887 patientia
1424 2825 1596 2871 uestra
1640 2817 1872 2887 posside-

287 2905 411 2959 bitis
460 2906 663 2959 animas
696 2914 891 2961 vestras
935 2904 1086 2978 (Luc.
1123 2911 1277 2979 nt);
1314 2906 1514 2977 quique
1548 2908 1720 2963 servis
1757 2907 1872 2962 suis

287 2995 627 3063 triumphum
652 3003 814 3065 atque
839 2997 1123 3052 victoriam
1152 2997 1361 3052 tribuit.
1399 2997 1551 3053 Unde
1579 2997 1824 3068 sequitur
1852 3017 1864 3051 :

290 3084 487 3138 Portus
519 3083 744 3139 hostium
779 3087 886 3157 ipse
916 3086 1183 3140 subvertit.
1226 3086 1356 3153 Quae
1395 3095 1522 3142 sunt
1550 3102 1681 3159 ergo
1702 3096 1871 3158 porta:

288 3175 566 3229 hostium?
600 3175 702 3229 nisi
733 3183 901 3245 portu:
934 3176 1163 3242 mortis;
1194 3186 1365 3247 portae
1391 3177 1571 3243 inferi,
1608 3179 1758 3248 pravi
1794 3178 1873 3231 vi-

290 3268 488 3322 delicet
527 3267 772 3322 homines
797 3275 852 3322 et
883 3268 1144 3333 haeretici,
1176 3284 1273 3337 per
1299 3284 1435 3337 quos
1473 3269 1693 3338 maligni
1720 3269 1875 3340 spiri-

292 3368 381 3416 tus
423 3369 612 3415 contra
654 3374 842 3415 servos
877 3359 1074 3414 Christi
1108 3359 1442 3429 belligerant.
1479 3359 1585 3415 Sed
1632 3362 1747 3431 ipse
1775 3363 1874 3417 has

292 3460 480 3522 portas
514 3452 823 3516 subvertet,
853 3451 1066 3521 quando
1094 3465 1282 3505 eorum
1305 3450 1560 3517 consilia,
1605 3453 1781 3507 minas
1809 3467 1874 3507 ac

291 3539 515 3597 fraudes
544 3541 766 3612 detegit,
799 3542 1043 3612 proterit,
1075 3556 1139 3596 ac
1167 3541 1413 3610 dissipat,
1450 3550 1507 3597 et
1544 3557 1608 3597 ea
1637 3558 1756 3611 qua:
1794 3543 1874 3597 vi-

290 3631 560 3687 debantur
584 3633 831 3703 superbis
856 3647 1048 3703 magna
1073 3646 1194 3686 esse
1221 3647 1286 3686 ac
1307 3630 1488 3696 fortia,
1519 3648 1618 3702 per
1644 3632 1876 3689 humiles

290 3737 424 3777 suos
451 3722 748 3776 contemnit
776 3729 938 3789 atque
964 3721 1031 3774 ad
1063 3720 1289 3774 nihilum
1319 3721 1535 3791 redigit.
1568 3719 1792 3792 Clgpeus
1825 3733 1874 3777 et

292 3814 448 3868 hasta
482 3814 527 3868 si
554 3814 912 3884 apparuerint,
956 3815 1011 3867 in
1046 3813 1401 3884 quadraginta
1428 3813 1659 3868 millibus
1681 3815 1870 3869 Israel.

288 3906 551 3978 Clypcum
574 3915 629 3961 et
655 3907 865 3961 hastam
895 3920 994 3976 pro
1022 3906 1188 3960 armis
1213 3905 1447 3960 terrenis
1474 3907 1642 3975 ponit,
1677 3905 1730 3960 in
1757 3908 1877 3978 qui-

293 4001 398 4056 bus
443 3999 687 4054 carnales
739 4014 804 4053 ac
850 3997 1033 4055 steculi
1088 3998 1244 4053 istius
1289 3999 1538 4054 homines
1577 3999 1871 4054 confidunt.

294 4091 404 4146 Sed
434 4091 550 4145 haec
573 4105 680 4144 non
716 4089 1025 4145 necessaria
1051 4098 1178 4157 sunt
1205 4090 1559 4159 spiritalibus.
1586 4089 1703 4146 Non
1731 4090 1878 4145 enim

293 4181 464 4236 habet
493 4180 668 4235 locum
703 4180 756 4234 in
784 4180 983 4235 castris
1011 4178 1381 4250 spiritualibus
1404 4186 1678 4235 armatura
1706 4187 1878 4234 terre-

295 4286 397 4336 na;
454 4271 574 4326 ideo
619 4270 693 4325 ibi
729 4285 837 4325 non
884 4277 1127 4340 apparet,
1163 4269 1288 4339 quia
1323 4268 1397 4324 ibi
1438 4285 1548 4325 non
1584 4269 1873 4330 invenitur,

294 4359 388 4413 ubi
413 4358 768 4427 quadraginta
820 4357 989 4413 millia
1038 4357 1404 4413 lsraelitarnm
1457 4365 1646 4413 contra
1694 4357 1878 4412 hostes

296 4446 571 4518 spiritales
609 4454 876 4517 pugnant;
913 4446 1374 4517 quadragenarius
1412 4446 1555 4500 enim
1592 4460 1872 4510 numerus,

296 4541 387 4595 ubi
415 4540 669 4596 denarius
696 4546 889 4609 quater
916 4538 1302 4608 multiplicatus
1331 4544 1567 4603 constat,
1588 4537 1727 4592 bene
1755 4551 1879 4592 con-

297 4631 449 4687 venit
470 4631 734 4687 militibus
756 4630 980 4697 Christi,
1007 4632 1111 4686 hoc
1144 4638 1251 4696 est,
1277 4631 1426 4686 veris
1455 4627 1788 4695 lsraeliticis,
1822 4630 1877 4684 in

297 4723 496 4792 quibus
525 4720 679 4776 dolus
702 4735 810 4775 non
855 4728 959 4785 est,
986 4719 1078 4790 qui
1107 4728 1377 4790 prmeepta
1418 4720 1661 4790 decalogi
1688 4734 1880 4775 secun-

299 4815 427 4867 dum
450 4811 826 4880 Evangelicam
849 4810 1150 4866 doctrinam
1177 4818 1472 4877 servantes,
1495 4822 1673 4867 castra
1696 4811 1883 4867 Eccle-

300 4904 395 4959 sia:
423 4912 642 4959 tuentur
678 4911 841 4973 atque
868 4902 1181 4957 custodiunt
1205 4942 1220 4968 ,
1264 4917 1329 4957 ac
1355 4917 1455 4973 per
1476 4916 1640 4957 omne
1670 4912 1883 4972 tempus

301 4993 460 5048 istius
480 4993 605 5047 vita:
634 5007 805 5062 usque
834 4990 902 5045 ad
930 4990 1455 5047 consummationem
1482 4990 1662 5047 saeculi
1700 4990 1881 5046 taliter

300 5088 670 5160 agonizantes,
702 5086 942 5142 ctelestis
993 5085 1185 5155 patriae
1233 5085 1604 5141 haereditatem
1654 5083 1881 5140 feliciter

302 5179 686 5249 triumphando
728 5178 952 5248 adipisci
998 5176 1328 5233 desiderant.
1387 5176 1490 5232 Ubi
1547 5178 1876 5242 notandum,

301 5272 450 5343 quod
475 5269 635 5338 huius
662 5270 851 5341 agonis
877 5279 1120 5339 tempora
1145 5269 1313 5324 Isaias
1340 5270 1601 5339 propheta
1626 5270 1754 5325 olim
1780 5269 1879 5324 de-

302 5360 525 5431 scripsit
545 5360 729 5415 dicens
758 5375 773 5413 :
806 5359 887 5413 De
903 5359 1033 5415 Sion
1056 5358 1213 5414 exibit
1225 5358 1333 5424 lex,
1364 5367 1414 5411 et
1439 5357 1647 5412 verbum
1666 5357 1880 5411 Domini

302 5451 370 5504 de
398 5450 749 5515 Hierusalem,
776 5460 825 5505 et
846 5451 1106 5521 judicabit
1128 5459 1331 5521 gentes,
1372 5459 1419 5502 et
1453 5456 1638 5518 arguet
1664 5447 1882 5519 populos

301 5537 519 5606 multos,
549 5548 598 5594 et
627 5538 927 5608 conﬂabant
956 5539 1159 5608 gladios
1182 5556 1304 5594 suos
1330 5540 1384 5591 in
1415 5552 1660 5602 vomeres,
1697 5546 1745 5591 et
1766 5537 1883 5593 lan-

303 5646 425 5685 ceas
460 5648 586 5686 suas
612 5632 664 5685 in
692 5630 885 5701 falces;
928 5646 1031 5684 non
1073 5630 1259 5685 levabit
1295 5645 1421 5700 gens
1467 5638 1649 5682 contra
1679 5641 1881 5698 gentem

304 5722 562 5795 gladium,
588 5739 747 5795 neque
769 5721 1141 5776 exercebantur
1168 5720 1306 5774 ultra
1333 5721 1402 5774 ad
1424 5718 1665 5790 prtelium
1691 5719 1878 5774 domus

1972 523 2219 590 Quando.
2250 523 2555 577 lueescente
2592 520 2817 575 veritate
2839 559 2853 585 ,
2901 520 2957 574 in
3006 521 3157 579 Novo
3197 523 3542 581 Testamento

1971 614 2147 669 onmis
2190 613 2386 671 duritia
2427 611 2606 666 cordis
2647 609 2814 664 nostri
2859 609 3058 665 Christi
3090 627 3308 669 vomere
3341 613 3559 685 frangi--

1973 715 2082 771 tur,
2127 713 2183 760 et
2223 705 2568 760 eradicantur
2616 703 2785 773 spina:
2834 702 3128 769 vitiorum,
3178 712 3239 758 ut
3288 707 3544 763 sementis

1971 794 2236 849 sermonis
2296 793 2392 846 Dei
2443 800 2654 847 crescat
2712 793 2766 846 in
2830 791 3049 863 fruges,
3114 800 3172 847 et
3227 803 3414 864 postea
3466 796 3546 850 la-

1968 883 2131 939 bores
2179 898 2438 939 manuum
2494 891 2801 937 nostrarum
2856 884 3277 950 manducemus,
3331 887 3545 956 quando

1971 974 2190 1029 venient
2208 975 2263 1027 in
2283 973 2645 1029 exsultatione
2669 981 2947 1043 portantes
2970 975 3271 1045 manipulos
3293 991 3439 1030 suos.

2040 1065 2144 1120 Cor
2171 1081 2342 1118 meum
2373 1063 2541 1135 diligit
2577 1065 2836 1136 principes
2866 1065 3052 1120 Israel.
3089 1065 3191 1132 Qui
3222 1069 3437 1137 propria
3467 1087 3548 1123 vo-

1969 1157 2169 1213 luntate
2215 1156 2474 1211 obtulistis
2510 1174 2598 1212 vos
2636 1157 2962 1225 discrimini,
2990 1159 3273 1215 benedicite
3297 1161 3543 1217 Domino.

1968 1248 2248 1319 Principes
2293 1248 2454 1305 Israel
2485 1257 2610 1304 sunt
2646 1251 2894 1306 doctores
2931 1254 3126 1317 sancti,
3171 1268 3308 1323 quos
3339 1270 3399 1310 se
3430 1255 3548 1310 dili-

1969 1354 2097 1409 gere
2130 1339 2264 1394 dicit
2288 1340 2467 1394 anima
2489 1340 2620 1410 justi
2645 1382 2660 1407 ,
2705 1341 2798 1410 qui
2826 1342 3042 1412 prepria
3082 1343 3359 1400 voluntate
3393 1346 3549 1400 obtu-

1970 1428 2152 1484 lerunt
2195 1445 2252 1484 se
2279 1431 2600 1497 discrimini,
2636 1448 2760 1487 cum
2789 1433 3050 1487 voluntati
3088 1434 3171 1488 sui
3210 1435 3459 1505 magistri
3493 1446 3548 1491 et

1969 1519 2180 1575 Domini
2224 1522 2639 1586 concordantcs,
2677 1522 2820 1578 inter
2858 1533 3264 1594 pcrsecutomm
3294 1525 3548 1580 scandala

1970 1610 2050 1665 ire
2082 1626 2192 1666 non
2242 1611 2551 1668 formidant.
2606 1614 2757 1670 Unde
2799 1615 3061 1671 Dominus
3105 1616 3382 1686 discipulis
3434 1618 3549 1673 suis

1969 1702 2047 1756 ait
2074 1719 2087 1754 :
2120 1701 2256 1756 Ecce
2283 1719 2377 1773 ego
2408 1705 2557 1758 mitto
2582 1721 2684 1767 vos,
2719 1706 2853 1760 sicut
2880 1722 2997 1761 oves
3018 1708 3076 1760 in
3103 1707 3275 1761 medio
3305 1706 3546 1777 luporum

1972 1791 2183 1865 (Matth.
2215 1793 2294 1865 χ).
2326 1795 2393 1849 Et
2414 1796 2541 1851 item
2570 1815 2582 1851 :
2612 1796 2858 1863 Tradent,
2888 1799 3082 1868 inquit,
3104 1816 3193 1854 vos
3214 1801 3271 1855 in
3291 1801 3545 1868 consiliis,

1970 1893 2018 1937 et
2054 1884 2108 1938 in
2136 1886 2415 1956 synagogis
2451 1887 2561 1941 suis
2584 1888 2920 1958 ﬂagellabant
2949 1907 3059 1956 vos,
3093 1900 3141 1945 et
3183 1902 3304 1946 ante
3329 1909 3470 1964 reges
3497 1904 3549 1948 et

1968 1978 2219 2048 prwsides
2247 1978 2508 2034 ducentini
2542 1990 2753 2049 propter
2778 1998 2858 2035 me
2882 1982 2937 2036 in
2972 1983 3325 2038 testimonium
3352 1985 3460 2039 illis
3499 1995 3548 2040 et

1970 2072 2208 2142 gentibus
2230 2072 2445 2144 (Ibid.).
2488 2071 2729 2139 Quomm
2763 2089 2903 2128 unus
2927 2075 3014 2129 his
3035 2075 3125 2145 qui
3156 2077 3447 2132 carnaliter
3472 2078 3548 2131 si—

1969 2163 2026 2219 bi
2061 2166 2356 2221 secundum
2383 2174 2592 2236 tempus
2620 2167 2902 2222 consulere
2929 2166 3202 2233 volebant,
3237 2184 3302 2224 ac
3323 2184 3421 2238 per
3449 2170 3551 2226 hos

1971 2256 2114 2312 inter
2134 2257 2318 2313 hostes
2336 2272 2459 2313 eum
2483 2257 2563 2312 ire
2586 2257 2960 2327 prohibebant,
2989 2260 3287 2328 respondit,
3317 2260 3506 2316 dicens
3531 2279 3546 2314 :

1971 2345 2085 2417 Ego
2107 2348 2243 2401 enim
2271 2364 2373 2402 non
2399 2347 2568 2402 solum
2589 2347 2799 2418 alligari
2820 2388 2835 2413 ,
2872 2349 2964 2404 sed
2983 2349 3141 2404 etiam
3170 2350 3305 2404 mori
3333 2352 3388 2405 in
3414 2349 3546 2405 Ilie-

1972 2435 2201 2490 rusalem
2246 2447 2463 2507 paratus
2506 2455 2623 2492 sum
2669 2447 2881 2509 propter
2927 2456 3114 2494 nomen
3155 2439 3371 2496 Domini
3417 2442 3547 2497 Jesu

1973 2525 2253 2599 (Achxn).
2276 2528 2345 2583 Et
2371 2528 2426 2583 in
2464 2529 2688 2585 Actibus
2730 2530 3095 2600 apostolorum
3139 2531 3355 2602 legitur,
3404 2532 3550 2600 quod

1971 2618 2072 2688 ipsi
2100 2620 2484 2688 apostoliibant
2504 2621 2789 2689 gaudentes
2811 2639 2843 2675 a
2869 2631 3144 2690 conspectu
3170 2620 3402 2687 concilii,
3422 2638 3568 2692 quow

1971 2712 2113 2766 niam
2141 2713 2287 2783 digni
2316 2713 2483 2767 habiti
2510 2723 2628 2767 sunt
2655 2730 2749 2785 pro
2786 2714 2995 2769 nomine
3015 2713 3227 2769 Domini
3258 2712 3389 2769 Iesu
3426 2730 3552 2768 con-

1971 2802 2236 2857 tumeliam
2261 2805 2372 2873 pati
2395 2802 2535 2875 (Act.
2562 2803 2636 2875 v).

2038 2891 2338 2948 Benedicite
2373 2892 2620 2959 Domino,
2656 2896 2747 2964 qui
2789 2895 3099 2949 ascendistis
3134 2911 3292 2966 super
3332 2894 3550 2948 nitentes

1972 2984 2168 3047 asinos,
2195 2994 2244 3037 et
2277 2983 2465 3037 sedetis
2491 2984 2545 3037 in
2564 2984 2794 3053 judicio,
2839 2992 2885 3038 et
2924 2984 3206 3039 ambulatis
3236 2985 3291 3038 in
3328 2984 3435 3049 via,
3472 2983 3554 3036 lo-

1972 3071 2212 3141 quimini.
2247 3069 2368 3125 Alia
2397 3080 2578 3126 autem
2603 3072 2771 3127 editio
2789 3074 2870 3129 sic
2888 3073 3052 3129 habet
3083 3091 3095 3127 :
3122 3073 3423 3128 Benedicite
3443 3072 3553 3126 Do-

1980 3161 2198 3226 minum,
2225 3161 2314 3231 qui
2341 3162 2646 3217 ascendistis
2676 3180 2832 3232 super
2850 3164 3113 3233 jumenta,
3135 3180 3297 3234 supra
3316 3162 3553 3218 vehicula

1978 3251 2231 3315 sedentes,
2259 3261 2309 3305 et
2334 3269 2492 3323 super
2515 3255 2691 3308 asinos
2719 3254 3051 3325 refulgentes.
3084 3254 3222 3322 Quid
3257 3263 3342 3311 est
3365 3269 3554 3310 ascen-

1977 3343 2121 3399 disse
2161 3358 2323 3413 super
2340 3341 2682 3412 jumentum?
2718 3345 2959 3416 Denique
3005 3361 3202 3417 corpus
3242 3347 3345 3401 hoc
3373 3360 3552 3401 meum

1969 3432 2272 3502 iumentum
2302 3442 2389 3488 est
2417 3452 2430 3487 :
2458 3435 2526 3490 ad
2545 3433 2851 3504 iumentum
2877 3437 3025 3492 enim
3063 3437 3262 3493 animae
3285 3445 3340 3491 et
3362 3438 3429 3494 ad
3457 3438 3555 3492 mi-

1974 3526 2260 3581 nisterium
2295 3525 2481 3580 datum
2504 3534 2606 3581 est.
2652 3527 2767 3598 Ego
2799 3537 2980 3584 autem
3005 3544 3125 3584 sum
3157 3530 3300 3584 idem
3326 3530 3556 3586 interior

1977 3616 2160 3680 homo,
2189 3615 2283 3685 qui
2306 3616 2523 3670 ascendi
2566 3629 2729 3685 super
2761 3616 3063 3685 iumentum
3085 3618 3208 3685 hoc,
3237 3620 3323 3673 cui
3351 3621 3549 3675 dicitur

1976 3715 2037 3760 ut
2062 3705 2378 3761 benedicam
2406 3706 2711 3760 Dominum.
2743 3705 2800 3761 Si
2834 3721 2964 3777 ergo
2989 3721 3116 3761 vere
3145 3707 3437 3761 ascendisti
3464 3723 3554 3762 su-

1976 3810 2074 3865 pra
2104 3809 2319 3864 corpus,
2357 3802 2413 3849 et
2443 3794 2691 3864 superior
2710 3794 2933 3850 effectus
2956 3811 3017 3851 es
3050 3794 3423 3865 corporalibus
3460 3795 3555 3850 de-

1979 3887 2212 3953 sideriis,
2243 3894 2299 3940 et
2325 3893 2505 3942 motus
2543 3887 2787 3957 corporis
2826 3887 2903 3942 tui
2932 3886 3086 3943 freno
3112 3887 3310 3943 mentis
3333 3894 3388 3942 et
3419 3887 3557 3943 inte-

1979 3977 2142 4032 rioris
2168 3977 2403 4032 hominis
2437 3978 2806 4033 moderamine
2827 3979 3217 4049 gubernantur.
3241 3978 3310 4033 de
3337 3986 3391 4033 te
3412 3978 3553 4033 dici—

1979 4075 2069 4123 tur
2099 4087 2111 4122 :
2146 4068 2286 4134 Quia
2315 4069 2597 4124 ascendisti
2634 4086 2791 4141 super
2822 4071 3142 4141 jumentum,
3183 4080 3243 4126 ut
3281 4071 3563 4126 benedicas.

1977 4161 2281 4216 Dominum.
2334 4160 2473 4228 Quid
2521 4170 2701 4217 autem
2745 4169 2830 4217 cst
2871 4162 3013 4231 quod
3054 4163 3299 4233 sequitur
3336 4179 3350 4218 :
3385 4159 3557 4231 Super

1979 4253 2233 4321 uehicula,
2263 4254 2469 4324 inquit,
2495 4256 2728 4310 sedentes
2744 4265 2793 4309 et
2819 4273 2976 4326 super
2999 4257 3176 4311 asinae
3207 4255 3558 4327 refulgentes?

1977 4344 2116 4412 Quid
2136 4344 2239 4400 sibi
2260 4345 2514 4399 videntur
2538 4344 2706 4400 asinae
2724 4359 2847 4399 esse
2875 4344 3241 4415 refulgentes?
3261 4345 3391 4400 dicit
3412 4346 3556 4402 enim

1980 4436 2260 4506 Scriptura
2313 4438 2439 4507 quia
2484 4445 2731 4507 oporteat
2772 4438 3093 4493 benedicere
3134 4438 3419 4493 Dominum
3464 4454 3560 4494 eos

1981 4529 2072 4596 qui
2095 4527 2286 4583 sedent
2299 4542 2463 4597 super
2480 4528 2726 4583 vehicula
2748 4537 2803 4582 et
2823 4543 2985 4598 super
3005 4528 3189 4584 asinas
3211 4527 3555 4598 refulgentes.

1985 4619 2115 4673 Mihi
2145 4618 2292 4673 velut
2329 4618 2383 4672 in
2410 4617 2545 4673 locis
2570 4619 2643 4672 ita
2668 4616 3022 4690 dillicilihush
3049 4619 3157 4674 tale
3181 4618 3381 4688 aliquid
3413 4619 3565 4675 vide--

1983 4719 2091 4766 tur.
2143 4710 2277 4767 Cum
2309 4709 2614 4779 jumentum
2638 4749 2653 4774 ,
2704 4709 2808 4764 hoc
2834 4717 2951 4774 est,
2989 4724 3187 4781 corpus
3232 4726 3410 4767 meum
3455 4714 3556 4769 sub

1978 4800 2107 4872 iugo
2139 4800 2348 4857 venerit
2373 4798 2522 4854 verbi
2554 4799 2673 4862 Dei,
2704 4806 2830 4853 tunc
2856 4800 3430 4872 vehiculumcorporis
3451 4805 3575 4862 mei.

1986 4892 2329 4962 resplendere
2375 4889 2595 4957 incipit;
2625 4898 2680 4944 et
2703 4890 2857 4945 asina
2895 4890 3032 4956 haec,
3064 4890 3120 4946 id
3148 4900 3252 4958 est,
3282 4908 3409 4950 caro
3438 4910 3555 4951 mea

1985 4992 2113 5039 tunc
2139 4981 2407 5054 refulgere
2443 4981 2674 5047 dicitur,
2704 4994 2827 5036 cum
2873 4981 3143 5037 castitatis
3188 4998 3251 5038 ac
3284 4985 3558 5054 pudicitia:

1982 5073 2146 5129 fuerit
2176 5073 2459 5144 splendore
2492 5072 2743 5127 decorata
2776 5088 2791 5123 :
2822 5080 2877 5126 et
2914 5070 2990 5125 ita
3022 5080 3170 5127 recte
3205 5072 3417 5128 dicetur
3443 5074 3561 5126 anl-

1982 5182 2071 5221 ma
2110 5166 2304 5221 sedens
2342 5179 2504 5235 super
2534 5162 2742 5217 asinam
2779 5162 3232 5232 rcsplendentcm,
3270 5162 3555 5218 Dominum

1983 5259 2323 5323 benedicere,
2356 5256 2488 5310 etin
2517 5254 2694 5310 medio
2713 5254 3009 5309 laetantium
3033 5254 3254 5309 laudare
3277 5268 3421 5307 cum.
3449 5252 3557 5319 Qui

1988 5351 2195 5414 sedetis,
2220 5351 2315 5413 ait,
2341 5349 2393 5401 in
2409 5345 2636 5417 judicio,
2663 5356 2713 5401 et
2741 5345 3023 5401 ambulatis
3049 5347 3106 5399 in
3126 5346 3232 5410 via,
3262 5343 3558 5415 loquimini.

1989 5443 2129 5511 Quid
2154 5450 2237 5496 εει
2263 5439 2452 5495 sedere
2481 5439 2534 5492 in
2565 5436 2770 5506 judicio
2814 5438 2919 5493 nisi
2952 5437 3218 5506 justitiam
3256 5451 3475 5492 servare
3500 5438 3558 5494 in

1983 5530 2275 5603 judicando
2292 5537 2348 5585 ct
2365 5529 2582 5598 quidem
2608 5528 2885 5584 ambulare
2905 5529 2961 5583 in
2987 5528 3109 5582 via?
3134 5528 3235 5583 nisi
3264 5529 3558 5584 secundum

1989 5631 2257 5695 przecepta
2288 5620 2381 5676 Dei
2422 5622 2559 5676 bene
2599 5622 2812 5691 operari
2843 5622 2898 5676 in
2926 5621 3176 5692 pmsenti
3209 5623 3356 5676 vita?
3400 5621 3570 5681 Tale!-

1990 5715 2134 5772 cnim
2160 5714 2226 5770 ad
2252 5711 2599 5780 loquendum,
2638 5712 2739 5768 hoc
2760 5719 2862 5779 cst,
2901 5711 3226 5769 laudandum
3261 5713 3574 5770 cxhortan»
