4000 6186
418 345 556 417 ms

1085 331 1147 385 Β.
1189 326 1442 384 ΒΑΒΑΝΙ
1484 324 1701 381 MAURI
1738 314 2056 376 ARClllEP.
2100 311 2408 369 MOGUNT.
2447 307 2734 367 OPERUM
2769 305 2947 361 PARS
2985 304 3027 360 l.

3539 298 3679 357 ll“

419 415 537 520 tur,
562 457 687 527 quia
718 452 817 523 ipsi
844 449 934 520 qui
960 460 1156 515 corpus
1178 457 1332 498 suum
1361 440 1627 509 castigant
1649 444 1706 492 et
1731 432 1984 527 cohibent
2013 427 2067 485 Α
2089 439 2186 479 vos
2198 464 2230 527 ᾗ
2247 430 2304 478 ut
2451 419 2929 527 nunc‘capt‘imsunt
2957 415 3528 527 aberr‘ore‘etnvitiis,
3560 418 3691 527 inde

418 570 447 610 o
475 548 730 623 peccatis,
766 559 830 599 ac
858 542 1002 613 juste
1037 536 1283 605 judicant
1315 532 1590 603 proximos
1623 540 1771 590 suos,
1809 526 1994 578 incen-

417 616 656 712 duntque
702 639 757 692 in
800 636 887 690 via
939 629 1201 688 veritatis,
1242 634 1387 680 recte
1439 620 1708 677 credendo
1753 625 1809 672 ct
1857 616 1995 712 bene

416 706 708 807 opera-udo,
755 726 1035 784 Dominum
1071 721 1441 775 universtnrum
1481 714 1583 767 rite
1617 719 1672 765 et
1698 706 1995 764 rationabi~

418 799 542 886 liter
586 823 824 878 laudant.
862 816 963 883 Qui
1008 813 1152 868 enim
1190 806 1428 879 peccatis
1460 802 1795 864 deserviunt,
1830 799 1992 868 digne

416 919 701 977 Dominum
727 912 944 966 laudare
964 921 1069 961 non
1093 908 1339 973 possunt,
1367 896 1510 952 unde
1530 910 1627 965 per
1654 890 1993 962 psalmistam

416 1011 614 1067 dicitur
639 1026 651 1060 :
678 1003 826 1059 Beati
853 992 1175 1053 immaculati
1193 993 1244 1045 in
1267 990 1368 1051 via,
1394 986 1482 1056 qui
1513 980 1782 1037 ambulant
1803 980 1858 1032 in
1884 977 1996 1047 lege

414 1099 650 1156 Domini.
682 1091 834 1147 Beati
859 1087 947 1159 qui
976 1090 1282 1139 scrutantur
1304 1075 1600 1132 testimonia
1632 1072 1780 1141 ejus,
1808 1069 1864 1122 in
1886 1076 1994 1121 toto

416 1187 572 1244 corde
607 1156 883 1252 exquirunt
919 1190 1036 1229 eum
1067 1168 1248 1243 (Psal.
1280 1163 1505 1236 cum).
1552 1162 1668 1216 Non
1713 1158 1858 1213 enim
1899 1156 1992 1226 qui

415 1249 709 1349 cperantur
753 1267 1093 1337 iniquitatem
1142 1261 1196 1349 in
1242 1257 1345 1311 viis
1392 1254 1507 1349 ejus
1536 1249 1989 1349 ambulaverunt.

418 1336 486 1426 Εἰ
514 1363 643 1419 alibi
682 1336 944 1428 scriptum
976 1360 1060 1407 est
1094 1368 1108 1404 :
1142 1346 1265 1401 Non
1294 1354 1370 1399 est
1405 1340 1624 1413 pulchra
1662 1336 1898 1391 laudatio
1939 1336 1995 1387 in

417 1473 505 1512 ore
538 1450 824 1525 peccatoris
850 1441 1040 1518 (Eccli.
1071 1440 1154 1509 ιι).

490 1520 589 1600 Ubi
621 1540 791 1597 collisi
827 1545 946 1592 sunt
989 1548 1206 1596 currus,
1248 1538 1293 1582 et
1332 1524 1556 1580 hostium
1592 1531 1665 1576 est
1705 1520 1993 1590 suffocatus

415 1637 695 1698 exercitus,
731 1632 802 1685 ibi
828 1634 1113 1682 narrantur
1127 1621 1352 1692 justitia:
1379 1614 1612 1677 Domini,
1642 1622 1689 1666 et
1721 1609 1991 1664 clementia

416 1729 473 1781 in
496 1726 655 1795 fortes
684 1718 874 1775 Israel.
902 1715 1023 1779 Ubi,
1053 1711 1262 1781 inquit,
1295 1706 1463 1761 collisi
1489 1712 1606 1757 sunt
1648 1717 1854 1795 currus,
1888 1699 1990 1795 hoc

2094 514 2258 578 eruti,
2288 512 2533 567 veritatis
2567 518 2623 566 et
2640 508 2867 577 justitizze
2909 504 3109 576 captivi
3147 504 3299 559 ﬁant.
3329 506 3424 562 llle
3460 524 3592 578 ergo
3620 512 3686 567 de

2093 603 2339 657 hostibus
2365 600 2737 670 captivitatem
2763 598 2866 652 rite
2892 597 3088 667 capiet,
3115 596 3207 665 qui
3234 596 3476 652 ccelestis
3507 599 3685 655 Patris

2095 708 2412 762 responsum
2441 700 2497 746 et
2528 691 2778 745 decorem
2813 695 2980 748 recta:
3017 687 3139 741 fidei
3177 702 3243 741 ac
3266 689 3534 743 virtutum
3576 706 3687 744 scr-

2093 783 2317 838 vaverit.
2350 783 2417 837 Et
2450 790 2575 835 nota
2604 781 2748 851 quod
2787 780 2940 849 prius
2966 793 3189 847 surgere
3220 779 3492 843 Debbora,
3531 790 3587 834 et
3614 781 3693 832 lo-

2094 874 2188 945 qui
2217 874 2486 929 canticum
2506 914 2521 937 ,
2561 872 2754 927 deinde
2783 871 2994 925 Barach
3026 884 3272 940 surgere,
3298 879 3355 926 et
3380 873 3691 941 apprehen-

2095 968 2223 1022 dere
2247 966 2489 1035 captivos
2516 964 2905 1028 adhortantur;
2949 963 3075 1034 quia
3104 964 3338 1033 primum
3368 964 3521 1032 justo
3544 965 3691 1033 judi-

2095 1058 2181 1111 cio
2209 1056 2305 1110 Dei
2330 1054 2532 1111 factum
2556 1065 2670 1120 est,
2697 1056 2855 1126 juxta
2887 1054 3037 1108 Pauli
3068 1070 3279 1119 vocem,
3311 1066 3373 1110 ut
3401 1057 3687 1125 plenitudo

2096 1151 2336 1219 gentium
2380 1148 2643 1204 vaticiuio
2691 1148 3078 1218 prophetarum
3120 1149 3376 1212 credens,
3419 1149 3488 1201 ad
3526 1147 3689 1203 fidem

2095 1238 2297 1294 Christi
2341 1240 2592 1304 intraret,
2644 1247 2700 1293 et
2750 1239 2829 1293 sic
2873 1238 3050 1293 omnis
3093 1238 3255 1292 Israel
3300 1238 3485 1294 salvus
3531 1240 3689 1294 fieret

2098 1331 2275 1403 (Rom.
2304 1334 2403 1404 xi).
2454 1332 2545 1387 Sic
2569 1347 2699 1403 ergo
2728 1340 2784 1386 et
2819 1332 2876 1385 in
2910 1331 3015 1386 hoc
3057 1339 3297 1401 tempore
3329 1332 3574 1402 reliquiae
3609 1348 3693 1389 se-

2097 1421 2330 1477 cundum
2359 1420 2679 1477 electionem
2715 1421 2905 1492 gratia:
2943 1421 3106 1475 salvae
3145 1420 3303 1477 factae
3342 1433 3500 1488 sunt;
3546 1426 3692 1481 unde

2094 1512 2341 1581 sequitur
2370 1531 2381 1565 :
2415 1511 2586 1566 Salva:
2610 1512 2766 1581 factm
2789 1521 2910 1565 sunt
2934 1511 3168 1582 reliquiaz
3195 1514 3397 1583 populi,
3428 1515 3691 1571 Dominus

2095 1606 2150 1658 in
2172 1606 2394 1673 fortibus
2415 1604 2700 1658 dimicavit.
2726 1603 3150 1658 Persistentibus
3171 1618 3302 1674 ergo
3326 1606 3379 1659 in
3406 1604 3512 1660 ﬁdo
3529 1605 3690 1660 Cbri.

2096 1692 2164 1746 sti
2213 1692 2490 1762 apostolis,
2545 1700 2601 1746 et
2649 1691 3096 1761 prtedicatoribus
3151 1693 3446 1762 Evangelii,
3502 1697 3686 1750 minas

417 1762 838 1879 estidaamonum
868 1762 1179 1861 confractils
1202 1808 1286 1854 est
1310 1802 1649 1868 potentatus;
1687 1800 1734 1845 et
1764 1789 1989 1843 hostium
2018 1762 2069 1822 Β
2098 1795 2263 1855 atque
2296 1799 2490 1854 pmnas
2525 1792 2936 1854 persecutorum
2979 1799 3076 1853 per
3115 1786 3429 1854 patientiam
3465 1787 3693 1842 vincen-

416 1916 492 1962 est
513 1905 800 1973 suffocatus
826 1896 1102 1958 exercitus,
1134 1892 1492 1961 malignorum
1524 1885 1811 1955 spirituum
1839 1880 1991 1935 vide-

419 1998 545 2053 licet
578 1970 921 2060 compressus
961 1993 1046 2040 est
1081 1981 1357 2036 tumultus.
1401 1976 1483 2029 Ibi
1515 1983 1805 2028 narrantur
1831 1970 1995 2039 justi-

419 2087 507 2140 tite
548 2080 778 2145 Domini,
811 2088 857 2131 et
904 2074 1177 2129 clementia
1212 2073 1267 2123 in
1308 2069 1468 2137 fortes
1513 2062 1714 2126 Israel,
1758 2061 1883 2131 quia
1921 2060 1994 2114 ibi

421 2173 700 2246 patefactre
741 2176 868 2226 sunt
897 2166 1124 2237 justitia:
1154 2160 1397 2223 Domini,
1426 2158 1517 2213 ubi
1544 2155 1770 2211 victoria
1808 2154 1874 2206 de
1901 2152 1996 2205 ho-

420 2242 594 2322 stibus
618 2263 811 2318 collata
832 2269 915 2314 est
939 2256 1155 2312 famulis
1176 2252 1408 2314 Christi;
1442 2250 1515 2303 ibi
1541 2258 1596 2303 et
1626 2244 1911 2301 clementia
1941 2242 1996 2295 in

422 2355 587 2410 fortes
627 2351 788 2408 Israel
822 2356 1077 2404 narratur
1097 2387 1111 2411 ,
1142 2346 1235 2399 ubi
1276 2342 1461 2397 fideles
1492 2337 1865 2394 misericordia
1898 2333 1996 2389 Dei

425 2447 586 2517 adjuti
632 2460 752 2500 esse
788 2441 1221 2497 manifestantur.
1264 2435 1452 2490 Merito
1479 2446 1608 2499 ergo
1650 2437 1777 2482 tunc
1815 2424 2000 2517 interi-

425 2514 512 2593 tus
548 2537 786 2592 hostium
832 2533 1192 2603 praedicatur,
1221 2525 1434 2596 quando
1477 2521 1724 2588 voluptas
1765 2514 2000 2570 carnalis

423 2628 767 2700 opprimitur,
792 2624 1000 2694 justitia
1028 2622 1083 2674 in
1116 2618 1320 2687 judicio
1349 2620 1617 2672 servatur,
1647 2616 1703 2662 et
1733 2604 1999 2700 rectitudo

426 2694 547 2778 li—rT—ei
585 2735 708 2776 cum
745 2716 902 2772 bonis
935 2710 1186 2782 operibus
1229 2703 1547 2762 custoditur.
1596 2699 1749 2754 Unde
1776 2694 2001 2763 subjun-

421 2816 570 2885 gitur
623 2828 638 2864 :
712 2807 857 2861 Tunc
891 2800 1153 2857 descendit
1186 2795 1408 2868 populus
1447 2791 1657 2845 Domini
1698 2787 1767 2841 ad
1796 2794 2002 2885 portas,

424 2874 471 2958 et
513 2899 735 2955 obtinuit
764 2894 1136 2967 principatum.
1176 2888 1280 2942 Per
1311 2882 1577 2953 justitiam
1620 2893 1749 2949 ergo
1777 2874 2003 2946 populus

428 2991 639 3051 Domini
658 2995 842 3060 portas
854 2983 1088 3039 hostium
1113 2979 1310 3048 capiet,
1328 2984 1381 3031 et
1395 2968 2002 3060 obtinetprincipatum,

427 3085 551 3156 quia
579 3056 709 3136 illud
742 3075 1068 3134 sacrificium
1103 3069 1329 3125 Domino
1362 3061 1693 3133 acceptabile
1724 3056 2006 3156 esti-quod

423 3149 483 3231 in
525 3173 732 3244 justitia
778 3168 1001 3224 oﬁ‘ertur
1046 3172 1103 3218 et
1148 3160 1420 3229 aequitate.
1479 3155 1772 3244 Pmpterea
1817 3149 1947 3204 dicit
1985 3163 1999 3200 :

429 3241 571 3317 Iusti
601 3258 882 3328 confortati
908 3264 1029 3313 sunt
1059 3253 1113 3306 in
1143 3248 1334 3304 Israel.
1372 3247 1430 3300 In
1462 3244 1581 3298 aliis
1615 3241 1833 3312 quidem
1870 3253 2000 3307 geu-

434 3355 577 3409 tibus
600 3350 693 3421 qui
714 3345 958 3415 corporis
980 3342 1176 3395 robore
1204 3337 1456 3392 fortiores
1482 3340 1629 3395 sunt,
1658 3329 1733 3383 illi
1758 3334 2007 3397 potentes

432 3418 685 3499 dicuntur
712 3438 769 3492 in
795 3433 1012 3506 przelio;
1041 3431 1093 3485 in
1128 3426 1293 3483 Israel
1312 3439 1441 3479 vero
1468 3418 1832 3492 quijustiores
1861 3426 2001 3479 sunt,

433 3537 535 3605 ipsi
577 3529 906 3603 potentiores
951 3524 1205 3579 dicuntur
1252 3518 1305 3572 in
1364 3514 1551 3578 bellis;
1601 3509 1727 3605 quia
1760 3507 2007 3605 justitia,

434 3600 644 3681 etiamsi
682 3618 888 3673 viribus
923 3614 1135 3669 inﬁrma
1174 3609 1265 3666 sit.
1316 3606 1518 3670 vincit;
1547 3600 1806 3671 iujustitia
1857 3613 2009 3661 vero,

326 3772 336 3782 ,
433 3714 648 3772 etiamsi
675 3710 874 3766 multos
898 3714 951 3762 et
977 3704 1184 3758 validos
1214 3702 1641 3769 propugnatores
1667 3692 1887 3782 habeat,
1921 3704 2011 3782 su—

435 3814 672 3881 peratur.
714 3796 807 3856 Sic
848 3799 1011 3869 igitur
1041 3795 1093 3848 in
1132 3794 1233 3846 bac
1266 3798 1424 3860 gente
1463 3794 1670 3847 nostra,
1718 3781 1771 3836 id
1811 3787 1911 3843 est,
1958 3778 2013 3832 in

438 3900 633 3973 populo
663 3896 790 3959 Dei,
836 3900 929 3946 aut
970 3905 1067 3961 per
1109 3885 1378 3956 justitiam
1410 3894 1744 3951 superamus,
1778 3884 1871 3930 aut
1918 3889 2014 3945 per

440 3989 755 4063 iniustitiam
790 3984 1075 4038 vincimur.

515 4080 701 4148 Surge,
730 4089 906 4143 surge,
932 4069 1191 4132 Debbora,
1212 4081 1367 4135 surge
1390 4073 1437 4117 et
1454 4061 1701 4131 conquire
1730 4057 2011 4112 canticum.

440 4171 731 4244 Prophetia
787 4165 1002 4238 quando
1059 4158 1341 4229 exsurgit?
1384 4153 1633 4209 Profecto
1668 4153 1723 4206 in
1779 4150 2016 4244 adventu

442 4239 673 4329 Christi,
701 4257 920 4330 quando
963 4253 1250 4322 implentur
1280 4247 1461 4304 annua
1497 4259 1620 4314 quae
1658 4243 1725 4298 de
1762 4239 1878 4309 ejus
1922 4239 2017 4294 ad-

442 4365 605 4412 ventu
632 4353 833 4423 scripta
860 4356 1013 4412 sunt,
1046 4353 1103 4401 et
1142 4359 1249 4398 non
1279 4339 1454 4394 solum
1485 4337 1595 4406 ipsa
1630 4334 1892 4403 exsurgit,
1921 4332 2017 4386 sed

2096 1877 2264 1937 tibus,
2298 1874 2512 1930 Domini
2546 1876 2718 1930 virtus
2747 1876 3001 1941 innotuit,
3044 1883 3099 1930 et
3127 1875 3253 1930 inde
3283 1891 3388 1930 non
3420 1878 3579 1945 pauci
3619 1894 3687 1931 ex

2095 1966 2321 2022 Iudaico
2362 1966 2556 2037 populo
2602 1967 2671 2021 ad
2704 1967 2862 2021 ﬁdem
2901 1967 3104 2021 Christi
3147 1974 3538 2021 convenerunt.
3579 1968 3691 2021 Nec

2097 2074 2204 2113 non
2261 2064 2315 2112 et
2359 2056 2600 2125 quotidie
2653 2056 2819 2127 aliqui
2862 2073 2929 2112 ex
2970 2057 3075 2111 illis
3112 2067 3538 2123 convertuntur,
3592 2060 3689 2113 seJ

2096 2146 2356 2217 perfectio
2385 2146 2753 2201 conversionis
2782 2162 2969 2201 eorum
2983 2155 3105 2215 post
3134 2148 3522 2216 plenitudinem
3552 2165 3688 2218 geu-

2096 2238 2230 2293 tium
2256 2237 2649 2293 subintrantem
2680 2238 2733 2291 in
2762 2236 2870 2292 ﬁne
2892 2238 3280 2292 rescrvabitur.

2169 2329 2255 2384 Ea:
2290 2328 2543 2399 Epltraim
2578 2328 2763 2382 delevit
2802 2346 2888 2383 eos
2924 2330 2978 2383 in
3014 2328 3249 2383 Amalec.
3288 2328 3391 2383 Per
3432 2329 3688 2399 Ephraim

2099 2421 2263 2492 igitur
2292 2430 2422 2475 natu
2453 2421 2717 2476 minorem
2737 2460 2751 2485 ,
2792 2420 2878 2475 cui
2917 2419 3086 2474 Jacob
3117 2420 3422 2488 patriarcha
3460 2420 3687 2474 benedi-

2100 2522 2277 2579 cente,
2333 2513 2682 2583 primogeniti
2721 2514 2913 2568 collata
2955 2522 3041 2567 est
3088 2512 3347 2582 dignitas,
3400 2512 3575 2569 ﬁdelis
3621 2527 3693 2569 ex

2101 2604 2410 2658 nationibus
2435 2602 2663 2673 populus
2691 2604 3033 2674 designatur,
3077 2602 3132 2657 in
3156 2602 3363 2656 Christi
3397 2603 3574 2671 gratia
3594 2601 3691 2670 ja-

2102 2695 2224 2749 nior
2244 2703 2505 2763 tempore,
2534 2695 2631 2749 scd
2658 2693 2832 2763 major
2859 2694 2989 2757 ﬁde,
3022 2694 3088 2747 ad
3115 2709 3276 2763 quem
3298 2701 3492 2747 cuncta
3516 2692 3696 2747 israe~

2103 2788 2237 2842 litici
2270 2787 2448 2858 populi
2473 2788 2646 2858 gratia
2678 2787 2943 2841 transivit.
2975 2785 3075 2839 llic
3107 2800 3238 2856 ergo
3270 2786 3459 2839 hostes
3486 2783 3694 2838 delevit

2102 2879 2157 2932 in
2176 2877 2418 2943 Amalec,
2458 2877 2584 2947 quia
2606 2892 2703 2947 per
2738 2877 2910 2931 zelum
2935 2876 3028 2931 Dei
3060 2884 3117 2931 et
3143 2876 3266 2929 ﬁdei
3292 2875 3690 2939 fortitudinem,

2108 2967 2466 3037 malignorum
2499 2967 2808 3036 spirituum,
2849 2966 2941 3035 qui
2982 2968 3274 3020 humanam
3304 2982 3521 3034 semper
3547 2964 3692 3019 desi-

2111 3058 2302 3113 derant
2322 3059 2639 3128 perniciem,
2670 3073 2890 3128 pravam
2916 3057 3318 3127 suggestionem
3341 3072 3371 3110 a
3398 3065 3695 3125 conspectu

2107 3151 2285 3206 cordis
2314 3151 2395 3204 sui
2433 3150 2612 3205 delere
2638 3150 2876 3203 student.
2923 3147 2990 3200 Et
3018 3158 3133 3216 post
3163 3163 3283 3200 eum
3318 3164 3384 3200 ex
3412 3146 3695 3210 Beniamin

2104 3244 2160 3296 in
2196 3242 2413 3311 populos
2448 3250 2602 3306 tuos,
2642 3258 2672 3294 o
2726 3240 2994 3293 Amalech.
3025 3239 3127 3293 Per
3151 3238 3452 3306 Benjamin,
3491 3237 3583 3305 qui
3623 3253 3694 3290 cr.

2109 3334 2220 3387 filio
2253 3332 2454 3387 doloris
2508 3333 2560 3385 in
2606 3330 2775 3390 ﬁlium
2827 3331 3065 3384 dextera)
3099 3343 3291 3383 versus
3321 3336 3398 3383 est
3429 3367 3445 3391 ,
3495 3325 3695 3380 Paulus

2109 3422 2383 3494 apostolus
2422 3423 2757 3492 designatur,
2794 3420 2884 3491 qui
2917 3420 2989 3474 de
3009 3428 3356 3488 persecutore
3381 3418 3435 3471 in
3478 3424 3695 3486 aposto-

2111 3513 2219 3568 lum
2252 3514 2532 3569 vocatione
2570 3513 2666 3568 Dei
2696 3521 2919 3582 repente
2951 3520 3208 3573 mutatus,
3258 3524 3357 3563 vas
3406 3507 3697 3564 electionis

2111 3603 2327 3658 Christo
2352 3603 2575 3659 effectus
2612 3610 2696 3657 est
2737 3602 2876 3674 (Act.
2908 3602 2985 3671 IX)
3021 3620 3034 3655 :
3068 3602 3182 3671 ipse
3210 3600 3353 3654 enim
3394 3614 3453 3653 se
3489 3614 3558 3655 ex
3592 3598 3698 3651 bac

2111 3695 2257 3751 tribu
2294 3694 2458 3749 fuisse
2498 3702 2756 3757 testatur,
2815 3692 2908 3747 sed
2947 3691 3037 3744 hic
3080 3691 3147 3744 ad
3175 3689 3398 3760 populos
3437 3686 3697 3742 Amalech

2113 3784 2371 3840 delendas
2404 3791 2540 3837 nutu
2568 3783 2750 3838 divino
2786 3782 3086 3838 destinatus
3113 3790 3227 3845 est,
3259 3782 3386 3850 quia
3412 3796 3511 3850 per
3552 3781 3701 3834 hunc

2115 3877 2168 3930 in
2196 3877 2446 3947 gentibus
2477 3876 2713 3929 maxime
2742 3881 2796 3929 et
2827 3873 3131 3929 idololatria
3160 3883 3214 3929 et
3252 3873 3462 3929 delusio
3494 3872 3701 3927 erroris

2115 3967 2366 4022 diabolici
2399 3968 2673 4023 destructa
2705 3974 2808 4019 est.

2185 4057 2264 4112 De
2308 4058 2517 4111 Mac/zir
2551 4060 2809 4128 principes
2843 4057 3221 4112 descenderunt
3252 4068 3301 4111 et
3330 4058 3396 4111 de
3432 4054 3700 4120 lat-utan,

2114 4149 2203 4219 qui
2231 4150 2513 4203 exercitum
2548 4148 2795 4203 ducerent
2839 4149 2909 4202 ad
2956 4148 3277 4203 bellandum.
3327 4148 3557 4211 Machir,
3604 4147 3702 4217 qui

2118 4239 2502 4309 interpretatur
2542 4240 2807 4305 restituet,
2841 4240 2957 4297 sive
2993 4240 3332 4303 uenundavit,
3367 4248 3421 4293 et
3459 4248 3545 4294 est
3588 4240 3707 4309 pri-

2119 4333 2422 4402 mogenitus
2472 4332 2718 4387 lllanasse
2764 4333 3106 4402 primogeniti
3156 4330 3379 4402 Joseph,
3431 4331 3705 4402 signiﬁcat

445 4459 501 4507 et
521 4446 745 4519 populos
776 4441 1004 4498 suscitat
1031 4436 1099 4491 ad
1126 4432 1488 4496 credendum;
1520 4428 1622 4482 hoc
1651 4435 1734 4482 est
1763 4425 1906 4482 enim
1943 4424 2019 4478 lo-
2043 4431 2099 4499 Ι)
2124 4423 2376 4493 populum
2403 4424 2636 4493 priorem
2663 4425 2728 4479 de
2756 4440 2864 4493 quo
2892 4424 3184 4494 principes,
3215 4426 3318 4479 hoc
3341 4431 3444 4485 est,
3474 4423 3705 4491 apostoli

444 4541 535 4611 qui
560 4537 850 4598 canticum,
880 4539 940 4585 ut
958 4527 1166 4585 cunctis
1194 4524 1393 4580 Christi
1418 4522 1669 4593 gentibus
1696 4520 2021 4589 praedicetur

448 4610 813 4697 Evangelium.
850 4623 1040 4691 Surge,
1087 4617 1316 4679 Barac/1,
1353 4625 1401 4668 et
1443 4612 1766 4684 apprehende
1795 4610 2022 4679 captivos

450 4732 588 4781 tuos,
618 4718 695 4786 ﬁli
731 4714 1000 4768 Abinoem.
1031 4708 1351 4764 Praedictum
1378 4716 1461 4760 est
1500 4704 1642 4773 quod
1674 4700 1902 4763 Barach,
1931 4700 2025 4769 qui

454 4813 840 4877 interpretatur
877 4801 1189 4864 coruscatio,
1225 4796 1556 4868 signiﬁcaret
1584 4794 1818 4864 priorem
1854 4808 2025 4861 popu-

454 4904 586 4964 lum,
614 4898 705 4967 qui
730 4898 797 4951 ad
817 4898 978 4951 breve
999 4904 1210 4963 tempus
1233 4893 1285 4945 in
1309 4890 1441 4958 legis
1471 4885 1757 4957 splendore
1776 4900 2029 4940 corusca-

457 4992 556 5057 vit,
592 4987 689 5044 sed
727 5001 832 5040 non
864 4986 953 5039 diu
980 4981 1307 5053 permansit,
1358 4993 1459 5033 nec
1498 4976 1809 5031 continuum
1853 4973 2029 5043 potuit

458 5080 594 5138 lucis
646 5074 893 5131 obtinere
937 5072 1220 5141 fulgorem.
1286 5068 1394 5123 Sed
1446 5081 1589 5120 nunc
1640 5064 1753 5133 ipse
1806 5079 2032 5134 surgere

456 5174 773 5230 exhortatur
798 5164 864 5218 ad
887 5159 1396 5231 apprehendendum
1419 5157 1665 5227 captivos
1690 5170 1837 5219 suos,
1867 5156 2033 5210 idem.

457 5281 563 5336 quc
590 5262 732 5317 filius
758 5255 966 5312 Abinoe
987 5267 1105 5307 esse
1137 5258 1505 5313 memoratur;
1534 5247 1742 5302 Abich
1763 5247 1905 5300 enim
1934 5262 2032 5315 pa-

459 5358 553 5412 tris
583 5352 880 5424 responsio,
926 5345 1012 5401 vel
1053 5343 1218 5415 patris
1264 5341 1366 5395 mei
1403 5341 1582 5404 decor,
1624 5340 2030 5407 interpretatur.

459 5448 599 5516 Quid
640 5452 727 5500 est
764 5455 892 5511 ergo
927 5436 1071 5509 quod
1114 5433 1322 5505 Barach
1362 5432 1431 5486 ad
1474 5429 2035 5500 comprehendendum

463 5538 708 5607 captivos
746 5534 1021 5596 incitatur,
1059 5526 1164 5583 nisi
1201 5527 1347 5596 quod
1386 5521 1613 5594 populus
1646 5521 1901 5576 Judaicus
1942 5534 2037 5589 per

461 5628 629 5683 libros
669 5627 805 5696 legis
844 5640 908 5679 ac
933 5620 1317 5693 prophetarum
1357 5618 1424 5672 ad
1464 5613 1621 5670 ﬁdem
1663 5613 1861 5670 Cluisti
1909 5629 2038 5667 con—

449 5720 603 5792 ,vcrti
631 5717 980 5775 adinouctur?
1012 5713 1123 5774 lloc
1152 5720 1235 5773 est
1259 5711 1402 5766 enim
1436 5707 1840 5784 apprehendere
1864 5704 2034 5776 capti-

2123 4523 2179 4570 et
2213 4516 2463 4570 doctores
2501 4515 2789 4584 primitivzc
2843 4514 3096 4571 Ecclesia:
3142 4515 3564 4579 descenderunt,
3613 4515 3708 4583 qui

2127 4606 2423 4662 ﬁdelissimi
2445 4607 2793 4677 pecuniarum
2826 4606 3039 4663 Domini
3072 4607 3348 4676 trapezita:
3384 4607 3703 4672 existentes,

2127 4697 2430 4752 naturalem
2462 4696 2633 4766 legem
2665 4705 2719 4750 et
2748 4711 2959 4750 morum
3002 4696 3327 4764 probitatem
3348 4736 3363 4758 ,
3419 4712 3543 4766 qua:
3568 4711 3711 4765 pene

2128 4806 2225 4858 per
2263 4790 2586 4844 oblivionem
2619 4796 2781 4857 atque
2826 4789 3138 4843 abusionem
3177 4788 3231 4842 in
3263 4788 3573 4843 hominibus
3616 4789 3716 4843 ob-

2132 4879 2383 4933 litteratas
2401 4886 2549 4943 sunt,
2576 4893 2673 4947 per
2692 4877 3057 4946 evangelicam
3087 4876 3527 4945 praedicationem
3554 4876 3717 4932 resti-

2134 4973 2355 5029 luebant
2378 4979 2541 5040 atque
2564 4971 2913 5033 innovabant,
2945 4978 3001 5024 et
3026 4969 3280 5038 spiritalis
3307 4969 3515 5023 militiae
3544 4970 3716 5024 duces

2133 5061 2335 5126 effecti,
2370 5063 2554 5116 hostes
2582 5060 2795 5116 fortiter
2829 5059 3192 5117 debellabant.
3229 5058 3493 5112 Similiter
3526 5069 3581 5113 et
3610 5060 3718 5113 Za-

2136 5155 2321 5217 bulon,
2352 5153 2444 5221 qui
2471 5153 2857 5220 interpretatur
2885 5150 3245 5203 habitaculum
3274 5149 3628 5219 fortitudinis,
3665 5158 3720 5206 et

2138 5242 2405 5312 signiﬁcat
2460 5240 2757 5295 Ecclesium
2820 5238 2887 5292 de
2939 5241 3189 5310 gentibus
3239 5239 3596 5293 fortissimam
3654 5239 3720 5294 ad

2141 5349 2355 5389 onmem
2390 5332 2730 5387 tolerantiam
2777 5330 3065 5399 passionis,
3096 5331 3260 5384 duces
3301 5330 3354 5383 in
3390 5329 3580 5398 ρινείἰο
3617 5329 3724 5384 Do-

2142 5424 2276 5479 mini
2301 5424 2367 5478 de
2392 5438 2451 5477 se
2478 5421 2647 5486 dedit,
2670 5421 2795 5490 quia
2817 5421 3195 5489 praedicatores
3222 5419 3497 5489 Evangelii
3524 5428 3580 5474 et
3611 5434 3707 5488 spe

2142 5518 2413 5573 culatores
2443 5514 2614 5584 plebis
2650 5514 2744 5567 Dei
2773 5529 2839 5567 ex
2868 5527 2926 5567 se
2959 5512 3138 5575 misit,
3167 5511 3258 5580 qui
3282 5511 3521 5566 hostium
3546 5520 3723 5565 castra

2143 5609 2354 5669 lintiter
2378 5614 2741 5671 conterercnt,
2774 5613 2829 5659 et
2860 5604 3058 5659 milites
3085 5603 3284 5658 Christi
3313 5602 3512 5658 illmsos
3544 5611 3724 5661 custos-

2143 5702 2339 5758 dircnt.
