4000 6186
331 320 473 382 1145

1292 332 1647 389 COMMEN‘I‘.
1690 331 1757 387 IN
1792 331 1922 388 LIB.
1963 333 2279 393 ιυυιευιι.
2315 372 2385 381 -ο
2419 341 2547 397 LIB.
2592 344 2637 400 I.

3460 358 3599 414 1146

396 436 571 492 Duces
596 436 819 494 Isachar
850 441 996 510 [uere
1024 458 1143 497 cum
1182 444 1451 511 Debbora,
1489 457 1539 501 et
1577 447 1787 502 Barach
1814 465 1901 502 ve-
1928 451 1977 506 A
2006 444 2387 509 haereticorum
2414 457 2701 524 pestiferas
2746 470 2925 519 sectas
2952 466 3125 535 sequi,
3174 485 3334 539 quam
3392 478 3595 532 verita-

324 528 485 600 szigia
515 540 634 584 sunt
663 533 847 585 secuti.
875 533 1098 589 lsachar
1124 551 1273 607 ergo,
1301 554 1459 608 quem
1486 538 1653 596 Jacob
1676 542 1908 610 patriar-

322 620 431 674 cha
459 621 671 675 asinum
711 621 907 678 fortem
936 626 1225 695 appellavit
1248 626 1399 699 (Gen.
1432 631 1608 702 χιιι),
1647 642 1703 688 et
1732 633 1904 687 inter-

324 719 573 781 pretatur
597 731 808 776 merces,
834 715 1069 771 refertur
1092 718 1159 772 ad
1186 720 1437 791 populum
1460 724 1717 793 gentium,
1743 737 1902 793 quem

324 808 584 861 Dominus
611 807 888 876 sanguinis
918 809 1000 861 sui
1034 810 1206 878 pretio
1235 820 1319 865 est
1353 821 1646 868 mercatus.
1678 813 1777 869 Hic
1800 815 1906 868 lsa-

321 900 458 954 char
485 900 669 953 asinus
697 897 855 953 fortis
880 901 1168 966 scribitur,
1206 902 1331 971 quia
1369 903 1519 972 prius
1553 904 1768 973 gentilis
1808 920 1904 975 po-

318 991 496 1061 pulus,
548 992 699 1060 quasi
751 992 969 1045 brutum
1019 1001 1074 1046 et
1129 994 1460 1047 luxuriosum
1513 995 1713 1048 animal
1760 1004 1899 1061 erat,

317 1080 573 1149 nullaque
612 1080 822 1136 ratione
871 1082 1190 1146 subsistens,
1243 1100 1387 1139 nunc
1431 1100 1563 1139 vero
1602 1084 1755 1140 fortis
1791 1095 1897 1152 est,

316 1172 693 1242 Redemptoris
715 1172 964 1228 Dominio
994 1173 1131 1228 colla
1162 1174 1483 1244 subjiciens,
1513 1185 1568 1230 et
1595 1174 1784 1244 jugum
1811 1178 1895 1231 di-

312 1262 557 1331 sciplina:
597 1262 923 1331 evangelicae
967 1261 1249 1317 humiliter
1296 1279 1507 1334 gerens.
1555 1264 1727 1319 Duces
1772 1282 1896 1319 suos

310 1370 433 1406 cum
478 1353 712 1407 Debbora
766 1364 811 1407 et
862 1354 1069 1408 Βαναεή
1120 1356 1283 1419 misit,
1331 1356 1458 1425 quia
1504 1357 1894 1427 prophetarum

309 1448 474 1501 dictis
521 1455 575 1502 et
614 1448 1044 1517 patriarcharum
1084 1449 1345 1518 exemplis
1393 1449 1691 1514 institutus,
1728 1450 1893 1506 duces

310 1539 521 1593 nobiles
559 1547 615 1592 et
658 1538 725 1592 ad
755 1537 1062 1592 bellandum
1094 1546 1281 1592 contra
1322 1538 1569 1593 inimicos
1605 1548 1893 1609 castraque

308 1631 567 1686 Ecclesia:
610 1629 1001 1684 defendendum
1045 1630 1266 1685 idoneos
1293 1646 1361 1684 ex
1400 1646 1460 1685 se
1498 1631 1761 1697 reddidit,
1798 1633 1891 1701 qui

307 1742 407 1795 per
447 1724 625 1777 omnia
656 1724 894 1793 priorum
925 1731 1141 1793 patrum
1178 1724 1405 1793 vestigia
1448 1733 1725 1779 servantes
1748 1765 1763 1790 ,
1793 1739 1888 1779 ne-

303 1830 579 1885 quaquam
604 1815 657 1868 iu
678 1815 881 1868 erroris
907 1815 1058 1868 devia
1088 1814 1513 1880 declinaverunt,
1537 1816 1629 1870 sed
1657 1826 1886 1870 mortem

301 1912 740 1968 contemnentes,
768 1918 866 1972 pro
894 1904 1122 1957 veritate
1157 1918 1327 1971 usque
1347 1904 1414 1958 ad
1437 1903 1599 1957 tinem
1626 1904 1749 1959 vita:
1769 1920 1888 1959 cer-

264 2029 271 2034 -
303 2004 579 2049 taverunt.
615 1995 767 2049 Unde
801 1995 1146 2063 subsequitur
1183 2009 1196 2047 :
1244 1993 1349 2058 Qui
1391 1996 1542 2066 quasi
1571 1996 1625 2049 in
1658 2013 1885 2067 prceceps

297 2100 366 2136 ac
400 2083 707 2136 barathrum
749 2101 804 2137 se
844 2082 1136 2136 discrimini
1166 2083 1330 2136 dedit.
1364 2082 1519 2138 Nullo
1557 2085 1716 2139 modo
1755 2100 1886 2155 ergo

298 2186 533 2229 mortem
561 2176 747 2230 timere
782 2184 1049 2245 poterant,
1088 2176 1177 2247 qui
1205 2176 1518 2244 sanguinem
1546 2193 1645 2246 pro
1669 2178 1884 2235 Christo

298 2264 527 2319 fundere
554 2266 962 2320 desiderabant.
1006 2266 1183 2320 Divisa
1221 2276 1403 2320 contra
1432 2285 1486 2321 se
1526 2266 1729 2334 Ruben,
1771 2287 1883 2324 ma-

291 2359 663 2426 gnanimorum
693 2369 894 2428 reperta
925 2360 1185 2412 contentio
1215 2369 1310 2414 est.
1345 2359 1535 2415 Ruben
1561 2362 1653 2432 qui
1677 2364 1882 2433 primo-

293 2446 514 2514 genitus
567 2445 668 2499 fuit
712 2446 946 2510 lsraelis,
992 2446 1228 2515 priorem
1277 2450 1531 2518 populum
1589 2451 1877 2522 signiﬁcat,

290 2534 363 2588 de
387 2549 495 2602 quo
525 2534 784 2591 Dominus
805 2552 904 2606 per
932 2539 1251 2607 prophetam
1281 2540 1358 2594 ait
1395 2560 1408 2595 :
1452 2541 1537 2595 Ex
1560 2542 1764 2612 Egypto
1792 2561 1881 2598 vo-

287 2624 407 2676 cavi
431 2624 833 2695 primogenitum
871 2642 1043 2680 meum
1071 2626 1245 2681 Israel
1272 2628 1419 2699 (Ose.
1451 2632 1560 2701 xr);
1588 2634 1680 2686 sed
1708 2634 1881 2689 diviso

287 2714 395 2770 hoc
435 2714 647 2782 Ruben,
697 2718 1162 2787 magnanimorum
1213 2732 1424 2790 reperta
1468 2722 1744 2777 contentio
1772 2734 1876 2790 est,

285 2805 417 2858 dum
447 2803 616 2859 Judtei
659 2822 689 2859 a
722 2806 979 2861 societate
1007 2806 1268 2862 bonorum
1293 2810 1363 2864 ob
1387 2810 1670 2880 perﬁdiam
1698 2812 1874 2878 divisi,

281 2905 478 2950 contra
502 2896 771 2966 spiritales
793 2897 989 2953 milites
1009 2898 1206 2954 Christi
1232 2901 1393 2967 bella,
1419 2902 1543 2958 lites
1557 2914 1720 2974 atque
1747 2921 1878 2960 con-

286 2985 563 3040 tentiones
588 3001 803 3056 semper
822 2987 1019 3044 babere
1050 2990 1447 3047 desiderabant.
1471 2992 1601 3048 lnde
1626 3004 1709 3049 est
1732 2998 1876 3065 quod

282 3076 574 3145 pontiﬁces
612 3093 676 3133 ac
702 3079 976 3149 principes
1012 3078 1319 3136 Iudaeorum
1360 3095 1552 3141 contra
1580 3088 1869 3156 apostolos,

285 3164 398 3221 imo
447 3176 635 3221 contra
678 3168 852 3238 ipsum
905 3170 1189 3225 Dominmn
1232 3173 1513 3227 consilium
1545 3176 1784 3230 inierunt
1818 3178 1871 3232 in

285 3256 433 3322 dolo,
464 3260 733 3327 quomodo
762 3275 855 3314 eos
886 3261 1194 3329 perderent,
1224 3262 1366 3317 sicut
1391 3263 1589 3334 legitur
1608 3266 1663 3320 in
1696 3267 1874 3321 Evan-

282 3348 443 3418 gelio,
477 3350 619 3419 quod
645 3351 914 3419 principes
934 3353 1276 3406 sacerdotum
1310 3362 1365 3407 et
1397 3370 1559 3410 omne
1583 3358 1871 3413 concilium

286 3449 592 3507 quaererent
639 3441 828 3496 IaISttm
888 3444 1252 3498 testimonium
1299 3455 1487 3501 contra
1539 3447 1756 3515 Iesum,
1812 3460 1871 3505 ut

281 3544 406 3583 eum
440 3533 612 3592 morti
645 3534 922 3589 traderent
986 3533 1202 3597 (Matth.
1244 3537 1415 3607 xxvi).
1453 3540 1521 3593 Et
1547 3540 1601 3593 in
1645 3542 1870 3601 Actibus

282 3622 646 3691 apostolorum
676 3626 934 3695 scriptttm
963 3628 1199 3696 estquod
1221 3638 1406 3683 contra
1430 3632 1704 3700 apostolos
1734 3648 1868 3687 con-

282 3726 638 3783 gregarentur
666 3717 939 3787 principes
976 3725 1030 3771 ct
1059 3719 1302 3775 seniores
1334 3729 1389 3773 et
1423 3723 1612 3776 scriba:
1652 3720 1866 3777 Judaeo-

285 3822 405 3860 rum
440 3807 493 3861 in
523 3802 879 3871 llicrnsalcm,
907 3820 961 3864 et
987 3809 1174 3864 Annas
1205 3811 1458 3881 princeps
1500 3813 1864 3877 sacerdotum,

280 3905 338 3951 et
388 3896 621 3966 Caiphas
664 3906 718 3952 et
761 3896 1018 3963 Joannes,
1058 3908 1112 3954 et
1145 3899 1469 3965 Alexander,
1500 3911 1553 3955 et
1603 3911 1865 3971 quotquot

281 3998 439 4041 erant
484 3988 550 4042 de
584 4004 781 4058 genere
818 3990 1138 4044 sacerdotali
1173 3989 1308 4062 (Act.
1355 3992 1451 4062 ιν).
1496 3991 1864 4061 Magnanimo-

281 4097 400 4134 rum
441 4095 569 4150 ergo
622 4079 691 4133 ibi
760 4090 971 4149 reperta
1013 4083 1284 4136 contentio
1324 4092 1437 4148 est,
1496 4084 1587 4137 ubi
1650 4083 1725 4138 illi
1772 4086 1864 4155 qui

279 4170 515 4239 majores
549 4169 871 4224 videbantur
905 4186 1025 4225 esse
1057 4172 1110 4225 in
1139 4172 1337 4242 populo
1372 4172 1704 4240 Iudaeorum,
1738 4191 1864 4230 cum

279 4274 479 4317 caetera
535 4263 691 4315 turba
750 4278 847 4332 per
894 4262 1200 4332 superbiam
1252 4264 1509 4319 adversus
1571 4251 1862 4320 veritatem

279 4351 555 4422 Evangelii
597 4361 654 4406 ct
694 4352 993 4406 doctrinam
1031 4351 1401 4421 apostolorum
1444 4355 1859 4409 contendebant.

280 4445 537 4513 Sequitur
559 4456 574 4497 :

350 4533 527 4600 Quare
547 4535 751 4589 habitas
774 4534 910 4587 inter
930 4533 1061 4586 duos
1083 4532 1348 4598 terminos,
1376 4543 1429 4586 ut
1456 4534 1645 4588 audias
1687 4537 1869 4591 sibilos

275 4643 491 4697 gregum
516 4627 542 4679 ?
561 4626 756 4696 Arguit
780 4625 901 4679 illos
923 4625 1024 4679 hac
1048 4625 1313 4679 sententia
1338 4626 1429 4694 qui
1467 4628 1632 4681 variis
1679 4645 1869 4701 super-

276 4717 586 4771 stitionibus
613 4716 800 4780 dediti,
828 4731 927 4771 nec
960 4715 1064 4784 legi
1092 4731 1194 4770 nec
1221 4716 1511 4785 Evangelio
1535 4723 1865 4780 concordare

277 4806 545 4860 volebant.
578 4805 687 4859 llos
712 4805 856 4859 enim
882 4805 1141 4859 terminos
1162 4805 1561 4876 hicintelligere
1579 4807 1859 4878 debemus,

275 4901 418 4955 unde
446 4899 569 4953 alibi
594 4899 855 4967 scriptum
881 4906 1002 4953 est:
1038 4886 1120 4950 Ne
1167 4898 1569 4968 transgrediaris
1613 4904 1860 4958 terminos

272 5000 481 5061 ptllrttm
528 5000 736 5042 tuorum
768 4986 959 5059 (Prov.
1002 4988 1171 5059 xxii).
1228 4988 1339 5042 Lex
1383 4990 1527 5043 enim
1565 4998 1721 5046 vetus
1762 5008 1860 5047 suo

270 5090 516 5149 tempore
545 5080 882 5135 observanda
909 5087 1048 5143 erat,
1072 5080 1164 5132 sed
1191 5093 1297 5132 non
1338 5077 1509 5134 solum
1554 5080 1759 5137 Scribae
1803 5095 1859 5139 et

274 5169 532 5223 Pharistrt
558 5169 669 5223 suis
699 5167 1076 5223 traditionibus
1099 5181 1217 5220 eam
1249 5169 1674 5235 maculaverant,
1724 5173 1854 5240 quin

271 5261 435 5316 etiam
488 5270 744 5315 caeterum
797 5259 989 5329 vulgus
1035 5258 1282 5329 plurimis
1335 5262 1854 5331 transgressionibus

272 5367 392 5405 eam
426 5351 766 5421 polluerunt;
817 5366 917 5405 nec
975 5358 1151 5405 tamen
1200 5351 1448 5405 veniente
1494 5350 1855 5422 Redemptore

272 5450 480 5505 nostro,
526 5450 580 5494 et
625 5441 929 5495 lucescente
976 5456 1072 5510 per
1123 5448 1293 5495 totum
1344 5442 1531 5497 orbem
1586 5452 1852 5498 terrarum

273 5530 586 5600 Evangelio,
615 5547 672 5586 se
716 5531 959 5587 converti
1011 5534 1079 5587 ab
1127 5548 1314 5587 errore
1361 5533 1428 5587 ad
1480 5533 1854 5602 paenitentiam

271 5620 546 5686 volebant,
581 5631 745 5692 atque
776 5624 840 5676 ad
877 5624 1104 5691 gratiam
1143 5625 1343 5680 Christi
1377 5624 1685 5695 confugere,
1742 5641 1854 5678 ma-

271 5711 461 5782 gisque
514 5706 792 5783 elegerunt
836 5712 1020 5770 sibilos
1068 5731 1287 5787 gregtun
1344 5716 1553 5782 audire,
1601 5716 1701 5771 hoc
1750 5724 1853 5783 est,

1882 4471 1936 4531 D

2010 553 2118 599 tem
2143 552 2591 603 testamentorum
2618 551 2734 605 Dei.
2763 551 2874 608 Hos
2896 558 3040 611 enim
3065 556 3254 630 greges
3279 566 3596 624 detestanda

2006 651 2201 705 sponsa
2246 638 2300 692 in
2341 638 2566 695 Cantico
2613 644 2947 699 canticorum
3005 649 3071 702 ad
3112 665 3365 718 sponsum
3413 658 3592 713 dicit:

2003 725 2193 781 Indica
2217 729 2344 781 mihi
2369 746 2521 799 quem
2546 731 2717 802 diligit
2743 736 2922 789 anima
2939 751 3075 802 mea,
3108 741 3197 794 ubi
3246 761 3450 812 pascas,
3503 750 3595 804 ubi

2002 816 2155 870 cubes
2174 818 2231 871 in
2252 819 2488 882 meridie,
2533 814 2596 875 ne
2624 825 2805 893 vagari
2833 827 3079 897 incipiam
3110 848 3203 899 per
3224 849 3399 903 greges
3436 839 3593 892 soda-

2003 903 2131 958 lium
2151 915 2361 959 tuorum
2389 906 2578 981 (Cant.
2606 912 2681 984 ι).
2727 913 2930 985 Greges
2971 931 3102 990 ergo
3150 923 3412 979 sodalium
3462 943 3592 982 eon-

1999 1001 2269 1055 ventiCula
2309 1011 2435 1057 sunt
2481 1004 2882 1073 haereticorum,
2935 1024 3053 1078 qua:
3101 1013 3319 1069 inanem
3370 1017 3586 1076 sibilum

2000 1091 2150 1156 dant,
2179 1106 2303 1146 cum
2332 1094 2672 1149 mendacium
2696 1111 2795 1165 pro
2839 1100 3068 1155 veritate
3095 1104 3210 1157 suis
3252 1108 3589 1168 auditoribus

1998 1179 2376 1234 commendare
2405 1182 2704 1249 decertant,
2735 1201 2873 1255 quos
2898 1189 3141 1259 quisquis
3167 1192 3235 1245 ab
3266 1197 3474 1254 unitate
3523 1200 3590 1255 ﬂ-

1997 1264 2197 1321 delium
2232 1269 2438 1325 divisus
2466 1272 2734 1341 sequitur,
2790 1291 2915 1330 mox
2958 1293 3058 1346 per
3087 1282 3396 1351 superbiam
3450 1303 3585 1344 con-

1998 1356 2265 1412 tentiones
2293 1372 2499 1424 amare,
2526 1369 2581 1414 et
2603 1371 2792 1416 contra
2818 1364 2992 1421 bonos
3015 1368 3153 1424 odiis
3182 1387 3474 1445 exsurgere
3500 1380 3588 1432 in-

1993 1446 2227 1500 venitur.
2262 1447 2419 1503 Unde
2440 1450 2566 1504 item
2589 1454 2837 1521 superior
2863 1459 3129 1512 sententia
3161 1464 3459 1529 repetitur:
3487 1468 3585 1520 οἱ·-

1992 1537 2099 1591 viso
2113 1547 2296 1592 contra
2317 1556 2373 1593 se
2392 1538 2595 1606 Ruben,
2618 1546 3073 1612 magnanimorum
3092 1561 3293 1620 reperta
3315 1558 3575 1610 contentio

1990 1636 2101 1693 est;
2128 1629 2254 1697 quia
2276 1644 2382 1684 non
2409 1630 2584 1685 solum
2607 1630 2799 1698 Judaei,
2849 1637 2941 1691 sed
2989 1646 3046 1691 et
3090 1655 3278 1696 omnes
3336 1644 3578 1702 haeretici

1992 1724 2154 1785 atque
2175 1719 2529 1786 schismatici,
2553 1723 2645 1790 qui
2667 1723 2961 1791 primatum
2987 1727 3190 1783 habere
3234 1744 3331 1799 per
3381 1749 3577 1803 super-

1914 1790 1963 1850 Β
1988 1806 2133 1861 biam
2160 1809 2424 1873 ambiunt,
2455 1820 2645 1865 contra
2668 1790 2965 1868 Ecclesiam
3016 1817 3195 1883 divisi,
3234 1790 3302 1874 lin
3349 1790 3577 1879 conten-
3644 1814 3645 1817 “

1988 1899 2133 1954 tione
2162 1907 2326 1968 atque
2358 1902 2625 1957 discordia
2662 1918 2877 1974 semper
2927 1919 3412 1976 perseverant;-et
3464 1928 3573 1967 non

1987 1989 2158 2043 solum
2187 1990 2342 2046 bonis
2371 1992 2604 2056 adversi,
2639 1995 2731 2048 sed
2755 2002 2810 2049 et
2835 1996 3187 2067 sibimetipsis
3208 2001 3404 2070 ubique
3423 2003 3573 2057 noxii

1985 2082 2350 2149 reperiuntur.
2379 2082 2515 2140 Hinc
2548 2084 2801 2141 Salomon
2828 2089 2905 2143 ait
2934 2105 2948 2144 :
2978 2089 3129 2144 Inter
3148 2094 3395 2162 superbos
3434 2112 3571 2149 sem-

1984 2188 2078 2243 per
2103 2173 2288 2244 jurgia
2313 2184 2438 2229 sunt
2462 2193 2481 2241 ;
2510 2176 2602 2246 qui
2621 2186 2796 2232 autem
2817 2189 2979 2249 agunt
3008 2192 3198 2236 cuncta
3218 2185 3455 2252 consilio,
3496 2204 3575 2241 rc-

1981 2271 2177 2333 guntur
2210 2266 2466 2335 sapientia
2490 2266 2684 2337 (Prov.
2711 2284 2808 2322 xm
2825 2269 2865 2338 ).

2052 2352 2259 2410 Galaad
2280 2365 2425 2411 trans
2442 2356 2730 2413 Iordanem
2756 2360 3072 2430 quiescebat,
3095 2372 3142 2416 et
3184 2364 3307 2418 Dan
3346 2366 3569 2422 vacabat

1983 2444 2218 2498 navibus.
2251 2445 2481 2513 Quidam
2502 2448 2718 2503 codices
2744 2465 2843 2519 pro
2890 2448 3117 2517 Galaad,
3175 2450 3292 2508 Gad
3343 2456 3565 2511 habent.

1980 2532 2047 2587 Et
2067 2534 2197 2602 quid
2225 2550 2323 2604 per
2341 2536 2567 2602 Galaad,
2601 2538 2691 2607 qui
2742 2556 2956 2594 acervus
2980 2543 3125 2595 testis
3149 2543 3562 2613 interpretatur,

1981 2623 2094 2677 sive
2122 2623 2258 2688 Gad,
2296 2626 2391 2694 qui
2417 2626 2682 2683 accinctus
2709 2629 2926 2694 dicitur,
2962 2631 3067 2686 nisi
3094 2632 3426 2690 lsraeliticus
3464 2652 3565 2706 po-

1979 2712 2136 2779 pulus
2165 2714 2479 2784 designatur
2500 2718 2593 2786 qui
2631 2718 2768 2772 bene
2795 2734 3023 2775 acervus
3063 2723 3218 2777 testis
3244 2724 3359 2779 sive
3384 2727 3566 2780 accin-

1978 2810 2098 2856 ctus
2135 2804 2266 2859 dicit
2293 2815 2491 2874 potest,
2520 2808 2647 2877 quia
2679 2810 2848 2865 Vetus
2874 2810 3279 2867 Testamentum
3333 2815 3388 2868 in
3444 2815 3563 2887 lege

1976 2902 2033 2948 et
2056 2896 2334 2963 prophetis
2357 2899 2725 2968 conscriptum
2756 2902 2979 2967 habens,
3030 2904 3155 2959 inde
3180 2919 3240 2959 se
3273 2912 3448 2960 tutum
3483 2916 3565 2961 at-

1976 3000 2083 3053 que
2138 2985 2374 3055 undique
2423 2987 2691 3042 munitum
2753 2989 2871 3045 fore
2936 2991 3281 3059 conﬁdebat;
3329 2995 3425 3050 sed
3472 2994 3564 3050 hic

1976 3081 2128 3129 trans
2145 3073 2435 3132 Iordanem
2462 3078 2794 3147 quiescebat,
2819 3082 2944 3150 quia
2966 3082 3107 3138 bona
3132 3086 3417 3154 praesentis
3436 3088 3562 3142 vita:

1975 3172 2030 3219 et
2058 3179 2239 3220 rerum
2267 3168 2648 3235 abundantiam
2676 3171 2925 3242 diligens,
2951 3172 3198 3229 suilicere
3230 3175 3332 3231 sibi
3354 3178 3423 3231 ad
3474 3192 3563 3232 sa-

1974 3257 2141 3311 lutem
2163 3260 2437 3325 credebat,
2466 3269 2522 3313 et
2551 3261 2670 3316 ideo
2690 3270 2841 3317 trans
2863 3260 3157 3318 Iordanem
3182 3267 3431 3335 progredi
3460 3283 3562 3322 no-

1972 3346 2140 3411 lebat,
2169 3348 2295 3417 quia
2319 3350 2572 3420 baptismi
2595 3352 2826 3421 gratiam
2857 3367 3141 3423 respuens,
3177 3356 3316 3409 bona
3363 3355 3559 3412 futura:

1970 3441 2095 3493 vita:
2116 3454 2359 3507 quaerere
2382 3440 2528 3495 nullo
2554 3443 2713 3496 modo
2739 3444 2986 3498 curabat.
3018 3444 3129 3499 Dan
3164 3461 3296 3516 ergo
3333 3448 3561 3503 vacabat

1971 3530 2220 3583 navibus.
2250 3530 2320 3583 Et
2341 3532 2466 3599 quis
2488 3546 2587 3600 per
2608 3535 2744 3599 Dan,
2774 3537 3147 3604 quijudicium
3193 3539 3276 3594 vel
3304 3541 3559 3609 judicans

1971 3620 2379 3691 interpretatur,
2409 3623 2512 3678 hoc
2543 3624 2665 3679 loco
2699 3627 2890 3680 melius
2916 3643 3079 3695 quam
3102 3632 3333 3698 populus
3361 3634 3551 3689 Eccle~

1969 3709 2064 3763 size
2086 3711 2257 3780 accipi
2281 3721 2481 3781 potest.
2522 3712 2622 3780 Qui
2650 3724 2796 3770 recte
2834 3716 3098 3787 judicium
3148 3720 3262 3774 sive
3304 3718 3557 3791 judicans

1968 3801 2300 3867 nominatur,
2350 3804 2475 3871 quia
2523 3803 2812 3873 judiciaria
2860 3817 3106 3877 potestas
3152 3809 3288 3864 illia
3327 3811 3557 3869 Domino

1967 3891 2159 3945 collata
2180 3908 2298 3947 esse
2322 3893 2552 3949 videtur.
2600 3895 2752 3951 Unde
2790 3893 3048 3967 apostolis
3087 3900 3202 3969 ipsa
3240 3901 3451 3958 Veritas
3498 3904 3553 3958 in
3650 3926 3655 3929 ·

1966 3982 2259 4052 Evangelio
2293 3984 2370 4038 ait
2398 4002 2411 4038 :
2443 3984 2610 4039 Amen
2626 3986 2744 4041 dico
2783 3988 2941 4053 vobis,
2965 3990 3105 4060 quod
3128 4008 3216 4044 vos
3259 3994 3349 4063 qui
3389 3996 3553 4047 secuti

1964 4076 2088 4130 estis
2125 4078 2289 4143 me,in
2323 4078 2727 4146 regeneratioue,
2755 4096 2873 4133 cum
2900 4080 3091 4135 sederit
3129 4080 3302 4135 Filius
3326 4083 3551 4137 hominis

1964 4166 2021 4218 in
2055 4165 2176 4219 sede
2202 4165 2492 4234 majestatis
2531 4184 2662 4232 sure,
2686 4168 2928 4223 sedebitis
2976 4179 3024 4223 et
3070 4187 3155 4224 vos
3204 4188 3362 4241 super
3403 4172 3549 4225 sedes

1964 4255 2269 4323 duodecim,
2287 4256 2588 4327 judicantes
2610 4260 2882 4313 duodecim
2919 4260 3084 4313 tribus
3115 4259 3285 4313 Israel
3332 4260 3546 4331 (Matt/1.

1963 4362 2055 4400 XIX
2079 4345 2119 4417 ).
2148 4348 2280 4402 Etin
2293 4349 2611 4418 Apocalypsi
2628 4349 2817 4419 viginti
2837 4358 3070 4419 quatuor
3091 4350 3333 4405 seniores
3354 4350 3546 4403 seden-

1964 4446 2047 4491 tes
2075 4438 2129 4491 in
2156 4439 2372 4493 sedibus
2401 4440 2513 4494 suis
2541 4440 2794 4508 descripti
2816 4448 2942 4494 sunt
2981 4439 3180 4511 (Apoc.
3205 4440 3311 4511 ιν),
3344 4448 3403 4493 ιιι
3423 4455 3550 4494 san-

1968 4539 2070 4586 ctae
2097 4530 2352 4585 Ecclesiae
2379 4532 2633 4602 dignitas.
2672 4546 2792 4601 qua:
2831 4547 2899 4586 ex
2949 4531 3273 4601 patriarchis
3323 4539 3379 4585 et
3426 4547 3550 4601 apo-

1969 4622 2122 4677 stolis
2148 4623 2428 4693 progenita
2452 4631 2555 4686 est,
2584 4609 2680 4693 per
2707 4624 2849 4678 hanc
2878 4624 3176 4678 sessionem
3233 4624 3288 4677 in
3336 4624 3545 4679 ctelesti

1966 4727 2136 4782 regno
2156 4713 2509 4782 exprimatur.
2534 4713 2662 4769 Ilaec
2679 4728 2809 4784 ergo
2837 4724 2994 4768 vacat
3022 4714 3267 4778 navibus,
3327 4716 3454 4786 quia
3490 4717 3545 4773 in

1963 4804 2206 4875 periculo
2233 4810 2516 4874 przesentis
2540 4806 2663 4861 vita:
2702 4807 3018 4873 constituta,
3059 4808 3317 4877 mysterio
3365 4808 3546 4865 Domi-

1964 4896 2100 4951 nicte
2125 4896 2301 4951 crucis
2327 4898 2584 4962 innitens,
2613 4897 2905 4965 procellam
2940 4900 3399 4968 persecutionum,
3444 4917 3544 4970 per

1964 4984 2059 5039 Dei
2090 4985 2539 5051 misericordiam,
2566 5002 2823 5057 superare
2866 4989 3171 5055 contendit;
3227 5005 3327 5046 nec
3366 5008 3470 5045 non
3509 5007 3541 5046 a

1965 5077 2193 5132 terrenis
2244 5078 2474 5147 negotiis
2511 5093 2710 5133 vacans
2755 5093 2854 5147 per
2894 5081 3278 5151 praedicatores
3323 5088 3541 5135 sanctos

1962 5175 2078 5222 rete
2104 5166 2378 5237 Evangelii
2408 5168 2459 5221 in
2489 5181 2641 5222 mare
2684 5168 2842 5223 istius
2872 5171 3058 5225 mundi
3098 5171 3284 5233 mittit,
3341 5176 3401 5221 ut
3444 5169 3541 5222 hoc

1963 5257 2138 5311 mines
2160 5256 2230 5311 ab
2258 5257 2414 5311 undis
2444 5257 2764 5313 turbulentis
2784 5259 2964 5314 seculi
2990 5268 3176 5313 erutos
3216 5258 3283 5311 ad
3328 5265 3538 5326 portam

1960 5345 2155 5414 quietis
2184 5354 2239 5400 et
2258 5345 2325 5400 ad
2353 5345 2655 5401 libertatem
2683 5347 2879 5404 futurze
2902 5348 3092 5418 patrias
3124 5346 3405 5415 perducat.

2028 5436 2158 5489 Aser
2179 5435 2444 5489 habitabat
2470 5436 2525 5491 in
2547 5436 2718 5491 littore
2735 5439 2918 5503 maris,
2944 5447 2993 5490 et
3014 5438 3069 5490 in
3088 5434 3338 5505 portubus
3363 5449 3545 5487 mora~

1960 5528 2133 5581 batur.
2156 5526 2309 5593 Aser,
2340 5528 2432 5597 qui
2459 5528 2721 5584 beatitudo
2742 5531 3150 5599 interpretatur,
3183 5526 3385 5580 nullum
3419 5540 3537 5579 me-

1960 5621 2063 5675 lius
2090 5636 2250 5690 quam
2289 5620 2700 5689 lledcmptorem
2728 5629 2971 5676 nostrum
3001 5618 3307 5689 signiﬁcare
3326 5623 3530 5686 potest,

1963 5713 2017 5767 in
2055 5728 2161 5786 quo
2191 5722 2274 5767 est
2304 5709 2458 5767 nobis
2482 5728 2604 5782 spes
2624 5721 2839 5768 aeterna:
2867 5709 3236 5775 beatitudinis,
3262 5708 3377 5765 sine
3422 5720 3530 5777 quo
