4000 6186
414 324 550 379 1147

1062 318 1126 372 Β.
1164 315 1420 372 RABANI
1456 314 1678 371 MAURI
1715 311 2034 368 ARCIIIEP.
2074 310 2386 369 MOGUNT.
2425 313 2709 370 OPERUM
2745 315 2926 372 PARS
2965 316 3005 371 l.

3528 322 3668 376 1M3

410 434 477 487 ad
506 446 686 487 veram
717 428 1104 485 beatitudinem
1132 441 1293 482 nemo
1337 424 1636 495 perveniet,
1692 423 1818 492 quia
1867 421 1983 489 ipse
2009 422 2058 480 A
2086 419 2262 488 fructu
2290 422 2573 493 lignorum,
2597 441 2713 494 qua:
2737 427 2934 480 suntin
2953 429 3226 497 paradiso,
3266 431 3559 495 vescimur;
3603 436 3672 485 de

408 521 519 574 ait:
545 519 712 573 Nemo
735 519 866 572 venit
888 517 957 571 ad
979 514 1212 580 Patrem,
1237 515 1338 569 nisi
1357 532 1451 583 per
1494 531 1575 568 me
1618 514 1811 584 (Joan.
1836 512 1978 583 χεν).

408 608 478 664 Et
504 608 698 662 iterum
729 622 744 660 :
775 606 888 677 Ego
913 623 1049 670 sum,
1076 606 1269 674 inquit,
1293 606 1519 669 ostium;
1538 620 1630 674 per
1660 619 1741 656 mc
1783 604 1829 656 si
1869 602 1985 674 quis

408 698 681 757 introierit,
711 696 1016 760 salvubitur,
1056 704 1102 749 et
1143 695 1483 764 ingredietur,
1526 704 1576 747 et
1622 693 1916 764 egredietur
1937 702 1985 746 et

408 804 603 858 pascua
623 788 844 841 inveniet
873 785 1062 857 (Joan,
1107 784 1183 857 χ).
1218 785 1283 838 Ει
1313 784 1510 839 iterum
1536 799 1551 837 :
1580 783 1696 853 Ego
1716 799 1854 847 sum,
1887 784 1984 848 ait,

409 881 716 946 via,veritas
741 890 786 933 et
810 880 912 932 vita
942 876 1133 950 (Joan.
1160 876 1303 948 λιν).
1333 876 1471 932 Aser
1496 890 1625 946 ergo
1650 878 1751 932 iste
1780 877 1987 932 habita-

408 973 504 1027 bat
525 972 577 1026 in
603 972 783 1025 littore
804 971 988 1035 maris,
1018 978 1074 1023 et
1100 969 1154 1022 in
1182 970 1446 1037 portubus
1473 967 1806 1035 morabatur,
1859 968 1985 1036 quia

407 1064 620 1119 devicto
654 1063 842 1117 mortis
884 1062 1147 1132 principe,
1194 1061 1462 1130 simulque
1505 1061 1622 1130 ipsa
1677 1070 1852 1115 morte
1896 1061 1989 1115 de-

405 1161 634 1218 structa,
691 1153 862 1207 victor
928 1152 1264 1221 triumphans
1329 1151 1624 1207 resurrexit
1674 1152 1731 1206 in
1792 1151 1984 1220 gloria,

406 1244 813 1312 ascendensque
864 1242 918 1297 in
966 1242 1185 1307 coelum,
1242 1242 1395 1298 sedet
1445 1242 1515 1297 ad
1560 1243 1837 1298 dexteram
1891 1243 1986 1298 Dei

406 1333 584 1389 Patris
637 1332 1042 1403 omnipotentis.
1101 1330 1221 1386 Jam
1270 1347 1377 1387 non
1426 1333 1674 1397 moritur,
1720 1348 1870 1389 mors
1911 1332 1987 1387 illi

405 1423 547 1477 ultra
578 1438 682 1477 non
712 1421 1095 1486 dominabitur,
1126 1421 1221 1475 sed
1259 1420 1311 1474 iu
1334 1421 1515 1490 quiete
1555 1429 1772 1477 mterntn
1812 1421 1985 1477 beati-

407 1516 611 1572 tudinis
640 1529 862 1570 maneus
878 1513 1064 1584 judicii
1098 1520 1377 1582 exspectat
1399 1512 1561 1578 diem,
1601 1513 1774 1568 donec
1797 1529 1989 1569 onmes

406 1608 610 1663 inimici
637 1606 753 1675 ejus
775 1605 1129 1675 subiiciantur
1157 1605 1382 1673 pedibus
1410 1605 1575 1670 illius,
1610 1606 1824 1674 quando
1869 1606 1988 1660 uni-

405 1698 600 1767 cuique
636 1707 838 1753 certam
889 1695 1377 1751 remunerationem
1426 1696 1719 1751 secundum
1769 1697 1986 1767 propria

2084 511 2260 580 fructu
2284 528 2402 566 vero
2429 512 2558 583 ligni
2586 515 2724 586 quod
2749 525 2823 569 est
2844 516 2901 569 in
2921 517 3092 571 medio
3115 519 3378 588 paradisi,
3414 533 3664 589 praecepit

2084 603 2230 657 nobis
2254 602 2393 657 Deus
2426 620 2490 658 ne
2520 605 2926 671 comedercmus,
2956 616 3005 661 et
3034 624 3098 662 ne
3138 617 3467 679 tangeremus
3511 609 3671 675 illud,

2085 708 2148 746 ne
2176 692 2312 762 forte
2332 693 2806 766 moriamur(Gen.
2846 695 2960 768 Ill).
3013 697 3158 752 Dixit
3210 706 3391 754 autem
3443 714 3677 769 serpens

2086 782 2153 837 ad
2178 783 2456 839 mulierem
2488 799 2503 838 :
2539 783 2883 856 Nequaquam
2911 789 3225 843 moriemini.
3251 788 3361 844 Scit
3372 791 3513 844 enim
3530 788 3675 845 Deus

2083 874 2222 943 quod
2246 875 2303 928 in
2324 892 2629 946 quocunque
2649 877 2733 930 die
2771 878 3097 931 comederitis
3130 895 3196 933 ea:
3233 896 3325 944 eo,
3368 882 3677 952 aperientur

2086 962 2224 1016 oculi
2275 965 2455 1029 vestri,
2485 974 2532 1018 et
2552 966 2698 1020 eritis
2719 968 2852 1021 sicut
2891 967 2966 1020 dii
3012 969 3234 1023 scientes
3269 969 3461 1023 bonum
3480 981 3531 1023 et
3559 987 3674 1023 ma-

2086 1055 2216 1108 lum.
2243 1054 2348 1110 Sed
2372 1055 2462 1110 isti
2486 1071 2642 1128 reges
2677 1073 2775 1127 per
2797 1059 3093 1128 potentiam
3124 1060 3238 1114 veri
3269 1061 3432 1131 regis,
3472 1069 3529 1117 et
3558 1061 3676 1116 Sal-

2085 1146 2290 1202 vatoris
2311 1148 2482 1203 nostri
2502 1147 2628 1205 Jesu
2664 1148 2867 1205 Christi
2894 1152 3138 1220 oppressi
3168 1152 3307 1207 nihil
3334 1153 3509 1208 tulere
3538 1168 3673 1223 prae-

2089 1238 2297 1304 dantes,
2330 1240 2456 1310 quia
2487 1249 2677 1296 contra
2704 1241 3002 1296 Ecclesiam
3038 1243 3345 1313 pugnando,
3370 1242 3496 1298 licet
3519 1244 3673 1298 blan-

2088 1327 2354 1396 diremur,
2402 1329 2531 1385 licet
2574 1339 2804 1385 mortem
2846 1332 3205 1397 minarentur,
3254 1332 3388 1387 nihil
3422 1332 3675 1402 prolicie-

2087 1419 2242 1485 bant,
2266 1419 2402 1474 nihil
2429 1420 2733 1490 capiebant,
2761 1421 2892 1491 quia
2922 1432 3088 1491 portae
3105 1421 3263 1491 inferi
3280 1424 3533 1477 advenas
3554 1439 3673 1476 eam

2089 1524 2192 1562 non
2215 1508 2566 1579 praeualebunt
2598 1508 2825 1581 (Matth.
2855 1510 3001 1582 xvi).
3028 1510 3315 1566 lnsidiatnr
3336 1511 3536 1581 quippe
3557 1526 3674 1566 ser-

2089 1615 2224 1669 pens
2245 1599 2501 1656 calcaneo
2529 1602 2666 1672 ejus,
2719 1601 2814 1657 sed
2858 1601 2974 1672 ipsa
3018 1607 3263 1657 conteret
3308 1600 3453 1655 illius
3486 1611 3676 1670 caput,

2090 1691 2175 1747 cui
2206 1700 2446 1762 potestas
2475 1709 2506 1747 a
2537 1708 2663 1763 rege
2685 1709 2782 1749 suo
2812 1694 2938 1748 data
2965 1700 3048 1749 est
3085 1692 3328 1750 calcandi
3361 1708 3526 1763 super
3551 1709 3677 1748 sero

406 1791 595 1847 reddet
623 1790 834 1844 merita.
865 1788 1100 1843 Possunt
1129 1788 1293 1842 etiam
1320 1804 1424 1844 non
1447 1790 1740 1859 incongrue
1766 1789 1820 1843 in
1846 1789 1987 1844 Aser

2093 1789 2302 1851 pontes,
2340 1796 2503 1852 super
2528 1783 2842 1852 scorpiones
2864 1790 2921 1838 et
2945 1798 3107 1854 super
3148 1798 3365 1838 omnem
3415 1784 3675 1838 virtutem

405 1878 800 1950 signiﬁcatione
853 1877 1023 1947 accipi
1071 1885 1382 1932 sanctorum
1437 1877 1655 1942 animae,
1707 1877 1799 1946 qui
1848 1877 1986 1945 jam,

407 1968 739 2023 transcensis
781 1967 1032 2023 ﬂuctibus
1075 1967 1277 2029 saeculi,
1322 1975 1378 2022 et
1423 1977 1676 2037 superato
1737 1983 1990 2038 persecu-

407 2056 617 2111 tionum
644 2068 774 2110 :cstu
804 2056 856 2110 in
878 2067 1035 2125 portu
1064 2057 1261 2125 quietis
1290 2065 1509 2112 aeternae
1537 2058 1859 2125 consistunt,
1888 2074 1989 2115 nec

405 2148 513 2217 iam
549 2150 616 2202 ad
651 2148 933 2217 praesentis
981 2148 1107 2203 vitae
1149 2147 1361 2203 labores
1413 2147 1554 2202 ultra
1605 2149 1851 2216 redeunt,
1895 2150 1991 2206 sed

406 2255 530 2293 cum
554 2254 675 2308 rege
701 2255 798 2293 suo
839 2238 1071 2293 victores
1095 2238 1413 2303 existentes,
1438 2254 1546 2293 non
1572 2239 1868 2295 laborando
1894 2240 1992 2295 sed

405 2329 680 2400 regnando
710 2339 952 2384 nostram
982 2328 1232 2383 militiam
1260 2337 1521 2399 quantum
1546 2331 1715 2402 .(lecet
1739 2332 1994 2401 precibus

404 2422 611 2491 juvant,
652 2437 860 2492 nosque
907 2421 1240 2491 triumphare
1286 2422 1610 2492 quandoque
1644 2422 1871 2478 multum
1900 2424 1994 2480 de-

407 2511 667 2577 siderant,
698 2520 757 2566 ut
781 2522 983 2568 :cterno
1009 2511 1203 2581 gaudio
1225 2525 1409 2567 secum
1437 2510 1824 2580 perpetualiter
1848 2511 1998 2567 frua-

408 2617 498 2655 mu
507 2618 550 2656 l'.

476 2688 714 2745 Zabulon
749 2708 868 2745 vero
894 2702 942 2745 et
973 2691 1274 2762 Neplualim
1311 2691 1606 2746 obtulerunt
1633 2695 1838 2748 animas
1866 2711 1991 2748 suas

408 2782 564 2837 morti
592 2783 646 2836 in
674 2783 878 2852 regione
905 2781 1103 2836 Romw.
1128 2782 1185 2836 in
1207 2783 1446 2838 Zabulon
1465 2792 1521 2839 et
1546 2783 1851 2854 Nepbtalim
1869 2801 1996 2855 apo-

408 2874 533 2929 stoli
554 2883 611 2928 et
633 2873 908 2944 apostolici
938 2874 1060 2939 viri,
1081 2875 1173 2943 qui
1210 2874 1466 2929 ducatum
1492 2875 1547 2929 in
1573 2876 1812 2931 Ecclesia
1855 2878 1991 2932 lide-

407 2968 535 3024 liter
560 2978 774 3039 gerunt,
796 2968 1175 3039 designantur;
1202 2984 1270 3023 ex
1294 2968 1425 3038 ipsis
1437 2969 1583 3024 enim
1601 2970 1848 3026 tribubus
1868 2986 1992 3041 qua:

407 3058 463 3114 in
511 3056 731 3114 Galiltca
770 3058 1165 3127 possessionem
1216 3068 1564 3128 acceperunt,
1608 3060 1700 3115 ubi
1729 3061 1989 3118 Dominus

407 3159 592 3205 noster
618 3149 775 3205 Jesus
803 3150 1051 3206 Christus
1077 3151 1307 3205 maxime
1335 3152 1538 3217 docuit,
1584 3151 1806 3208 fuerunt
1826 3154 1989 3224 primi

406 3239 634 3309 apostoli
668 3240 760 3308 qui
799 3247 926 3294 sunt
952 3241 1222 3309 principes
1266 3241 1627 3296 Ecclesiarum
1680 3243 1748 3298 de
1791 3244 1990 3310 quibus

407 3331 635 3386 dicitur:
656 3329 926 3400 Principes
946 3330 1200 3395 Zabulon,
1225 3341 1272 3385 et
1292 3334 1550 3402 principes
1576 3334 1898 3404 Nephtalim.
1923 3336 1990 3391 lli

405 3436 535 3490 ergo
564 3421 877 3477 obtulerunt
903 3421 1113 3475 animas
1145 3436 1270 3476 suas
1298 3423 1476 3485 morti,
1510 3433 1810 3495 pugnantes
1832 3425 1885 3480 in
1914 3442 1995 3482 re-

407 3511 566 3579 gione
597 3511 801 3577 lterum,
835 3528 954 3581 quae
985 3512 1370 3582 interpretatur
1389 3513 1567 3568 videns
1587 3515 1789 3586 aliquid
1803 3517 1888 3571 vel
1903 3534 1993 3571 ea:-

405 3599 563 3664 cclsa,
595 3603 811 3670 quando
842 3618 940 3672 pro
968 3600 1204 3657 lideiium
1228 3602 1402 3657 salute
1430 3611 1487 3659 et
1517 3604 1778 3661 dilatione
1800 3606 1990 3662 Eccle-

406 3687 526 3756 size,
545 3691 688 3761 quod
714 3690 1017 3761 Nephtalim
1036 3700 1210 3757 sonat,
1253 3693 1337 3748 vel
1385 3710 1486 3764 pro
1535 3695 1744 3751 caelesti
1798 3698 1987 3768 gloria,

407 3798 571 3853 quam
603 3784 786 3837 animo
806 3782 1177 3846 intendebant,
1220 3800 1394 3855 usque
1432 3786 1502 3841 ad
1543 3794 1772 3842 mortem
1817 3798 1993 3842 certa-

405 3886 555 3937 vere,
586 3887 689 3927 nec
717 3872 840 3927 ullis
868 3874 1305 3943 persecutionum
1352 3874 1617 3931 molestiis
1662 3877 1731 3930 ab
1759 3875 1861 3931 hac
1909 3877 1992 3931 in-

409 3962 647 4021 tentione
682 3976 747 4016 ac
778 3963 955 4017 studio
1001 3963 1173 4017 averti
1219 3971 1543 4033 potuerunt;
1592 3966 1686 4020 sed
1724 3966 1777 4021 in
1819 3981 1992 4038 agone

407 4050 714 4106 Christiana
738 4061 1146 4120 perseverantes
1193 4070 1450 4110 coronam
1502 4056 1685 4124 gloria:
1726 4074 1826 4127 pro
1874 4060 1991 4115 suis

405 4142 795 4198 certaminibus
877 4143 933 4197 in
1001 4142 1211 4197 caelesti
1281 4160 1444 4215 regno
1515 4148 1792 4203 consecuti
1863 4158 1992 4204 sunt

409 4233 427 4307 (
445 4231 576 4302 Epit.
604 4249 654 4287 \‘l
671 4234 710 4304 ).

488 4322 745 4377 Venerunt
775 4340 935 4393 rcges,
959 4333 1008 4377 ct
1031 4334 1409 4394 pugnaverunt.
1437 4326 1807 4397 Pugnaverunt
1845 4347 1988 4402 reges

2089 1870 2291 1926 inimici
2310 1870 2471 1943 (Gen.
2497 1888 2581 1935 vr;
2614 1872 2742 1926 Luc.
2771 1873 2860 1946 χ).

2157 1961 2239 2017 De
2263 1962 2389 2017 εωΙο
2413 1963 2718 2017 dimicatum
2757 1974 2834 2018 est
2853 1974 3037 2019 contra
3060 1981 3169 2020 eos.
3194 1964 3371 2021 Stella:
3403 1976 3679 2021 manentes

2089 2053 2145 2107 in
2170 2053 2354 2108 ordine
2381 2063 2430 2108 et
2475 2069 2633 2107 cursu
2683 2055 2960 2110 adversum
3008 2055 3250 2112 Sisaram
3294 2069 3675 2127 pugnaverunt.

2090 2141 2169 2198 De
2211 2142 2370 2207 etnlo,
2416 2143 2612 2212 inquit,
2655 2143 2968 2199 dimicatum
3013 2154 3098 2200 est
3149 2155 3336 2201 contra
3375 2162 3493 2212 eos,
3545 2149 3674 2219 quia

2092 2233 2274 2289 divino
2300 2242 2437 2289 nutu
2473 2235 2578 2290 hoc
2622 2234 2822 2291 bellum
2866 2236 3184 2307 dispositum
3223 2246 3327 2302 est,
3362 2248 3418 2294 et
3466 2239 3677 2295 cmlcsti

2091 2323 2291 2379 virtute
2317 2325 2502 2381 hostes
2527 2336 2654 2382 sunt
2675 2326 2915 2382 universi
2963 2328 3244 2398 prostrati.
3299 2327 3438 2383 Nam
3483 2328 3673 2391 stellm,

2056 2415 2198 2485 ,hoc
2214 2426 2321 2484 est,
2344 2418 2540 2485 sancti,
2576 2419 2644 2474 de
2672 2420 2869 2489 quibus
2902 2434 3001 2488 per
3038 2418 3367 2490 Pmphetam
3412 2422 3678 2493 scriptum

2093 2514 2177 2563 est
2201 2525 2214 2561 :
2241 2507 2346 2574 Qui
2371 2519 2609 2562 numerat
2651 2508 3041 2563 multitudinem
3078 2508 3371 2575 stellarum,
3414 2519 3463 2564 et
3508 2513 3682 2564 omni-

2095 2600 2190 2654 bus
2212 2601 2288 2654 eis
2315 2600 2526 2654 nomina
2565 2609 2709 2654 vocat
2748 2598 2931 2671 (Psal.
2977 2597 3200 2671 CXLVI);
3244 2608 3301 2653 et
3340 2600 3674 2671 Apostolus:

2095 2688 2280 2755 Stella,
2302 2689 2401 2755 ait,
2441 2689 2506 2742 ab
2543 2688 2696 2744 stella
2730 2690 2906 2759 dillert
2944 2691 3001 2744 in
3045 2689 3288 2746 claritate
3324 2690 3374 2760 (I
3399 2688 3523 2745 Cor.
3560 2692 3678 2763 xv),

2095 2789 2377 2836 manentes
2400 2781 2455 2835 in
2484 2780 2673 2836 ordine
2700 2789 2758 2835 et
2777 2796 2938 2836 cursu
2966 2795 3087 2847 suo,
3109 2782 3236 2853 quia
3265 2782 3463 2854 singuli
3490 2798 3555 2837 ea
3584 2799 3677 2837 vo-

2094 2872 2307 2927 catione
2334 2888 2441 2942 qua
2465 2872 2584 2927 illos
2607 2871 2749 2927 Deus
2777 2873 2990 2928 vocavit
3018 2873 3073 2928 in
3128 2874 3220 2929 illa
3271 2885 3674 2944 permanentes,

2095 2963 2388 3018 secundum
2418 2962 2472 3017 id
2494 2962 2637 3031 quod
2663 2962 2845 3018 divina
2868 2964 3043 3032 gratia
3063 2978 3159 3019 eos
3194 2978 3356 3035 posse
3402 2965 3673 3025 concedit.

2094 3052 2301 3108 utiliter
2328 3052 2575 3108 laborant
2597 3061 2786 3109 contra
2813 3051 3053 3108 Sisaram
3074 3053 3395 3126 spiritalem,
3423 3053 3528 3110 hoc
3571 3064 3676 3118 est.

2093 3154 2283 3201 contra
2310 3146 2496 3201 mundi
2525 3145 2848 3217 principem,
2882 3147 2974 3216 qui
3002 3146 3202 3202 merito
3231 3147 3415 3217 gaudii
3445 3147 3679 3201 exclusia

2094 3238 2197 3293 dici
2223 3246 2420 3307 potest,
2443 3238 2572 3308 quia
2602 3238 2717 3293 veri
2739 3238 2923 3311 gaudii
2952 3254 3168 3310 semper
3188 3248 3486 3295 extraneus
3506 3250 3561 3295 et
3583 3257 3677 3295 cx-

2093 3342 2219 3398 pers
2247 3335 2354 3393 est,
2404 3327 2669 3382 instanter
2704 3336 2962 3399 pugnant,
2988 3330 3115 3384 dum
3143 3344 3240 3398 per
3264 3344 3426 3384 omne
3467 3339 3677 3399 tempus

2091 3416 2379 3487 prmsentis
2405 3416 2531 3471 vita:
2570 3417 2716 3472 intus
2767 3416 3008 3487 forisque
3057 3418 3317 3474 adversus
3357 3435 3485 3475 etim
3525 3420 3650 3475 belli

2093 3521 2284 3577 gerare
2313 3522 2420 3561 non
2447 3516 2684 3561 cessant.

2166 3582 2390 3652 Torrens
2417 3597 2576 3651 Cison
2599 3600 2759 3652 traxit
2781 3599 3038 3654 cadavera
3077 3617 3282 3667 eorum,
3326 3610 3530 3658 torrens
3567 3603 3672 3658 Ca-

2091 3688 2296 3753 dumin,
2328 3699 2530 3742 torrens
2561 3688 2737 3742 Cison.
2769 3690 2910 3757 Quid
2950 3705 3050 3761 per
3089 3700 3407 3759 torrentem,
3450 3694 3554 3749 nisi
3588 3712 3673 3749 rc-

2091 3781 2315 3851 pentina
2364 3781 2649 3836 subversio
2693 3782 3137 3839 demonstratur?
3163 3784 3327 3841 Cison
3350 3802 3480 3842 vero
3515 3790 3675 3858 impe-

2090 3882 2275 3945 gerunt
2301 3872 2387 3928 vel
2407 3872 2608 3927 duritia
2629 3889 2810 3927 eorum
2834 3874 3242 3945 interpretatur.
3281 3877 3349 3932 Et
3395 3879 3527 3948 quid
3574 3880 3674 3933 hoc

2092 3964 2312 4021 nomine
2340 3963 2445 4019 nisi
2471 3978 2763 4034 pravorum
2793 3964 3001 4020 malitia
3031 3966 3379 4039 designatur?
3424 3969 3484 4025 In
3530 3971 3672 4025 illam

2091 4056 2238 4112 enim
2265 4055 2647 4128 impingentes,
2695 4056 2910 4112 ruinam
2964 4059 3159 4115 mortis
3202 4076 3393 4117 omnes
3434 4062 3582 4134 impii
3619 4072 3673 4118 ct

2090 4155 2275 4211 hostes
2293 4154 2466 4224 plebis
2484 4154 2579 4209 Dei
2609 4154 2712 4210 sibi
2738 4154 3122 4211 consciverunt
3165 4166 3460 4227 perpetua.
3522 4158 3672 4215 Unde

2093 4248 2147 4302 in
2183 4244 2491 4311 Proverbiis
2537 4243 2741 4299 dictum
2783 4254 2869 4300 est
2894 4263 2907 4298 :
2932 4244 3000 4300 In
3027 4247 3235 4301 insidiis
3262 4248 3375 4301 suis
3403 4248 3671 4319 capientur

2091 4337 2256 4408 iniqui
2281 4333 2475 4408 (Prov.
2506 4350 2563 4388 xi
2584 4333 2624 4404 ).
2654 4334 2722 4388 Et
2748 4334 2876 4389 item
2898 4348 2917 4387 :
2947 4335 3264 4402 Excrecavit,
3306 4337 3503 4407 inquit,
3553 4338 3670 4392 i:'los

407 4411 660 4469 Chanaan
689 4415 744 4468 in
776 4412 1021 4468 Tltanaclt
1041 4414 1203 4484 juxta
1238 4432 1402 4486 aquas
1434 4414 1710 4487 llagedon,
1734 4429 1781 4473 et
1811 4429 1989 4476 tamen
2014 4452 2068 4512 D
2093 4428 2296 4488 malitia
2315 4441 2496 4483 eorum
2525 4422 2544 4494 (
2560 4421 2686 4493 Sap.
2710 4424 2806 4495 ιι).
2833 4424 3068 4480 Torrens
3091 4427 3234 4481 enim
3260 4436 3480 4497 propter
3499 4436 3673 4481 trans-

406 4503 534 4563 nihil
566 4503 731 4558 tulere
760 4504 1078 4574 praedantes.
1122 4504 1297 4577 Reges
1325 4506 1584 4563 Chanaan
1613 4510 1834 4581 maligni
1861 4522 1990 4568 sunt

407 4595 649 4663 spiritus,
674 4596 1009 4666 principatus
1045 4596 1297 4653 videlicet
1332 4606 1384 4653 et
1411 4607 1705 4667 potestates
1734 4604 1986 4659 tenebra-

406 4703 527 4748 rum
570 4690 784 4755 harum,
809 4692 901 4762 qui
948 4693 1350 4762 persecutiones
1398 4702 1454 4750 et
1502 4697 1640 4752 bella
1687 4699 1741 4754 in
1787 4702 1989 4758 mundo

406 4780 607 4836 Christi
651 4782 910 4840 militibus
931 4786 1214 4841 excitant:
1244 4801 1366 4856 qua:
1392 4786 1667 4853 Chanaan,
1701 4789 1794 4859 qui
1821 4791 1987 4847 inter-

404 4879 651 4949 pretatur
677 4882 847 4929 motus
871 4892 1071 4942 eorum,
1095 4877 1387 4949 signiﬁcat.
1429 4878 1811 4949 Pugnaverunt
1853 4897 1984 4955 ergo

406 4978 563 5035 reges
591 4963 679 5017 isti
711 4963 765 5017 in
794 4965 1071 5033 Thanach,
1109 4970 1212 5025 hoc
1235 4979 1338 5036 est,
1374 4970 1428 5025 in
1457 4970 1781 5036 humilitate,
1825 4970 1983 5042 juxta

406 5072 576 5127 aquas
602 5055 879 5127 Magedou,
905 5060 1048 5127 quod
1090 5077 1277 5116 nomen
1325 5079 1596 5132 pomorum
1645 5064 1760 5134 ejus
1802 5077 1981 5133 sonat,

404 5165 528 5206 cum
550 5164 645 5220 per
667 5149 937 5204 ﬁctionem
962 5149 1110 5207 falsae
1143 5154 1464 5211 humilitatis
1493 5156 1765 5228 decipere,
1817 5169 1872 5214 et
1914 5162 1982 5216 ad

404 5242 686 5297 illecebras
720 5240 1053 5311 voluptatum
1093 5243 1162 5295 ab
1190 5243 1515 5300 abstinentia
1552 5261 1738 5302 servos
1780 5246 1981 5304 Christi

404 5332 681 5387 retrahere
706 5338 978 5401 satagunt.
1007 5330 1134 5385 Inde
1162 5339 1246 5387 est
1291 5332 1433 5403 quod
1471 5350 1693 5405 serpens
1729 5337 1984 5407 antiquus

403 5422 457 5475 in
483 5422 736 5490 paradiso
759 5420 1109 5493 protoplastis
1124 5423 1325 5479 nostris
1349 5422 1673 5481 blandiendo
1692 5428 1978 5499 suggessit,

402 5519 457 5565 et
480 5511 547 5564 ad
574 5510 625 5566 id
647 5515 788 5582 quod
811 5514 999 5581 voluit,
1024 5514 1297 5571 illiciendo
1338 5520 1629 5586 pertraxit,
1683 5520 1868 5576 dicens
1912 5521 1980 5576 ad

403 5601 684 5657 mulierem
711 5623 723 5658 ε
752 5605 861 5660 Cur
874 5609 1119 5680 pra'cepit
1136 5608 1276 5663 vobis
1303 5608 1465 5674 Deus,
1489 5619 1547 5663 ut
1570 5627 1673 5665 non
1690 5612 1988 5674 comedere—_

405 5691 471 5743 tis
501 5690 566 5741 de
592 5694 729 5744 omni
764 5695 902 5764 tigna
929 5701 1167 5767 paradisi
1186 5702 1212 5756 7
1233 5700 1331 5757 Cui
1361 5702 1620 5773 respondit
1658 5702 1881 5757 mulier:
1905 5702 1981 5757 Dc

2095 4524 2231 4579 itum
2295 4521 2583 4576 decursum
2649 4531 2935 4587 aquarum,
2991 4516 3152 4572 simul
3210 4528 3393 4572 autem
3452 4528 3672 4589 propter

2093 4614 2351 4677 hiemem,
2396 4626 2559 4681 quam
2606 4610 2770 4665 habet
2811 4606 3149 4663 diversarum
3187 4607 3546 4662 tentationum
3591 4616 3670 4661 at-

2093 4719 2199 4773 que
2224 4702 2653 4768 tribulationum,
2691 4715 2933 4771 praesens
2983 4698 3093 4754 vita
3134 4708 3282 4753 recte
3336 4699 3666 4760 nominatur,

2092 4809 2213 4864 quae
2231 4793 2401 4848 traxit
2428 4794 2689 4848 cadavera
2712 4792 3021 4861 impiorum,
3049 4790 3177 4861 quia
3207 4789 3519 4845 morticinia
3538 4803 3667 4859 pec-

2091 4894 2334 4940 catorum
2358 4891 2581 4954 propter
2608 4880 2812 4937 scelera
2839 4881 3004 4936 multa
3037 4881 3103 4936 ad
3140 4880 3504 4952 perditionem
3563 4888 3668 4933 tra-

2089 4973 2167 5029 dit
2189 4982 2526 5043 perpetuam,
2556 4972 2614 5027 in
2640 4980 2890 5042 stagnum
2908 4971 3163 5027 videlicet
3186 4970 3406 5035 inferni,
3430 4969 3522 5026 ubi
3544 4985 3668 5025 cru-

2088 5066 2288 5120 ciatum
2323 5064 2557 5119 sentient
2587 5071 2999 5119 tormentorum.
3039 5060 3168 5116 Inde
3212 5059 3496 5125 Cadumin,
3549 5080 3673 5133 qua:

2087 5156 2476 5227 interpretatur
2498 5153 2807 5208 resurrectio
2830 5152 3055 5217 inutilis,
3089 5152 3290 5232 ibidem
3337 5169 3669 5210 commemo-

2087 5255 2261 5311 ratur,
2289 5246 2415 5315 quia
2438 5260 2545 5300 non
2566 5245 2634 5299 ad
2662 5245 2904 5314 requiem
2931 5244 2987 5299 in
3027 5246 3317 5302 novissima
3357 5247 3447 5303 die
3480 5264 3666 5305 resur-

2085 5347 2213 5405 geut
2235 5336 2409 5407 impii,
2432 5336 2527 5391 sed
2552 5342 2611 5390 ut
2634 5351 2757 5392 cum
2784 5335 2996 5391 diabolo
3033 5343 3092 5391 et
3130 5335 3338 5410 angelis
3379 5337 3500 5410 ejus
3550 5347 3667 5395 tru-

2084 5429 2281 5485 dantur
2307 5430 2361 5484 in
2393 5429 2570 5497 ignem
2598 5437 2882 5484 aeternum.

2154 5518 2441 5584 Conculca,
2469 5519 2648 5574 anima
2669 5536 2807 5584 mea,
2832 5520 3104 5586 robustos;
3152 5519 3363 5591 ungulae
3413 5537 3666 5592 equorum

2083 5610 2379 5665 ceciderunt
2406 5610 2725 5680 fugientibus
2750 5610 2965 5680 impetu,
2996 5620 3045 5663 et
3076 5626 3171 5682 per
3208 5626 3438 5682 princeps
3468 5610 3668 5664 ruenti-

2087 5701 2180 5755 bus
2228 5698 2523 5768 fortissimis
2568 5699 2814 5754 hostium.
2868 5699 3201 5756 Exhortatur
3241 5710 3414 5758 semet
3464 5701 3665 5758 cohors
