4000 6186
315 344 462 399 1149

1277 340 1631 397 (ΞΟΜΜΕΝΤ.
1671 340 1738 396 IN
1780 340 1905 394 LIB.
1948 340 2261 398 JUDICUM.
2297 375 2366 385 --
2403 344 2530 399 LIB.
2572 346 2612 399 l.

3433 353 3452 402 l
3470 350 3569 404 150

285 461 610 507 sanctorum
656 459 717 505 ut
765 459 1076 506 contemnat
1126 450 1388 506 satvitiam
1451 459 1881 522 persecutorum,
1909 452 1960 510 Λ
1986 451 2095 519 χι).
2128 451 2265 508 llinc
2292 452 2486 509 Paulus
2517 456 2571 509 in
2609 456 2831 512 Actibus
2868 459 3231 527 apostolorum
3272 462 3572 519 ιοειεηεδης

284 545 385 612 qui
421 542 548 597 licet
568 556 786 612 corpus,
827 543 928 597 hoc
971 552 1075 606 est,
1129 557 1243 596 rem
1290 542 1698 611 corruptibilcm
1742 541 1883 595 occi-

286 633 428 687 dere
451 632 677 702 possint,
709 631 946 685 animam
976 639 1155 687 tamen
1178 631 1295 686 sine
1318 632 1424 685 fine
1449 640 1754 686 manentem
1789 648 1883 687 ne-

292 738 428 776 care
458 738 562 775 non
586 729 812 791 possunt
844 720 1068 791 (Matth.
1099 720 1185 792 x).
1214 720 1456 792 Ungultr,
1491 722 1688 794 inquit,
1720 738 1883 792 equo-

292 828 418 865 rum
441 811 737 865 ceciderunt
782 810 1097 880 fugientibus
1132 812 1346 881 impetu.
1392 809 1531 879 Quid
1560 811 1702 865 enim
1742 810 1887 865 desi-

293 913 498 974 gnatur
528 920 625 973 per
653 904 907 973 ungulam
936 904 1082 974 equi,
1124 904 1228 959 nisi
1268 903 1393 959 ﬁnis
1433 904 1684 973 superbi?
1732 902 1886 975 Cadit

294 1010 432 1064 ergo
458 994 656 1065 ungula
682 994 806 1064 equi
845 993 946 1049 sub
969 994 1285 1064 fugientium
1310 995 1531 1064 impetu,
1564 1008 1687 1048 cum
1710 993 1887 1048 omnis

295 1083 664 1153 superborum
690 1084 1052 1149 contumacia,
1081 1099 1202 1154 quae
1230 1099 1317 1139 res
1343 1084 1575 1140 caducas
1603 1091 1658 1137 et
1704 1082 1890 1155 fugiti-

294 1188 403 1228 vas
441 1174 707 1242 sequitur,
750 1172 806 1226 in
844 1172 967 1240 .fine
1011 1174 1296 1245 praesentis
1361 1174 1488 1228 vita:
1552 1173 1884 1239 conteritur;

296 1272 570 1332 ruentquc
622 1262 905 1318 fortissimi
973 1264 1209 1318 hostium
1252 1264 1305 1318 in
1359 1278 1620 1334 praeceps,
1672 1264 1892 1333 quando

295 1362 429 1423 post
457 1353 659 1409 factum
679 1352 944 1421 judicium
965 1354 1259 1423 tlisperient
1297 1355 1363 1409 de
1409 1355 1629 1410 civitate
1678 1354 1891 1410 Domini

297 1463 497 1503 omnes
525 1449 618 1519 qui
658 1458 954 1518 operantur
988 1448 1361 1519 iniquitatem,
1408 1456 1464 1502 et
1514 1448 1894 1518 demergentur

300 1542 356 1595 iu
393 1541 663 1597 infernum
684 1558 873 1598 omnes
891 1550 1079 1612 gentes
1122 1557 1243 1612 qua:
1286 1540 1677 1596 obliviscuntur
1713 1540 1895 1595 Domi-

298 1647 458 1686 num.

381 1721 680 1777 Maledicite
698 1733 850 1778 terra:
873 1723 1076 1788 Heras,
1098 1724 1234 1778 dixit
1256 1723 1472 1795 angelus
1490 1724 1721 1789 Domini;
1737 1723 1899 1778 male-

1980 539 2178 597 Judmis
2203 538 2385 599 Jcsum
2424 560 2546 600 esse
2582 545 2860 601 Christum
2889 566 2901 601 :
2928 548 3416 607 Contradicentibus
3464 572 3571 607 ανον

1981 641 2081 686 tem
2117 633 2221 688 illis
2267 644 2316 689 et
2368 634 2865 702 blasphemantibus,
2920 639 3184 692 excutiens
3244 641 3570 707 vestimenta,

1982 720 2116 776 dixit
2147 722 2217 776 ad
2241 740 2327 777 eos
2348 740 2366 778 :
2390 723 2621 794 Sanguis
2652 734 2816 779 vester
2846 726 2912 779 sit
2952 743 3109 796 super
3130 738 3284 797 caput
3321 740 3569 796 vestrum,

1983 812 2212 865 mundus
2232 830 2325 882 ego
2347 830 2413 866 ex
2444 814 2542 867 hoc
2568 814 2637 867 ad
2664 825 2840 885 gentes
2869 815 3061 868 vadam
3103 814 3250 887 (Act.
3275 833 3404 872 xvm
3424 820 3464 887 ).

2055 901 2338 957 Benedicta
2360 904 2496 957 inter
2521 904 2765 959 mulieres
2793 904 2934 969 Jael,
2959 922 3096 960 uxor
3121 907 3260 960 Aber
3281 905 3451 973 Cinei,
3488 909 3547 963 be
3568 942 3573 945 τ

1986 991 2265 1046 nedicatur
2293 992 2348 1045 in
2370 992 2707 1047 tabernaculo
2744 1011 2862 1049 suo.
2914 994 3161 1050 Diximus
3208 1012 3375 1065 supra
3432 999 3571 1067 quod

1986 1081 2125 1150 Jael,
2148 1099 2268 1153 qua:
2305 1084 2692 1154 interpretatur
2729 1088 2987 1151 ascensio,
3037 1087 3151 1141 sive
3200 1088 3403 1159 requies
3452 1088 3573 1152 Dei,

1989 1177 2320 1248 signiﬁcaret
2348 1176 2643 1231 Ecclesiam
2666 1193 2733 1232 ex
2758 1178 3011 1247 gentibus
3033 1188 3435 1250 congregatam,
3454 1196 3576 1250 qua:

1991 1282 2220 1323 ascensu
2250 1268 2510 1322 virtutum
2533 1268 2587 1322 in
2621 1269 2851 1323 sublime
2892 1270 3191 1335 extollitur,
3230 1281 3285 1325 et
3323 1272 3379 1326 in
3422 1274 3576 1344 cujus

1992 1359 2406 1414 mansuetudine
2438 1368 2603 1430 atque
2628 1359 2909 1414 devotione
2938 1358 3173 1430 Spiritus
3206 1361 3297 1415 Dei
3328 1363 3574 1430 requies-

1994 1468 2121 1509 cere
2164 1454 2514 1525 dignoscitur.
2578 1455 2704 1510 Hmc
2734 1456 2879 1510 inter
2922 1456 3176 1512 mulieres
3216 1456 3575 1512 benedicitur.

1996 1543 2122 1612 quia
2153 1543 2223 1597 ab
2241 1544 2495 1599 omnibus
2520 1544 2723 1599 sanctis
2755 1545 3039 1600 animabus
3061 1554 3362 1615 opportune
3392 1543 3567 1597 lauda-

2000 1644 2106 1701 tur,
2136 1650 2257 1705 qute
2281 1637 2444 1692 etiam
2470 1636 2570 1690 fuit
2616 1652 2756 1691 uxor
2800 1637 2948 1692 Aber
2980 1636 3152 1702 Cinei,
3198 1652 3322 1691 cum
3374 1634 3575 1691 Christ‘

2001 1727 2144 1796 regis
2171 1736 2227 1782 et
2263 1728 2477 1783 Domini
2503 1728 2673 1782 nostri
2724 1728 3131 1799 triumphatoris
3164 1729 3349 1798 utique
3389 1728 3582 1781 mortis

304 1811 467 1865 dicite
485 1812 867 1866 habitatoribus
893 1814 1028 1883 ejus,
1055 1814 1179 1886 quia
1207 1832 1310 1869 non
1354 1824 1597 1869 venerunt
1634 1813 1705 1868 ad
1745 1815 1898 1869 auxi-
1926 1795 1972 1853 Β
2001 1795 2195 1889 sponsa
2224 1818 2559 1873 nobilissima
2587 1833 2706 1874 esse
2735 1795 3085 1889 praedicatur;
3121 1836 3245 1874 nam
3262 1795 3421 1874 _Aber
3462 1835 3569 1872 cer-

303 1901 449 1955 Iium.
466 1901 701 1967 Domini,
725 1904 779 1957 in
802 1904 1127 1973 adjutorium
1148 1904 1554 1974 fortissimorum
1587 1904 1720 1975 ejus.
1759 1903 1897 1971 Quid

305 2009 408 2063 per
437 2001 637 2049 terram
665 1994 864 2061 Meroz,
887 1996 990 2051 nisi
1022 1997 1315 2051 vanitatem
1350 1996 1503 2051 istius
1557 1995 1759 2057 mundi,
1812 1993 1898 2049 vel

304 2084 917 2141 ﬂuxumtlesideriorum
936 2087 1234 2141 carnalium
1261 2087 1565 2158 intelligere
1588 2100 1896 2155 possumus,

302 2193 433 2247 qua:
466 2178 642 2233 omnis
671 2178 953 2248 prophetia
983 2195 1138 2234 sacra
1170 2179 1439 2247 improbat
1465 2193 1530 2231 ac
1558 2176 1900 2231 detestatur?

306 2269 493 2324 Mcroz
541 2271 686 2324 enim
738 2287 877 2341 aqua
924 2279 1433 2324 exsecramentorunt
1487 2268 1896 2337 interpretatur,

304 2372 364 2418 et
397 2362 594 2417 merito
621 2378 760 2434 aqua
789 2371 1320 2417 exsecramentorum
1360 2364 1634 2416 mundana
1690 2358 1903 2413 deside-

306 2454 391 2508 ria
436 2455 802 2519 nominantur,
846 2454 973 2523 quia
1008 2455 1125 2509 base
1175 2461 1497 2510 testamenta
1543 2451 1723 2506 divina
1754 2449 1905 2505 velut.

307 2542 545 2607 inutilia,
574 2545 682 2598 imo
703 2544 875 2615 magis
906 2544 1068 2598 noxia
1106 2543 1321 2598 famulis
1358 2543 1479 2606 Dei,
1528 2539 1902 2595 interdicendo

306 2642 690 2687 exsecrantur.
716 2633 867 2687 Hanc
887 2633 1112 2703 angelus
1141 2632 1373 2697 Domini,
1398 2632 1502 2685 hoc
1540 2639 1643 2692 est,
1688 2636 1903 2699 aposto-

306 2725 452 2779 licus
478 2733 671 2789 cmtus,
693 2734 750 2780 et
773 2726 951 2780 omnis
979 2726 1114 2780 ordo
1136 2732 1447 2779 sanctorum
1472 2723 1753 2777 doctorum
1783 2736 1902 2775 ma-

305 2816 550 2871 [edicere
573 2816 817 2881 mandat,
839 2816 967 2886 quia
1001 2816 1256 2870 omnibus
1302 2830 1360 2870 se
1412 2813 1763 2883 sequentibus
1806 2827 1904 2865 no-

302 2907 460 2963 xiam
488 2906 712 2975 praebet,
740 2921 1038 2975 omnesque
1067 2904 1533 2973 babitatoresejus
1555 2904 1669 2974 ipsa
1683 2903 1906 2958 maledi-

304 2998 500 3053 ctione
527 2997 958 3066 comprehendit,
982 2998 1107 3067 quia
1138 3004 1413 3051 amatores
1445 3010 1574 3050 suos
1593 3010 1651 3049 se
1676 3009 1906 3065 sequen-

310 3097 400 3143 tes
435 3088 502 3143 ad
528 3103 609 3142 va:
637 3095 958 3157 perpetuum
983 3089 1151 3143 ducit.
1179 3088 1283 3157 Ipsi
1312 3102 1442 3157 ergo
1487 3102 1592 3141 non
1641 3092 1906 3140 venerunt

309 3180 384 3234 ad
408 3178 665 3233 auxilium
681 3179 894 3233 Domini
914 3179 967 3232 in
984 3177 1308 3246 adiutorium
1329 3176 1746 3232 fortissimorum
1765 3174 1904 3243 ejus.

313 3270 539 3342 quando
558 3270 818 3341 apostolis
840 3268 1261 3340 praedicantibus
1292 3267 1346 3321 in
1384 3276 1498 3321 toto
1551 3267 1685 3320 orbe
1725 3265 1907 3320 Evan-

314 3361 522 3432 gelium
544 3360 767 3416 credere
804 3359 1082 3422 nolebant,
1122 3372 1224 3412 nec
1260 3355 1486 3410 verbum
1532 3354 1629 3409 Dei
1665 3354 1910 3423 recipere

316 3450 754 3511 consentiebant.
794 3448 860 3503 Et
889 3448 1010 3502 ideo
1045 3448 1100 3502 in
1136 3445 1501 3515 voluptatibus
1519 3444 1635 3499 suis
1667 3442 1909 3512 corrupti

315 3554 380 3601 et
399 3540 799 3616 abominabiles.
823 3538 949 3594 facti
971 3547 1129 3604 sunt;
1156 3537 1284 3606 quia
1307 3544 1583 3591 auctorem
1623 3534 1749 3588 vita:
1774 3548 1907 3587 con-

321 3635 634 3697 temnendo,
665 3632 1007 3702 iniquitatem
1034 3629 1089 3684 in
1115 3628 1371 3685 cordibus
1396 3626 1512 3682 suis
1558 3624 1730 3680 moliti
1761 3631 1907 3680 sunt.

319 3730 510 3785 Potest
539 3736 595 3781 et
613 3724 870 3779 Jutlaicus
890 3721 1118 3793 pepulus
1146 3729 1307 3775 terra:
1334 3717 1511 3772 Meroz
1556 3715 1775 3771 nomine
1801 3730 1909 3769 non

323 3817 766 3875 inconvenienter
784 3813 978 3883 accipi,
1004 3812 1095 3881 qui
1117 3826 1176 3865 se
1198 3815 1541 3864 sacramento
1564 3804 1908 3869 constrinxit,

321 3910 542 3981 quando
590 3908 763 3978 legem
810 3903 1083 3974 accipiens
1131 3901 1267 3955 dixit
1313 3919 1326 3953 :
1371 3898 1684 3953 Maledicta:
1741 3895 1911 3949 omnis

320 4002 415 4073 qui
440 4017 543 4054 non
572 4006 837 4070 permanet
860 3997 915 4049 in
934 3993 1255 4048 sermonibus
1275 3992 1403 4063 legis
1441 3991 1620 4060 hujus,
1677 4005 1770 4043 nec
1824 4004 1912 4042 eos

326 4108 483 4161 opere
504 4090 706 4161 per/icit
736 4087 926 4158 (Deut.
960 4084 1166 4153 xxvn).
1197 4083 1312 4138 Hac
1355 4084 1499 4138 enim
1529 4081 1914 4137 maledictione

324 4198 520 4238 omnes
542 4166 823 4237 constricti
841 4186 986 4241 sunt,
1017 4191 1155 4247 quos
1171 4175 1370 4231 Christi
1413 4174 1582 4245 gratia
1629 4174 1696 4228 de
1747 4173 1916 4227 male-

326 4274 476 4329 dicto
498 4271 630 4342 legis
652 4285 758 4325 non
778 4267 1049 4323 liberavit.
1076 4266 1220 4321 Bene
1248 4280 1379 4337 ergo
1399 4265 1731 4320 habitatores
1754 4272 1915 4319 terrae

327 4361 493 4431 hujus
522 4359 742 4432 angelus
762 4357 975 4413 Domini
1005 4356 1298 4420 maledicit,
1327 4356 1453 4425 quia
1496 4370 1601 4410 non
1648 4361 1916 4409 venerunt

1998 1918 2174 1962 tamen
2194 1908 2378 1970 iniens,
2404 1915 2457 1962 et
2476 1906 2675 1963 Cineus
2694 1910 2949 1977 possessio
2972 1910 3055 1963 vel
3078 1911 3303 1965 wrarius
3325 1924 3473 1963 meus
3495 1909 3548 1962 iu
3562 1936 3580 1945 ι

2000 2006 2347 2067 terpretatur.
2374 1998 2441 2052 Et
2466 2000 2586 2067 quis
2608 1999 2800 2055 melius
2819 2009 3092 2056 certamen
3112 2001 3286 2055 iniens
3312 2000 3579 2054 nominari

1997 2098 2194 2159 potest,
2222 2104 2384 2157 quam
2436 2089 2765 2159 Redemptor
2812 2099 2998 2145 noster
3046 2092 3136 2161 qui
3174 2090 3417 2145 conﬂixit
3459 2106 3581 2143 Cttltl

1998 2181 2182 2235 mundi
2203 2180 2464 2250 principe,
2496 2196 2727 2250 eumque
2763 2190 2938 2236 morte
2967 2198 3065 2236 sua
3094 2197 3357 2252 superans
3370 2196 3585 2251 posses-

2000 2286 2091 2326 sor
2115 2270 2289 2326 factus
2313 2280 2397 2326 est
2417 2270 2540 2327 caeli
2570 2280 2626 2326 et
2647 2280 2826 2337 tet-rte,
2866 2273 2933 2327 de
2966 2288 3074 2343 quo
3094 2273 3233 2327 dixit
3259 2273 3581 2344 Apostolus;

2000 2360 2237 2417 Christus
2264 2362 2434 2430 factus
2455 2372 2531 2417 est
2557 2380 2651 2434 pro
2673 2363 2819 2418 nobis
2841 2364 3083 2419 obediens
3116 2362 3269 2418 Patri
3304 2381 3466 2436 usque
3515 2375 3584 2418 aa

1999 2464 2239 2518 mortem,
2267 2462 2484 2508 mortem
2511 2463 2683 2508 autem
2710 2455 2880 2509 crucis
2901 2470 2919 2508 :
2941 2465 3151 2526 propter
3174 2455 3313 2526 quod
3353 2464 3402 2510 et
3443 2454 3587 2510 Deus

2000 2544 2246 2599 exultavit
2274 2544 2448 2610 illum,
2494 2555 2542 2600 et
2563 2546 2775 2600 donavit
2803 2544 2884 2600 illi
2915 2563 3102 2601 nomen
3124 2548 3265 2617 quod
3311 2558 3385 2602 est
3433 2562 3589 2617 super

2001 2652 2151 2690 omne
2175 2653 2382 2701 nomen,
2410 2645 2466 2690 ut
2493 2638 2551 2690 in
2572 2638 2780 2691 nomine
2803 2636 2934 2691 Iesu
2969 2654 3121 2692 omne
3164 2656 3298 2709 genu
3342 2640 3589 2708 ﬂectatur

2000 2726 2302 2793 caelestium,
2333 2738 2382 2783 et
2404 2731 2748 2795 terrestrium,
2766 2740 2812 2785 et
2837 2730 3183 2799 infernarum,
3212 2741 3260 2783 et
3287 2732 3455 2784 omnis
3483 2730 3587 2781 lin-

2000 2830 2105 2884 gua
2127 2817 2459 2884 confiteatur,
2487 2818 2612 2887 quia
2636 2818 2891 2873 Dominus
2912 2820 3066 2873 Jesus
3083 2818 3315 2873 Christus
3340 2819 3395 2871 in
3419 2817 3589 2884 gloria

2004 2915 2078 2959 est
2102 2905 2200 2959 Dei
2231 2906 2410 2959 Patris
2433 2905 2606 2972 (Phil.
2629 2906 2723 2979 ιι).
2754 2907 3131 2970 Benedicatur,
3165 2906 3358 2977 inquit,
3381 2905 3499 2962 Jacl
3533 2905 3588 2958 in

2006 2995 2354 3051 tabernaculo
2377 3012 2497 3061 suo,
2522 2998 2628 3052 hoc
2656 3006 2763 3062 est,
2789 2998 2840 3051 in
2873 2997 3110 3052 Ecclesia
3151 2997 3443 3060 catholica,
3468 3011 3589 3065 qua:

2007 3094 2092 3141 est
2115 3102 2214 3156 per
2257 3086 2567 3142 universum
2612 3088 2800 3141 orbem
2854 3087 3067 3151 ditfusa,
3122 3087 3195 3141 ibi
3235 3086 3397 3140 etiam
3459 3085 3592 3139 fides

2010 3180 2247 3249 gentium
2277 3178 2550 3243 laudatur,
2580 3179 2924 3250 prmdicatur,
2981 3188 3144 3248 atque
3189 3179 3388 3247 ubique
3434 3176 3592 3232 dilib-

2010 3276 2211 3321 matur.

2085 3354 2288 3425 Aquam
2316 3356 2507 3425 petenti
2543 3356 2626 3409 lae
2654 3355 2821 3417 dedit,
2851 3372 2974 3411 cum
3003 3356 3220 3411 diabolo
3251 3357 3303 3411 in
3333 3356 3598 3411 membris

2011 3449 2126 3503 suis
2152 3448 2364 3502 luxuria
2389 3457 2445 3502 et
2472 3448 2693 3505 libidine
2727 3459 2892 3519 atque
2926 3449 3152 3504 avaritia
3186 3449 3434 3504 aestuanti
3455 3466 3597 3503 mor—

2014 3537 2240 3591 talitatis
2267 3535 2668 3605 simplicitatem
2706 3537 2975 3605 opposuit.
3004 3536 3074 3589 Et
3103 3538 3160 3590 in
3192 3537 3371 3607 phiala
3402 3538 3598 3605 princi-

2010 3629 2155 3699 pium
2185 3625 2369 3681 obtulit
2407 3625 2677 3695 butyrum,
2704 3640 2827 3681 cum
2848 3626 2902 3679 in
2933 3626 3179 3680 doctrina
3218 3628 3588 3696 apostolorum

2009 3716 2295 3787 pratcipuae
2342 3714 2646 3770 dilectionis
2695 3715 3005 3770 ostenderat
3048 3714 3266 3770 donum.

2082 3806 2363 3863 Sinistram
2383 3823 2596 3860 manum
2608 3805 2830 3860 misitad
2849 3804 3071 3870 clavum,
3097 3815 3145 3859 et
3169 3805 3407 3859 dextram
3430 3804 3502 3858 ad
3516 3805 3600 3873 Ia-

2014 3901 2226 3957 brorum
2243 3897 2479 3953 malleos.
2497 3897 2636 3965 Quid
2651 3913 2749 3968 per
2762 3898 3039 3953 sinistram
3052 3913 3268 3951 manum
3278 3939 3293 3964 ,
3321 3898 3423 3953 nisi
3446 3912 3601 3953 exte-.

2014 3992 2175 4047 rioris
2187 3992 2421 4047 hominis
2432 4000 2674 4056 actus,et
2686 3991 2923 4062 quidper
2934 3991 3235 4053 dexteram,
3253 3990 3355 4044 nisi
3369 3990 3594 4044 interio—

2014 4083 2090 4137 ris
2112 4082 2351 4137 studium
2376 4081 2730 4152 exprimitur?
2752 4081 2969 4135 Manum
3005 4095 3135 4150 ergo
3153 4080 3427 4135 sinistram
3451 4079 3601 4135 misit

2013 4177 2130 4234 Jael
2152 4187 2339 4233 nostra
2357 4178 2427 4232 ad
2454 4178 2684 4241 clavum,
2717 4192 2838 4231 cum
2875 4176 2942 4229 ad
2972 4172 3377 4230 similitudinem
3418 4173 3605 4229 crucis.

2015 4269 2218 4325 Christi
2247 4269 2489 4325 carnalia
2518 4269 2570 4322 in
2601 4284 2660 4323 se
2684 4267 3004 4323 abstinendo
3033 4264 3600 4320 mortificavitdeside-

2016 4361 2132 4426 ria;
2164 4369 2221 4416 et
2243 4361 2524 4415 dexteram
2551 4358 2618 4413 ad
2648 4358 2927 4412 fabrorum
2949 4356 3196 4420 malleos,
3247 4368 3372 4408 cum
3423 4354 3607 4409 inten‘

328 4452 400 4507 ad
423 4452 682 4507 auxilium
708 4451 763 4505 in
797 4447 1125 4517 adiutorium
1154 4446 1572 4500 fortissimorum
1602 4445 1742 4514 ejus,
1788 4461 1912 4503 cum
1937 4468 1990 4529 ι)
2016 4453 2216 4508 tionem
2245 4450 2411 4506 animi
2442 4450 2525 4504 sui
2568 4450 2635 4503 ad
2675 4448 3043 4504 meditandum
3071 4446 3396 4517 praeparavit
3429 4445 3605 4507 libros

329 4545 776 4616 pnedicatoribus
795 4542 968 4597 sancti
994 4538 1267 4610 Evangelii
1289 4552 1394 4592 non
1423 4538 1598 4593 solum
1630 4553 1736 4593 non
1763 4538 1915 4608 adju-

333 4648 505 4702 tores,
529 4637 625 4692 sed
647 4634 944 4692 adversarii
974 4634 1171 4703 ubique
1193 4630 1391 4701 reperti
1416 4638 1560 4685 sunt.
1608 4630 1762 4687 Unde
1804 4632 1918 4701 ipse

334 4729 600 4783 mediator
627 4728 721 4783 Dei
747 4735 805 4783 et
828 4726 1126 4789 hominum,
1152 4724 1244 4794 qui
1281 4731 1504 4793 propter
1528 4723 1918 4778 incarnationis

334 4818 649 4889 mysterium
673 4818 854 4888 magni
894 4817 1105 4872 consilii
1157 4814 1381 4886 angelus
1424 4824 1766 4884 nuncupatus
1813 4823 1916 4879 est,

336 4911 391 4966 in
424 4911 714 4981 Evangelio
743 4910 942 4981 legitur
967 4909 1300 4980 exprobrare
1318 4906 1628 4962 civitatibus
1643 4908 1697 4963 in
1722 4908 1918 4976 quibus

336 5003 494 5058 factae
519 5012 644 5059 sunt
672 5003 917 5074 plurima:
941 5002 1170 5057 virtutes
1203 4997 1343 5069 ejus,
1374 5014 1543 5068 quare
1555 5013 1660 5054 non
1683 4999 1921 5069 egissent

335 5096 731 5166 paenitentiam,
785 5094 973 5149 dicens
1016 5092 1160 5147 illis:
1191 5090 1285 5145 Va:
1324 5090 1439 5154 tibi,
1487 5089 1787 5153 Carozaim,
1840 5105 1919 5143 vce

334 5187 451 5252 tibi,
480 5185 764 5241 Bethsaida
785 5200 804 5238 :
824 5183 947 5256 quia
966 5183 1013 5239 si
1032 5183 1086 5237 in
1112 5181 1248 5252 Tyro
1269 5190 1320 5236 et
1346 5179 1545 5237 Sidone
1570 5182 1725 5250 factte
1750 5189 1920 5235 essent

336 5283 548 5335 virtutes
574 5296 694 5350 qua:
724 5279 879 5347 facta:
907 5287 1026 5332 sunt
1053 5277 1108 5330 in
1130 5274 1297 5339 vobis,
1326 5274 1451 5328 olim
1475 5275 1531 5327 in
1571 5274 1740 5327 cilicio
1764 5282 1812 5326 et
1844 5273 1920 5325 ci-

339 5388 460 5425 nere
488 5371 842 5442 pmnitentiant
874 5369 1113 5438 egissent.
1182 5364 1551 5419 Verumtamen
1586 5364 1701 5418 dico
1732 5362 1873 5419 vobis
1893 5380 1912 5415 :

341 5461 478 5531 Tyro
507 5471 557 5516 et
586 5459 775 5517 Sidoni
800 5459 1065 5513 remissius
1094 5458 1191 5511 erit
1216 5456 1273 5509 in
1291 5455 1376 5509 die
1395 5453 1590 5525 judicii
1632 5468 1789 5524 quam
1836 5470 1918 5506 vo-

339 5556 417 5609 bis
444 5554 676 5627 (Matth.
701 5553 811 5624 χι).
842 5552 979 5607 Hinc
1015 5552 1143 5605 item
1190 5551 1257 5605 ad
1306 5549 1643 5620 legisperitos
1677 5548 1787 5601 ait:
1824 5544 1918 5599 Vw

338 5645 483 5700 vobis
505 5643 835 5715 legisperitis,
874 5641 998 5711 quia
1027 5639 1219 5694 tulistis
1266 5638 1458 5693 clavem
1506 5636 1755 5690 scientiae.
1810 5633 1920 5705 Ipsi

323 5724 447 5800 ὀιοη
475 5740 751 5806 iutroistis,
774 5747 821 5794 et
853 5753 937 5791 eos
968 5736 1055 5807 qui
1079 5733 1360 5791 introibant
1398 5731 1735 5803 prohilmistis
1766 5728 1917 5805 (Luc.

2016 4552 2330 4600 sanctorum
2360 4542 2727 4611 apostolorum
2757 4556 2820 4596 ac
2846 4540 3251 4609 prophetarum.
3304 4536 3409 4607 Ipsi
3468 4547 3598 4593 sunt

2017 4637 2162 4692 enim
2209 4634 2322 4690 veri
2381 4633 2640 4698 artifices,
2689 4633 2779 4702 qui
2827 4640 3159 4686 armaturam
3215 4620 3493 4689 ctelestem
3542 4630 3599 4685 in

2018 4728 2178 4781 domo
2207 4735 2410 4780 sanctae
2434 4708 2691 4778 Ecclesiae
2713 4723 2997 4787 fabricant,
3026 4738 3092 4779 ac
3106 4724 3371 4779 militibus
3392 4721 3601 4781 Chriin

2019 4818 2088 4873 ad
2138 4815 2500 4872 dimicandum
2556 4820 2746 4869 contra
2808 4812 2993 4866 hostes
3042 4813 3311 4883 spiritales
3360 4811 3597 4869 tradunt.

2020 4908 2165 4963 Bene
2188 4921 2318 4977 ergo
2345 4905 2547 4960 dictum
2571 4911 2673 4967 est,
2712 4902 2855 4971 quod
2882 4899 2998 4957 Jael
3042 4901 3303 4957 ambabus
3350 4900 3601 4955 manibus

2021 5000 2075 5054 in
2096 4998 2248 5054 clavo
2283 5006 2339 5052 et
2386 4994 2597 5050 malleis
2636 5001 2917 5062 occupata,
2965 4993 3243 5048 inimicum
3285 4990 3465 5063 populi
3517 4986 3599 5039 sui

2020 5090 2369 5162 percusserit,
2409 5086 2538 5156 quia
2580 5083 2924 5155 praedicando
2965 5083 3138 5155 legem
3188 5082 3308 5146 Dei,
3352 5094 3415 5133 ac
3458 5079 3598 5135 bona

2020 5182 2268 5252 exempla
2302 5182 2564 5235 virtutum
2605 5175 2963 5243 ostendendo,
2991 5176 3204 5232 hostem
3246 5170 3600 5229 smvissimum

2016 5273 2249 5330 necavit.

2088 5365 2452 5435 Percussitqtte
2474 5362 2734 5429 Sisaram,
2753 5377 2990 5433 quaerens
3009 5360 3065 5414 in
3087 5356 3253 5426 capite
3277 5352 3506 5408 vulneris
3523 5350 3602 5429 lo:

2015 5474 2151 5520 cum,
2184 5466 2235 5509 et
2261 5464 2459 5524 tempus
2484 5452 2654 5507 valide
2678 5451 2971 5521 perferens.
3000 5447 3162 5502 Clavo
3184 5457 3313 5512 ergo
3338 5455 3460 5495 cum
3484 5439 3601 5495 sits

2022 5548 2143 5621 palo
2159 5561 2281 5601 eum
2302 5544 2492 5599 malleo
2514 5541 2808 5608 interfecit,
2834 5538 3116 5610 perforans
3145 5542 3357 5601 tempus
3382 5529 3595 5621 capitis:

2024 5619 2150 5707 quia
2171 5634 2501 5704 superbiam,
2528 5649 2649 5704 qua:
2671 5639 2834 5701 caput
2859 5628 3026 5684 totius
3068 5623 3276 5696 peccati
3327 5629 3411 5678 est
3455 5622 3473 5689 (
3491 5619 3603 5675 lni-

2024 5728 2154 5782 tium
2209 5727 2342 5781 enim
2389 5726 2554 5780 anulis
2592 5722 2787 5794 peccati
2811 5717 3053 5790 superbia
3098 5711 3308 5795 [Eccli.
3341 5709 3478 5787 πὶ),
3508 5724 3603 5784 per

2354 5811 2379 5836 ο
