4000 6186
400 338 533 390 ιιδι

1085 336 1144 390 Β.
1188 333 1438 391 RABANI
1477 337 1695 393 MAURI
1731 335 2049 391 ARClllEP.
2091 334 2397 392 MOGUNT.
2436 332 2719 390 OPERUM
2756 333 2935 389 PARS
2973 334 3015 388 l.

3522 336 3666 391 “5?.

395 450 753 506 humilitatem
780 448 1047 519 passionis
1076 448 1275 505 Christi
1316 451 1369 505 in
1417 452 1670 506 cordibus
1718 451 1971 505 humanis
1997 458 2049 514 Α
2073 450 2263 503 versis.
2295 448 2422 503 ilzec
2459 462 2587 503 vero
2615 449 2945 519 temporibus
2970 450 3083 504 suis
3132 452 3396 519 nnplctati
3427 449 3661 519 favebat,

399 541 690 596 interemit.
722 539 868 594 Inter
909 539 1060 609 pedes
1083 540 1197 606 ejus
1228 541 1353 603 ruit,
1406 540 1592 609 defecit
1642 552 1691 593 et
1735 550 1972 593 mortuus

397 643 504 696 est;
531 643 651 686 ante
677 631 830 701 pedes
859 631 1002 684 illius
1024 624 1322 685 volvebatur
1340 643 1387 685 et
1405 632 1613 700 jacebat
1643 633 1898 685 exanimis
1928 642 1974 685 et

397 720 729 776 miserabilis.
775 720 965 774 Praedo
1026 719 1288 775 nefandus
1334 721 1477 775 inter
1503 721 1665 789 pedes
1734 720 1976 775 mulieris

399 826 557 865 ruere
602 826 666 864 ac
700 808 899 877 jacere,
928 817 981 864 et
1011 818 1254 864 mortuus
1309 825 1431 864 esse
1472 811 1815 875 describitur,
1851 812 1978 880 quia

398 901 573 955 hostis
622 900 875 969 antiquus
920 900 1018 953 sub
1071 900 1299 968 pedibus
1346 900 1603 954 Ecclesim
1669 909 1975 969 superatus,

398 998 701 1059 prostratus
721 999 883 1058 atque
904 988 1169 1043 contritus
1202 1003 1320 1043 esse
1344 989 1696 1058 dignoscitur,
1729 1005 1853 1044 cum
1882 1006 1983 1061 per

397 1086 721 1148 potestatem
762 1078 864 1131 sibi
894 1093 923 1131 a
957 1077 1177 1132 Christo
1216 1078 1485 1142 collatam,
1539 1094 1754 1133 omnem
1792 1080 1981 1134 mortis

400 1170 818 1225 dominationem
873 1170 1137 1224 vincendo
1190 1170 1411 1224 damnat
1464 1180 1626 1238 atque
1678 1170 1977 1226 conculcat.

399 1259 552 1315 Unde
577 1260 631 1313 in
657 1259 857 1314 Genesi
882 1260 1146 1314 Dominus
1194 1260 1259 1313 de
1302 1260 1526 1314 muliere
1572 1260 1637 1314 ad
1677 1268 1982 1328 serpentem

396 1351 473 1403 ait
497 1368 510 1403 :
535 1348 660 1419 Ipsa
685 1358 912 1403 conteret
936 1359 1091 1420 caput
1110 1359 1279 1414 tuum,
1301 1360 1349 1402 et
1380 1360 1435 1402 tu
1459 1350 1789 1403 insidiaberis
1815 1348 1988 1403 calca-

398 1458 493 1494 neo
513 1441 626 1511 ejus
667 1437 826 1513 (Gen.
859 1441 973 1507 ιιι).
1024 1441 1159 1496 Hinc
1197 1450 1253 1496 et
1296 1441 1545 1495 Salvator
1595 1443 1648 1496 in
1694 1440 1984 1511 Evangelia

396 1531 673 1600 discipulis
697 1532 773 1585 ait
805 1531 979 1584 :Ecce
1014 1532 1082 1585 do
1104 1533 1244 1585 vobis
1272 1541 1576 1601 potestatem
1611 1531 1849 1585 caleandi
1896 1547 1986 1585 su-

395 1636 488 1689 per
511 1630 769 1689 serpentes
795 1630 843 1672 ει
878 1621 1194 1689 scorpiones,
1233 1633 1279 1675 et
1315 1638 1471 1691 super
1493 1637 1696 1675 omnem
1745 1622 1986 1675 virtutem

395 1710 594 1763 inimici
617 1709 777 1775 (Luc.
806 1709 893 1779 ιι).
917 1708 1068 1764 Jacet
1094 1725 1222 1779 ergo
1260 1711 1527 1765 exanimis
1565 1725 1628 1764 ac
1660 1710 1989 1766 miserabilis

2074 557 2195 594 cum
2246 541 2451 594 cultum
2500 541 2886 594 dznmnniorum
2936 542 3209 607 laudabat,
3264 559 3329 598 ac
3387 545 3511 600 ideo
3544 547 3666 603 huic

2074 630 2236 683 matri
2274 629 2619 699 nequissimae
2642 630 2795 699 quasi
2825 630 3147 685 blandiendo
3175 632 3519 702 loquebatur,
3543 651 3665 690 cum

2075 718 2369 787 potentiam
2421 717 2679 772 falsorum
2724 721 2948 774 deorqu
2997 735 3093 775 ore
3145 721 3378 777 nefando
3408 726 3672 780 mundum

2078 823 2268 877 regere
2319 809 2700 873 attestahatur,
2738 809 2980 863 omnium
3032 824 3217 881 regum
3270 812 3453 880 prmlia
3508 824 3673 884 atque

2076 904 2333 958 victorias
2361 919 2548 958 eorum
2597 903 2787 957 virtuti
2841 904 3167 970 ascribebat,
3212 907 3674 976 praasentiumque

2078 1010 2262 1049 rerum
2305 992 2723 1061 jucunditatem,
2773 993 2929 1063 quasi
2976 993 3417 1063 pulcherrimam,
3455 995 3671 1050 illorum

2080 1085 2271 1139 honori
2304 1083 2594 1139 convenire
2614 1082 2846 1137 dicebat.
2878 1081 3031 1137 Unde
3073 1083 3416 1151 subsequitur
3443 1084 3630 1138 dicens
3656 1101 3671 1138 :

2090 1174 2265 1229 Vestes
2287 1175 2607 1229 diversorum
2638 1174 2872 1227 colorum
2900 1172 3097 1228 Sisara:
3126 1176 3410 1229 traduntur
3442 1177 3512 1229 ad
3538 1193 3675 1246 prcr-

2081 1264 2225 1328 dam,
2270 1273 2319 1316 et
2361 1262 2594 1332 supellex
2643 1264 2791 1317 varia
2824 1263 2896 1317 ad
2945 1265 3184 1318 ornanda
3233 1264 3369 1318 colla
3418 1269 3672 1336 congerit.

2082 1353 2275 1408 Vestes
2301 1353 2637 1407 diversorum
2662 1353 2902 1408 colorum
2927 1368 3213 1423 possumus
3241 1365 3560 1410 ornamenta
3595 1357 3676 1410 in-

2087 1440 2331 1511 telligere
2359 1441 2647 1508 idolorum,
2697 1441 2782 1495 vel
2825 1432 3068 1497 carmiiia
3112 1455 3414 1515 poetarum,
3462 1462 3584 1515 qua:
3608 1445 3678 1501 ad

2085 1533 2345 1587 honorem
2381 1532 2605 1587 deorum
2655 1550 2878 1589 suorum
2926 1535 3154 1590 diversis
3211 1538 3399 1591 metris
3450 1538 3680 1608 gentiles

2087 1624 2440 1679 condiderunt
2464 1641 2479 1690 ;
2509 1633 2563 1679 et
2591 1626 2979 1694 supellectilem
3005 1628 3231 1692 variam,
3266 1630 3479 1683 diversa
3500 1629 3679 1685 ollicia

2087 1713 2344 1770 falsorum
2375 1715 2738 1780 sacerdotum,
2777 1731 2896 1784 qua:
2938 1716 3096 1771 idolis
3123 1718 3236 1771 suis
3282 1717 3681 1773 studiosissime

398 1799 513 1869 ipse
566 1808 807 1854 vastator
860 1800 1291 1855 nelandissimus
1335 1810 1460 1856 ante
1513 1803 1677 1871 pedes
1717 1802 1980 1866 mulieris,
2011 1799 2058 1857 B
2086 1804 2484 1873 impendebant.
2519 1802 2625 1858 Sed
2674 1805 2788 1858 haec
2820 1805 3002 1858 omnia
3047 1806 3188 1859 sicut
3226 1805 3414 1860 frivola
3455 1807 3679 1861 luerunt

397 1906 522 1944 cum
545 1891 788 1960 quotidie
810 1906 910 1959 per
937 1891 1118 1956 (idem,
1144 1907 1293 1960 spem
1327 1908 1391 1946 ac
1412 1893 1724 1961 patientiam
1748 1892 1984 1947 fidelium

397 1982 772 2046 mortificatur,
815 1990 869 2036 et
895 1982 962 2035 ad
984 1990 1286 2035 extremum
1317 1983 1637 2036 absorbetur
1658 1983 1711 2036 in
1737 1983 1982 2037 victoria.

399 2071 512 2125 Nec
520 2073 638 2141 jam
663 2071 798 2126 ultra
826 2073 922 2125 erit
950 2090 1111 2137 mors,
1135 2090 1296 2143 neque
1322 2073 1514 2139 luctus,
1556 2091 1719 2145 neque
1766 2074 1985 2142 clamor,

396 2164 645 2232 quoniam
675 2164 852 2232 priora
882 2164 1201 2217 transierunt
1233 2164 1430 2235 (Apoc.
1455 2164 1593 2235 XXI).

475 2252 583 2305 Per
611 2253 891 2320 fenestram
946 2255 1264 2324 prospiciens
1308 2254 1544 2307 ululabat
1579 2264 1743 2307 mater
1766 2254 1901 2322 ejus,
1940 2263 1988 2308 et

397 2342 464 2396 de
492 2341 756 2396 rmnacnlo
799 2343 1124 2414 loquebatur.
1177 2345 1306 2410 Quae
1348 2352 1432 2399 est
1458 2344 1602 2398 enim
1630 2352 1801 2397 mater
1831 2342 1989 2411 hujus

399 2432 660 2501 spiritalis
686 2432 919 2498 Sisarae,
966 2434 1068 2488 hoc
1106 2442 1209 2496 est,
1245 2435 1487 2488 omnium
1525 2434 1853 2503 iniquorum,
1885 2434 1990 2487 nisi

399 2524 651 2592 impietas
675 2540 796 2593 qua:
817 2533 992 2580 mater
1018 2534 1180 2595 atque
1205 2527 1474 2580 inventrix
1502 2535 1586 2581 est
1607 2527 1868 2580 universas
1888 2527 1991 2580 ini-

400 2613 642 2684 quitatis.
679 2613 829 2668 Unde
856 2615 910 2669 in
934 2614 1071 2669 libro
1099 2613 1224 2669 Jesu
1249 2616 1344 2669 lilii
1367 2616 1556 2669 Siracb
1583 2604 1841 2683 scriptum
1862 2623 1946 2669 est
1971 2634 1984 2669 :

400 2702 621 2756 Initium
647 2703 902 2773 superbia:
930 2705 1155 2759 hominis
1193 2715 1489 2774 apostatare
1510 2722 1543 2759 a
1585 2705 1714 2768 Deo,
1741 2705 1989 2775 quoniam

401 2794 465 2847 ab
517 2810 577 2847 eo
621 2796 708 2865 qui
759 2794 882 2863 fecit
935 2794 1105 2860 illum,
1158 2797 1366 2853 recessit
1402 2813 1493 2849 cor
1519 2797 1633 2866 ejus
1680 2795 1879 2868 (Eccle.
1906 2795 1985 2866 χ).

404 2881 556 2937 Dolet
582 2885 728 2938 enim
751 2901 816 2940 ac
843 2887 1242 2955 quodammodo
1266 2888 1439 2941 ululat
1462 2888 1577 2942 haec
1606 2896 1780 2942 mater
1800 2888 1853 2952 in
1873 2902 1993 2942 cor-

403 2973 559 3028 dibus
585 2973 894 3043 impiorum,
922 2991 1043 3030 cum
1077 2975 1308 3032 deiicere
1346 2976 1701 3031 idololatriam
1730 2992 1827 3046 per
1852 2992 1993 3046 pras-

401 3064 724 3119 dicationem
754 3065 1028 3135 Evangelii
1055 3066 1110 3120 in
1146 3073 1257 3121 toto
1285 3066 1417 3121 orbe
1455 3065 1779 3130 considerat,
1805 3080 1870 3119 ac
1891 3080 1993 3134 per

2087 1892 2141 1946 in
2171 1894 2547 1959 azstimatione,
2592 1894 2671 1948 sic
2700 1895 2863 1948 etiam
2895 1895 3073 1965 turpia
3108 1898 3439 1965 apparebant
3480 1904 3536 1950 in
3581 1914 3679 1952 ac-

2089 1985 2251 2040 tione.
2303 1985 2456 2040 Unde
2500 1986 2745 2039 Debbora
2796 1987 3053 2055 spiritalis
3106 1989 3374 2043 canticum
3428 2006 3585 2044 suum
3618 1990 3687 2045 li-

2087 2076 2305 2140 niendo,
2338 2076 2411 2129 ita
2442 2076 2725 2140 conclusit,
2760 2077 2945 2131 dicens
2972 2096 2985 2130 :
3018 2076 3106 2131 Sic
3128 2088 3341 2148 pereant
3371 2096 3550 2133 omnes
3576 2082 3682 2134 ini-

2087 2164 2209 2216 mici
2237 2165 2333 2229 tui,
2359 2164 2617 2228 Domine;
2656 2165 2747 2235 qui
2795 2175 2969 2219 autem
2996 2165 3221 2235 diligunt
3262 2178 3333 2231 te,
3363 2168 3497 2221 sicut
3519 2169 3599 2222 sol
3623 2171 3681 2222 in

2088 2266 2206 2309 ortu
2232 2273 2327 2309 suo
2364 2256 2614 2326 splendet,
2657 2258 2733 2310 ita
2777 2257 3009 2310 rutilent.
3064 2255 3278 2311 Perient
3315 2269 3613 2329 peccatores
3640 2276 3679 2312 α

2091 2346 2227 2416 facie
2252 2346 2350 2399 Dei
2386 2357 2436 2399 et
2458 2348 2593 2417 justi
2632 2347 2962 2401 exsultabant
2988 2350 3045 2403 in
3089 2361 3361 2420 conspectu
3392 2350 3510 2414 Dei,
3532 2352 3681 2406 dele-

2090 2448 2285 2491 ctantes
2322 2439 2376 2492 in
2404 2438 2608 2492 laetitia.
2653 2439 2805 2505 Quod
2849 2448 3027 2494 autem
3075 2439 3188 2493 ait:
3237 2440 3343 2505 Qui
3381 2441 3607 2511 diligunt
3630 2451 3685 2496 te

2090 2529 2223 2582 sicut
2245 2527 2324 2582 sol
2358 2529 2411 2581 in
2433 2539 2549 2582 ortu
2570 2546 2665 2582 suo
2689 2528 2939 2602 splendet,
2967 2530 3042 2583 ita
3071 2528 3304 2595 rutilent,
3345 2531 3431 2584 vel
3477 2533 3686 2600 tropice

2091 2636 2157 2675 ex
2194 2620 2624 2690 splendidissimo
2667 2620 2931 2675 elemento
2953 2620 3179 2692 gloriam
3221 2621 3509 2675 maximam
3556 2638 3688 2677 san-

2090 2721 2300 2766 ctorum
2350 2712 2404 2766 in
2453 2712 2607 2766 cmlis
2652 2726 2751 2782 per
2794 2711 3254 2782 comparationem
3301 2712 3682 2778 demonstrat;

2090 2803 2176 2858 vel
2230 2803 2523 2858 secundum
2577 2803 2894 2872 mysterium
2959 2801 3365 2856 similitudinem
3423 2802 3676 2856 incorru-

2092 2895 2293 2965 ptionis
2316 2894 2670 2950 humanitatis
2695 2892 2916 2958 Christi,
2946 2893 3040 2963 qui
3077 2891 3159 2946 sol
3194 2892 3422 2962 justitice
3446 2892 3687 2962 appella-

2092 2981 2559 3055 turﬂlalaclmv),
2616 2983 2821 3038 sanctis
2874 2983 2931 3037 in
2981 2981 3161 3036 futura
3209 2982 3321 3036 vita
3368 2983 3681 3051 promittit;

2093 3074 2233 3128 unde
2258 3071 2492 3128 Joannes
2519 3073 2793 3143 apostolus
2823 3072 2876 3126 in
2912 3072 3144 3141 Epistola
3174 3088 3269 3126 sua
3311 3072 3380 3125 ad
3403 3072 3686 3126 credentes

400 3156 695 3210 fenestram
735 3166 898 3226 atque
922 3159 1262 3214 ccenaculum
1293 3158 1464 3214 fastus
1492 3157 1748 3212 mundani
1778 3159 1987 3227 prospi-
2016 3158 2075 3217 Ο·
2094 3163 2335 3217 scribens
2356 3163 2459 3216 ait:
2491 3160 2819 3227 Charissimi,
2852 3178 2989 3215 nunc
3014 3160 3113 3228 ﬁlii
3136 3161 3234 3215 Dei
3257 3177 3458 3225 sumus,
3482 3169 3531 3213 et
3553 3176 3687 3213 non-

401 3249 572 3314 ciens,
604 3250 781 3304 taliter
827 3250 1097 3319 loquitur:
1147 3250 1255 3304 Cur
1292 3259 1531 3303 moratur
1568 3248 1769 3319 regredi
1807 3263 1993 3300 currus

401 3337 556 3404 ejus?
593 3354 756 3406 quare
797 3340 1133 3392 tardaverttnt
1178 3339 1332 3408 pedes
1374 3339 1751 3408 quadrigarum
1798 3336 1940 3389 illius
1969 3337 1994 3388 ξ)

403 3425 542 3492 Quid
568 3436 693 3480 sunt
737 3428 1013 3497 quadriga:
1038 3436 1093 3482 et
1134 3444 1323 3482 currus
1352 3428 1570 3491 diaboli,
1601 3428 1704 3481 nisi
1746 3427 1993 3481 homines

403 3516 631 3571 diversis
660 3516 937 3571 erroribus
967 3526 1128 3587 atque
1158 3517 1302 3571 vitiis
1333 3517 1496 3571 dediti
1518 3518 1541 3569 ?
1565 3516 1822 3585 Princeps
1849 3519 1991 3571 enim

403 3608 608 3673 mundi,
639 3608 729 3678 qui
775 3615 964 3679 regnat
1011 3624 1174 3678 super
1218 3608 1499 3664 universos
1543 3608 1679 3663 lilios
1708 3608 1987 3678 superbiae,

403 3701 548 3755 velut
591 3702 952 3769 potentiorum
1007 3702 1063 3755 in
1113 3702 1316 3755 malitia
1372 3709 1425 3754 et
1470 3716 1692 3771 regnum
1740 3700 1994 3769 nequitia:

406 3801 593 3847 tenens
624 3792 914 3862 quadrigas
962 3792 1095 3862 agit.
1140 3791 1257 3846 Non
1287 3792 1361 3846 illi
1417 3792 1551 3845 satis
1599 3799 1681 3845 est
1724 3791 1817 3844 uni
1853 3805 1993 3860 equo

404 3882 717 3946 ascendere,
762 3882 1023 3952 plurimos
1069 3884 1229 3938 simul
1278 3883 1464 3952 agitat,
1522 3882 1784 3951 plurimos
1832 3879 1994 3935 simul

405 3972 576 4042 plagis
605 3972 759 4026 tortis
783 3974 1025 4027 verberis
1074 3974 1237 4043 cogit.
1294 3972 1653 4041 Quoscunque
1697 3971 1897 4026 videris
1939 3971 1993 4024 in

409 4064 619 4118 luxuria
653 4064 945 4134 turpiores,
975 4065 1029 4117 in
1062 4064 1436 4118 incredulitate
1481 4063 1750 4123 εωνίοιοε,
1783 4062 1837 4115 in
1869 4077 1995 4115 ava-

408 4154 533 4208 ritia
580 4154 852 4216 tetriores,
885 4153 942 4207 in
970 4154 1246 4223 impietate
1289 4153 1684 4222 ﬂagitiosiores,
1727 4152 1862 4206 scito
1891 4153 1995 4206 hoc

381 4238 473 4298 'tle
497 4244 772 4313 quadrigis
800 4257 920 4298 esse
941 4243 1259 4306 Pharaonis,
1289 4243 1420 4312 ipsis
1446 4243 1615 4306 sedet,
1647 4242 1790 4311 ipsos
1812 4242 1993 4296 currui

407 4350 504 4388 suo
523 4334 814 4404 subjungit,
845 4335 898 4388 in
922 4333 1053 4403 ipsis
1072 4333 1244 4387 fertur
1263 4340 1316 4386 et
1339 4332 1543 4395 volitat,
1568 4339 1623 4385 et
1641 4346 1738 4400 per
1779 4338 1993 4400 apertos

406 4429 674 4483 scelerum
707 4442 929 4496 campos
959 4425 1142 4480 elfusis
1168 4440 1263 4479 eos
1293 4425 1404 4495 agit
1427 4424 1673 4478 habenis.

483 4516 602 4571 Una
649 4517 936 4588 sapientior
965 4517 1167 4570 cwteris
1217 4515 1466 4569 uxoribus
1514 4515 1629 4584 ejus
1671 4516 1782 4568 [nec
1822 4514 1996 4567 socrui

406 4606 560 4659 verba
586 4606 843 4676 respondit
868 4622 884 4659 :
912 4604 1163 4659 Forsitan
1205 4621 1341 4658 nunc
1378 4604 1560 4658 dividit
1582 4602 1771 4674 spolia,
1797 4612 1843 4656 et
1879 4599 1997 4671 pul-

407 4696 664 4748 cherrima
695 4696 1009 4765 feminarum
1053 4697 1264 4766 eligitur
1301 4696 1367 4749 ei.
1406 4694 1652 4748 Diximus
1691 4708 1853 4762 supra
1888 4691 1994 4745 im-

408 4787 685 4854 pietatem,
714 4803 832 4855 qum
867 4788 1225 4843 idololatriam
1258 4787 1489 4856 primum
1513 4784 1736 4847 invenit,
1768 4790 1993 4835 matrem

408 4889 530 4930 esse
574 4872 768 4928 Sisara:
796 4875 952 4943 hujus
978 4878 1254 4946 spiritalis,
1295 4876 1422 4946 quia
1453 4875 1692 4929 membra
1729 4871 1867 4941 ejus,
1895 4874 1997 4928 hoc

410 4972 514 5029 est,
545 4963 737 5032 impios
771 4973 826 5017 et
853 4976 1170 5033 peccatores
1201 4967 1252 5021 in
1287 4966 1450 5020 variis
1492 4962 1786 5018 sceleribus
1825 4963 1997 5017 nutrit

411 5072 475 5112 ac
502 5055 666 5110 fovet.
704 5052 857 5109 Nunc
897 5072 1026 5109 vero
1067 5058 1191 5125 quia
1234 5073 1372 5111 uxor
1399 5057 1516 5126 ejus
1540 5056 1628 5109 hic
1669 5068 1997 5109 commemo-

415 5151 563 5202 ratur
604 5140 900 5210 sapientior
951 5142 1178 5207 cmteris,
1226 5142 1364 5195 hanc
1415 5156 1521 5195 non
1552 5139 1997 5194 inconvenientcr

413 5236 740 5290 mundanam
762 5230 1079 5301 sapientiam
1104 5232 1347 5299 accipere
1366 5246 1670 5299 possumus.
1703 5227 1836 5282 Nam
1858 5230 1996 5283 sicut

414 5326 480 5378 de
503 5323 767 5392 sapientia
794 5321 972 5376 divina
999 5335 1028 5374 a
1054 5318 1341 5375 Salomone
1368 5320 1578 5374 dicente
1600 5319 1856 5387 scriptum
1879 5328 1991 5374 est:

416 5411 571 5469 Hanc
585 5416 780 5479 amavi,
797 5422 845 5467 et
859 5411 1111 5484 exquisivi
1126 5428 1238 5466 eam
1255 5411 1555 5480 ajuventute
1576 5426 1708 5475 mea,
1723 5418 1768 5463 et
1783 5409 1997 5479 qua’sivi

414 5517 658 5569 sponsam
685 5519 967 5569 assumere,
990 5510 1039 5556 et
1068 5510 1273 5556 amator
1308 5499 1479 5569 factus
1504 5516 1621 5553 sum
1640 5499 1826 5569 forma:
1846 5497 1994 5553 illius

417 5589 568 5660 (Sap.
594 5593 749 5663 vni):
804 5595 878 5648 ita
911 5603 968 5648 et
1012 5592 1288 5664 gentilium
1332 5589 1552 5646 solertia
1602 5590 1993 5660 philosophiam

420 5681 745 5737 mundanam
773 5686 1061 5757 praeposuit
1098 5686 1288 5757 opibus
1316 5681 1544 5739 terrenis
1582 5698 1643 5737 ac
1678 5681 1837 5737 rebus
1876 5680 1994 5737 uni-

2093 3253 2218 3305 dum
2243 3253 2483 3322 apparuit
2510 3252 2635 3323 quid
2668 3254 2881 3306 erimus.
2916 3251 3124 3306 Scimus
3162 3253 3411 3321 quoniam
3447 3266 3567 3303 cum
3591 3266 3689 3319 trp-

2092 3346 2347 3415 paruerit,
2374 3345 2567 3399 similes
2612 3346 2661 3398 ei
2683 3347 2894 3411 erimus,
2922 3346 3173 3415 quoniam
3223 3344 3511 3397 videbimus
3537 3357 3683 3406 eum,

2092 3434 2246 3487 sicuti
2275 3443 2349 3487 est
2382 3433 2433 3505 (Ι
2458 3432 2621 3487 Joon.
2650 3431 2756 3503 ιιι).

2692 3524 2920 3580 CAPUT
2949 3524 3089 3580 XIV.

2096 3615 2248 3680 Quoi
2273 3615 2371 3683 ﬁlii
2395 3615 2562 3669 Israel
2610 3614 2792 3668 traditi
2832 3623 2953 3667 sunt
2981 3623 3190 3683 propter
3230 3620 3445 3683 peccatu
3485 3627 3595 3683 sua
3627 3610 3682 3662 in

2125 3680 2311 3739 manus
2336 3685 2556 3739 Madian
2587 3695 2777 3753 septem
2806 3680 2989 3747 annis,
3015 3694 3061 3737 et
3077 3680 3312 3753 'oppressi
3336 3691 3455 3734 sunt
3479 3680 3645 3735 valde.

2165 3775 2314 3847 (Car.
2352 3773 2452 3844 vi.)
2480 3774 2768 3843 Postquam
2815 3774 3085 3828 canticum
3135 3772 3262 3825 illud
3306 3770 3684 3841 propheticum

2094 3865 2356 3919 Debbora:
2378 3871 2433 3917 et
2462 3863 2668 3917 Barach
2719 3863 2991 3931 expletum
3037 3870 3140 3925 est,
3174 3861 3408 3930 scriptor
3442 3859 3683 3913 historia:

2097 3954 2163 4009 ad
2187 3955 2430 4009 ordinem
2476 3953 2801 4008 narrationis
2848 3968 2959 4008 sua:
3015 3953 3174 4017 redit,
3223 3960 3384 4020 atque
3411 3951 3490 4004 rei
3517 3958 3680 4022 gesta:

2097 4046 2245 4114 cupit
2265 4045 2549 4099 ostendere
2572 4044 2877 4109 veritatem,
2892 4044 2968 4097 ila
2994 4043 3179 4098 dicens
3204 4056 3219 4094 :
3246 4040 3552 4111 Quievitque
3580 4049 3682 4093 ter-

2096 4153 2156 4189 ra
2185 4151 2276 4205 per
2299 4134 2649 4205 quadraginta
2677 4151 2862 4188 annos.
2903 4132 3161 4187 Fecerunt
3184 4142 3359 4185 autem
3385 4130 3484 4199 ﬁlii
3512 4129 3681 4183 Israel

2096 4226 2293 4280 malum
2312 4228 2366 4280 in
2401 4236 2673 4296 conspectu
2710 4226 2946 4290 Domini,
2974 4225 3063 4295 qui
3084 4224 3301 4277 tradidit
3326 4240 3414 4277 eos
3444 4223 3498 4275 in
3523 4237 3681 4274 manu

2097 4315 2316 4370 Madian
2345 4326 2533 4386 septem
2572 4318 2744 4380 annis,
2787 4325 2835 4369 et
2874 4316 3101 4385 oppressi
3129 4323 3248 4367 sunt
3290 4312 3440 4369 valde
3480 4313 3546 4365 ab
3585 4314 3678 4364 eis.

2097 4410 2338 4477 Quicscit
2365 4421 2531 4475 terra,
2558 4410 2731 4464 donec
2759 4409 2989 4478 quiescit
3020 4398 3324 4476 peccatum.
3358 4404 3562 4458 Moveri
3589 4419 3682 4456 au-

2020 4496 2208 4555 Dtem
2243 4500 2442 4555 dicitur
2472 4509 2638 4564 terra,
2673 4499 2777 4553 hoc
2805 4506 2910 4561 est,
2941 4496 2995 4550 bi
3040 4496 3133 4564 qui
3166 4495 3415 4549 habitant
3455 4500 3680 4555 terram,

2095 4610 2219 4650 cum
2267 4593 2477 4647 animas
2522 4592 2798 4647 hominum
2839 4603 3055 4644 movere
3079 4588 3347 4656 cmperint
3371 4596 3427 4639 et
3475 4595 3684 4655 pertur-

2095 4685 2225 4739 bare
2247 4691 2487 4753 peccata.
2533 4682 2601 4736 Et
2628 4682 2748 4735 ideo
2773 4682 3034 4749 scriptum
3071 4685 3156 4732 est
3194 4677 3320 4741 hoc,
3359 4678 3503 4745 quod
3542 4690 3685 4728 nunc

2097 4790 2338 4845 praesens
2366 4774 2526 4830 lectio
2561 4773 2818 4837 continet,
2846 4781 2893 4825 et
2920 4770 3131 4841 quievit,
3168 4769 3365 4838 inquit,
3394 4779 3534 4821 terra
3556 4785 3686 4838 qua-

2098 4866 2341 4936 draginta
2380 4865 2553 4919 annis.
2598 4864 2667 4917 Et
2711 4863 2940 4933 fecerunt
2981 4860 3079 4924 filii
3113 4859 3283 4914 Israel
3308 4857 3598 4928 malignum
3630 4860 3684 4911 in

2097 4967 2371 5026 conspectu
2403 4955 2639 5020 Domini,
2686 4963 2734 5008 et
2785 4953 2999 5007 tradidit
3028 4968 3114 5006 eos
3156 4950 3412 5005 Dominus
3441 4951 3498 5003 in
3524 4966 3687 5003 manu

2101 5046 2320 5101 Madian
2347 5048 2498 5100 annis
2524 5055 2736 5115 septem.
2771 5043 2839 5098 Et
2865 5042 3082 5097 invaluit
3122 5058 3308 5095 manus
3340 5039 3564 5093 Madian
3593 5056 3690 5093 su-

2097 5154 2189 5206 per
2216 5134 2405 5191 Israel.
2452 5136 2590 5190 Dum
2615 5145 2761 5190 esset
2801 5149 2932 5204 ergo
2965 5132 3179 5203 justitia
3210 5132 3263 5184 in
3299 5141 3468 5193 terra,
3497 5130 3551 5184 id
3578 5140 3685 5192 est,

2101 5226 2154 5280 in
2183 5227 2383 5296 bisqui
2426 5226 2674 5280 habitant
2707 5233 2929 5288 terram,
2972 5222 3239 5293 quievisse
3272 5221 3473 5274 dicitur
3515 5228 3684 5274 terra.

2098 5314 2230 5369 Cum
2259 5331 2386 5370 vero
2434 5315 2660 5370 increvit
2704 5314 2983 5384 iniquitas,
3021 5322 3068 5366 et
3119 5312 3350 5379 fecerunt
3395 5307 3689 5378 malignum

2096 5411 2151 5464 in
2169 5420 2440 5481 conspectu
2464 5410 2698 5474 Domini,
2722 5420 2845 5463 tunc
2874 5408 3089 5462 tradidit
3118 5423 3224 5470 eos,
3270 5405 3466 5473 inquit,
3492 5401 3688 5456 Domi—

2098 5517 2194 5555 nus
2221 5502 2277 5555 in
2302 5518 2488 5555 manus
2508 5499 2730 5555 Madian
2751 5500 2903 5554 annis
2931 5510 3144 5569 septem.
3185 5497 3296 5553 Nec
3323 5498 3582 5552 dicuntur
3603 5498 3689 5547 in-

2095 5592 2329 5647 valuisse
2373 5591 2678 5647 Madianitze
2723 5607 2884 5662 super
2927 5591 3181 5661 populum
3232 5589 3468 5653 Domini,
3511 5588 3688 5642 donec

2096 5693 2361 5755 praecepta
2391 5683 2601 5741 Domini
2635 5682 2865 5755 populus
2893 5680 3200 5739 custodivit.
3241 5679 3377 5736 Cum
3419 5694 3547 5733 vero
3588 5691 3680 5733 nee
