4000 6186
361 286 503 341 1153

1327 283 1675 339 COMMENT.
1714 283 1779 338 IN
1819 285 1947 339 LIB.
1987 283 2302 341 JUDICUM.
2338 316 2406 325 —
2447 287 2569 340 LIB.
2610 287 2652 341 I.

3485 292 3620 349 1151

356 396 559 468 gligere
582 396 746 466 cmpit
789 398 1038 452 mandata
1064 396 1266 460 divina,
1311 397 1583 451 robustior
1611 406 1665 450 et
1713 397 1941 451 validior
1967 404 2016 460 Α
2045 397 2240 459 ﬁdem;
2269 394 2371 452 iste
2396 399 2577 452 omnia
2617 399 2832 454 condita
2859 415 2955 454 sua
2984 404 3285 456 evacuavit.
3325 411 3382 459 et
3405 421 3472 459 ex
3498 422 3618 460 om-

356 488 643 542 adversum
674 504 798 542 eum
836 488 1025 543 ell'ecta
1071 496 1155 541 est
1196 487 1431 542 hostium
1478 500 1687 538 manus.
1728 486 1796 539 Et
1844 488 1938 541 ad-

356 592 572 633 versum
598 577 747 632 illum
793 579 1006 647 quidem
1053 579 1286 648 priorem
1335 577 1586 647 populum
1634 576 1939 645 corporales

357 666 711 736 insurgebant
743 668 941 729 hostes,
990 684 1113 722 cum
1162 668 1510 738 deliquisset;
1548 669 1806 725 adversus
1838 685 1937 725 nos

356 767 539 811 autem
565 757 656 825 qui
684 757 849 812 Israel
879 759 1174 812 secundum
1215 757 1472 828 Spiritum
1492 758 1744 822 dicimur,
1775 761 1936 830 spiri-

359 846 481 900 talis
513 847 631 901 sine
679 847 844 901 dubio
891 848 1063 902 bostis
1092 849 1342 919 insurgit,
1388 863 1511 902 cum
1540 850 1795 903 mandata
1843 851 1938 905 Dei

355 936 700 1006 negligimus,
735 945 934 992 etcum
960 937 1162 992 Christi
1209 947 1474 1007 praecepta
1517 941 1934 1005 contemnimus,

353 1027 583 1081 validior
605 1028 892 1083 adversum
915 1044 1013 1083 nos
1052 1028 1280 1082 ellicitur
1302 1028 1604 1083 dremonum
1646 1045 1859 1096 manus,
1881 1038 1938 1085 et

356 1118 620 1170 tradimur
648 1118 810 1171 etiam
838 1133 937 1172 nos
965 1119 1219 1183 inimicis,
1250 1134 1373 1173 cum
1405 1120 1730 1175 discedimus
1758 1136 1788 1175 a
1816 1137 1937 1191 gra-

355 1208 450 1260 tia.
497 1205 603 1262 Sed
625 1208 906 1263 videamus
930 1209 1060 1278 quid
1112 1209 1308 1264 accidit
1351 1210 1430 1264 eis
1472 1210 1563 1280 qui
1597 1209 1780 1265 traditi
1810 1219 1936 1267 sunt

350 1310 453 1365 pro
479 1297 718 1367 peccatis
744 1297 877 1352 suis.

422 1387 783 1460 Feceruntque
807 1388 906 1443 sibi
929 1399 1080 1444 antra
1106 1400 1152 1444 et
1181 1389 1451 1462 speluncas
1480 1394 1534 1445 in
1577 1393 1861 1459 montibus,
1887 1402 1937 1448 et

348 1479 699 1535 munitissima
743 1480 811 1534 ad
840 1481 1232 1552 repugnandum
1279 1480 1412 1535 loca.
1454 1479 1684 1552 Cumque
1730 1481 1938 1535 sevisset

354 1572 542 1639 Israel,
574 1574 879 1628 ascendebat
902 1574 1143 1640 Madian,
1181 1585 1230 1630 et
1254 1575 1465 1629 Amalec
1484 1585 1533 1630 et
1566 1577 1742 1630 caeteri
1766 1578 1939 1630 orien-

349 1662 537 1716 talium
569 1665 856 1728 nationum,
890 1673 938 1718 et
967 1665 1105 1735 apud
1139 1682 1225 1720 eos
1252 1666 1466 1736 ligentes
1515 1668 1758 1731 tentoria,
1802 1669 1935 1721 sicut

2042 488 2200 542 nibus
2228 487 2577 543 facultatibus
2608 490 2721 543 suis
2751 500 2925 545 nudus
2954 509 3175 561 repente
3211 512 3266 550 et
3292 497 3469 552 inanis
3494 498 3620 554 effe-

2038 587 2159 632 ctus
2186 587 2288 644 est,
2320 580 2446 647 quia
2486 580 2575 633 diu
2609 581 2884 648 qumsitus,
2916 590 2971 635 et
2996 584 3163 637 multo
3189 586 3272 638 vix
3302 586 3482 641 labore
3506 588 3620 641 col-

2039 666 2178 720 lecto
2208 668 2387 721 subito
2428 668 2605 722 omnis
2635 667 2836 722 ell‘usus
2876 676 2958 723 est
3002 670 3190 736 labor;
3224 681 3278 726 et
3318 674 3457 728 sicut
3489 675 3619 731 dicit

2037 756 2299 824 propheta
2325 773 2337 808 :
2363 756 2555 809 Omnes
2564 755 2786 824 justitiaz
2808 758 2942 826 ejus,
2963 775 3093 828 quas
3116 759 3256 828 fecit,
3279 778 3379 815 non
3400 780 3626 820 comme—

2038 846 2382 900 morabuntur
2410 847 2626 917 (Ezech.
2650 846 2825 918 xvm).
3508 832 3511 835 ἦ

2107 936 2219 1005 Ipsi
2237 937 2373 990 enim
2395 938 2620 991 uniuersi
2639 954 2815 1008 greges
2836 955 3015 992 eorum
3032 940 3300 992 veniebant
3322 957 3439 994 cum
3459 943 3613 996 taber'

2039 1024 2240 1078 naculis
2266 1027 2399 1090 suis,
2431 1035 2479 1079 et
2500 1027 2668 1080 instar
2694 1026 3015 1081 locustarum
3049 1029 3284 1083 universa
3324 1032 3621 1100 aperiebant

2036 1114 2308 1169 innumera
2337 1115 2615 1170 multitudo
2637 1118 2901 1171 hominum
2930 1127 2977 1170 et
3000 1119 3335 1185 camelorum,
3367 1122 3619 1192 quidquid

2036 1207 2308 1275 tetigerunt
2337 1207 2679 1261 devastantes.
2734 1209 2884 1273 Esto,
2935 1213 3286 1266 convenerint
3331 1215 3622 1269 adversum

2035 1293 2201 1349 Israel
2228 1295 2554 1362 Madianitae,
2587 1297 2678 1365 qui
2712 1298 3139 1368 interpretantur
3161 1312 3308 1355 extra
3325 1303 3615 1372 judicium.

2036 1386 2188 1450 Esto,
2221 1386 2310 1441 isti
2332 1388 2684 1443 convenerint
2708 1388 2991 1444 adversum
3022 1391 3204 1456 Israel,
3234 1394 3323 1461 qui
3356 1405 3509 1449 extra
3528 1394 3620 1463 ju-

2038 1477 2235 1532 dicium
2278 1478 2373 1531 Dei
2420 1486 2566 1543 sunt,
2597 1486 2645 1532 et
2688 1480 2778 1548 qui
2810 1488 2959 1532 extra
2998 1478 3158 1549 legem
3186 1492 3545 1550 peccauerunt,
3572 1492 3621 1536 et

2038 1576 2187 1622 extra
2209 1566 2371 1637 legem
2418 1569 2659 1638 peribunt
2710 1568 2885 1640 (Rom.
2909 1569 2994 1640 ιι).
3026 1569 3181 1634 Esto,
3227 1572 3540 1626 convenerit
3565 1581 3622 1625 ct

2036 1658 2276 1724 Amalec,
2309 1659 2400 1729 qui
2430 1669 2484 1714 et
2512 1660 2626 1729 ipse
2651 1660 3039 1730 interpretatur
3070 1661 3289 1731 populus
3329 1662 3618 1733 ablingens.

346 1763 497 1806 erant
524 1754 581 1807 in
602 1753 793 1816 herbis,
823 1765 1011 1809 cuncta
1036 1756 1329 1823 vastabant,
1367 1773 1532 1827 usque
1572 1756 1641 1810 ad
1664 1758 1934 1811 introitum
1963 1752 2010 1811 B
2038 1749 2185 1813 E810.
2228 1758 2283 1805 et
2314 1751 2427 1805 haec
2454 1751 2603 1804 natio
2629 1759 2843 1804 terrena
2871 1758 2924 1805 et
2950 1751 3125 1804 ventri
3166 1766 3231 1804 ac
3259 1752 3395 1822 gula:
3438 1752 3619 1808 dedita

348 1843 529 1911 Gaza,
579 1854 685 1902 etc.
743 1846 869 1901 Haec
913 1848 1128 1917 quidem
1177 1847 1640 1918 patiebatur'ille,
1674 1849 1764 1917 qui
1814 1858 1933 1903 erat

347 1935 644 1991 secundum
675 1950 919 2001 carnem,
963 1935 1147 1991 Israel.
1199 1934 1513 1991 Seminabat
1548 1945 1790 2003 terram;
1839 1937 1934 1992 sed

346 2029 601 2097 quoniam
624 2043 723 2098 pro
754 2030 990 2098 peccatis
1013 2029 1124 2085 suis
1144 2028 1373 2083 traditus
1397 2036 1517 2083 erat
1534 2029 1934 2101 insurgentibus

348 2117 602 2184 inimicis,
629 2133 730 2188 pro
771 2117 1015 2189 frugibus
1043 2119 1280 2174 metebat
1308 2118 1728 2189 corruptionem.
1769 2118 1935 2175 Nobis

346 2223 479 2263 vero
530 2209 626 2279 qui
674 2209 975 2264 secundum
1027 2208 1290 2280 Spiritum
1346 2209 1512 2263 Israel
1562 2209 1928 2272 nominamur,

347 2300 478 2370 quid
502 2301 610 2357 tale
637 2302 883 2357 accidere
909 2309 1089 2371 potest
1135 2301 1559 2356 consideremus.
1589 2301 1684 2356 Est
1719 2300 1933 2371 quando

348 2392 699 2459 seminamus,
729 2402 785 2449 et
807 2410 914 2448 non
947 2401 1174 2464 possunt
1228 2394 1433 2449 inimici
1476 2407 1823 2462 corrumpere
1848 2408 1934 2448 se-

348 2481 494 2535 mina
519 2497 639 2551 quaa
681 2484 1033 2546 seminamus,
1064 2498 1169 2537 non
1220 2491 1448 2553 possunt
1490 2483 1735 2537 insidiari
1790 2482 1933 2552 agri-

345 2574 573 2630 cultura:
612 2584 829 2631 nostrae.
863 2575 960 2629 Est
1005 2583 1184 2629 autem
1227 2575 1443 2645 quando
1488 2575 1833 2635 seminamus,
1880 2581 1935 2628 et

345 2672 765 2734 corrumpuntur
784 2678 903 2733 quae
926 2663 1274 2718 seminamus.
1303 2662 1501 2716 Paulus
1536 2677 1635 2716 nos
1661 2661 1933 2730 apostolus

344 2757 415 2810 de
444 2756 549 2810 hac
592 2755 895 2809 seminandi
922 2754 1082 2809 docet
1119 2753 1440 2809 diﬂ‘erentia.
1483 2753 1621 2807 Audi
1651 2767 1781 2821 ergo
1820 2753 1934 2822 ipse

345 2845 477 2915 quid
517 2844 650 2899 dicit
679 2862 693 2898 :
719 2842 823 2909 Qui
874 2845 1115 2909 seminat,
1166 2844 1359 2913 inquit,
1401 2845 1456 2897 in
1484 2860 1664 2908 carne,
1687 2843 1751 2896 de
1777 2858 1933 2896 carne

345 2942 504 2988 metet
522 2934 905 3005 corruptionem
930 2951 948 2999 ;
971 2944 1021 2988 et
1044 2936 1136 3005 qui
1156 2936 1377 2988 seminat
1402 2935 1457 2989 in
1477 2933 1705 3004 Spiritu,
1728 2936 1792 2988 de
1813 2933 1933 3003 Spi-

346 3026 451 3079 ritu
481 3034 635 3080 metet
677 3026 837 3079 uitam
886 3036 1161 3080 reternam.
1208 3026 1299 3081 Isti
1352 3035 1478 3082 sunt
1525 3041 1653 3097 ergo
1701 3041 1933 3095 quorum

2035 1841 2350 1912 impugnare
2377 1843 2587 1898 venerit
2608 1842 2790 1908 Israel,
2815 1843 3048 1897 carnalis
3079 1843 3414 1913 spiritualem
3443 1844 3619 1899 Israe-

2032 1930 2159 1985 lem.
2203 1930 2344 1998 Quid
2372 1940 2454 1986 est
2497 1933 2619 1997 hoc,
2652 1933 2794 2002 quod
2824 1933 2989 1987 etiam
3018 1932 3112 1987 lilii
3143 1932 3380 1988 Orientis
3412 1934 3499 1988 his
3522 1936 3619 1987 ad-

2038 2019 2353 2083 miscentur,
2379 2028 2574 2074 etcum
2605 2021 2737 2089 ipsis
2777 2022 2843 2075 ad
2881 2021 3300 2091 impugnandum
3342 2021 3621 2076 lsraelvc-

2032 2108 2152 2162 nire
2179 2109 2470 2163 dicuntur?
2495 2108 2710 2164 Diceres
2738 2110 2882 2164 enim
2927 2110 3077 2173 mihi,
3120 2110 3352 2175 auditor,
3393 2110 3440 2163 si
3480 2111 3615 2164 scri-

2031 2211 2184 2267 ptum
2225 2206 2363 2253 esset
2410 2200 2534 2268 quia
2570 2198 2665 2252 ﬁlii
2711 2199 3019 2254 Occidentis
3069 2207 3440 2253 convenerunt
3489 2213 3616 2252 cum

2033 2288 2184 2358 ipsis,
2214 2289 2348 2342 nihil
2375 2303 2670 2358 qumrerem
2696 2306 2710 2352 ;
2742 2289 2953 2343 diceres
2978 2289 3122 2342 enim
3161 2288 3293 2342 mihi
3318 2287 3620 2358 allegoricis

2034 2378 2260 2448 legibus,
2288 2379 2413 2447 quia
2439 2378 2531 2431 lilii
2560 2378 2872 2433 Occidentis
2902 2387 3029 2432 sunt
3053 2377 3144 2432 ﬁlii
3176 2378 3546 2443 tenebrarum,
3565 2386 3620 2432 et

2035 2470 2137 2540 ipsi
2157 2470 2457 2540 junguntur
2483 2469 2587 2524 illis
2624 2468 2897 2540 gentibus,
2938 2476 2992 2522 et
3017 2484 3137 2538 qua:
3177 2476 3331 2522 extra
3354 2466 3619 2535 judicium

2034 2561 2132 2616 Dei
2173 2569 2319 2625 sunt,
2347 2568 2402 2614 et
2435 2575 2554 2628 qua:
2581 2560 2759 2614 ventri
2788 2560 3000 2623 deditae,
3050 2559 3364 2628 impugnant
3405 2572 3499 2611 eos
3526 2558 3619 2627 qui

2034 2660 2215 2706 mente
2235 2652 2521 2707 Dominum
2541 2652 2723 2707 videre
2743 2653 3094 2707 contendunt.
3119 2649 3273 2704 Nunc
3296 2658 3474 2704 autem
3495 2664 3618 2703 cum

2034 2740 2246 2794 dicatur
2271 2741 2398 2809 quia
2443 2739 2538 2794 ﬁlii
2569 2740 2807 2796 Orientis
2836 2748 3102 2795 venerunt
3148 2755 3271 2794 cum
3317 2738 3531 2793 Madian
3563 2751 3619 2792 ct

2033 2830 2284 2895 Amalec,
2334 2832 2603 2899 quomodo
2656 2830 2772 2884 hsce
2822 2837 3052 2898 possunt
3102 2835 3472 2897 competenter
3525 2842 3619 2881 ex-

2034 2920 2202 2989 poni?
2234 2919 2525 2974 Videamus
2554 2935 2684 2989 ergo
2707 2920 2753 2974 si
2783 2919 3053 2989 possimus
3078 2918 3132 2971 in
3173 2928 3282 2972 tam
3313 2917 3618 2972 difﬁcilibus

2036 3010 2171 3065 locis
2210 3009 2506 3079 Scriptum
2553 3010 2771 3079 dignum
2810 3009 3042 3077 aliquem
3074 3008 3127 3061 in
3174 3008 3260 3062 bis
3291 3023 3507 3062 sensum
3539 3007 3622 3061 di-

346 3116 556 3170 semina
584 3115 890 3170 Madianitaz
921 3126 1293 3186 corrumpunt,
1323 3117 1415 3185 qui
1457 3118 1509 3170 in
1556 3132 1721 3171 carne
1765 3116 1929 3171 semi-
1958 3090 2006 3153 θ
2036 3100 2174 3153 Villis
2216 3100 2424 3170 ρειείηίε
2471 3099 2733 3153 ίηνθηίτθ·
2780 3099 2969 3153 omnis
2998 3097 3092 3167 qui
3135 3113 3299 3168 super
3323 3113 3381 3152 se
3424 3112 3619 3151 ηοῐηεη

347 3212 516 3271 nant;
565 3205 654 3260 isti
689 3214 834 3270 sunt,
879 3220 1110 3275 quorum
1164 3204 1374 3260 fructus
1416 3206 1844 3261 exterminantur
1878 3212 1934 3258 et

346 3303 593 3365 pereunt.
627 3294 719 3349 Illa
749 3306 929 3349 autem
957 3295 1183 3357 semina,
1215 3309 1333 3362 quae
1360 3295 1416 3348 in
1438 3295 1630 3363 spiritu
1658 3294 1932 3348 seminan-

350 3395 459 3451 tur,
482 3400 591 3439 non
616 3393 843 3456 possunt
884 3384 1189 3439 Madianitae
1231 3399 1598 3454 corrumpere.
1630 3384 1748 3439 Non
1786 3385 1932 3438 enim

349 3483 575 3544 possunt
600 3476 922 3531 adversariae
940 3482 1236 3545 potestates
1252 3475 1544 3529 ascendere
1569 3474 1637 3528 ad
1661 3473 1933 3542 Spiritales

349 3579 589 3634 campos,
635 3572 691 3619 et
737 3564 952 3619 novalia
988 3563 1222 3632 Spiritus
1271 3572 1538 3617 temerare
1582 3576 1790 3623 eorum,
1839 3560 1931 3629 qui

350 3673 456 3712 non
481 3656 750 3711 semiuaut
770 3671 931 3725 super
952 3654 1156 3725 spinas,
1179 3653 1272 3708 sed
1298 3653 1558 3707 innovant
1576 3651 1677 3705 sibi
1702 3649 1929 3704 novalia.

350 3746 458 3803 Sed
484 3756 538 3802 et
566 3746 695 3801 illud
722 3746 1028 3801 addendum
1068 3753 1151 3798 est
1183 3743 1324 3814 (volo
1352 3743 1496 3797 enim
1528 3749 1584 3796 et
1626 3756 1710 3796 me
1758 3740 1932 3809 ipsum

351 3839 631 3894 vobiscum
675 3838 885 3909 pariter
929 3834 1295 3904 commonere)
1333 3834 1399 3889 de
1430 3832 1639 3887 cautela
1666 3831 1932 3885 seminum

349 3939 407 3984 et
444 3929 765 4001 spiritalium
808 3927 1080 3982 fructuum
1129 3925 1424 3997 diligentia.
1479 3925 1813 3995 Frequenter
1844 3936 1934 3976 ac-

350 4021 502 4087 cidit,
533 4028 595 4075 ut
618 4020 813 4090 aliquis
839 4020 892 4072 in
919 4031 1080 4087 opere
1110 4015 1337 4087 spiritali
1375 4016 1602 4070 multum
1644 4014 1930 4078 desudans,

351 4108 561 4165 fructus
589 4108 969 4178 complurimos
1005 4106 1198 4162 fecerit
1223 4115 1278 4160 et
1306 4105 1590 4176 repleverit
1613 4105 1806 4158 horrea
1836 4119 1934 4157 sua

344 4197 572 4267 justitim
598 4197 864 4270 frugibus,
911 4206 967 4252 et
996 4197 1161 4251 multa
1188 4196 1329 4251 bona
1357 4210 1522 4266 opera
1574 4194 1936 4250 recondiderit

354 4294 408 4346 in
434 4290 779 4346 conscientiae
826 4305 937 4344 sua:
967 4287 1249 4354 conclavi;
1286 4295 1472 4358 postea
1516 4301 1644 4343 vero
1693 4286 1738 4342 si
1769 4285 1938 4357 negli-

356 4391 464 4452 gat,
496 4388 552 4436 et
577 4387 695 4451 post
720 4362 958 4433 laborem
980 4378 1256 4449 proclivus
1275 4378 1342 4432 ad
1370 4378 1672 4447 voluptates
1698 4384 1752 4429 et
1781 4376 1935 4429 luxu-

356 4475 467 4528 rias
497 4480 707 4543 vergat,
738 4472 917 4527 omnia
959 4470 1051 4526 illa
1098 4471 1361 4525 bonorum
1391 4470 1598 4524 semina
1643 4476 1697 4524 et
1726 4466 1934 4522 fructus

356 4567 531 4622 sancti
583 4565 784 4634 operis,
840 4563 1151 4618 dominante
1203 4560 1446 4623 libidine,
1497 4566 1930 4627 corrumpentur.

358 4658 492 4711 Cum
536 4659 680 4712 enim
730 4654 1102 4711 subintroierit
1148 4660 1454 4722 peccatum,
1500 4657 1555 4703 et
1579 4648 1937 4719 captivaverit

359 4749 593 4803 hominis
627 4762 867 4812 sensum,
912 4754 973 4799 ut
1012 4742 1123 4813 jam
1166 4760 1272 4799 non
1302 4742 1555 4811 respiciat
1585 4742 1651 4796 ad
1683 4741 1936 4795 mandata

360 4836 479 4901 Dei,
527 4851 626 4891 nec
662 4837 885 4890 arduam
933 4832 1150 4888 virtutis
1195 4833 1336 4886 viam
1383 4829 1611 4884 libenter
1657 4830 1937 4892 ascendat,

361 4931 656 4999 depereunt
682 4928 864 4984 omnia
891 4943 1010 4997 quae
1033 4926 1183 4995 prius
1226 4923 1442 4978 fuerant
1488 4923 1542 4977 in
1584 4922 1780 4977 horrea
1809 4937 1938 4976 con-

361 5022 600 5077 scientia:
635 5026 980 5090 congregata.
1021 5016 1310 5085 Propterea
1343 5029 1473 5082 ergo
1500 5012 1794 5081 Scriptura:
1817 5026 1940 5065 san-

362 5123 463 5168 ctae
487 5112 643 5167 nobis
666 5110 932 5166 servanda
961 5104 1310 5161 commonitio
1343 5112 1444 5167 est,
1470 5103 1700 5157 dicentis
1725 5119 1737 5155 :
1784 5100 1939 5156 Omni

362 5205 603 5259 custodia
626 5219 773 5257 serva
799 5211 946 5254 tuum
976 5214 1065 5253 cor
1093 5196 1273 5268 (Prov.
1295 5195 1399 5265 Iv);
1423 5194 1832 5249 custodiendum
1857 5202 1941 5248 est

366 5294 530 5366 igitur
548 5309 645 5349 cor
663 5294 730 5348 ab
767 5292 913 5348 omni
954 5296 1194 5361 peccato,
1225 5293 1281 5341 et
1316 5286 1584 5356 pnecipue
1607 5287 1658 5339 in
1700 5295 1942 5355 tempore

365 5386 772 5458 persecutionis.
806 5383 861 5438 Si
888 5383 973 5438 cui
1000 5380 1144 5436 enim
1190 5377 1419 5441 accidat,
1454 5384 1516 5430 ut
1542 5376 1596 5429 in
1621 5376 1800 5444 aliquo
1824 5374 1944 5443 qui-

366 5480 488 5533 dem
530 5483 772 5545 tempore
802 5478 1088 5542 congreget
1116 5467 1326 5523 fructus
1365 5463 1609 5532 justitiae,
1657 5463 1943 5532 conquirat

365 5583 527 5638 opera
552 5568 834 5629 virtutum,
859 5571 915 5618 et
939 5561 1187 5616 omnibus
1213 5573 1271 5612 sc
1314 5553 1706 5626 probatissimis
1732 5553 1944 5607 excolat

368 5656 707 5727 disciplinis;
759 5656 812 5709 in
861 5649 1249 5723 persecutionis
1305 5663 1432 5701 vero
1490 5654 1728 5713 tempore
1786 5652 1946 5715 neget

2033 3190 2257 3260 suscipit
2303 3188 2525 3254 Christi,
2571 3188 2712 3242 filius
2757 3187 2984 3243 ellicitur
3033 3186 3310 3253 Orientis;
3356 3187 3434 3241 sic
3472 3188 3619 3242 enim

2031 3284 2293 3351 scriptum
2315 3291 2398 3337 est
2425 3282 2492 3337 de
2518 3281 2736 3337 Christo
2760 3301 2773 3335 :
2823 3282 2957 3335 Ecce
2997 3280 3301 3350 vir,Oriens
3332 3299 3517 3337 nomen
3541 3292 3618 3336 est

2031 3374 2113 3429 illi
2138 3372 2321 3444 (Zach.
2342 3372 2442 3444 vi).
2472 3371 2729 3442 Quisquis
2754 3387 2883 3443 ergo
2912 3372 3111 3427 Christi
3142 3373 3369 3442 suscipit
3398 3389 3616 3438 nomen,

2033 3464 2177 3517 filius
2222 3478 2342 3517 esse
2389 3462 2587 3516 dicitur
2638 3463 2895 3517 Orientis.
2953 3462 3058 3517 Sed
3111 3479 3216 3517 non
3276 3478 3490 3532 semper
3527 3464 3619 3532 qui

2032 3554 2233 3610 Christi
2278 3571 2473 3610 nomen
2519 3557 2804 3624 accipiunt,
2845 3556 3010 3609 etiam
3038 3557 3091 3608 in
3121 3556 3360 3610 Ecclesia
3406 3569 3619 3623 perma-

2032 3655 2163 3702 nent
2192 3646 2413 3700 Christi.
2444 3646 2503 3700 Si
2533 3661 2662 3716 ergo
2709 3646 2896 3699 videas
2939 3645 3223 3699 hmreticos
3272 3643 3471 3698 Christi
3503 3645 3622 3713 qui-

2032 3738 2155 3792 dem
2184 3737 2401 3792 nomine
2447 3736 2679 3799 censeri,
2735 3736 3051 3804 impugnare
3100 3742 3280 3787 autem
3318 3732 3619 3785 Ecclesiam

2032 3827 2152 3892 Dei,
2182 3835 2236 3881 et
2259 3841 2410 3880 arma
2458 3824 2707 3880 conferre
2751 3825 3038 3878 adversum
3069 3821 3230 3878 fidem
3260 3820 3485 3884 Christi,
3519 3820 3622 3873 im-

2030 3934 2277 3993 pugnare
2314 3918 2572 3989 pupulum
2615 3916 2849 3980 Domini,
2883 3915 3021 3969 bella
3056 3914 3319 3969 suscitare
3361 3912 3621 3966 adversus

2033 4009 2356 4067 catholicam
2408 4008 2607 4062 fidem:
2663 4006 2787 4061 nolo
2823 4005 3037 4060 dubites
3089 4004 3287 4066 dicere,
3336 4001 3480 4072 quod
3528 4001 3618 4055 isti

2034 4110 2160 4157 sunt
2184 4101 2402 4172 quidem
2425 4099 2521 4153 lilii
2542 4096 2799 4163 Orientis,
2820 4097 2913 4153 sed
2944 4112 3066 4152 cum
3093 4094 3401 4151 Madianitis
3423 4101 3620 4148 etcum

2033 4193 2292 4249 Amalech
2317 4207 2629 4263 expugnare
2654 4191 2878 4245 veniunt
2902 4188 3155 4259 populum
3188 4186 3312 4250 Dei,
3346 4185 3471 4253 quia
3496 4198 3620 4240 cum

2033 4286 2261 4357 paganis
2285 4294 2339 4339 ct
2366 4299 2488 4340 cum
2515 4282 2715 4338 Judmis
2752 4281 3046 4336 Ecclesiam
3072 4279 3168 4333 Dei
3195 4279 3360 4332 etiam
3381 4277 3622 4332 haeretici

2038 4384 2459 4448 persequuntur,
2490 4381 2543 4427 et
2572 4374 2735 4444 ipsos.
2754 4386 2873 4426 esse
2911 4371 3105 4440 opinor
3129 4370 3221 4438 qui
3267 4367 3621 4438 designantur

2039 4471 2094 4524 in
2140 4469 2266 4522 ﬁliis
2311 4466 2571 4523 Orientis.
2635 4464 2819 4519 Omnis
2866 4479 3009 4531 ergo,
3066 4460 3262 4529 inquit,
3311 4458 3531 4512 Madian
3571 4468 3622 4514 et

2038 4558 2287 4614 Amalech
2316 4567 2363 4612 et
2388 4556 2487 4626 ﬁlii
2515 4554 2743 4608 Orientis
2772 4560 3117 4622 convenerunt
3137 4549 3359 4603 simulet
3379 4549 3623 4603 ascende-

2041 4660 2187 4714 runt,
2217 4658 2264 4703 et
2300 4655 2704 4714 supervenerunt
2729 4645 2824 4710 eis,
2848 4652 2897 4697 et
2919 4651 3091 4696 castra
3110 4651 3393 4711 posuerunt
3416 4642 3469 4693 in
3492 4640 3623 4695 valle

2042 4740 2272 4796 Jezrael.
2310 4740 2402 4795 Isti
2448 4737 2541 4808 qui
2591 4738 2907 4806 impugnare
2959 4732 3147 4786 volunt
3205 4732 3458 4801 populum
3503 4733 3619 4797 Dei,

2045 4844 2224 4889 castra
2254 4833 2306 4887 in
2332 4830 2558 4884 vallibus
2589 4827 2874 4889 collocant,
2907 4824 2961 4877 in
2993 4823 3215 4893 deiectis
3247 4832 3301 4876 et
3333 4823 3622 4876 humilibus

2043 4925 2214 4981 locis?
2266 4923 2330 4976 In
2382 4920 2531 4982 valle,
2568 4918 2763 4988 inquit,
2813 4914 3042 4969 Jezrael.
3093 4914 3401 4969 Invenimus
3439 4923 3618 4968 autem

2043 5014 2392 5086 interpretari
2416 5010 2627 5067 Jezrael
2667 5025 2841 5061 semen
2883 5006 3004 5061 Dei.
3036 5005 3198 5060 Vides
3237 5006 3328 5059 ubi
3357 5004 3622 5058 collocant

2043 5110 2225 5159 castra
2268 5099 2606 5156 adversarii?
2651 5096 2768 5149 Non
2824 5104 2950 5150 sunt
2977 5095 3091 5149 ausi
3132 5094 3212 5147 ire
3243 5093 3366 5146 illuc
3415 5091 3502 5143 ubi
3532 5092 3623 5142 .γί-

2043 5196 2239 5249 dentur
2258 5192 2370 5261 jam
2399 5190 2511 5244 nati
2537 5204 2658 5243 esse
2684 5188 2894 5241 fructus
2916 5186 3159 5255 spiritus,
3189 5185 3283 5238 sed
3309 5182 3401 5236 ubi
3447 5182 3623 5234 adhuc

2043 5300 2228 5341 semen
2256 5283 2348 5338 Dei
2383 5280 2549 5349 jacet,
2595 5279 2685 5332 ubi
2714 5278 2951 5331 nondum
2999 5275 3205 5328 fructus
3235 5271 3496 5324 ascendit.
3522 5270 3622 5335 Qui

2042 5374 2186 5430 enim
2216 5372 2349 5428 exiit
2369 5369 2637 5424 seminare
2675 5366 2924 5429 verbum,
2954 5363 3183 5417 seminat
3203 5374 3370 5433 super
3407 5373 3622 5412 onmem

2042 5464 2240 5518 locum.
2273 5460 2381 5515 Sed
2425 5459 2549 5513 audi
2606 5458 2780 5526 ipsum
2819 5455 3104 5507 Dominum
3150 5450 3437 5508 dicentem,
3496 5447 3624 5515 quid

2043 5553 2153 5623 pati
2194 5551 2366 5605 soleat
2392 5563 2577 5603 semen
2609 5546 2736 5599 Dei:
2783 5543 2962 5605 Aliud,
3014 5540 3208 5609 inquit,
3244 5538 3428 5592 cecidit
3475 5554 3625 5590 secus

2043 5647 2202 5710 viam,
2233 5651 2280 5696 et
2308 5641 2564 5695 venientes
2587 5653 2705 5690 aves
2734 5634 2846 5689 εωιὶ
2868 5633 3120 5702 diripiunt
3147 5631 3277 5685 illud
3300 5649 3317 5695 ;
3347 5629 3488 5701 quod
3514 5629 3625 5697 ipse
