4000 6186
390 257 528 314 Ηῦὅ

1035 255 1096 307 Β.
1140 253 1391 309 RABANl
1431 251 1648 306 MAUIll
1685 245 2000 304 ARClllEP.
2040 242 2347 300 MOCUNT.
2388 238 2671 296 OPERUM
2708 236 2889 293 PARS
2921 238 2962 291 l.

3510 237 3649 291 1156

372 372 426 427 in
471 367 859 441 posterioribus
882 367 1247 436 interpretans
1272 364 1408 418 dixit
1433 381 1445 416 :
1480 361 1582 427 Qui
1604 371 1777 415 autem
1806 372 1953 412 secus
1982 362 2032 419 Λ
2057 351 2262 421 cipiunt
2289 349 2510 403 verbum
2539 346 2657 411 Dei,
2688 354 2745 398 et
2773 345 2895 398 ideo
2938 349 3168 412 possunt
3211 340 3342 395 illud
3370 340 3650 397 dmmoncs

370 460 510 515 uiam
542 456 781 511 seminati
803 464 945 519 sunt,
989 452 1043 505 lii
1077 461 1197 506 sunt
1224 451 1313 522 qui
1342 451 1565 504 audiunt
1594 448 1802 502 verbum
1834 447 1954 513 Dei,

367 558 421 602 et
449 563 569 601 cum
617 545 803 599 laetitia
847 543 1128 612 accipiunt.
1183 538 1332 594 Venit
1386 549 1560 593 autem
1615 536 1879 595 diabolus,
1908 546 1957 590 et

371 636 509 693 tollit
533 637 597 690 de
618 636 773 690 corde
800 649 1000 698 eorum,
1025 632 1164 703 quod
1189 631 1499 684 seminatum
1521 639 1595 683 est
1624 627 1778 700 (Luc.
1802 627 1950 697 γιιι).

374 730 468 786 Sic
493 744 623 800 ergo
652 738 707 783 et
732 727 820 782 isti
849 740 992 780 nunc
1015 725 1239 778 veniunt
1255 723 1321 776 ad
1343 736 1527 776 semen
1558 720 1671 785 Dei,
1690 729 1745 775 et
1769 718 1958 773 volunt

373 820 502 876 illud
533 819 719 873 tollere
761 816 827 870 de
878 815 1037 870 corde
1066 828 1253 868 eorum
1300 813 1354 866 in
1392 812 1588 881 quibus
1632 810 1956 865 seminatum

372 916 479 973 est,
507 908 631 977 quia
664 906 942 960 inveniunt
980 918 1072 958 eos
1117 904 1172 956 in
1218 902 1449 956 vallibus
1492 902 1713 971 positos,
1757 912 1811 955 et
1851 901 1958 955 ima

370 1012 591 1068 quaque
613 1003 905 1051 sectantes.
938 994 1015 1048 De
1060 993 1166 1048 illis
1197 1001 1324 1047 sunt
1362 993 1528 1056 enim,
1561 993 1651 1060 qui
1684 991 1962 1046 humiliter

370 1095 430 1143 et
454 1087 669 1157 indigne
699 1095 773 1151 et,
804 1092 862 1139 ut
905 1085 981 1139 ita
1021 1083 1220 1150 dicam,
1268 1081 1492 1137 iudaice
1533 1081 1810 1135 intellectu
1838 1096 1961 1137 sus-

2060 460 2251 516 rapere
2287 444 2355 499 de
2397 442 2559 498 corde
2594 455 2806 495 eorum.
2842 437 2944 506 Qui
2997 444 3179 491 autem
3226 435 3295 490 ab
3341 436 3646 492 humilitate

2059 537 2254 592 litterae
2280 534 2350 588 ad
2380 532 2617 603 Spiritus
2639 528 2855 585 excelsa
2884 526 3219 592 conscendit,
3254 534 3308 579 et
3351 527 3649 596 intelligen-

2058 628 2189 682 tiam
2219 625 2490 696 relugiens
2521 622 2819 687 carnalem,
2851 628 3094 675 sectatur
3123 618 3177 673 in
3220 617 3511 671 altioribus
3538 634 3657 685 qua:

2060 724 2186 772 sunt
2210 715 2447 787 Spiritus
2473 714 2609 780 Dei;
2656 713 2722 767 de
2748 713 2853 766 isto
2888 710 3023 765 nihil
3065 714 3293 781 possunt
3321 723 3519 777 rapere
3552 706 3660 760 3L:-

2059 810 2314 873 dianitre,
2371 820 2547 876 neque
2598 803 2943 859 Amaleciue.‘
3004 800 3111 855 Sed
3164 815 3233 853 ne
3290 798 3395 869 ipsi
3438 798 3659 867 quidem

2059 899 2300 957 Orientis
2326 898 2419 951 ﬁlii
2443 895 2740 966 deprzedari
2761 908 2884 948 eum
2907 897 3163 962 poterunt
3190 891 3242 944 in
3266 888 3486 944 excelso
3504 887 3658 941 intel-

2061 990 2297 1062 ligentia:
2321 987 2583 1059 spiritalis
2603 985 2809 1039 vertice
2829 981 3182 1038 constitutum
3227 979 3309 1033 Illi
3325 992 3457 1048 ergo
3480 987 3659 1031 castra

2066 1082 2121 1135 in
2149 1081 2378 1135 vallibus
2408 1078 2696 1133 collocant.

379 1207 3638 1248 _______________________________________________——-

1549 1333 1845 1411 LIBER
1902 1329 2472 1411 SECUNDUS.

885 1635 1113 1692 CAPUT
1151 1634 1439 1690 PRIMUM.

380 1771 534 1838 Quod
564 1770 838 1833 Dominus,
885 1765 1161 1821 Itumiliato
1204 1764 1375 1818 Israel
1411 1775 1457 1818 et
1499 1766 1567 1819 ad
1601 1781 1656 1838 se
1681 1764 1961 1838 clamante,

2064 1570 2180 1632 stri,
2234 1576 2387 1635 atque
2416 1564 2695 1618 dixerunt:
2727 1562 2807 1617 De
2846 1560 3079 1631 ﬁgypto
3121 1559 3303 1613 eduxit
3348 1574 3443 1611 nos
3474 1555 3661 1611 Domi.

1988 1652 2035 1710 Β
2063 1677 2159 1715 nus
2176 1662 2202 1715 ξ’
2224 1659 2379 1714 Nunc
2406 1669 2579 1714 autem
2600 1655 2872 1726 dereliquit
2896 1670 3010 1717 nos,
3033 1663 3079 1707 et
3102 1651 3318 1705 tradidit
3345 1652 3399 1704 in
3420 1652 3666 1704 manibus

2068 1752 2310 1806 Madian.
2343 1750 2685 1821 Respexitque
2713 1746 2782 1800 ad
2829 1762 2947 1799 eum
2996 1744 3272 1806 Dominus,
3301 1752 3349 1795 et
3373 1742 3481 1795 ait:
3522 1739 3669 1794 Vade

448 1839 919 1912 misit_pr0pli_etam
941 1837 1031 1907 qui
1079 1847 1421 1890 commoneret
1462 1852 1548 1888 eos
1590 1836 1654 1888 de
1682 1836 1964 1905 pra‘teritis

2090 1862 2120 1897 η
2146 1844 2244 1897 hac
2266 1842 2575 1912 fortitudine
2596 1851 2711 1903 tua,
2743 1848 2790 1894 et
2813 1837 3057 1891 liberabis
3081 1835 3254 1889 Israel
3272 1834 3336 1888 de
3357 1850 3519 1886 manu
3542 1832 3667 1886 Ma-

449 1907 717 1979 beneﬁ’ciis
750 1907 866 1961 Dei.

452 2022 604 2095 (CAP.
631 2020 732 2091 vi.)
764 2018 1189 2090 Humiliatusque
1231 2028 1305 2072 est
1355 2017 1526 2074 Israel
1572 2018 1721 2074 valde
1750 2020 1803 2073 in
1840 2036 1967 2074 con-

380 2125 558 2185 spectu
591 2110 835 2176 Madian,
865 2119 914 2163 et
960 2107 1203 2162 clamavit
1250 2109 1319 2162 ad
1359 2108 1665 2174 Dominum,
1699 2109 1970 2185 postulans

382 2202 640 2259 auxilium
667 2210 850 2255 contra
890 2198 1236 2253 Madianitas.
1282 2198 1385 2264 Qui
1410 2201 1550 2253 misit
1579 2200 1648 2253 ad
1687 2218 1774 2255 eos
1801 2202 1970 2254 virum

380 2294 704 2367 prophetam,
741 2301 788 2344 et
818 2289 1025 2344 locutus
1051 2298 1164 2345 est:
1214 2288 1342 2344 Ilwc
1369 2290 1496 2344 dicit
1538 2291 1793 2345 Dominus
1835 2289 1973 2346 Deus

386 2383 561 2440 Israel
584 2398 602 2435 :
630 2381 745 2453 Ego
766 2399 855 2436 vos
877 2382 977 2451 feci
1004 2383 1351 2436 conscendere
1375 2382 1439 2436 de
1467 2382 1722 2453 Egypto,
1749 2394 1795 2437 et
1816 2384 1975 2438 eduxi

383 2476 448 2529 de
479 2475 634 2528 domo
657 2474 938 2538 servitutis,
982 2481 1032 2527 et
1072 2472 1288 2527 liberavi
1317 2473 1381 2526 de
1407 2490 1568 2527 manu
1602 2473 1975 2544 /Egyptiorum

383 2575 432 2619 et
462 2564 692 2618 omnium
725 2563 1074 2627 inimicorum,
1128 2565 1219 2643 qui
1255 2564 1545 2634 affligebant
1585 2583 1707 2631 vos;
1749 2567 1979 2638 ejecique

384 2671 472 2707 eos
504 2652 572 2707 ad
623 2654 896 2706 introitum
943 2662 1188 2717 vestrum,
1240 2663 1287 2708 et
1342 2655 1539 2708 tradidi
1586 2656 1728 2710 vobis
1783 2668 1977 2711 terram

385 2761 591 2808 eorum,
613 2753 659 2796 et
682 2742 794 2796 dixi
817 2760 835 2797 :
867 2743 976 2813 Ego
1000 2742 1257 2797 Dominus
1287 2743 1428 2799 Dens
1454 2756 1638 2812 vester,
1666 2764 1728 2800 ne
1753 2749 1979 2802 linteatis

389 2835 512 2888 deos
535 2834 962 2889 Amorrlurorum
993 2836 1047 2890 in
1073 2853 1295 2907 quorum
1318 2846 1458 2890 terra
1485 2838 1738 2892 habitatis
1761 2855 1780 2903 ,'
1808 2848 1855 2892 et
1885 2856 1981 2893 no-

388 2926 560 2979 luistis
611 2925 795 2979 audire
841 2943 1014 2980 vocem
1064 2943 1256 2991 meam,
1296 2935 1403 2982 etc.
1454 2926 1564 2982 Cur
1611 2943 1718 2983 non
1765 2928 1977 2983 dicatur

394 3033 590 3071 nomen
621 3017 782 3087 hujus
809 3018 1110 3087 prophetat,
1156 3018 1301 3088 quod
1346 3016 1503 3073 valde
1543 3017 1842 3090 Scripturis
1867 3020 1982 3074 iuu-
2009 3004 2053 3065 Ο

396 3110 619 3164 sitatum
668 3119 787 3175 est;
830 3110 1003 3166 latens
1051 3126 1214 3165 causa
1268 3119 1375 3176 est,
1421 3127 1530 3166 non
1574 3119 1752 3165 tamen
1783 3112 1982 3166 nullam

390 3215 514 3257 esse
558 3202 817 3256 arbitror.
874 3201 981 3257 Sed
1024 3203 1152 3272 quia
1196 3211 1321 3272 post
1364 3204 1528 3258 verba
1557 3203 1755 3272 quibus
1791 3219 1986 3273 expro-

392 3291 574 3348 bravit
596 3292 1017 3345 inobedientiam
1058 3291 1275 3360 populo,
1324 3293 1571 3360 sequitur
1598 3292 1875 3362 Scriptura
1902 3292 1986 3348 di-

393 3393 526 3435 cens
550 3396 563 3431 :
593 3378 660 3431 Et
684 3378 818 3432 venit
845 3376 1060 3448 angelus
1090 3378 1323 3444 Domini,
1344 3388 1393 3433 et
1415 3379 1545 3434 sedit
1565 3397 1722 3450 super
1739 3398 1987 3452 quercum

394 3486 513 3538 qua:
540 3480 652 3523 erat
684 3470 739 3524 in
762 3468 943 3540 Epltra
963 3485 983 3523 :
1008 3485 1116 3524 non
1151 3469 1385 3525 absurde
1410 3471 1727 3542 intelligitur
1750 3473 1853 3527 iste
1882 3489 1986 3527 an-

399 3561 552 3632 gelus
583 3561 919 3634 significatus
954 3562 1173 3617 nomine
1221 3562 1346 3627 viri,
1391 3572 1451 3617 ut
1492 3572 1844 3633 posteaquam
1876 3563 1991 3618 hmo

400 3653 565 3707 verba
601 3652 756 3718 dixit,
795 3651 1006 3708 venerit
1029 3652 1097 3707 ad
1135 3668 1400 3722 quercum
1430 3663 1806 3718 memoratam,
1838 3663 1894 3708 et
1918 3654 1990 3708 ibi

401 3744 621 3799 sederit.
652 3743 880 3799 Nomine
920 3745 1067 3800 enim
1101 3746 1342 3799 virorum
1379 3746 1554 3801 solere
1597 3747 1854 3816 appellari
1897 3762 1993 3800 an-

403 3831 573 3903 gelos,
610 3843 797 3887 notum
840 3842 965 3889 est:
997 3836 1248 3905 quamvis
1290 3851 1413 3891 eum
1442 3836 1535 3906 qui
1580 3846 1729 3891 esset
1771 3837 1994 3909 angelus

402 3924 728 3994 appellatum
759 3938 878 3978 esse
902 3925 1227 3994 prophetam
1256 3940 1362 3980 non
1388 3924 1546 3980 facile
1578 3940 1678 3980 nec
1715 3925 1995 3980 evidenter

404 4025 675 4072 occurrat.
709 4016 841 4071 Eum
864 4032 994 4072 sane
1019 4018 1113 4086 qui
1137 4019 1402 4088 propheta
1429 4027 1576 4080 esset
1607 4019 1809 4073 dictum
1833 4033 1995 4088 ange—

406 4107 518 4162 lum
545 4106 794 4176 legimus.
820 4105 929 4162 Sed
955 4107 1000 4162 si
1025 4107 1340 4177 angelorum
1364 4108 1504 4163 dicta
1525 4108 1841 4178 prophetica
1869 4116 1993 4162 nota

404 4208 554 4264 sunt,
588 4198 640 4252 id
659 4205 763 4265 est,
792 4198 988 4269 quibus
1021 4197 1200 4253 futura
1223 4200 1743 4268 prmnuntiaverunt,
1770 4216 1869 4255 cur
1889 4215 1995 4253 non

407 4291 582 4365 possit
610 4291 832 4363 angelus
857 4292 1133 4362 prophetae
1155 4291 1373 4345 nomine
1395 4292 1694 4363 nuncupari
1717 4293 1739 4346 ?
1762 4291 1995 4347 Verum~

2068 1933 2214 1995 dion,
2240 1934 2371 1987 scito
2399 1931 2538 2002 quod
2566 1930 2796 1983 miserim
2831 1938 2901 1982 te.
2933 1926 3037 1993 Qui
3069 1924 3383 1996 respondens
3409 1923 3521 1975 ait:
3563 1921 3671 1974 0b-

2069 2040 2238 2085 secro,
2264 2022 2475 2076 domine
2520 2021 2612 2087 mi,
2645 2021 2702 2073 in
2727 2034 2831 2089 quo
2876 2016 3107 2071 liberabo
3152 2012 3365 2068 Israel?
3395 2012 3533 2066 Ecce
3582 2011 3671 2080 fa—

2070 2114 2219 2168 milia
2248 2130 2365 2167 mea
2394 2112 2580 2181 inﬁma
2604 2118 2679 2164 est
2709 2111 2766 2163 in
2803 2107 3078 2171 Manasse,
3119 2114 3167 2158 et
3196 2120 3289 2175 ego
3337 2103 3589 2156 minimus
3612 2100 3671 2154 in

2073 2203 2230 2257 domo
2265 2204 2431 2274 patris
2474 2202 2594 2255 mei.
2625 2199 2727 2256 Ubi
2768 2196 3068 2268 respondit,
3097 2194 3395 2250 secundum
3442 2190 3676 2262 Septua-

2074 2294 2242 2364 ginta,
2268 2293 2489 2349 Gedeon
2532 2292 2601 2346 ad
2626 2290 2876 2363 angelum
2902 2307 2915 2343 :
2951 2288 3017 2341 In
3046 2303 3148 2350 me,
3175 2286 3406 2350 domine,
3435 2285 3539 2339 hoc
3562 2291 3669 2348 est,

2076 2385 2129 2438 in
2153 2399 2237 2438 me
2277 2383 2514 2447 intende,
2537 2383 2592 2436 in
2621 2397 2722 2452 quo
2747 2378 2959 2434 salvabo
2995 2378 3212 2432 Israel?
3242 2376 3376 2430 Ecce
3400 2375 3543 2430 mille
3572 2392 3677 2430 me:

2076 2475 2381 2530 luuniliores
2410 2476 2467 2529 in
2497 2474 2783 2529 Manasse:
2817 2471 3136 2542 intelligitur
3157 2470 3478 2541 praepositus
3507 2469 3677 2523 [ιείςςο

2050 2564 2228 2622 ‘miile
2265 2569 2566 2631 hominum,
2625 2580 2764 2634 quos
2810 2564 3000 2620 Griecc
3058 2562 3392 2618 chiliarchas
3439 2562 3677 2631 appellat

2083 2659 2385 2729 Scriptura,
2411 2673 2477 2711 an
2513 2657 2644 2726 quid
2672 2657 2840 2711 aliud.
2869 2655 3119 2726 Dixitque
3144 2654 3190 2708 ei
3237 2653 3492 2708 Dominus
3515 2670 3533 2707 :
3566 2653 3678 2723 Ego

2081 2767 2169 2804 ero
2198 2760 2388 2814 tecum,
2419 2756 2467 2802 et
2498 2747 2753 2816 percutias
2795 2745 3042 2811 Madian,
3089 2745 3240 2817 quasi
3278 2762 3441 2798 unum
3487 2745 3675 2798 cirum.

2086 2842 2152 2897 Et
2176 2842 2297 2896 ille:
2331 2840 2390 2896 Si
2410 2840 2601 2905 inveni,
2636 2839 2833 2909 inquit,
2874 2838 3103 2909 gratiam
3129 2854 3306 2891 coram
3337 2847 3407 2900 te,
3449 2837 3517 2890 da
3550 2837 3679 2889 milii

2083 2934 2287 3002 signum
2337 2930 2477 3003 quod
2506 2940 2560 2983 tu
2603 2930 2675 2983 sis
2724 2930 2813 2999 qui
2857 2927 3090 2999 loquaris
3117 2927 3186 2980 ad
3220 2944 3323 2982 me.
3362 2927 3443 2981 Nc
3469 2927 3678 2981 recedas

2083 3026 2224 3089 hinc,
2261 3024 2425 3076 donec
2468 3029 2697 3075 revertar
2723 3021 2792 3073 ad
2816 3030 2889 3085 te,
2935 3028 3154 3090 portans
3180 3019 3503 3087 sacriﬁcium
3526 3030 3573 3071 et
3598 3018 3682 3085 of-

2084 3114 2256 3184 ferens
2287 3111 2398 3165 tibi.
2433 3109 2535 3176 Qui
2559 3109 2823 3180 respondit
2861 3109 2944 3163 ei:
2983 3109 3096 3179 Ego
3113 3107 3463 3180 pra’stolabor
3482 3107 3679 3161 adcen-

2084 3214 2192 3259 tum
2224 3213 2390 3256 tuum.
2425 3201 2701 3272 Ingressus
2750 3210 2825 3254 est
2862 3202 3039 3273 itaque
3069 3198 3302 3265 Gedeon,
3331 3209 3378 3253 et
3403 3202 3542 3253 coxit
3572 3199 3684 3253 Ita?-

2085 3294 2230 3354 dum,
2260 3293 2397 3347 etde
2449 3292 2645 3362 farina:
2686 3292 2862 3345 modio
2911 3308 3126 3363 asgmos
3172 3307 3354 3360 panes,
3401 3306 3685 3361 carnesque

2085 3403 2281 3458 ponens
2324 3388 2378 3438 in
2424 3386 2680 3450 canistro,
2707 3395 2752 3440 et
2767 3386 2860 3456 jus
2899 3385 3140 3440 carnium
3169 3385 3377 3439 mittens
3407 3385 3461 3437 in
3497 3381 3680 3447 ollam,

2089 3474 2207 3528 tulit
2228 3476 2401 3529 omnia
2425 3474 2519 3527 sub
2535 3491 2805 3545 quercum,
2830 3485 2878 3528 et
2896 3474 3082 3528 obtulit
3103 3475 3171 3527 ei.
3195 3473 3293 3527 Cui
3312 3474 3448 3527 diait
3470 3472 3683 3542 angelus

2091 3565 2299 3618 Domini
2330 3578 2347 3615 :
2377 3562 2524 3618 Tolle
2545 3582 2726 3618 carnes
2754 3574 2800 3618 et
2826 3581 2987 3635 panes
3008 3581 3241 3634 azgmos,
3270 3574 3316 3617 et
3341 3580 3503 3634 pones
3529 3578 3685 3628 super

2090 3666 2291 3726 petram
2322 3654 2493 3719 illam,
2544 3665 2589 3709 et
2612 3655 2707 3726 jus
2737 3656 2960 3726 desuper
2986 3655 3167 3725 funde.
3218 3654 3449 3724 Cumque
3484 3654 3687 3724 fceissrt

2093 3746 2191 3811 ita,
2223 3745 2455 3799 extendit
2477 3745 2691 3816 angelus
2716 3746 2928 3800 Domini
2947 3746 3297 3799 summitatem
3325 3747 3503 3814 rirgn',
3530 3762 3688 3815 quam

2094 3837 2295 3891 tenebat
2328 3838 2384 3890 in
2424 3853 2606 3901 manu,
2634 3846 2680 3890 et
2710 3837 2877 3907 tetigit
2924 3854 3130 3900 carnes,
3161 3846 3209 3890 et
3249 3852 3463 3906 azgmos
3504 3851 3685 3904 panes.

2095 3924 2428 3994 ascenditque
2454 3924 2590 3995 ignis
2613 3922 2678 3976 de
2699 3933 2868 3994 petra,
2895 3933 2943 3977 et
2966 3939 3173 3987 carnes,
3196 3938 3511 3993 asymosque
3529 3938 3690 3990 panes

2096 4017 2435 4086 consumpsit,
2484 4024 2588 4071 etc.
2645 4014 3196 4070 Animadvertendum
3237 4022 3344 4077 est,
3393 4011 3689 4067 secundum

2099 4106 2473 4178 Septuaginta,
2504 4105 2649 4177 quod
2675 4105 2894 4160 Gedeon
2940 4121 3047 4165 non
3078 4107 3155 4159 ait
3179 4103 3409 4175 angelo:
3447 4101 3683 4158 Oli‘eram

2100 4201 2197 4256 tibi
2222 4199 2575 4266 sacriﬁcium,
2609 4200 2704 4255 sed
2736 4200 2814 4253 ait
2840 4217 2853 4252 :
2881 4197 3117 4268 O/feram
3144 4196 3471 4265 sacriﬁcium
3496 4211 3689 4257 meum,

2099 4304 2147 4347 et
2177 4309 2369 4364 ponam
2398 4292 2452 4345 in
2496 4300 2771 4361 conspectu
2818 4300 2928 4345 tuo.
2959 4288 3114 4345 Unde
3149 4286 3557 4355 intelligendum
3586 4293 3689 4350 est,

410 4394 612 4449 tamen,
637 4391 697 4437 ut
719 4382 853 4448 dixi,
896 4398 1212 4453 expressum
1241 4392 1296 4437 et
1327 4383 1675 4438 manifestum
1703 4385 1769 4439 de
1810 4386 1911 4439 hac
1940 4398 1996 4437 re
2023 4354 2074 4413 D
2101 4400 2206 4439 non
2229 4399 2354 4438 eum
2386 4382 2598 4454 angelo,
2624 4382 2718 4437 sed
2747 4397 2843 4451 per
2863 4378 3114 4451 angelum
3142 4376 3471 4433 sacriﬁcium
3499 4376 3695 4431 offerre

413 4471 780 4528 testimonium
822 4486 931 4527 non
981 4472 1239 4528 occurrit.
1268 4472 1325 4526 ln
1369 4474 1720 4544 Septuaginta
1764 4489 1894 4528 vero
1922 4473 1993 4527 ita

411 4560 645 4631 legitur:
677 4560 934 4615 Dominus
973 4570 1142 4616 tecum
1183 4572 1361 4632 potens
1403 4564 1459 4618 in
1486 4564 1815 4633 fortitudine.
1842 4563 1997 4629 Quod

412 4657 594 4705 autem
618 4651 843 4721 angelus
886 4650 1100 4706 Domini
1149 4652 1300 4717 dicit,
1345 4652 1603 4707 Dominus
1628 4664 1796 4706 tecum
1819 4662 1997 4721 potens

412 4738 468 4791 in
498 4738 821 4807 fortitudine,
848 4741 1218 4796 nominativus
1246 4758 1406 4797 casus
1440 4751 1542 4804 est,
1570 4744 1675 4795 ndn
1698 4742 1995 4805 vocativus,

416 4826 521 4882 hoc
544 4837 650 4892 est,
679 4828 939 4886 Dominus
968 4839 1146 4886 tecum
1186 4843 1378 4902 potens
1398 4844 1502 4898 est,
1540 4849 1666 4901 non,
1702 4841 1756 4887 tu
1787 4843 1996 4903 potens.

1050 4960 1278 5019 CAPUT
1302 4964 1363 5018 ll.

420 5067 499 5123 De
532 5084 592 5122 eo
620 5065 760 5139 quod
795 5067 1010 5135 angelus
1041 5070 1249 5125 Domini
1288 5075 1421 5128 venit
1443 5075 1512 5128 ad
1548 5074 1756 5130 Gedeon
1787 5077 1839 5129 in
1877 5094 2001 5131 area

485 5137 977 5210 uirga‘frumentum
1012 5141 1316 5210 cadentem,
1349 5145 1606 5200 mandans
1647 5147 1696 5200 ei
1731 5156 1786 5199 ut
1822 5145 2002 5201 liberet

489 5207 667 5286 Israel
704 5207 768 5286 de
811 5208 1051 5286 inquibus
1077 5209 1367 5286 _ltostium;
1403 5214 1467 5266 de
1506 5215 1833 5286 holocausta,
1864 5217 2002 5286 quod

485 5279 596 5403 ipje
624 5276 833 5360 Gedeon
870 5276 983 5333 Deo
1029 5278 1276 5348 offerebat
1316 5298 1410 5352 per
1449 5285 1792 5339 ministerium
1822 5276 2005 5356 angeli

487 5368 519 5403 a
586 5366 641 5403 se
665 5364 831 5403 missi.

487 5364 557 5403 αα
586 5366 641 5403 88
665 5364 831 5403 ""882.

490 5460 740 5531 Dixitque
763 5462 811 5515 ei
830 5460 1039 5516 Cedeon
1066 5481 1078 5516 :
1116 5459 1361 5528 Obsecro,
1394 5465 1603 5522 domine
1632 5467 1725 5532 mi,
1754 5468 1801 5522 si
1825 5468 2010 5522 Domi-

421 5570 518 5609 nus
540 5555 808 5608 nobiscum
834 5566 933 5621 est,
958 5574 1053 5611 cur
1072 5557 1522 5629 appreltenderunt
1546 5578 1639 5616 nos
1659 5568 1770 5616 lucc
1796 5561 2010 5615 omnia?

422 5642 527 5697 Ubi
548 5657 666 5699 sunt
689 5651 953 5705 mirabilia
973 5652 1111 5720 ejus,
1153 5670 1270 5723 qua'
1312 5664 1657 5709 narraverunt
1698 5663 1873 5724 patres
1915 5661 2010 5703 tto-

2099 4474 2354 4529 voluisse.
2393 4472 2546 4540 Quod
2597 4481 2653 4526 et
2701 4472 2817 4541 ipse
2859 4469 3082 4540 angelus
3127 4468 3409 4524 evidenter
3435 4466 3691 4525 ostendit,

2098 4566 2189 4636 qni
2214 4580 2321 4619 non
2350 4564 2419 4618 ab
2438 4579 2502 4618 eo
2526 4561 2876 4627 sacrificium,
2906 4568 3164 4631 tanquam
3187 4557 3290 4613 sibi
3323 4556 3579 4626 sumpsit,
3601 4555 3695 4608 sed

2100 4658 2176 4711 ait
2204 4656 2278 4711 illi
2304 4674 2315 4709 :
2352 4655 2540 4726 Accipe
2560 4669 2743 4707 carnes
2766 4662 2815 4706 et
2836 4667 2996 4723 panes
3022 4666 3264 4720 asymos,
3289 4659 3337 4702 et
3362 4663 3497 4719 pone
3525 4645 3596 4698 ad
3617 4662 3697 4714 pe-

2101 4758 2236 4800 tram
2262 4746 2432 4811 illam,
2449 4754 2495 4799 et
2508 4745 2601 4815 jus
2623 4743 2854 4812 effunde.
2881 4741 2950 4795 Et
2971 4758 3093 4795 cum
3106 4741 3204 4794 hoc
3232 4740 3440 4810 fecisset
3463 4735 3690 4797 Gedeon,

2101 4839 2331 4892 extendit
2356 4837 2571 4909 angelus
2618 4836 2831 4890 Domini
2860 4852 3121 4889 summum
3163 4835 3338 4905 virgtc,
3362 4851 3481 4904 qua:
3510 4841 3623 4886 erat
3643 4834 3696 4883 in

2106 4944 2262 4983 manu
2299 4928 2435 4997 ejus,
2467 4938 2514 4981 et
2543 4927 2710 4996 tetigit
2737 4942 2939 4989 carnes,
2965 4940 3197 4995 azymos,
3227 4932 3274 4977 et
3296 4939 3546 4976 accensus
3565 4921 3697 4991 ignis

2103 5020 2167 5073 de
2186 5028 2333 5089 petra
2360 5017 2580 5072 comedit
2610 5034 2793 5072 carnes
2813 5027 2860 5070 et
2890 5032 3123 5087 azymos.
3166 5016 3243 5070 Ita
3269 5016 3435 5070 etiam
3465 5016 3579 5084 ipse
3608 5030 3702 5067 an-

2103 5107 2256 5180 gelus
2283 5107 2336 5161 in
2362 5106 2634 5162 sacriﬁcio
2660 5105 2805 5176 quod
2832 5106 3024 5161 obtulit
3062 5104 3305 5169 Gedeon,
3338 5103 3576 5159 ollicium
3607 5103 3703 5156 mi-

2105 5199 2389 5255 nistrantis
2420 5198 2680 5269 implevit.
2722 5197 2905 5268 Ignem
2927 5198 3126 5269 quippe
3156 5198 3317 5251 homo
3358 5195 3608 5250 minister
3643 5203 3701 5247 ut

2106 5291 2269 5345 homo
2307 5290 2424 5343 sine
2469 5287 2730 5343 miraculo
2780 5288 3122 5357 subiecisset,
3172 5303 3335 5357 quem
3383 5283 3703 5340 mirabiliter

2110 5391 2169 5435 ut
2202 5381 2424 5452 angelus
2451 5381 2554 5437 iste
2581 5381 2830 5451 subjecit.
2874 5380 3116 5449 Denique
3142 5388 3269 5434 tunc
3308 5378 3560 5449 cognovit
3599 5373 3701 5428 Ge-

2110 5474 2245 5528 deon
2275 5472 2417 5543 quod
2450 5472 2670 5543 angelus
2697 5472 2909 5527 Domini
2938 5480 3103 5526 esset.
3142 5470 3274 5525 Nam
3298 5471 3399 5524 hoc
3424 5468 3697 5537 Scriptura

2111 5565 2368 5617 continuo
2413 5562 2689 5618 subdidit:
2720 5561 2788 5615 Et
2822 5562 2946 5615 vidit
2985 5561 3214 5622 Cedeon,
3256 5560 3507 5630 quoniam
3547 5573 3698 5625 ange-

2115 5653 2197 5705 lus
2229 5652 2432 5708 Domini
2457 5665 2551 5708 est.
2594 5653 2750 5709 Prius
2776 5669 2904 5723 ergo
2940 5663 3198 5722 tanquam
3231 5658 3354 5705 cum
3386 5650 3602 5703 homine
3627 5648 3695 5700 lo-
