3996 6176
336 248 467 302 1157

1284 247 1637 304 εοιιιιεκτ.
1676 248 1744 301 ΙΝ
1783 248 1912 302 LIB.
1950 249 2264 306 JUDICUM.
2301 280 2371 290 —
2408 249 2536 304 LIB.
2573 249 2635 303 11.

3456 248 3595 307 “58

328 364 617 433 quchatur,
641 376 801 430 quem
825 369 1005 415 tamen
1034 360 1304 414 hominem
1334 360 1430 414 Dei
1456 359 1702 425 credidit,
1735 369 1796 414 ut
1823 376 1913 414 eo-
1940 364 1985 423 Α
2015 360 2248 415 nationis
2301 358 2493 413 fotum
2545 357 2819 429 mysterio,
2877 358 3222 421 constitutus,
3279 356 3599 413 rectitudine

327 467 448 507 ram
482 451 600 523 ipso
624 450 947 505 sacriﬁcium
975 449 1134 503 vellet
1160 448 1370 513 offerre,
1401 450 1548 504 velut
1572 449 1904 519 adjuvandus

326 539 449 608 ejus
484 539 773 610 praesentia
816 539 1135 593 sanctitatis.
1172 538 1349 605 Quaeri
1391 545 1572 608 potest
1598 553 1768 608 quare
1795 540 1902 596 Ge-

327 630 468 684 deon
496 644 657 684 ausus
680 629 843 683 fuerit
869 628 1192 683 sacriﬁcium
1222 629 1417 685 offerre
1442 630 1554 686 Deo
1586 639 1783 701 praeter
1828 631 1907 686 lo-

324 735 449 774 cum
477 720 566 774 ubi
586 720 824 790 jusserat
850 719 1008 775 Deus.
1044 720 1248 776 Praater
1276 723 1682 778 tabernaculum
1707 724 1905 793 quippe

325 826 481 866 suum
504 811 645 866 Deus
668 811 1022 880 prohibuerat
1044 813 1340 869 sacriﬁcari
1369 815 1502 881 sibi;
1536 816 1625 870 cui
1647 817 1901 871 taberna-

324 901 446 954 culo
477 900 731 971 templum
760 910 943 971 postea
968 904 1247 959 successit.
1290 905 1553 975 Tempore
1580 916 1758 962 autem
1796 923 1903 978 quo

322 990 424 1046 fuit
450 991 691 1057 Gedeon,
724 993 1124 1049 tabernaculum
1158 996 1251 1050 Dei
1282 1005 1400 1051 erat
1445 998 1500 1051 in
1550 999 1692 1064 Silo;
1740 1008 1901 1071 atque

323 1083 443 1137 ideo
482 1082 591 1138 illic
634 1092 845 1139 tantum
892 1085 1128 1156 legitime
1186 1096 1366 1156 posset
1421 1090 1739 1145 sacriﬁcari.
1794 1091 1898 1147 Sed

317 1172 719 1244 intelligendmn
758 1182 861 1239 est,
894 1175 1035 1243 quod
1075 1175 1222 1229 illum
1263 1177 1509 1247 angelum
1553 1179 1730 1248 primo
1774 1197 1900 1250 pro-

313 1262 531 1331 phetam
556 1270 860 1331 putaverat,
900 1270 954 1316 et
996 1271 1248 1332 tanquam
1276 1265 1444 1319 Deum
1484 1267 1537 1321 in
1574 1268 1663 1323 illo
1708 1284 1902 1324 consu-

316 1352 488 1406 luerat
530 1353 597 1407 de
640 1353 914 1408 offerendo
956 1354 1225 1413 sacriﬁcio
1259 1374 1271 1409 :
1302 1358 1446 1426 quod
1485 1358 1574 1412 ille
1623 1360 1668 1415 si
1710 1363 1897 1430 prohi-

316 1441 540 1507 buisset,
571 1458 677 1497 non
708 1443 894 1513 utique
929 1443 1109 1511 ﬁeret;
1147 1446 1240 1501 sed
1269 1448 1525 1515 quoniam
1558 1452 1893 1521 approbavit,

311 1542 450 1587 etut
489 1533 639 1589 ﬁeret
672 1537 881 1601 annuit,
919 1535 1016 1592 Dei
1055 1540 1434 1594 auctoritatem
1479 1540 1696 1598 cheon
1733 1545 1785 1598 in
1825 1545 1899 1600 fa-

311 1624 502 1681 ciendo
525 1634 744 1681 secutus
765 1636 863 1682 est.
898 1628 975 1682 Ita
999 1630 1196 1701 quippe
1220 1632 1362 1688 Deus
1385 1633 1623 1704 legitima
1648 1636 1738 1691 illa
1768 1653 1896 1691 con-

2004 448 2213 519 judicii,
2256 449 2409 519 quasi
2450 463 2550 518 per
2596 448 2822 516 virgam,
2868 447 3187 502 electionem
3227 455 3539 503 sanctorum
3567 464 3596 501 a

2006 540 2259 593 vitiorum
2282 538 2451 609 paleis
2479 538 2874 606 sequestrabat.
2922 538 3022 593 Hic
3058 554 3186 609 ergo
3226 539 3443 595 cheon
3473 555 3593 593 cum

2007 627 2246 682 audisset
2297 629 2364 681 ab
2414 627 2607 698 angelo
2650 627 2814 698 quod,
2860 626 3232 683 deﬁcientibus
3274 629 3593 697 populorum

2006 715 2265 781 millibus,
2298 716 2354 770 in
2389 732 2498 771 uno
2528 717 2644 771 viro
2672 717 2934 771 Dominus
2971 716 3180 786 plebem
3208 733 3360 772 suam
3390 719 3459 773 ab
3492 720 3592 773 ho-

2004 808 2178 863 stibus
2204 809 2481 875 liberaret,
2508 809 2757 880 protinus
2785 809 3000 864 haedum
3027 811 3194 873 coxit,
3221 808 3373 877 cujus
3400 825 3594 866 carnes

2005 900 2302 954 secundum
2330 909 2655 969 praeceptum
2702 899 2877 969 angeli
2919 899 3078 952 simul
3118 916 3240 954 cum
3278 914 3464 971 azyma
3503 915 3593 954 su-

2002 1002 2098 1056 per
2134 997 2343 1058 petram
2379 988 2578 1057 posuit.
2604 994 2660 1042 et
2683 986 2773 1055 jus
2813 988 3059 1041 carnium
3099 988 3331 1057 desuper
3356 988 3547 1043 effudit
3572 1006 3590 1043 :

2002 1093 2123 1148 qua:
2149 1079 2277 1132 dum
2303 1078 2526 1149 angelus
2563 1079 2730 1148 virgae
2757 1078 3038 1133 cacumine
3082 1079 3367 1149 contingit,
3406 1079 3592 1133 statim

2002 1169 2069 1223 de
2111 1177 2264 1238 petra
2310 1168 2450 1239 ignis
2493 1169 2702 1238 erupit;
2753 1176 2915 1237 atque
2959 1169 3031 1222 ita
3077 1168 3405 1222 sacriﬁcium
3449 1170 3591 1238 quod

1999 1256 2329 1313 oﬁ‘erehatur
2351 1260 2691 1327 absumptum
2721 1267 2822 1312 est.
2860 1258 2978 1326 Quo
3005 1257 3211 1325 judicio
3254 1259 3591 1313 declaratum

2002 1350 2250 1415 videtur,
2294 1352 2437 1420 quod
2472 1358 2624 1420 petra
2674 1350 2760 1404 illa
2813 1359 2998 1420 typum
3048 1349 3297 1404 habuerit
3345 1351 3591 1418 corporis

2000 1439 2238 1505 Christi,
2286 1438 2451 1494 Paulo
2493 1447 2787 1494 attestante
2830 1457 2843 1491 :
2897 1437 3056 1492 Petra
3104 1447 3317 1504 autent,
3374 1438 3586 1506 inquit,

1998 1539 2113 1585 erat
2163 1530 2404 1584 Christus
2455 1529 2507 1602 (1
2556 1529 2680 1585 Cor.
2718 1531 2795 1601 ιι).
2854 1529 2973 1583 Jam
3014 1537 3142 1583 tunc
3178 1528 3341 1597 igitur
3377 1528 3430 1581 in
3470 1543 3586 1598 my-

1996 1618 2164 1693 sterio
2190 1619 2517 1674 declaratum
2546 1630 2649 1684 est,
2688 1619 2813 1688 quia
2851 1618 3107 1672 Dominus
3142 1616 3297 1671 Iesus
3335 1618 3387 1671 in
3420 1632 3585 1671 carne

309 1723 502 1789 stituit,
530 1731 590 1777 ut
618 1724 763 1794 leges
787 1739 896 1779 non
926 1725 1049 1791 sibi,
1080 1728 1175 1781 sed
1196 1727 1502 1784 hominibus
1527 1731 1698 1786 daret.
1743 1731 1884 1788 Unde

1997 1724 2095 1764 sua
2132 1710 2298 1764 totius
2335 1708 2521 1764 mundi
2558 1716 2776 1779 peccata
2820 1708 3112 1763 cruciﬁxus
3159 1707 3436 1771 aboleret,
3484 1722 3587 1762 nec

296 1817 663 1884 «quodcunque
699 1824 894 1885 prater
921 1816 1005 1869 illa
1037 1817 1151 1886 ipso
1189 1820 1463 1887 prmcepit,
1502 1835 1609 1875 non
1648 1836 1679 1874 a
1720 1829 1894 1877 trans-

305 1907 668 1977 gressoribus,
694 1908 787 1962 sed
816 1908 996 1976 potius
1024 1923 1051 1961 a
1079 1898 1182 1977 piis
1217 1918 1271 1964 et
1306 1910 1680 1967 obedientibus
1706 1912 1895 1983 imple-

306 2009 417 2055 tum
446 2001 850 2072 intelligendum
880 2010 984 2067 est,
1016 2002 1156 2057 sicut
1175 2002 1448 2058 Abraham
1471 1998 1539 2057 de
1563 2005 1892 2061 immolando

303 2091 414 2146 ﬁlio
447 2090 601 2165 (Gen.
636 2091 796 2163 χιιι).
835 2091 968 2146 Nam
999 2100 1055 2147 et
1082 2092 1160 2147 sic
1201 2092 1344 2147 Elias
1380 2102 1532 2148 extra
1574 2094 1893 2149 tabernacu-

302 2187 412 2236 lum
460 2181 674 2236 Domini
709 2182 776 2236 ad
824 2182 1224 2238 convincendos
1274 2184 1586 2239 sacerdotes
1626 2185 1891 2240 idolorum

300 2270 627 2326 sacriﬁcavit
652 2270 771 2343 (III
797 2270 925 2342 Reg.
955 2271 1143 2343 xvut);
1176 2273 1319 2343 quod
1359 2290 1428 2330 ex
1474 2284 1744 2345 praecepto
1788 2276 1891 2331 Do-

300 2363 433 2417 mini
459 2363 654 2418 fecisse
682 2364 1084 2435 intelligendum
1123 2375 1224 2430 est,
1253 2367 1345 2437 qui
1382 2368 1430 2422 ei
1463 2376 1723 2439 tanquam
1764 2385 1892 2439 pro-

298 2456 472 2527 pheue
522 2455 849 2511 revelatione
890 2465 1052 2526 atque
1094 2457 1447 2527 inspiratione
1469 2460 1632 2531 jussit
1656 2469 1717 2514 ut
1745 2459 1890 2516 face-

299 2554 383 2600 ret
413 2564 426 2600 :
452 2562 761 2616 quanquam
796 2555 945 2603 tanta
971 2549 1304 2604 consuetudo
1337 2559 1535 2619 pr.ctcr
1561 2551 1886 2607 tabernacu-

296 2635 407 2691 lum
427 2636 764 2693 sacriﬁcandi
791 2639 1125 2703 crebruerat,
1149 2640 1393 2695 utetiam
1430 2640 1682 2697 Salomon
1708 2644 1763 2696 in
1794 2659 1889 2698 cx-

294 2729 457 2784 celsis
504 2730 841 2785 sacriﬁcassc
884 2731 1214 2797 inveniatur,
1259 2747 1361 2787 nec
1396 2732 1513 2802 ejus
1557 2733 1885 2789 sacriﬁcium

296 2816 464 2873 fuisse
494 2818 837 2888 reprobatum
867 2818 983 2889 (III
1012 2818 1140 2890 Reg.
1180 2820 1284 2891 ιιι).
1322 2821 1388 2876 Ει
1423 2830 1600 2876 tamen
1629 2831 1887 2878 notantur

292 2923 472 2979 reges,
502 2910 594 2980 qui
624 2910 766 2964 inter
794 2925 958 2979 opera
986 2909 1275 2966 laudabilia
1317 2928 1413 2966 sua
1450 2927 1555 2967 non
1596 2915 1884 2970 destruxe-

290 3011 422 3056 runt
461 3001 697 3065 excelsa,
738 3002 828 3057 ubi
873 3011 1061 3058 contra
1097 3002 1268 3074 legem
1298 3003 1395 3058 Dei
1423 3004 1649 3075 populus
1679 3006 1886 3062 sacriﬁ-

285 3108 419 3149 care
453 3104 837 3160 consueverat;
870 3102 926 3151 et
945 3096 1037 3165 qui
1067 3096 1355 3161 destruxit,
1385 3097 1589 3168 majore
1623 3099 1885 3168 przedica-

289 3185 440 3237 tione
479 3182 745 3238 laudatur.
793 3184 869 3240 [ta
897 3185 1039 3240 Deus
1073 3186 1521 3243 consuetudinem
1557 3188 1737 3259 populi
1773 3189 1880 3254 sui,

286 3290 398 3344 qua
423 3284 618 3343 praeter
642 3276 758 3346 ejus
781 3277 1203 3343 tabernaculum,
1226 3286 1406 3332 tamen
1433 3294 1539 3334 non
1566 3279 1671 3334 diis
1694 3279 1884 3336 alienis

285 3365 573 3432 offerebat,
624 3367 721 3422 sed
758 3366 985 3421 Domino
1027 3366 1137 3421 Deo
1183 3382 1301 3433 suo,
1353 3368 1654 3423 sustinebat
1700 3371 1882 3439 potius

286 3471 451 3525 quam
486 3455 724 3518 vetabat,
755 3457 919 3510 etiam
960 3458 1040 3512 sic
1078 3458 1371 3512 exaudiens
1398 3456 1708 3513 olferentes.
1766 3458 1881 3513 Hoc

285 3554 471 3600 autem
500 3545 643 3615 quod
664 3543 880 3599 Gedeon
917 3546 1064 3611 fecit,
1095 3548 1217 3616 quis
1245 3562 1352 3601 non
1378 3547 1641 3617 intelligat
1665 3563 1763 3617 per
1783 3563 1881 3602 au-

285 3637 468 3708 gelum
497 3642 867 3706 procuratum,
900 3645 959 3689 ut
986 3638 1296 3705 prophetico
1330 3637 1500 3703 ﬁeret,
1534 3639 1586 3692 in
1618 3654 1722 3708 qua
1751 3654 1878 3708 pro-

286 3727 473 3797 phetia
501 3733 654 3796 petra
689 3724 779 3779 illa
814 3727 1322 3782 commendaretur?
1355 3729 1441 3783 cui
1470 3729 1685 3797 quidem
1711 3738 1879 3799 petra:

287 3833 395 3872 non
428 3817 794 3871 sacriﬁcatum
822 3824 926 3882 est,
961 3816 1053 3871 scd
1082 3818 1147 3872 de
1175 3818 1263 3872 illa
1307 3818 1449 3889 ignis
1486 3835 1879 3875 commemora-

289 3916 379 3960 tur
403 3906 618 3970 cxiisse,
642 3922 748 3975 quo
768 3907 1093 3961 sacriﬁcium
1117 3916 1544 3963 consumeretur.
1581 3908 1708 3964 Sive
1732 3911 1875 3965 enim

287 4012 388 4066 per
424 4012 637 4066 aquam,
677 4011 837 4066 quam
886 4013 1138 4066 percussa
1179 3996 1367 4052 eﬁ‘udit
1413 3998 1464 4051 in
1514 4013 1716 4063 eremo,
1764 4000 1878 4055 sive

289 4101 389 4155 per
416 4087 596 4156 ignem
623 4086 823 4141 donum
862 4085 1095 4156 Spiritus
1130 4088 1304 4142 sancti
1337 4087 1692 4157 signiﬁcatur,
1732 4090 1877 4158 quod

290 4178 558 4234 ditissime
593 4178 852 4235 Dominus
883 4179 1132 4235 Christus
1157 4178 1344 4235 eﬁ'udit
1370 4194 1535 4249 super
1567 4195 1686 4237 nos.
1738 4181 1874 4236 Nam

287 4279 346 4326 et
386 4271 442 4325 in
492 4271 784 4342 Evangelio
831 4271 1194 4343 signiﬁcatum
1246 4279 1330 4326 cst
1378 4271 1482 4326 hoc
1530 4272 1729 4326 donum
1777 4289 1877 4341 per

287 4377 508 4432 aquam,
547 4363 637 4416 ubi
664 4364 776 4431 ipse
808 4363 927 4416 ait:
961 4361 1022 4418 Si
1067 4364 1184 4433 quis
1224 4362 1365 4426 sitit,
1397 4363 1567 4416 veniat
1611 4372 1658 4415 et
1710 4362 1870 4415 bibat.

291 4424 397 4520 Qui
434 4424 595 4509 credit
625 4424 819 4520 in-me,
849 4455 989 4509 sicut
1028 4424 1159 4509 dicit
1182 4424 1485 4522 Scriptura,
1534 4453 1755 4521 ﬂumina
1810 4454 1873 4507 de
1901 4424 1952 4483 D

290 4556 460 4599 ventre
489 4545 603 4615 ejus
626 4545 786 4616 ﬂuent
813 4561 963 4616 aqua:
991 4546 1114 4606 rivo:
1141 4543 1325 4615 (Joan.
1351 4543 1469 4615 vu).
1504 4544 1606 4599 Ubi
1645 4560 1874 4615 evange-

289 4636 411 4691 lista
433 4637 747 4707 subjunxit:
779 4635 893 4690 Hoc
917 4645 1092 4689 autem
1118 4636 1321 4690 dicebat
1359 4636 1423 4690 de
1460 4635 1685 4706 Spiritu,
1721 4655 1872 4708 quem

288 4728 550 4797 accepturi
575 4736 724 4781 erant
743 4726 1007 4781 credentes
1030 4726 1086 4780 in
1110 4743 1247 4780 eum.
1291 4725 1665 4797 Signiﬁcatum
1706 4736 1791 4782 est
1819 4737 1875 4783 et

287 4833 386 4887 per
412 4819 590 4889 ignem
614 4858 630 4883 ,
661 4818 756 4873 ubi
788 4817 1035 4872 veniente
1070 4816 1163 4871 illo
1197 4831 1359 4886 super
1401 4825 1754 4887 congregatos
1798 4817 1874 4874 le-

286 4910 470 4977 gitur:
510 4908 649 4963 Viste
676 4918 795 4963 sunt
828 4907 937 4962 illis
970 4906 1163 4978 lingua
1198 4907 1378 4962 diviste
1419 4907 1556 4963 velut
1596 4909 1744 4978 ignis,
1783 4912 1873 4982 qui

286 5010 333 5052 et
364 4999 550 5054 insedit
569 5016 724 5071 super
745 5015 1157 5069 unumquemque
1176 5014 1354 5053 eorum
1379 4997 1516 5071 (Act.
1542 4998 1624 5071 ιι).
1661 5000 1729 5055 Ει
1759 5000 1872 5070 ipse

290 5089 550 5144 Dominus
579 5090 655 5142 ait
685 5108 697 5142 :
730 5087 914 5159 Ignem
944 5088 1057 5142 veni
1082 5090 1281 5142 mittere
1308 5106 1463 5158 super
1497 5099 1689 5143 terram
1715 5090 1867 5162 (Luc.

291 5178 410 5249 xu).
446 5166 666 5233 Gedeon
691 5192 926 5248 namque
953 5193 1073 5232 cum
1103 5178 1203 5232 sub
1227 5179 1421 5232 arbore
1460 5193 1662 5248 quercu
1706 5180 1870 5236 tritici

290 5283 517 5324 messem
539 5269 691 5339 virga
718 5270 979 5333 caederet,
1010 5277 1065 5323 et
1094 5284 1123 5321 a
1153 5269 1322 5338 paleis
1348 5268 1614 5323 frumenta
1644 5282 1864 5326 excute-

289 5368 396 5425 ret,
439 5359 688 5429 angelum
730 5359 881 5425 vidit,
924 5359 1196 5429 accipiens
1225 5361 1292 5413 ab
1316 5373 1382 5413 eo
1406 5359 1706 5424 oraculum,
1741 5368 1801 5414 ut
1835 5377 1865 5414 a

286 5459 557 5522 potestate
590 5451 825 5505 hostium
856 5452 908 5504 in
936 5450 1241 5505 libertatem
1286 5449 1542 5519 populum
1586 5450 1680 5504 Dei
1710 5452 1866 5506 redu-

250 5536 253 5537 ⁷
289 5551 459 5597 ceret.
500 5542 605 5597 [ste
646 5542 864 5598 cheon
910 5543 1139 5613 ﬁguram
1175 5542 1429 5597 nimirum
1458 5541 1659 5596 Christi
1693 5552 1865 5613 gesta-

290 5632 403 5696 bat,
436 5633 523 5703 qui
546 5635 645 5688 sub
669 5635 856 5689 umbra
882 5648 1048 5689 sacrzc
1073 5634 1270 5700 crucis,
1293 5634 1668 5703 przedestinato
1690 5636 1866 5692 incar-

1997 1800 2170 1855 solum
2199 1800 2393 1855 delicta
2424 1799 2712 1864 factorum,
2747 1799 2840 1853 sed
2862 1799 3024 1853 etiam
3046 1798 3369 1868 cupiditates
3388 1813 3585 1868 purga-

1997 1899 2079 1947 ret
2119 1892 2422 1947 animorum
2464 1907 2478 1945 :
2516 1907 2646 1947 caro
2688 1892 2831 1945 enim
2880 1891 3019 1946 luedi
3072 1892 3140 1945 ad
3189 1890 3400 1959 culpam
3453 1888 3584 1945 facti

1995 1983 2261 2049 refertur,
2293 1984 2382 2054 jus
2415 1983 2481 2037 ad
2523 1982 2800 2036 illecebras
2838 1982 3228 2051 cupiditatum,
3274 1980 3413 2034 sicut
3449 1980 3584 2034 scri-

1993 2084 2142 2145 ptum
2180 2085 2262 2130 est
2294 2091 2309 2129 :
2343 2074 2482 2141 Quia
2518 2073 2807 2143 concupivit
2840 2071 3063 2143 populus
3100 2073 3432 2141 cupiditatem
3469 2088 3583 2142 pes-

1991 2167 2179 2220 simam
2218 2174 2267 2219 et
2302 2165 2550 2218 dixerunt
2582 2180 2600 2217 :
2638 2162 2768 2228 Quis
2806 2180 2898 2216 nos
2949 2162 3140 2215 cibabit
3186 2178 3343 2214 carne
3386 2161 3577 2232 (Num.

1991 2258 2282 2327 xt)?Quod
2320 2259 2485 2329 igitur
2519 2257 2762 2312 extendit
2798 2255 3021 2325 angelus
3050 2257 3276 2324 virgam,
3313 2263 3367 2309 et
3407 2255 3580 2325 tetigit

1990 2356 2198 2418 petram
2227 2350 2292 2404 de
2315 2364 2419 2418 qua
2449 2348 2587 2419 ignis
2612 2348 2797 2411 exivit,
2838 2347 3076 2401 ostendit
3113 2348 3256 2417 quod
3305 2362 3433 2401 caro
3472 2346 3578 2399 Do-

1989 2441 2120 2495 mini
2153 2440 2359 2509 Spiritu
2400 2441 2604 2510 repleta
2636 2439 2840 2504 divino,
2872 2449 3095 2509 peccata
3127 2440 3306 2493 omnia
3328 2439 3578 2493 bumauze

1988 2530 2315 2585 conditionis
2341 2538 2613 2584 exureret.
2656 2529 2810 2583 Unde
2854 2537 2909 2583 et
2954 2529 3214 2583 Dominus
3252 2528 3327 2582 ait
3353 2542 3368 2580 :
3394 2527 3578 2598 Ignem

1988 2623 2102 2675 veni
2157 2623 2360 2676 mittere
2402 2622 2457 2676 in
2505 2630 2697 2676 terram
2742 2620 2893 2683 (Luc.
2954 2622 3073 2691 xu).
3126 2619 3375 2674 Advertit
3412 2619 3581 2688 igitur

1986 2711 2073 2764 vir
2098 2720 2152 2765 et
2180 2713 2369 2767 doctus
2389 2721 2445 2767 et
2469 2728 2743 2783 praesagus
2763 2711 3070 2766 futurorum
3104 2725 3338 2779 superna
3376 2718 3577 2778 myste-

1987 2803 2084 2866 ria,
2114 2812 2167 2858 et
2198 2806 2315 2859 ideo
2344 2806 2638 2860 secundum
2663 2804 2881 2859 oracula
2910 2805 3109 2858 occidit
3148 2802 3372 2855 vitulum
3410 2818 3440 2854 a
3478 2815 3575 2869 pa-

1987 2906 2067 2951 tre
2117 2912 2214 2952 suo
2260 2899 2415 2952 idolis
2456 2901 2787 2969 deputatum,
2829 2908 2883 2954 et
2923 2900 3035 2968 ipse
3067 2906 3382 2968 septenncm
3411 2897 3577 2951 alium

1986 2984 2283 3042 immolavit
2313 2989 2423 3045 Deo
2449 3030 2464 3055 ,
2503 3007 2611 3060 quo
2646 2991 2790 3045 facto
2828 2990 3264 3045 manifestissime
3314 2988 3577 3044 revelavit

1911 3064 1956 3127 C
1987 3095 2086 3150 per
2124 3081 2409 3135 adventum
2460 3083 2673 3138 Domini
2715 3083 2895 3138 omnia
2944 3083 3264 3153 gentilitatis
3312 3079 3572 3135 abolenda

1985 3187 2107 3228 esse
2132 3172 2421 3239 sacriﬁcia,
2448 3174 2730 3244 solumque
2755 3173 3081 3230 sacriﬁcium
3113 3172 3406 3227 Dominiczc
3446 3186 3572 3241 pas-

1986 3264 2155 3320 sionis
2191 3266 2302 3321 Deo
2336 3282 2434 3336 pro
2466 3267 2833 3338 redemptione
2861 3274 3044 3321 nostra
3090 3265 3348 3336 religione
3390 3262 3574 3334 populi

1985 3357 2353 3413 deferendum.
2413 3356 2625 3413 Etenim
2654 3358 2856 3413 vitulus
2893 3358 2980 3414 ille
3009 3366 3129 3412 erat
3167 3357 3219 3411 in
3261 3366 3385 3426 typo
3416 3354 3577 3409 Chri-

1982 3450 2072 3510 sti,
2106 3450 2158 3502 in
2185 3464 2293 3519 quo
2321 3449 2652 3517 septiformis
2689 3450 3044 3518 spiritualium
3093 3448 3372 3519 plenitudo
3410 3447 3575 3500 virtu-

1983 3546 2116 3603 tum,
2158 3537 2298 3591 sicut
2331 3537 2499 3592 Isaias
2526 3537 2678 3597 dixit,
2722 3538 3059 3591 inhabitabat
3100 3537 3234 3606 (Isa.
3284 3538 3381 3601 χι).
3432 3530 3599 3602 ΟιιὶίΓ

1980 3639 2063 3686 est
2090 3629 2422 3686 frumentum
2449 3631 2600 3702 virga
2634 3629 2862 3694 caedere,
2893 3628 2995 3682 nisi
3032 3629 3352 3682 rectitudine
3380 3628 3571 3696 judicii

1980 3736 2011 3774 a
2051 3721 2308 3776 vitiorum
2351 3721 2522 3790 paleis
2566 3721 2824 3774 virtutum
2864 3719 3065 3790 gratias
3116 3718 3411 3788 separare?
3460 3717 3567 3771 Sed

1980 3811 2096 3865 hmo
2137 3809 2420 3880 agent’bus
2470 3809 2691 3880 angelus
2739 3816 2981 3878 apparet,
3029 3807 3154 3877 quia
3202 3813 3357 3860 tanto
3395 3805 3570 3874 magis

1979 3897 2240 3961 Domi'nus
2265 3903 2523 3959 interiora
2554 3904 2854 3967 denuntiat,
2913 3909 3116 3971 quanto
3158 3914 3216 3954 se
3269 3897 3563 3954 studiosius

1979 4000 2227 4056 homines
2255 4000 2324 4055 ab
2345 3999 2703 4056 exterioribus
2729 4004 2979 4069 purgant,
3014 3996 3104 4065 qui
3142 3994 3351 4049 haedum
3375 3991 3566 4061 prazci-

1977 4092 2072 4163 pit,
2106 4089 2157 4144 id
2188 4099 2290 4157 est,
2322 4106 2537 4146 omnem
2561 4090 2857 4160 appetitum
2903 4095 3102 4142 nostrae
3145 4084 3328 4139 carnis
3373 4083 3566 4136 immo-

1933 4208 1944 4218 -
1976 4184 2111 4247 lare,
2141 4196 2441 4251 carnesque
2469 4195 2632 4250 super
2656 4187 2864 4248 petram
2903 4176 3051 4247 poni,
3094 4182 3149 4227 et
3184 4173 3274 4242 jus
3317 4171 3560 4226 carnium

1976 4274 2209 4342 desuper
2230 4271 2402 4326 fundi.
2456 4269 2625 4338 Quem
2665 4267 2828 4322 alium
2864 4267 3041 4337 signat
3077 4274 3249 4334 petra,
3291 4261 3396 4316 nisi
3436 4275 3560 4316 eum

1977 4363 2046 4417 de
2076 4378 2183 4431 quo
2219 4378 2318 4431 per
2344 4360 2572 4415 Paulum
2600 4360 2797 4413 dicitur
2828 4376 2842 4412 :
2874 4356 3033 4411 Petra
3068 4363 3242 4408 autem
3266 4361 3378 4406 erat
3408 4349 3563 4405 Clari-

1977 4462 2087 4508 stus
2118 4452 2167 4524 (I
2206 4452 2331 4509 Cor.
2371 4451 2466 4523 x)?
2511 4451 2718 4507 Carnes
2761 4464 2891 4519 ergo
2940 4462 3103 4518 super
3146 4454 3356 4514 petram
3406 4444 3562 4512 poni-

1978 4561 2119 4608 mus,
2154 4559 2278 4599 cum
2304 4557 2500 4611 corpus
2532 4549 2772 4596 nostrum
2798 4540 2852 4594 in
2880 4538 3079 4594 Christi
3112 4534 3413 4590 imitatione
3437 4548 3564 4587 cru-

1977 4636 2205 4690 ciamus.
2255 4632 2350 4687 Jus
2400 4633 2565 4687 etiam
2605 4630 2851 4685 carnium
2897 4630 3128 4697 desuper
3160 4624 3354 4688 fundit,
3384 4622 3472 4693 qui
3504 4622 3558 4675 in

1977 4726 2386 4782 conversatione
2431 4723 2633 4778 Christi
2670 4723 2816 4792 ipsas
2861 4720 3023 4774 etiam
3053 4715 3298 4772 carnales
3323 4731 3353 4769 a
3382 4731 3441 4770 se
3465 4730 3558 4769 co-

1976 4819 2266 4890 gitationes
2302 4815 2601 4873 exinanivit
2635 4834 2647 4868 :
2678 4813 2831 4884 quasi
2874 4811 3017 4866 enim
3057 4824 3143 4864 res
3178 4824 3245 4863 ex
3288 4823 3451 4863 carne
3492 4805 3559 4860 li-

1973 4908 2135 4977 quida
2164 4907 2217 4961 in
2243 4914 2397 4976 petra
2428 4903 2693 4969 funditur,
2733 4902 2947 4972 quando
2994 4914 3144 4954 mens
3187 4914 3216 4952 a
3267 4896 3554 4969 cogitatio-

1973 5017 2102 5055 num
2150 4998 2448 5054 carnalium
2490 4996 2634 5051 ﬁuxu
2683 5002 2993 5056 evacuatur,
3037 5007 3158 5063 quae
3197 5000 3378 5045 tamen
3426 5000 3552 5040 mox

1974 5090 2193 5161 angelus
2218 5089 2367 5158 virga
2388 5087 2581 5157 tangit,
2624 5086 2749 5156 quia
2793 5086 3142 5140 intentionem
3173 5090 3413 5136 nostram
3460 5090 3553 5127 ne-

1974 5195 2241 5251 quaquam
2270 5187 2514 5251 potestas
2539 5179 2703 5233 divini
2731 5177 2984 5248 adjutorii
3010 5174 3229 5230 deserit.
3284 5169 3359 5222 De
3398 5175 3552 5235 petra

1973 5285 2150 5329 autem
2182 5275 2323 5343 ignis
2348 5273 2479 5337 exit,
2509 5282 2563 5328 ct
2585 5273 2680 5343 jus'
2706 5284 3004 5339 carnesque
3030 5261 3313 5321 consumit,
3355 5257 3479 5327 quia
3518 5270 3551 5309 a

1974 5367 2313 5435 redemptore
2336 5366 2556 5434 spiritus
2579 5372 2727 5419 tanta
2754 5377 2848 5417 cor
2878 5368 3122 5415 nostrum
3152 5350 3364 5405 ﬂamma
3396 5362 3549 5401 com-

1972 5456 2278 5525 punctionis
2308 5464 2636 5520 concrcmat,
2669 5462 2726 5506 ut
2754 5466 2913 5508 omne
2949 5445 3091 5515 quod
3129 5444 3183 5496 in
3223 5454 3287 5493 eo
3323 5446 3406 5491 est
3445 5435 3551 5491 illi-

1972 5549 2137 5603 citum
2164 5556 2218 5601 et
2247 5549 2424 5618 operis
2446 5555 2495 5601 et
2518 5544 2859 5617 cogitationis
2883 5543 3075 5594 exurat
3099 5552 3111 5588 :
3139 5530 3375 5601 Ρθνῖδυίο
3402 5526 3547 5582 enim

1972 5647 2027 5693 ct
2071 5639 2297 5694 solerter
2344 5637 2607 5708 invigilat,
2651 5644 2710 5689 ut
2748 5648 2853 5686 non
2889 5627 3059 5683 solum
3104 5635 3356 5694 perversa
3385 5632 3545 5688 agere
