4000 6186
427 270 567 328 Ηὸξ)

1072 266 1131 319 Β.
1176 264 1425 319 RABANI
1462 265 1678 319 MAURI
1716 263 2033 318 ARClllEP.
2075 256 2383 313 MOGUNT.
2424 253 2705 310 OPERUFJ
2745 251 2925 305 PARS
2964 249 3002 304 Ι.

3540 248 3560 299 i
3582 244 3693 303 160

424 388 637 442 renuat,
665 379 758 434 sed
786 393 945 432 omne
976 378 1137 433 etiam
1173 377 1316 447 quod
1355 359 1406 431 in
1435 392 1493 433 se
1524 393 1619 446 per
1647 377 1999 446 cogitationes
2026 373 2077 433 Α
2104 370 2294 424 imbris
2328 357 2573 424 ubertate
2604 366 2857 435 privavit,
2905 363 3127 417 dicens:
3156 360 3425 414 Mandabo
3472 359 3700 413 nubibus

422 469 659 539 turpiter
697 468 965 537 liquatur,
1004 475 1229 536 tergeat.

1037 577 1261 633 CAPUT
1300 578 1384 632 Ill.

434 692 586 763 Quod
637 693 851 763 spiritus
896 692 1106 763 Domini
1146 691 1322 763 induit
1349 688 1584 763 Gedeon,
1631 693 1718 760 qui
1766 692 2008 760 clangens

502 756 719 814 buccina
743 763 1035 830 convocatit
1059 760 1266 830 domum
1292 761 1508 830 Abicaer
1530 771 1583 813 ut
1606 756 1659 813 se
1686 756 2007 830 sequeretur,

499 842 550 952 ἵ
583 832 658 912 de.
677 831 824 899 signo
858 829 1055 883 velleris
1083 830 1221 898 quod
1248 829 1386 881 idem
1430 828 1637 884 Gedeon
1668 828 1948 900 postulavit
1977 848 2010 883 a

556 916 748 952 omina.

556 916 748 953 omina.

508 1007 682 1079 (Ιιιιυ.)
715 1006 941 1076 Spiritus
979 1016 1150 1058 autem
1189 1004 1401 1059 Domini
1441 1005 1607 1058 induit
1648 1004 1875 1069 Gedeon,
1925 1005 2015 1076 qui

436 1099 679 1168 clangens
710 1098 928 1151 buccina
952 1097 1245 1150 convocavit
1273 1098 1484 1150 domum
1514 1098 1752 1173 Abiezer,
1776 1107 1831 1150 ut
1856 1116 1909 1151 se
1929 1116 2014 1152 se—

436 1200 697 1260 queretur.
750 1188 992 1257 Misitque
1028 1187 1236 1240 nuntios
1274 1187 1329 1240 in
1365 1188 1658 1241 universam
1695 1187 2013 1253 Manassem,

435 1283 525 1350 qui
550 1289 595 1333 et
624 1281 731 1345 ipse
763 1288 967 1332 secutus
1000 1287 1074 1331 est
1105 1294 1263 1343 eum;
1303 1288 1350 1331 et
1390 1279 1522 1332 alios
1553 1280 1760 1332 nuntios
1792 1280 1845 1332 in
1885 1266 2018 1333 Aser

436 1380 487 1424 et
510 1368 769 1432 Zabulon,
799 1379 845 1422 et
880 1367 1200 1438 Nephtalim,
1239 1368 1329 1438 qui
1360 1380 1693 1422 occurrerunt
1722 1370 1789 1421 ei.
1847 1370 2018 1424 Voca-

439 1460 537 1523 vit,
576 1459 767 1528 inquit,
809 1466 932 1527 post
978 1472 1037 1512 se
1079 1457 1328 1521 Abiezer,
1377 1458 1468 1526 qui
1520 1458 1704 1527 utique
1752 1474 2019 1527 nusquam

438 1556 575 1601 erat.
620 1547 1008 1616 Interpretatur
1044 1556 1224 1601 autem
1266 1548 1494 1601 Abiczer
1531 1550 1694 1618 patris
1732 1551 1832 1602 mei
1866 1550 2020 1602 auxi-

440 1637 605 1700 lium;
643 1652 748 1691 non
774 1653 903 1706 ergo
930 1638 1202 1693 hominem
1228 1639 1483 1707 aliquem,
1512 1640 1603 1693 sed
1632 1640 1803 1708 patris
1824 1640 2017 1693 summi

439 1727 656 1782 Gedeon
683 1729 962 1783 invocasse
987 1729 1198 1783 videtur
1218 1730 1498 1783 auxilium.
1544 1729 1703 1784 Mittit
1734 1732 1935 1785 interea
1967 1741 2022 1786 et
2052 1707 2099 1765 Β

439 1817 642 1871 auxilia
689 1817 1000 1881 convocari,
1045 1819 1369 1872 conveniunt
1409 1819 1607 1888 p0puli,
1651 1827 1706 1874 et
1748 1821 1926 1875 omnis
1954 1822 2021 1874 ad

440 1908 660 1962 Gedeon
690 1908 962 1962 exercitus
991 1915 1362 1976 congregatur.

516 1999 760 2068 Dixitque
796 1997 1004 2051 Gedeon
1053 1998 1121 2051 ad
1158 1999 1483 2052 Dominum:
1513 1999 1573 2055 Si
1618 2003 1818 2056 salvum
1864 2003 1995 2072 facis

442 2106 534 2158 per
553 2106 763 2143 manum
784 2093 963 2142 meam
977 2088 1164 2150 Israel,
1186 2090 1318 2142 sicut
1341 2089 1544 2143 locutus
1561 2109 1636 2157 es,
1659 2109 1847 2159 ponam
1865 2093 2025 2148 vellus

443 2182 539 2235 hoc
581 2181 717 2235 lance
742 2183 797 2234 in
826 2197 949 2234 area
977 2196 996 2233 :
1027 2180 1074 2232 si
1104 2196 1189 2233 ros
1227 2180 1281 2233 in
1319 2180 1430 2235 solo
1467 2182 1650 2237 vellere
1689 2183 1865 2251 fuerit,
1895 2195 1945 2239 et
1971 2186 2027 2239 in

444 2273 585 2326 omni
621 2282 762 2325 terra
789 2272 1020 2335 siccitas,
1047 2271 1209 2324 sciam
1233 2271 1372 2341 quod
1397 2288 1489 2340 per
1507 2289 1717 2326 manum
1742 2291 1930 2340 meam,
1961 2275 2031 2328 si-

444 2372 529 2415 cut
552 2361 755 2416 locutus
780 2379 833 2415 es
853 2401 867 2427 ,
902 2360 1144 2415 liberabis
1168 2360 1357 2415 Israel.
1402 2360 1727 2434 Factumque
1752 2374 1827 2417 est
1851 2365 1946 2429 ita,
1973 2376 2029 2418 ut

444 2451 508 2503 de
550 2461 697 2505 nocte
735 2467 1071 2520 consurgens,
1108 2466 1349 2520 expresso
1387 2451 1590 2516 vellere,
1627 2454 1877 2507 concham
1913 2471 2030 2509 rore

447 2542 735 2612 repleverit.
776 2543 1019 2612 Dixitque
1047 2559 1230 2596 rursus
1261 2544 1330 2596 ad
1362 2543 1641 2597 Dominum
1672 2558 1690 2595 :
1721 2543 1804 2599 Ne
1831 2547 2028 2600 irasca-

445 2644 534 2685 tur
572 2633 723 2701 [uror
768 2642 888 2686 tuus
928 2640 1108 2685 contra
1147 2648 1248 2697 me,
1282 2633 1328 2685 si
1353 2632 1526 2686 adhuc
1554 2633 1709 2687 semel
1747 2643 2029 2702 tentavero,

445 2723 651 2792 signant
678 2738 918 2793 qurerens
940 2722 994 2775 in
1015 2720 1231 2785 vellere;
1255 2737 1347 2775 oro
1373 2731 1428 2774 ut
1450 2722 1620 2775 solum
1645 2722 1808 2777 vellus
1837 2725 2031 2779 siccum

445 2813 532 2874 sit,
578 2821 629 2865 et
672 2810 840 2864 omnis
874 2820 1015 2865 terra
1064 2827 1178 2864 rore
1216 2811 1451 2865 madens.
1500 2810 1747 2883 Fecitque
1773 2812 2031 2867 Dominus

448 2912 595 2957 nocte
641 2901 743 2959 illa
781 2911 837 2956 ut
874 2901 1253 2972 postulaverat,
1307 2912 1356 2957 et
1406 2904 1508 2973 fuit
1562 2904 1769 2958 siccitas
1818 2905 1874 2957 in
1920 2903 2032 2959 solo

447 2992 648 3056 vellere,
679 3002 727 3046 et
759 3010 843 3047 ros
867 2994 921 3047 in
949 2994 1087 3048 omni
1121 3004 1282 3060 terra,
1309 3002 1415 3050 etc.
1473 2995 1724 3050 Prtevidit
1756 3010 1887 3068 ergo
1912 3011 2031 3069 my-

447 3081 673 3134 sterium
704 3080 943 3135 victoria:
991 3080 1230 3146 Gedeon,
1273 3091 1327 3136 et
1368 3090 1569 3148 tamen,
1620 3083 1746 3138 licet
1791 3083 1949 3140 fortis
1980 3093 2036 3139 et

450 3169 608 3234 ﬁdus,
655 3170 899 3240 pleniora
954 3172 1131 3226 adhuc
1182 3173 1247 3227 de
1299 3173 1526 3227 Domino
1564 3173 1760 3228 futurae
1796 3173 2035 3228 victoria:

450 3258 771 3312 documenta
823 3261 1136 3328 quterebat,
1193 3267 1253 3314 ut
1301 3276 1406 3314 una
1455 3268 1613 3315 nocte
1676 3262 1813 3316 lana:
1864 3262 2033 3318 vellus

452 3345 506 3397 in
558 3359 684 3398 area
725 3353 969 3413 poneret,
1016 3353 1072 3400 et
1107 3355 1253 3401 esset
1300 3363 1462 3415 super
1498 3349 1624 3403 illud
1664 3352 2034 3406 tantummodo

454 3448 562 3497 ros,
600 3441 655 3487 et
688 3449 850 3503 super
889 3450 1107 3489 omnem
1146 3444 1344 3493 terram
1373 3439 1618 3505 siccitas;
1659 3451 1715 3497 et
1754 3458 1943 3497 rursus
1970 3443 2037 3497 si-

453 3523 651 3577 militer
674 3535 901 3595 poneret
931 3526 1121 3592 vellus,
1169 3538 1223 3583 ct
1271 3544 1433 3600 super
1480 3540 1649 3586 totam
1698 3541 1895 3589 terram
1944 3552 2035 3591 ros

452 3616 682 3685 plueret,
714 3626 770 3672 et
792 3619 1011 3674 siccitas
1039 3629 1183 3675 esset
1216 3622 1268 3676 in
1299 3623 1513 3679 vellere.
1572 3625 1776 3693 Quaarit
1802 3625 2034 3682 fortasse

453 3707 647 3775 aliquis
687 3718 867 3763 utrum
916 3712 1068 3779 quasi
1117 3713 1427 3769 incredulus
1473 3730 1593 3770 esse
1630 3717 1899 3782 videatur,
1941 3718 2033 3786 qui

452 3801 822 3869 frequentibus
848 3801 963 3870 jam
986 3802 1160 3856 fuerat
1194 3803 1408 3860 indiciis
1446 3806 1807 3863 informatus?
1857 3809 2030 3863 Absit.

452 3891 569 3946 Non
617 3892 760 3945 enim
804 3892 892 3947 ille
933 3894 1217 3962 ambiguus
1260 3904 1399 3959 erat,
1432 3898 1524 3951 sed
1556 3898 1808 3952 nimirum
1854 3897 2034 3953 futura

454 3982 708 4051 mysteria
740 3983 1088 4050 praevidebat,
1126 4001 1246 4054 quae
1273 3987 1433 4040 etiam
1459 3988 1713 4054 providus
1738 3988 2036 4059 diligentis—

453 4071 588 4125 sime
622 4071 955 4140 explorabat,
1014 4082 1074 4127 ut
1120 4076 1347 4144 amplius
1402 4079 1649 4133 crederet
1695 4080 2030 4149 mysterium,

452 4161 577 4214 dum
607 4161 962 4217 intellexisset
984 4163 1281 4218 oraculum.
1333 4165 1470 4231 Quid
1508 4181 1637 4237 ergo
1683 4168 1849 4223 vellus
1893 4184 2038 4224 com-

453 4250 658 4318 plutum
682 4260 737 4304 et
763 4266 890 4305 area
922 4252 1103 4307 sicca?
1128 4260 1182 4307 et
1206 4262 1390 4323 postea
1419 4257 1686 4325 compluta
1713 4273 1857 4322 area,
1890 4259 2035 4314 sicco

451 4340 690 4395 vellere?
715 4342 818 4395 nisi
842 4342 985 4411 quod
1013 4343 1187 4411 primo
1215 4360 1318 4398 una
1349 4360 1479 4414 gens
1502 4345 1848 4423 Hebraeorum
1872 4348 2035 4403 habe-

449 4432 543 4485 bat
564 4433 752 4502 gratiae
776 4434 1113 4503 mysterium,
1144 4443 1287 4489 totus
1313 4437 1460 4491 orbis
1485 4453 1683 4493 vacuus
1712 4414 1857 4505 erat;
1891 4456 2034 4494 nunc
2061 4406 2113 4465 Β

450 4531 628 4577 autem
659 4523 710 4576 in
743 4522 1170 4579 manifestatione
1200 4524 1399 4580 Christi
1431 4535 1572 4583 totus
1599 4529 1747 4583 orbis
1787 4531 1889 4583 hoc
1938 4531 2034 4583 ha-

451 4613 561 4677 bet,
587 4613 675 4667 illa
705 4629 874 4668 vacua
906 4622 1007 4669 est.
1064 4615 1205 4668 Area
1236 4617 1379 4670 enim
1404 4618 1492 4671 illa
1516 4627 1685 4673 totum
1708 4619 1895 4673 orbem
1924 4628 2035 4674 ter-

452 4714 634 4752 rarum
657 4702 941 4771 signiﬁcat.
992 4703 1235 4773 Denique
1261 4706 1474 4773 quando
1506 4715 1647 4762 totus
1685 4706 1831 4761 orbis
1864 4706 2036 4762 infru-

454 4800 642 4845 ctuoso
669 4794 815 4847 cultu
842 4795 1060 4864 gentilis
1085 4799 1483 4866 superstitionis
1512 4799 1718 4861 arebat,
1751 4808 1879 4855 tunc
1908 4810 2033 4856 erat

456 4896 545 4935 ros
589 4882 676 4935 ille
716 4884 950 4939 caelestis
983 4886 1309 4943 visitationis
1338 4890 1391 4943 in
1422 4890 1637 4945 vellere.
1692 4892 1883 4947 Postea
1906 4909 2036 4950 vero

459 4990 614 5044 quam
649 4989 777 5029 oves
809 4978 1084 5044 perierant
1115 4981 1308 5037 domus
1342 4982 1534 5047 Israel,
1572 5000 1691 5053 quae
1731 4986 1829 5041 sub
1861 4986 2034 5058 ﬁgura

454 5066 667 5121 velleris
696 5064 1234 5134 demonstrabantur,
1275 5081 1330 5127 et
1370 5089 1500 5129 oves
1529 5074 1631 5130 illm
1658 5074 1860 5130 fontem
1886 5091 2041 5147 aquae

459 5158 589 5213 viva:
609 5171 960 5228 negaverunt,
990 5174 1079 5215 ros
1105 5162 1229 5218 ﬁdei
1266 5167 1481 5219 exaruit
1504 5166 1557 5220 in
1595 5170 1907 5237 pectoribus
1939 5168 2038 5224 Ju-

455 5248 721 5311 dzcorum,
777 5248 1118 5319 gratiamque
1163 5266 1314 5306 suam
1365 5254 1535 5310 imber
1582 5256 1671 5311 ille
1720 5258 1932 5313 divinus
1983 5260 2039 5314 in

455 5340 620 5394 corda
663 5341 902 5411 gentium
937 5339 1212 5396 dirivavit.
1266 5342 1394 5399 Inde
1434 5356 1519 5400 est
1559 5349 1701 5416 quod
1748 5365 1889 5405 nunc
1919 5349 2041 5406 ﬁdei

460 5447 578 5487 rore
613 5442 753 5489 totus
782 5436 928 5490 orbis
948 5436 1260 5505 ,humescit;
1288 5437 1457 5493 Judmi
1497 5456 1625 5496 vero
1666 5445 1944 5513 prophetia
1990 5454 2045 5500 et

459 5525 705 5579 omnibus
733 5528 1153 5584 charismatibus
1176 5539 1383 5586 carent.
1436 5531 1545 5586 Nec
1576 5533 1767 5588 mirum
1809 5537 1849 5590 si
1884 5536 2044 5604 perﬁ-

462 5612 562 5666 dia:
600 5616 835 5670 subeunt
874 5620 1174 5678 siccitatem
1202 5664 1217 5688 ,
1257 5637 1393 5692 quos
1435 5623 1694 5681 Dominus
1744 5631 2042 5699 prophetici

2108 459 2349 528 desuper,
2384 474 2446 510 ne
2487 455 2670 527 pluunt
2708 470 2865 522 super
2904 469 3018 506 eam
3047 451 3274 519 pluviam
3311 449 3451 519 (Isa.
3485 448 3563 519 v).
3614 450 3698 503 ll-

2108 548 2254 601 circo
2276 555 2454 601 autem
2476 544 2620 600 illam
2643 552 2857 613 gentem
2879 540 3095 595 velleris
3118 540 3335 593 nomine
3352 537 3696 607 signiﬁcavit,

2108 637 2192 690 vel
2233 637 2360 705 quia
2402 634 2684 704 spolianda
2719 640 2863 688 esset
2897 631 3221 684 auctoritate
3246 628 3531 693 doctrinae,
3563 629 3700 682 sicut

2110 744 2240 782 oves
2256 727 2479 792 vellere,
2504 726 2590 780 vel
2618 725 2759 793 quod
2783 723 3025 776 eamdem
3050 720 3307 791 pluviam,
3346 734 3513 788 quam
3555 718 3703 772 nole-

2112 818 2203 871 bat
2232 817 2335 871 sibi
2370 831 2467 885 per
2506 814 2823 887 ppepositos
2861 810 3165 881 praedicari,
3216 809 3357 875 aliis,
3395 808 3451 862 id
3490 817 3599 872 est,
3629 806 3708 860 in.

2114 904 2450 960 circumcisis
2479 903 2727 975 gentibus
2756 900 2921 955 sciret
2950 898 3200 953 revelari.

2721 987 2947 1044 CAPUT
3000 986 3090 1040 IV.

2118 1084 2302 1140 Sermo
2340 1083 2555 1137 Domini
2593 1082 2662 1133 ad
2703 1078 2931 1143 Gedeon,
2961 1079 3218 1132 mandans
3246 1086 3302 1130 ut
3327 1095 3359 1130 a
3390 1094 3446 1129 se
3471 1076 3703 1129 dimitte.

2186 1164 2261 1207 ret
2297 1153 2481 1223 populi
2496 1150 2917 1223 multitudinem,
2947 1149 3036 1202 ubi
3063 1165 3178 1223 eum
3202 1147 3513 1223 vigintian
3539 1147 3704 1200 millia
3726 1187 3734 1192 .

2185 1214 2415 1276 virorum
2449 1222 2777 1285 dimiserunt,
2800 1228 2848 1273 et
2880 1228 3083 1271 tantum
3107 1214 3280 1270 decem
3307 1214 3476 1270 millia
3501 1233 3620 1268 cum
3648 1234 3703 1269 ca

2190 1308 2491 1345 remanserit
2500 1300 2574 1344 nt.

2190 1402 2338 1474 (CAP.
2368 1404 2487 1475 vn.)
2540 1402 2787 1471 Dixitque
2826 1398 3080 1454 Dominus
3111 1400 3182 1453 ad
3226 1397 3434 1453 Cedeon
3459 1417 3479 1453 :
3503 1398 3706 1453 Multus

2119 1501 2285 1547 tecum
2307 1501 2381 1545 est
2402 1491 2648 1562 populus,
2672 1507 2764 1544 nec
2789 1490 3027 1543 tradetur
3051 1487 3268 1542 Madian
3289 1490 3342 1541 in
3360 1506 3550 1541 manus
3571 1488 3706 1556 ejus,

2119 1597 2183 1634 ne
2208 1578 2462 1649 glorietur
2488 1588 2669 1632 contra
2708 1594 2789 1632 me
2820 1576 3008 1640 Israel,
3043 1586 3091 1631 et
3128 1577 3266 1629 dicat
3299 1591 3317 1626 :
3348 1574 3483 1628 Meis
3516 1576 3711 1629 viribus

2126 1669 2375 1723 liberatus
2416 1684 2554 1722 sum.
2595 1667 2829 1739 Loquere
2869 1666 2937 1719 ad
2973 1666 3241 1737 populum,
3293 1676 3340 1718 et
3382 1666 3584 1718 cunctis
3616 1682 3715 1718 cu-

2126 1745 2641 1826 dienlibus'prazdica
2668 1773 2687 1810 :
2716 1755 2821 1821 Qui
2844 1755 3214 1826 formidolosus
3254 1764 3301 1808 et
3348 1753 3567 1807 timidus
3610 1766 3712 1819 est,

2122 1858 2426 1902 revertatur.
2486 1848 2926 1918 Recesseruntque
2965 1848 3029 1900 de
3068 1857 3240 1900 monte
3276 1846 3507 1911 Galaad,
3548 1856 3594 1899 et
3636 1848 3717 1899 re;

2121 1941 2254 1994 versi
2287 1950 2407 1993 sunt
2440 1955 2504 1993 ea:
2527 1938 2719 2009 populo
2748 1938 2929 2008 viginti
2954 1948 3001 1991 et
3028 1938 3133 1991 duo
3160 1938 3326 1992 millia
3363 1938 3623 1999 virorum,
3666 1947 3713 1991 et

2122 2040 2325 2083 tantum
2355 2029 2531 2082 decem
2552 2027 2720 2081 millia
2742 2037 3118 2081 remanserunt.
3152 2026 3290 2093 Quid
3312 2035 3397 2082 est
3418 2027 3561 2095 quod
3600 2028 3713 2081 for-

2124 2118 2370 2174 tnidolosi
2397 2127 2452 2173 et
2471 2118 2663 2182 timidi,
2693 2126 2974 2186 postquam
3000 2116 3079 2171 eis
3100 2116 3450 2186 praedicatum
3467 2116 3716 2184 estquod

2126 2207 2460 2265 formidolosi
2491 2223 2521 2260 a
2552 2207 2746 2261 castris
2783 2204 3116 2267 secederent,
3158 2219 3255 2274 per
3299 2217 3587 2259 numerum
3631 2203 3714 2257 vi—

2128 2300 2257 2364 cies,
2289 2307 2346 2353 et
2379 2298 2461 2353 bis
2486 2296 2846 2351 millcnarium
2872 2294 3163 2349 recessisse
3190 2294 3395 2348 inventi
3419 2293 3589 2347 sunt?
3610 2293 3711 2349 nisi

2128 2389 2270 2459 quod
2299 2404 2507 2451 omnes,
2551 2387 2643 2458 qui
2687 2387 2741 2440 in
2778 2386 2986 2440 unitate
3026 2384 3169 2449 ﬁdei,
3204 2393 3260 2438 et
3288 2383 3597 2437 dilectionis
3623 2399 3715 2440 so.

2130 2478 2325 2533 cietate
2352 2493 2457 2531 non
2482 2482 2822 2548 permanent,
2854 2475 3048 2529 merito
3081 2490 3112 2528 a
3145 2473 3344 2528 Christi
3382 2474 3595 2538 militia,
3626 2474 3717 2529 ubi

2131 2569 2400 2639 spiritales
2424 2568 2763 2623 trucidantur
2785 2567 2990 2631 hostes,
3020 2574 3082 2621 ut
3109 2565 3324 2635 reprobi
3357 2564 3715 2632 abjiciuntur:

2130 2660 2377 2714 binarius
2406 2659 2551 2713 enim
2590 2672 2866 2722 numerus,
2897 2656 2990 2727 qui
3013 2658 3081 2712 ab
3103 2656 3312 2710 unitate
3343 2656 3556 2725 primus
3585 2656 3722 2717 divi-

2134 2756 2307 2820 ditur,
2343 2769 2448 2809 non
2476 2768 2688 2823 semper
2717 2754 2915 2808 bonam
2955 2753 3008 2807 in
3048 2751 3344 2823 Scripturis
3385 2753 3580 2817 sacris,
3624 2752 3720 2805 sed

2120 2840 2420 2914 aliquando
2467 2843 2798 2899 contrariam
2846 2841 3289 2911 signiﬁcationem
3331 2842 3513 2896 habet.
3560 2841 3722 2905 Nota,

2134 2935 2327 3000 lector,
2352 2934 2496 3005 quod
2519 2933 2574 2988 in
2605 2932 2793 3004 viginti
2818 2932 3026 2987 duobus
3055 2932 3407 2997 undenarius,
3430 2932 3522 3001 qui
3549 2940 3727 2985 trans-

2060 3041 2105 3103 ρ
2137 3024 2470 3095 gressionem
2499 3022 2633 3093 legis
2660 3022 2947 3093 signiﬁcat,
2976 3021 3060 3077 bis
3091 3030 3175 3077 est
3196 3022 3641 3090 comprehensus,
3672 3030 3733 3074 et

2138 3111 2401 3182 intelliges
2429 3111 2571 3180 quod
2602 3110 2694 3179 qui
2720 3110 2940 3164 unitatis
2969 3117 3024 3164 et
3051 3109 3355 3164 dilectionis
3379 3108 3585 3163 foedera
3616 3125 3727 3162 non

2136 3210 2347 3265 servat,
2376 3209 2746 3271 transgressor
2765 3207 2850 3254 est
2868 3199 3022 3270 legis.
3065 3199 3136 3253 At
3155 3208 3343 3254 contra
3366 3199 3458 3268 qui
3478 3208 3734 3254 constan-

2136 3299 2219 3345 tes
2238 3292 2430 3345 ‘animo
2461 3290 2514 3343 in
2544 3289 2685 3344 bello
2715 3288 2915 3359 reperti
2948 3297 3104 3353 sunt,
3150 3287 3454 3342 millenario
3497 3302 3731 3341 nurnero

2135 3395 2233 3450 per
2256 3381 2443 3437 decem
2472 3380 2829 3450 multiplicato
2856 3380 3027 3434 notati
3054 3379 3256 3434 inventi
3282 3390 3428 3433 sunt.
3460 3380 3732 3433 Denarics

2135 3472 2279 3526 enim
2300 3482 2556 3525 numerus
2584 3471 2641 3524 in
2662 3469 2752 3523 illa
2778 3470 3175 3540 progressione,
3203 3483 3323 3538 quae
3363 3468 3424 3522 ﬁt
3467 3484 3495 3520 a
3540 3468 3730 3523 decen

2137 3576 2310 3630 usque
2335 3562 2402 3615 ad
2430 3569 2667 3625 centum,
2700 3576 2840 3615 unus
2866 3576 2931 3614 ac
2956 3561 3164 3630 primus
3185 3570 3296 3626 est;
3325 3569 3382 3616 et
3404 3562 3522 3616 ideo
3556 3562 3696 3631 signi
3714 3588 3731 3601 ο

2137 3652 2302 3707 ﬁcare
2336 3652 2596 3706 unitatem
2639 3650 2762 3706 ﬁdei
2806 3666 2870 3705 ac
2911 3651 3223 3711 societatem
3254 3660 3455 3705 sancta:
3488 3651 3735 3705 dilectio-

2140 3747 2223 3800 nis
2256 3746 2415 3800 valet.
2464 3745 2660 3800 Decem
2710 3760 2837 3816 ergo
2877 3756 3148 3814 pramepta
3191 3755 3316 3800 sunt
3360 3747 3515 3816 legis.
3578 3745 3734 3801 Unde

2138 3842 2362 3905 apparet
2380 3836 2521 3903 quod
2547 3835 2792 3903 quisquis
2810 3834 2944 3905 legis
2973 3835 3142 3890 ﬁdelis
3160 3844 3446 3890 exsecutor
3469 3844 3572 3899 est,
3606 3836 3735 3891 ﬁdei

2138 3933 2194 3979 et
2236 3925 2520 3979 charitatis
2564 3925 2881 3979 verissimus
2929 3934 3111 3979 custos
3148 3933 3249 3979 est.
3291 3924 3401 3980 Nec
3439 3925 3569 3979 illud
3609 3926 3734 3980 sine

2139 4016 2396 4087 mysterio
2435 4031 2555 4071 esse
2593 4016 2808 4070 videtur
2836 4017 2979 4084 quod
3008 4016 3059 4070 in
3093 4026 3274 4071 monte
3307 4016 3510 4072 Galaad
3539 4018 3731 4087 viginti

2138 4109 2245 4163 duo
2272 4108 2434 4162 millia
2473 4109 2728 4163 recedere
2771 4125 2800 4162 a
2848 4109 3043 4164 castris
3086 4109 3303 4163 Ccdeon
3352 4088 3733 4178 perhibentur,

2140 4200 2230 4253 ubi
2259 4200 2443 4254 decem
2467 4200 2633 4254 millia
2662 4210 3103 4270 permanserunt;
3135 4202 3337 4257 Galaad
3360 4203 3556 4272 quippe
3582 4219 3740 4256 acer-

2139 4307 2231 4345 vus
2258 4290 2541 4344 testimonii
2571 4292 2976 4362 interpretatur,
3012 4293 3102 4347 ubi
3143 4292 3451 4348 Judteorum
3478 4293 3739 4349 formido-

2141 4380 2347 4444 lositas,
2379 4389 2434 4435 et
2456 4382 2695 4451 gentium
2724 4383 3028 4438 constantia
3057 4384 3283 4453 probata
3309 4394 3393 4438 est
3419 4403 3431 4438 :
3455 4387 3581 4454 quia
3606 4400 3734 4440 cum

2138 4470 2213 4525 illi
2242 4472 2477 4526 litteram
2514 4472 2648 4543 legis
2671 4475 2933 4529 habentes
2958 4475 3241 4544 praesentis
3267 4476 3390 4530 vita:
3413 4478 3553 4532 bona
3579 4477 3740 4531 amit-

2138 4569 2255 4616 tere
2284 4562 2618 4626 metuebant,
2648 4573 2705 4617 et
2728 4565 2798 4617 ob
2824 4564 2927 4619 hoc
2947 4565 3010 4619 ad
3034 4564 3191 4619 ﬁdem
3215 4565 3417 4621 Christi
3440 4569 3736 4622 convenire.

2137 4652 2411 4717 nolebant,
2452 4655 2609 4722 quasi
2651 4654 2948 4723 degeneres
2980 4670 3047 4708 ac
3084 4655 3300 4722 reprobi
3340 4656 3535 4725 abjecti
3574 4666 3733 4719 sunt;

2136 4740 2222 4795 isti
2249 4757 2377 4796 vero
2405 4742 2725 4812 Spiritaliter
2754 4742 2926 4812 legem
2946 4751 3002 4796 et
3022 4742 3318 4812 prophetas
3343 4743 3733 4813 intelligentes,

2140 4840 2195 4886 et
2238 4833 2308 4886 ob
2346 4833 2451 4887 hoc
2493 4831 2677 4895 futura
2723 4832 2865 4886 bona
2905 4841 3205 4902 sperantes,
3248 4833 3526 4888 constanti
3551 4832 3737 4886 animo

2143 4920 2341 4976 Christi
2377 4922 2605 4992 gratiam
2631 4922 2975 4992 appetebant,
3000 4923 3145 4978 unde
3171 4937 3230 4977 se
3258 4923 3459 4977 salvari
3487 4935 3649 4992 posse
3680 4923 3736 4975 in

2145 5023 2405 5069 aeternum
2438 5014 2750 5069 credebant.

2761 5104 2893 5161 CAP
2902 5105 2988 5161 UT
3044 5106 3109 5160 V.
3194 5094 3197 5097 λ

2154 5198 2227 5252 De
2255 5198 2559 5268 probatione
2585 5197 2761 5319 po’puli
2793 5198 2861 5251 ad
2888 5214 3074 5268 aquas,
3098 5196 3187 5250 ubi
3214 5196 3279 5251 de
3303 5172 3481 5249 decent
3504 5193 3741 5248 millibus

2217 5279 2419 5319 tantum
2458 5269 2525 5319 ad
2559 5268 2637 5319 bel
2660 5273 2857 5319 andum
2887 5269 3098 5319 trecenti
3139 5277 3557 5319 permanserunt.
3606 5280 3740 5319 aues

2217 5279 2419 5322 tantum
2458 5269 2525 5321 ad
2559 5268 2857 5322 bellandum
2887 5269 3098 5337 trecenti
3139 5277 3557 5337 permanserunt,
3606 5280 3740 5334 quas

2217 5355 2335 5392 cum
2366 5338 2533 5403 tubis,
2568 5337 2900 5407 lampadibus
2927 5348 2975 5390 et
3007 5336 3205 5407 lagenis
3236 5337 3479 5389 armavit.

2219 5449 2395 5521 (ιιιιυ.)
2434 5449 2680 5520 Dixitque
2719 5449 2976 5502 Dominus
3011 5450 3081 5503 ad
3125 5447 3336 5503 Gedeon
3364 5461 3383 5499 :
3413 5447 3602 5499 Adhuc
3638 5461 3737 5516 po-

2146 5537 2300 5608 pulus
2330 5537 2526 5590 mullus
2560 5548 2656 5602 est,
2696 5538 2799 5591 duc
2840 5555 2926 5592 eos
2968 5538 3037 5592 ad
3072 5556 3256 5609 aquas,
3302 5548 3350 5591 et
3394 5537 3465 5589 ibi
3507 5533 3737 5605 probato

2146 5628 2264 5683 illos
2287 5641 2303 5678 :
2327 5638 2373 5681 et
2398 5628 2462 5682 de
2487 5644 2590 5697 quo
2619 5628 2800 5681 dixero
2836 5628 2948 5694 tibi,
2981 5639 3034 5681 ut
3070 5639 3235 5682 tecum
3261 5627 3437 5687 vadat,
3469 5628 3578 5699 ipse
3613 5640 3735 5695 per-
