4000 6186
260 365 396 422 1165

1204 359 1565 417 (ΣΟὶΝΕΝΤ.
1609 362 1676 416 LV
1702 362 1840 416 'l.l3.
1876 354 2192 420 δυθξεϋλι.
2234 391 2304 401 -
2336 359 2468 415 LIB.
2506 360 2568 415 ll.

3381 365 3516 421 “(56

258 496 353 553 pm
368 476 594 534 sipisim
617 488 748 530 vero
761 473 903 546 quod
932 489 1031 546 pro
1055 474 1225 530 nihilo
1250 474 1518 531 ducimus.
1544 474 1688 529 Bene
1714 488 1842 544 ergo
1874 481 1920 536 Α
1947 484 2055 528 stra
2079 464 2422 539 descendere;
2445 490 2662 544 cumque
2677 477 2986 544 pervenisset
3015 478 3083 531 ad
3106 479 3519 550 tabernaculum,

259 573 367 631 illic
408 569 667 639 scriptum
705 575 793 623 est
818 567 962 636 quod
985 567 1039 622 in
1073 567 1297 622 dextera
1330 566 1508 630 tubas,
1540 574 1596 621 et
1622 565 1843 637 lagenas

258 665 312 718 in
344 661 563 718 sinistra
588 665 919 715 tenuerunt:
947 657 1075 728 quia
1097 656 1301 713 Christi
1325 666 1714 729 martyrespro
1732 672 1844 713 ma-

257 773 362 829 gno
389 756 587 813 habent
606 752 1006 825 praedicationis
1036 752 1589 822 gratiam,corporum
1600 765 1729 806 vero
1741 752 1845 806 uti-

260 850 461 907 litatem
488 863 588 918 pro
609 846 853 901 minimo.
879 842 1136 914 Quisquis
1162 844 1306 899 enim
1336 843 1459 913 plus
1488 842 1619 897 facit
1643 842 1845 898 utilita-

260 955 363 997 tem
388 939 633 1010 corporis
650 953 814 1008 quam
839 937 1071 1008 gratiam
1097 934 1521 1006 praedicationis,
1539 935 1592 988 in
1624 934 1844 988 sinistra

260 1032 459 1096 tubam,
498 1038 658 1098 atque
708 1027 763 1081 in
809 1026 1035 1084 dextera
1096 1025 1340 1097 lagonam
1386 1032 1551 1083 tenet.
1598 1022 1657 1078 Si
1698 1024 1843 1079 enim

257 1120 429 1191 primo
452 1118 570 1173 loco
590 1117 763 1188 gratia
788 1116 1195 1187 prredicatiouis
1219 1113 1553 1180 accenditur,
1587 1125 1640 1170 et
1666 1125 1846 1185 poste-

258 1210 398 1267 riore
414 1209 626 1265 utilitas
655 1209 928 1279 corporis,
953 1216 1164 1263 certum
1193 1215 1277 1263 est
1306 1206 1448 1277 quod
1470 1205 1678 1265 dextris
1702 1208 1845 1265 tuba)

254 1309 310 1354 et
331 1299 534 1372 lagonae
556 1298 792 1355 sinistris
828 1307 1134 1355 teneantur.

864 1412 1094 1475 CAPUT
1119 1398 1239 1467 ΜΣ

257 1524 584 1600 Praeceptum
629 1525 839 1600 Domini
882 1525 959 1600 ad
1004 1521 1239 1600 Gedeon,
1282 1535 1339 1578 ut
1397 1525 1451 1600 in
1503 1534 1679 1579 castra
1729 1523 1845 1600 11η-

323 1594 647 1652 diariitarum
692 1594 1054 1667 descenderet,
1104 1594 1192 1649 ubi
1254 1596 1516 1648 somnium
1564 1595 1844 1667 quemdam

327 1683 544 1721 narrare
591 1666 837 1730 audiens,
878 1666 1208 1735 confortatus
1250 1674 1352 1731 est,
1382 1675 1432 1720 et
1467 1682 1561 1735 per
1589 1674 1844 1719 trecentos

324 1738 462 1798 viros
482 1746 657 1793 castra
694 1736 916 1792 Madian
941 1737 1164 1806 fugavit.

1946 566 2199 637 percussit
2238 562 2370 619 illud
2408 574 2562 635 atque
2601 566 2879 631 subvertit,
2911 576 2959 621 et
2989 577 3141 623 terra’
3169 569 3407 640 funditus
3442 593 3525 629 co-

1935 656 2192 727 .azquarit,
2236 665 2342 711 etc.
2369 654 2650 722 Quod‘ille
2695 656 2789 725 qui
2831 656 3076 727 proximo
3122 675 3219 717 suo
3253 666 3522 721 somnium

1948 747 2208 813 narravit,
2245 747 2386 816 quod
2408 746 2611 803 audivit
2639 745 2880 813 chcon,
2908 755 2969 803 ut
2989 750 3054 804 de
3082 751 3310 808 victoria
3337 753 3520 815 iutura

1933 835 2380 902 conﬁrmaretur,
2417 836 2554 895 dixit
2581 852 2641 891 se
2676 836 2876 892 vidisse
2904 853 3148 896 mensam
3196 842 3352 910 partis
3396 845 3524 900 hor-

1948 929 2153 994 deacei,
2180 928 2483 985 volventem
2517 927 2569 980 in
2598 928 2807 995 castris,
2838 936 2893 984 ct
2916 931 3309 999 percutientem
3334 933 3527 997 taber-

1948 1019 2202 1086 naculum
2232 1018 2464 1105 Madian,
2504 1027 2557 1073 et
2590 1020 2993 1075 subvertentem
3028 1039 3041 1075 :
3087 1024 3189 1085 hoc
3220 1025 3524 1097 intelligen-

1948 1111 2074 1173 dum
2103 1109 2358 1177 arbitror,
2395 1112 2540 1183 quod
2584 1111 2649 1164 de
2686 1108 2938 1187 panibus,
2986 1112 3113 1183 quia
3153 1130 3252 1185 per
3288 1128 3532 1183 contem-

1947 1200 2155 1272 ptibilia
2185 1201 2392 1266 mundi,
2431 1200 2574 1270 quod
2603 1199 2872 1272 significat
2894 1218 3083 1259 mensa
3121 1205 3276 1273 panis
3304 1207 3534 1263 hordea-

1947 1292 2053 1357 cei,
2103 1291 2353 1349 Salvator
2400 1276 2663 1371 superbos
2726 1292 2903 1347 fuerat
2949 1294 3292 1352 confusurus.
3331 1296 3530 1363 Τιτηιιιι-

1951 1393 2071 1437 runt
2101 1384 2330 1440 sinistris
2371 1384 2615 1438 manibus
2659 1382 2929 1454 lampades
2968 1394 3018 1439 et
3062 1385 3260 1447 dextris
3286 1399 3531 1456 sonantes

1949 1476 2122 1541 tubas,
2147 1475 2602 1546 clamaveruntque
2626 1488 2644 1528 :
2676 1473 2898 1530 Gladius
2924 1474 3139 1531 Domini
3163 1488 3209 1531 et
3237 1476 3530 1546 Gedeonis;

1950 1576 2146 1621 stantes
2182 1565 2379 1638 singuli
2423 1566 2477 1621 in
2517 1567 2631 1621 loco
2675 1582 2769 1621 suo
2794 1584 2890 1638 per
2919 1562 3194 1633 circuitum
3238 1581 3533 1636 castrorum

1950 1657 2237 1723 hostilium,
2260 1667 2314 1713 et
2341 1657 2567 1729 reliqua.
2596 1657 2750 1726 Quod
2788 1658 3081 1723 exclamari
3115 1659 3280 1728 jussit
3317 1661 3534 1726 Cedcon

1953 1764 1986 1804 a
2022 1750 2284 1811 trecentis
2308 1750 2441 1818 suis,
2482 1748 2704 1805 Ciadius
2753 1750 2967 1808 Domini
3014 1762 3061 1806 et
3103 1750 3378 1822 Gedeonis,
3421 1757 3535 1812 sive

329 1846 505 1921 (iam)
559 1846 766 1906 Eadem
822 1857 972 1907 nocte
1028 1846 1166 1903 dixit
1217 1820 1481 1911 Dominus
1546 1848 1615 1902 ad
1680 1863 1797 1902 eum
1827 1856 1847 1899 :
1878 1831 1924 1891 Β
1952 1841 2247 1901 secundum
2280 1840 2663 1913 Septuaginta,
2698 1839 2919 1903 Gladius
2949 1842 3172 1901 Domino
3199 1856 3246 1900 et
3287 1820 3534 1911 Gedeoni,

259 1942 453 2013 Surge,
466 1942 718 1996 descende
742 1940 797 1995 in
818 1949 1014 2005 castra,
1033 1942 1158 2012 quia
1183 1940 1383 2003 tradidi
1402 1953 1490 1996 eos
1520 1942 1703 1996 manui
1723 1951 1847 1996 tute.

258 2035 357 2089 Sin
386 2044 560 2089 au‘em
581 2032 729 2089 solus
760 2033 837 2086 ire
860 2031 1116 2102 formidas
1155 2032 1439 2087 descendat
1469 2041 1639 2086 tecum
1672 2031 1854 2087 Pharo

252 2140 389 2195 puer
422 2134 566 2178 tuus.
594 2123 726 2181 Cum
748 2123 982 2181 audieris
1003 2124 1128 2194 quid
1152 2123 1463 2195 loquantur,
1494 2132 1618 2178 tunc
1641 2123 1855 2193 confor-

255 2217 719 2291 labunturmanus
748 2226 874 2283 tute,
910 2225 959 2271 et
1001 2216 1243 2272 securior
1284 2216 1354 2272 ad
1398 2215 1628 2291 hostium
1679 2226 1855 2269 castra

256 2286 562 2387 descendes.
592 2307 871 2365 Descendit
897 2322 1018 2377 ergo
1049 2307 1157 2376 ipse
1185 2314 1237 2361 et
1271 2303 1455 2360 lera
1487 2286 1617 2376 puer
1642 2304 1757 2375 ejus
1796 2305 1854 2367 in

240 2405 460 2471 ,partem
527 2406 823 2457 castrorum
879 2396 968 2457 ubi
1023 2405 1173 2453 erant
1232 2406 1564 2451 armatorum
1641 2394 1858 2471 vigilite.-

257 2489 615 2561 Septuaginta
663 2506 676 2542 :
726 2485 937 2550 Cedeon
983 2502 1189 2558 quoque
1246 2486 1356 2558 ipse
1396 2494 1457 2540 et
1498 2483 1681 2547 Pliara
1726 2500 1857 2555 puer

254 2580 375 2650 ejus
425 2581 481 2635 in
513 2588 717 2651 partem
765 2579 1169 2651 quinquaginta,
1221 2577 1496 2647 quierant
1536 2576 1597 2636 in
1644 2578 1851 2631 castris.

255 2670 416 2744 Quod
430 2670 616 2735 Latini
641 2667 1102 2745 quidamcodices
1123 2667 1325 2722 habent
1352 2684 1364 2721 :
1390 2665 1461 2721 In
1487 2682 1605 2721 eam
1628 2676 1851 2736 partem,

252 2761 313 2816 in
353 2778 461 2834 qua
509 2769 659 2813 erant
707 2758 1063 2831 quinquageni
1101 2756 1342 2811 custodes
1391 2758 1449 2811 in
1492 2757 1717 2821 castris;
1763 2756 1854 2819 alii

254 2866 395 2909 vero
421 2865 436 2904 :
467 2849 537 2905 In
565 2858 769 2921 partem
808 2848 1297 2919 quinquagesimum
1332 2848 1388 2902 in
1415 2858 1614 2923 castra.
1647 2845 1856 2903 Obscu-

243 2957 386 3005 rum
438 2939 637 3011 quippe
680 2939 885 2995 dictum
922 2938 1106 3010 plures
1148 2940 1449 2996 sententias
1494 2941 1855 3010 interpretum

256 3032 440 3104 fecit:
474 3016 643 3086 siaut
675 3044 740 3084 ea
777 3044 905 3100 pars
950 3038 1254 3093 castrorum
1296 3039 1436 3098 erat,
1473 3026 1856 3108 quam'Serva-

246 3127 395 3185 .bant
418 3120 809 3194 quinquaginta
837 3120 1122 3187 custodes,
1153 3128 1246 3174 aut
1285 3121 1333 3179 si
1374 3122 1742 3194 quinquageni
1768 3121 1853 3177 ἰη-

1954 1932 2009 1987 id
2039 1943 2145 2000 est,
2175 1934 2300 1990 huic
2338 1934 2557 1992 Gedeon
2585 1954 2598 1990 :
2629 1936 2734 1992 hoc
2758 1935 3049 2007 signiﬁcat,
3081 1938 3223 2008 quod
3251 1941 3460 2012 gladius
3483 1943 3535 1995 id

1953 2035 2073 2089 erat
2094 2034 2417 2109 operaturus
2441 2029 2601 2115 quod
2618 2028 2845 2085 Domino
2874 2030 3115 2101 placeret
3141 2041 3197 2087 et
3223 2031 3462 2097 Gedeon.

2462 2212 2467 2213 ,
2560 2161 2789 2224 CAPUT
2831 2161 2949 2229 V11.-

1957 2292 2371 2369 QuodCedeon
2429 2296 2574 2369 misit
2640 2298 2852 2354 nuntios
2919 2297 2975 2354 in
3047 2316 3252 2357 omnem
3307 2313 3533 2367 montem

2028 2365 2308 2490 inlumina
2336 2368 2598 2422 mandans
2635 2376 2691 2422 ut
2733 2369 3104 2425 descenderent
3152 2372 3207 2426 in
3259 2365 3532 2430 occursum

2089 2436 2272 2490 adian.
2296 2447 2348 2490 et
2371 2448 2683 2490 occuparent
2712 2455 2898 2490 aquas.

2023 2436 2272 2507 Hadian,
2296 2447 2348 2492 et
2371 2448 2683 2509 acettparent
2712 2455 2898 2511 aquas.

2027 2564 2204 2639 (ista)
2246 2564 2492 2642 Misitque
2528 2567 2735 2627 Gedeon
2769 2573 2981 2633 nuntios
3008 2573 3061 2628 in
3089 2570 3290 2631 omnem
3308 2586 3532 2633 montem

1957 2656 2235 2728 Ephraim,
2259 2659 2479 2715 dicens:
2523 2661 2835 2719 Descendite
2874 2665 2930 2719 in
2962 2683 3237 2727 occursum
3288 2667 3533 2735 Madian,

1932 2761 2004 2806 ‘et
2047 2763 2292 2822 occupate
2317 2770 2482 2827 aquas
2520 2762 2680 2828 usque
2729 2757 2800 2817 ad
2847 2757 3102 2827 Bethlem
3146 2771 3302 2833 atque
3346 2746 3545 2823 larda-

1958 2842 2095 2896 nem.
2124 2840 2481 2930 Clamavitque
2521 2847 2690 2902 omnis
2728 2847 3014 2921 Epitraim,
3060 2861 3109 2913 et
3155 2853 3540 2924 prwoccuparit

1957 2951 2124 3003 aquas
2155 2952 2315 3010 usque
2339 2936 2598 2994 Betltbera
2633 2951 2787 3012 atque
2814 2941 3123 3009 Jordanem.
3160 2944 3543 3016 Appreltensos-

1950 3042 2057 3097 quc
2083 3025 2215 3082 duos
2248 3029 2394 3087 ,viros
2432 3029 2676 3098 Madian,
2705 3029 2840 3101 Oreb
2863 3043 2912 3087 et
2948 3031 3073 3099 Zeb,
3103 3036 3361 3106 interfecit
3397 3036 3540 3095 Oreb

1936 3116 2015 3171 in
2035 3125 2184 3188 petra
2226 3115 2383 3185 Oreb,
2412 3116 2517 3183 Ζεῦ
2558 3136 2676 3175 vero
2702 3120 2758 3175 in
2781 3121 3038 3183 torculari
3062 3122 3186 3191 Zeb,
3211 3135 3259 3180 et
3285 3129 3542 3197 persecuti

258 3190 540 3288 telligendi
568 3190 737 3281 sunt,
796 3214 1219 3290 circumquaque
1274 3190 1550 3275 serv—asse,
1578 3190 1645 3270 in
1688 3229 1850 3278 unam
1881 3190 2082 3264 Count
2132 3204 2376 3277 Martia»,
2421 3221 2527 3276 etc.
2566 3212 2730 3273 Mittit
2775 3229 3009 3286 namque
3058 3190 3295 3278 Gedeon'
3327 3222 3546 3283 nuntios

257 3318 497 3383 partem,
529 3308 618 3365 isti
649 3307 1050 3371 descenderunt
1071 3306 1166 3361 ubi
1194 3315 1355 3361 erant-
1371 3307 1785 3381 quinquaginta.

335 3402 564 3458 Madian
588 3407 841 3455 autemet
878 3397 1148 3464 Amalech,
1185 3406 1235 3452 et
1259 3413 1433 3453 omnes
1473 3396 1752 3453 orientales
1774 3413 1862 3469 po-

260 3491 513 3571 pulifusi
525 3488 774 3562 jacebant
810 3489 866 3555 in
888 3486 1041 3552 valle,
1071 3497 1127 3541 ut
1160 3486 1487 3545 locustarum
1530 3487 1816 3542 multitudo
1839 3501 1876 3540 :.

265 3583 457 3642 cameli
488 3598 691 3656 quoque
711 3578 1119 3646 innumerabiles
1144 3588 1314 3645 erant,
1360 3579 1718 3643 sicut‘arente,
1744 3594 1862 3649 quae

256 3675 406 3751 jacet
433 3675 487 3729 in
520 3673 784 3735 littoribus
825 3671 1010 3729 maris.
1044 3669 1148 3738 Qui
1173 3670 1242 3726 de
1266 3669 1578 3726 coelestibus
1600 3668 1860 3739 loquitur,

258 3754 363 3839 qui
390 3768 455 3823 de
483 3766 814 3838 spiritalibus
842 3765 1083 3832 disserit,
1132 3765 1225 3835 qui
1258 3758 1519 3837 mysteria
1563 3762 1715 3835 regni
1753 3777 1864 3820 coe-

262 3858 446 3923 lorutn
479 3856 704 3922 revelat,
756 3855 847 3913 ille
891 3855 1123 3920 buccina
1163 3854 1425 3910 concinit.
1475 3853 1568 3909 Ille
1618 3852 1685 3908 de
1735 3852 1862 3907 tuba

258 3948 532 4018 loquitur,
573 3947 666 4017 qui
709 3946 777 4002 de
811 3945 1025 4016 magnis
1070 3952 1127 4001 et
1171 3942 1426 4007 maximis
1467 3941 1728 4014 loquitur,
1770 3939 1861 4014 qui

268 4039 562 4101 scientiam
589 4037 792 4111 Christi
825 4036 1083 4095 humanis
1123 4034 1346 4093 auribus
1375 4032 1582 4105 pandit.
1617 4031 1725 4088 Sed
1766 4040 1865 4091 cur

256 4145 324 4193 et
355 4146 556 4189 cornea
586 4130 783 4187 dicitur
803 4128 1067 4191 buccina?
1088 4127 1224 4199 Quia
1241 4135 1299 4189 et
1319 4126 1387 4182 de
1405 4132 1597 4182 sancto
1620 4112 1821 4180 dicitur
1844 4136 1860 4178 :

270 4223 451 4280 Cornu
492 4223 607 4294 ejus
650 4221 972 4283 excitabitur
1000 4220 1057 4276 in
1091 4219 1263 4291 gloria
1289 4208 1469 4292 '(Psal.
1499 4215 1604 4291 in).
1631 4215 1785 4272 Unde
1802 4222 1865 4275 iet

271 4304 713 4387 uniuscuiusque
748 4313 980 4371 buccina
1029 4312 1230 4371 dicitur
1275 4325 1499 4377 cornea,
1534 4310 1590 4364 in
1618 4323 1687 4390 eo
1714 4307 1864 4391 quod

260 4407 623 4485 multiplicem
648 4407 957 4469 scientiam
1002 4405 1224 4473 Christi,
1268 4411 1323 4457 et
1360 4404 1539 4464 crucis
1575 4401 1715 4472 ejus,
1741 4413 1863 4470 qua:

270 4499 330 4556 in
357 4514 525 4557 cornu
554 4499 891 4571 designatur,
930 4499 1150 4558 disserit
1188 4500 1547 4551 sacramenta.
1594 4493 1728 4549 Cum
1757 4492 1861 4549 hac

271 4605 406 4660 ergo
433 4589 663 4649 buccina
688 4590 983 4665 militantes
1008 4598 1066 4644 et
1105 4604 1230 4659 cum
1261 4588 1366 4655 hac
1408 4593 1715 4669 pugnantes
1739 4584 1863 4650 vin-

272 4683 450 4739 cimus
501 4681 858 4753 alienigenas,
910 4689 967 4736 et
1009 4681 1195 4737 hostes
1240 4680 1296 4735 in
1351 4677 1535 4749 fugam
1578 4675 1859 4739 vertimus,

274 4773 495 4829 etiamsi
551 4772 719 4830 fuerit
771 4772 1064 4836 multitudo
1112 4771 1254 4830 sicut
1301 4764 1523 4825 locusta:
1562 4786 1578 4824 :
1640 4766 1866 4833 locustis

276 4867 423 4923 enim
465 4874 775 4938 comparata
824 4873 910 4920 est
954 4865 1261 4931 daemonum
1313 4862 1621 4928 multitudo,
1673 4861 1868 4930 quibus

277 4973 463 5035 neque
492 4959 546 5013 in
575 4959 736 5024 ocelo,
767 4971 945 5027 neque
972 4957 1027 5011 in
1057 4957 1218 5021 terris
1258 4964 1342 5011 est
1381 4955 1559 5010 sedes.
1592 4952 1870 5017 Praecedat

266 5064 412 5122 ergo
438 5058 496 5113 et
538 5066 639 5107 nos
668 5050 773 5107 hoc
805 5049 948 5104 bello
981 5045 1209 5126 Ope'rum
1230 5047 1330 5109 lux
1373 5047 1639 5113 scientiae,
1668 5045 1863 5110 virtus,

280 5143 447 5207 divini
470 5140 622 5203 verbi
644 5132 993 5213 praedicatio;
1035 5141 1337 5215 pugnemus
1365 5148 1419 5194 et
1441 5155 1540 5194 nos
1563 5139 1616 5194 iu
1652 5138 1868 5221 hymnis

280 5244 338 5291 et
385 5235 611 5305 psalmis
645 5243 703 5291 et
753 5234 982 5301 canticis
1036 5233 1371 5305 spiritalibus
1419 5232 1769 5287 concinentes
1813 5239 1867 5285 et

283 5311 584 5393 Clamantes
609 5328 677 5384 ad
703 5328 896 5396 Deum,
939 5334 1001 5391 ut
1039 5328 1109 5381 ah
1151 5325 1269 5397 ipso
1295 5323 1579 5389 victoriam
1610 5321 1867 5394 consequi

285 5434 617 5479 mereamur.
1514 5404 1519 5407 Ὗ

358 5510 536 5587 (lmn.)
573 5514 806 5585 Cumque
842 5515 1061 5573 venisset
1102 5508 1330 5576 Gedeon,
1390 5508 1643 5564 narrabat
1682 5506 1872 5579 aliquis

1890 4544 1945 4606 Β

1963 3298 2017 3353 in
2045 3307 2285 3362 montem
2325 3301 2605 3376 prraim,
2630 3318 2755 3363 cum
2780 3304 3111 3378 Redemptor
3146 3312 3332 3371 noster
3358 3311 3545 3369 docto-

1963 3408 2053 3449 res
2081 3408 2209 3449 suos
2238 3394 2293 3449 in
2343 3396 2602 3466 populum
2654 3388 2982 3456 catholicum
3030 3401 3214 3474 dirigit
3258 3404 3319 3469 in
3361 3404 3540 3463 locum

1962 3484 2304 3543 fructiferum
2333 3488 2415 3542 vel
2444 3497 2786 3555 crescentem
2819 3491 2909 3546 ubi
2948 3491 3277 3550 fructiﬁcant
3315 3497 3546 3555 virtutes

1951 3587 2019 3633 et
2056 3578 2282 3659 altitudo
2315 3580 2786 3654 contemplationis
2813 3582 3048 3650 excellit,
3089 3587 3353 3651 mandans
3390 3596 3453 3647 ut
3486 3591 3541 3646 in

1963 3685 2251 3735 occursum
2280 3669 2494 3735 Madjan
2532 3681 2783 3743 pergant,
2819 3682 2875 3733 et
2911 3673 2979 3731 ad
3016 3674 3322 3739 bellandum
3351 3689 3543 3734 contra

1965 3762 2150 3847 hostes
2181 3762 2434 3829 Ecclesiae
2461 3778 2519 3823 se
2544 3763 2925 3841 coadjungant,
2971 3766 3064 3837 qui
3093 3765 3366 3825 declinant
3401 3770 3550 3841 judi-

1966 3854 2110 3909 cium
2163 3855 2445 3919 veritatis,
2484 3854 2629 3932 quod
2679 3865 2839 3925 sonat
2884 3857 3128 3924 Madian,
3174 3869 3233 3921 et
3274 3875 3552 3934 occupant

1964 3961 2135 4016 aquas
2164 3961 2337 4021 usque
2365 3944 2634 4003 Bethbera
2658 3957 2823 4020 atque
2853 3948 3171 4017 Iordanem,
3198 3968 3371 4024 aquas
3395 3955 3547 4012 vide-
3624 4000 3627 4003 ν

1954 4037 2091 4099 licet
2111 4036 2477 4109 baptismatis,
2517 4037 2643 4109 quia
2674 4026 2783 4103 illic
2808 4041 3044 4103 hostium
3074 4041 3370 4108 suiIocatur
3393 4057 3551 4101 eser-

1965 4130 2126 4199 citus,
2156 4144 2275 4201 nch
2294 4130 2435 4191 ultra
2464 4132 2543 4188 eis
2570 4132 2824 4205 progredi
2854 4133 3061 4202 licebit,
3092 4135 3183 4201 ubi
3227 4134 3432 4192 Christi
3464 4152 3551 4194 rc-

1965 4235 2129 4295 gnum
2153 4221 2431 4293 succedit;
2470 4224 2613 4293 quod
2643 4222 2779 4278 bene
2806 4224 3120 4294 signiﬁcant
3165 4224 3282 4296 ipsa
3328 4227 3549 4283 nomina

1960 4311 2207 4368 locorum
2247 4312 2575 4371 :eBethbera
2608 4314 2772 4379 enim,
2798 4315 3189 4387 interpretatur
3228 4316 3416 4373 domus
3449 4319 3551 4373 lm-

1964 4403 2128 4470 mitis,
2155 4404 2243 4460 vel
2264 4405 2453 4461 domus
2492 4406 2721 4477 vesperi;
2762 4415 2817 4462 et
2846 4405 3122 4475 Jordanis,
3159 4408 3427 4465 descensio
3457 4426 3550 4467 eo--

1972 4510 2109 4549 rum.
2156 4490 2235 4553 Ibi
2265 4510 2397 4567 ergo
2449 4495 2726 4561 humilitas
2776 4498 3083 4563 ostenditur
3123 4498 3405 4567 Ecclesiae,
3459 4500 3549 4557 ubi

1970 4585 2295 4654 occiduntur
2320 4586 2450 4641 vitia
2489 4594 2545 4643 et
2570 4587 2913 4658 deponuntur
2944 4596 3198 4659 peccata;
3248 4589 3429 4661 ibique
3457 4591 3557 4647 ho-

1968 4687 2082 4734 stes
2109 4677 2444 4757 repelluntur
2467 4679 2744 4750 Ephraim,
2777 4696 2901 4741 cum
2933 4695 2966 4735 a
2981 4680 3332 4740 credentibus
3354 4696 3553 4740 renun-

1972 4763 2141 4826 tiatur
2171 4770 2407 4836 diabolo,
2434 4780 2491 4827 et
2538 4772 2793 4837 omnibus
2828 4772 3084 4841 operibus
3128 4781 3292 4843 atque
3339 4777 3554 4849 pompis

1970 4859 2120 4930 ejus;
2146 4861 2785 4943 comprehendunturque
2813 4861 2922 4919 illic
2964 4861 3108 4919 Oreb
3136 4870 3192 4919 et
3233 4864 3365 4931 Zeb,
3405 4869 3559 4937 prin-

1971 4955 2118 5025 cipcs
2148 4951 2361 5016 Madian
2409 4962 2570 5022 atquc
2614 4952 3029 5021 interﬁciuntur,
3077 4969 3202 5018 cum
3242 4955 3318 5012 ibi
3350 4957 3549 5012 trium-

1973 5045 2206 5114 phantur
2250 5044 2586 5125 principatus
2639 5052 2804 5114 atque
2842 5052 3145 5116 potestates
3197 5049 3546 5104 tenebrarum

1975 5130 2203 5203 harum,
2236 5146 2293 5191 et
2328 5151 2556 5208 regnum
2601 5136 2800 5199 diaboli
2850 5137 3164 5210 dissipatur.
3214 5139 3357 5195 Oreb
3407 5140 3553 5196 enim

1970 5242 2156 5289 corvus
2183 5225 2265 5281 vel
2291 5224 2498 5281 siccitas
2543 5226 2951 5298 interpretatur,
2977 5236 3033 5282 et
3060 5227 3171 5284 Zch
3208 5227 3362 5298 lupus
3391 5245 3412 5283 :
3436 5244 3559 5300 qua:

1975 5317 2080 5372 duo
2104 5317 2323 5373 nomina
2347 5304 2733 5373 convenienter
2755 5319 3068 5390 exprimunt
3106 5318 3424 5375 aviditatem
3469 5333 3558 5376 at»

1975 5425 2080 5478 que
2119 5407 2460 5475 ferocitatem
2487 5410 2707 5478 diaboli,
2739 5411 2855 5480 qui,
2883 5411 3025 5466 sicut
3057 5409 3252 5465 Petrus
3276 5410 3555 5480 apostolus

1980 5509 2232 5575 testatur,
2270 5500 2403 5555 relnt
2447 5499 2528 5555 leo
2554 5501 2767 5572 rugiens
2812 5501 3072 5567 circumit,
3122 5516 3361 5568 quarens
3402 5514 3561 5572 quem

1976 5592 2180 5648 devoret
2209 5591 2258 5665 (I
2292 5590 2441 5649 Petr.
2464 5591 2550 5666 5-).
2576 5591 2961 5662 Occiditurque
2979 5591 3189 5649 Orebin
3209 5600 3365 5662 petra
3383 5589 3525 5649 Oreb
3541 5632 3557 5657 ,

1980 5702 2101 5742 cum
2126 5684 2367 5753 diabolus
2411 5685 2465 5740 in
2498 5699 2597 5741 sua
2647 5683 2889 5755 nequitia
2935 5690 3101 5753 autne
3144 5682 3345 5739 duritia
3394 5683 3557 5754 perit.

1979 5780 2089 5835 Zcb
2122 5792 2250 5835 vero
2295 5777 2349 5843 in
2393 5776 2645 5837 torculari
2695 5774 2825 5841 Zeh,
2873 5789 2994 5830 cum
3044 5775 3097 5830 in
3148 5775 3263 5860 ipsa
3307 5790 3563 5859 pressura

286 5606 550 5660 somnium
586 5606 825 5675 proximo
856 5621 973 5669 suo,
1006 5612 1059 5658 et
1088 5603 1143 5657 in
1181 5604 1317 5656 hunc
1362 5600 1574 5654 modum
1622 5590 1883 5664 referebat.

290 5696 429 5767 quod
456 5696 655 5752 viderat
683 5710 701 5748 :
735 5695 849 5750 Vidi
880 5695 1158 5758 somnium,
1190 5703 1236 5747 et
1281 5692 1550 5746 ridebatur
1576 5691 1699 5744 milu
1724 5689 1877 5761 quasi

290 5788 670 5853 subcinericius
708 5789 859 5857 panis
892 5802 957 5841 ex
982 5783 1175 5839 hordeo
1202 5782 1354 5853 calvi,
1383 5792 1430 5837 et
1459 5782 1513 5837 in
1539 5781 1759 5848 Martia;
1789 5799 1877 5835 ca-
