4000 6186
496 339 558 396 ’⁸4
569 341 635 396 67

1170 332 1228 385 ll.
1273 328 1524 385 RABAM
1567 278 1785 384 MAURl
1821 322 2134 382 ARCHIEP.
2177 322 2461 381 MOGUNT
2499 322 2782 382 OPERUM
2820 323 2999 379 PARS
3032 322 3072 377 Ι.

3605 324 3743 382 1168

496 468 601 527 qua
637 448 857 506 trilmlat
888 448 974 504 ille
1010 456 1065 500 et
1092 444 1288 516 premit
1331 443 1550 506 electos,
1580 448 1864 511 superatus
1905 446 2066 508 atque
2098 439 2144 498 Α
2173 434 2314 492 saltu
2351 437 2599 527 irrisores
2623 452 2823 507 pueros
2865 431 3292 527 devoraverunt;
3335 435 3415 492 sic
3451 446 3509 491 et
3537 436 3591 493 hi
3630 438 3742 495 Ro-

498 542 756 599 conl‘usus
794 540 987 610 dignus
1014 544 1214 591 mtcrna
1253 532 1593 587 damnatione
1631 528 1929 600 apparebit.

1087 643 1313 701 CAPUT
1351 642 1484 698 Vill.

499 768 574 821 De
596 783 656 821 eo
683 763 822 835 quod
871 759 1099 835 Gedeon.
1124 754 1299 835 _._Zebee
1321 765 1389 835 _et
1439 752 1913 835 galntana,uduces
1943 751 2074 835 LMa-

566 822 772 898 dianos,
797 827 1259 901 comprehendit,“
1285 826 1421 901 viros
1449 823 1676 901 Sachoth
1690 823 1791 901 sibi
1813 822 2075 901 insultan-

568 918 641 959 tes
670 891 824 956 simul
851 891 966 954 cu'm
993 899 1077 959 iis,
1108 895 1371 965 adjttnctis
1396 894 1557 965 spinis
1595 910 1657 947 ac
1697 891 1927 959 tribulis,
1951 906 2076 945 con-

570 974 707 1029 trivit
732 982 883 1041 atque
906 967 1231 1023 comminuit.

570 1088 718 1161 (Car.
758 1083 899 1153 vm.)
941 1079 1314 1149 Fugeruntque
1354 1075 1516 1132 Zebee
1540 1086 1586 1131 et
1628 1073 1906 1142 Salmana,
1945 1091 2075 1147 quos

499 1192 807 1252 persequens
835 1171 1043 1228 Cedeon
1075 1168 1483 1240 comprehendit,
1516 1167 1724 1222 turbato
1763 1167 1902 1222 omni
1929 1182 2078 1222 exer-

500 1276 603 1328 citu
627 1285 825 1326 eorum.
857 1266 1233 1332 Revertensqtte
1274 1261 1339 1315 de
1376 1258 1507 1314 bello
1552 1270 1671 1314 ante
1714 1258 1839 1314 solis
1883 1268 2073 1322 ortum,

499 1359 834 1435 apprehendit
858 1371 1077 1429 puerum
1100 1354 1166 1408 de
1197 1353 1319 1408 viris
1349 1350 1601 1416 Socltottt,
1635 1349 2075 1421 interrogavitque

499 1470 616 1509 eum
639 1450 850 1506 nomina
877 1446 1165 1518 principum
1187 1453 1234 1498 et
1254 1443 1518 1498 seniorum
1545 1439 1791 1505 Socltotlt,
1814 1448 1863 1494 et
1884 1438 2080 1494 descri-

500 1547 600 1617 psit
642 1539 969 1612 septuaginta
1011 1545 1203 1607 septem
1227 1534 1383 1600 viros,
1410 1532 1646 1602 venitque
1671 1530 1740 1584 ad
1772 1528 2001 1585 Sochotlt
2030 1537 2079 1583 et

502 1637 634 1692 dixit
650 1635 732 1689 eis
755 1646 771 1684 :
816 1630 897 1685 En
923 1626 1086 1683 Zebee
1112 1636 1160 1680 et
1188 1623 1468 1689 Salmana,
1496 1637 1652 1693 super
1674 1619 1861 1692 quibus
1895 1634 2081 1691 expro-

504 1726 691 1782 brastis
718 1721 843 1775 milii
878 1719 1102 1774 dicentes
1126 1729 1143 1768 :
1186 1711 1441 1769 Forsitan
1468 1729 1655 1767 manus
1680 1709 1911 1766 Zebeeet
1951 1707 2079 1764 Sal-

2172 528 2317 580 mani
2356 526 2644 597 principes,
2693 527 2798 581 hoc
2835 535 2921 581 est
2945 525 3051 581 duo
3096 526 3452 596 imperatores
3480 529 3743 597 praedicti,

2171 616 2509 687 egredientes
2533 616 2600 671 de
2621 616 2759 671 saltu
2784 616 3045 685 gentium,
3070 617 3485 686 quadragesimo
3512 621 3743 676 secundo

2172 722 2315 782 anno
2345 706 2675 762 ascensionis
2700 705 2902 762 Christi
2931 707 2996 760 ad
3016 706 3205 771 oculos,
3233 707 3378 777 ipsos
3403 707 3751 764 insultaturus

2174 797 2465 852 Dominicze
2517 796 2788 866 passionis
2834 796 2889 850 in
2916 795 3308 862 Hierusalem,
3373 797 3431 852 in
3488 797 3757 854 Calvar'ne

2172 886 2291 942 loco
2336 886 2571 956 turdique
2620 887 2945 942 constrictos
2993 896 3161 958 atque
3211 896 3520 946 coarctatos
3566 889 3757 945 interi-

2174 985 2382 1033 mentes
2402 976 2744 1057 deleverunt.

2784 1070 3014 1126 CAPUT
3051 1069 3144 1126 1X.

2178 1156 2285 1237 Ubi
2302 1157 2560 1237 Israelittc
2584 1159 2906 1237 postulantes
2932 1158 3198 1217 dominari
3219 1162 3319 1217 sibi
3346 1160 3561 1219 Gedeon
3594 1175 3651 1237 et
3687 1168 3755 1237 ﬁ-

2244 1228 2344 1285 lios
2371 1232 2483 1300 ejus
2509 1228 2762 1300 dederunt
2801 1232 2849 1283 ei
2874 1231 3084 1293 inaures
3118 1248 3328 1298 aureas,
3359 1250 3493 1300 quas
3524 1228 3753 1291 tulerunt

2246 1250 2344 1285 ιιοσ
2371 1250 2483 1300 ejus
2509 1250 2762 1284 aeaerum
2801 1250 2847 1283 ει
2874 1250 3084 1293 mauros
3118 1250 3328 1298 aureas,
3433 1251 3493 1287 ιιι
3524 1250 3753 1291 tulerunt

2246 1299 2311 1353 de
2346 1299 2997 1373 pradadladianitarum,
3036 1301 3172 1373 unde
3211 1302 3330 1368 fecit
3355 1250 3570 1359 adeon
3609 1306 3753 1373 efod,

2247 1380 2293 1423 et
2319 1369 2488 1451 posuit
2512 1369 2646 1451 illud
2677 1371 2753 1450 in.
2772 1370 2979 1424 civitate
2998 1387 3097 1424 sua
3123 1371 3324 1443 Ephra,
3350 1376 3492 1447 quod
3516 1376 3624 1446 fuit
3642 1369 3759 1431 'do;

2248 1455 2356 1493 tnui
2382 1456 2544 1510 ipsius
2583 1456 2639 1494 tn
2669 1456 2897 1495 ruinam.

2252 1531 2430 1604 (Ιιιιυ.)
2468 1532 2824 1604 Dixerunth
2858 1549 3037 1587 omnes
3067 1534 3166 1588 viri
3197 1534 3366 1590 Israel
3393 1536 3465 1592 ad
3500 1535 3717 1593 Cedeon
3738 1554 3761 1593 :

2179 1623 2465 1680 Dominare
2505 1623 2667 1679 nostri
2697 1634 2778 1690 tu,
2813 1634 2863 1680 et
2892 1624 3035 1694 ﬁlius
3074 1635 3216 1691 tuus,
3262 1636 3310 1682 et
3342 1628 3488 1697 ﬁlius
3516 1629 3620 1700 ﬁlii
3659 1632 3761 1696 tui,

2179 1717 2299 1788 quia
2325 1715 2558 1771 liberasti
2590 1732 2682 1770 nos
2711 1715 2777 1770 de
2803 1732 2963 1770 manu
3006 1713 3247 1770 Hadian.
3282 1716 3482 1783 Quibus
3507 1717 3599 1773 ille
3641 1720 3721 1773 ait
3740 1733 3763 1772 :

505 1833 660 1870 unum
702 1814 755 1867 in
787 1808 1027 1864 manibus
1072 1806 1174 1861 tuis
1217 1814 1374 1868 sunt,
1411 1812 1459 1859 et
1509 1802 1705 1857 idcirco
1746 1799 1980 1873 postulas
2023 1810 2080 1853 ut
2110 1795 2155 1859 Β
2187 1808 2307 1863 Non
2336 1808 2645 1862 dominabor
2676 1807 2850 1869 vestri,
2886 1823 2987 1861 nec
3027 1806 3381 1862 dominabitur
3401 1808 3464 1862 in
3490 1824 3583 1864 vos
3612 1808 3762 1878 ﬁlius

504 1908 685 1961 demus
715 1903 859 1966 viris,
883 1900 971 1970 qui
997 1897 1122 1953 lassi
1150 1905 1269 1951 sunt
1291 1906 1337 1950 ct
1361 1894 1680 1965 defecerunt,
1713 1908 1893 1963 panes.
1936 1888 2079 1943 Tulit

503 2012 626 2068 ergo
652 1994 879 2048 seniores
902 1987 1140 2053 civitatis,
1168 1998 1215 2041 et
1245 1987 1422 2057 spinas
1456 1983 1648 2042 deserti
1679 1998 1741 2037 ac
1766 1980 2003 2042 tribulos,
2030 1989 2080 2034 et

504 2085 871 2141 contrivitcum
895 2082 989 2146 eis,
1015 2089 1168 2147 atque
1184 2077 1487 2133 comminuit
1515 2077 1651 2130 viros
1665 2073 1917 2129 Socboth.
1946 2070 2081 2125 Tur-

508 2196 615 2232 rem
654 2190 854 2247 quoque
896 2169 1103 2226 Fannel
1148 2169 1415 2235 subvertit,
1471 2167 1654 2223 occisis
1702 2163 2080 2221 habitatoribus

505 2271 747 2332 civitatis,
774 2277 879 2323 etc.
911 2265 1050 2335 Quid
1094 2278 1192 2335 per
1220 2261 1394 2319 Zcbee
1422 2268 1478 2317 et
1518 2259 1769 2316 Salmana
1809 2256 2082 2329 principes

508 2360 939 2420 Madianitarum,
969 2368 1106 2425 quos
1131 2366 1464 2422 persequens
1486 2349 1704 2405 Gedeon
1727 2347 2082 2418 comprehcn-

507 2448 733 2514 dit,-nisi
760 2445 1061 2518 philosophi
1088 2451 1252 2513 atque
1278 2440 1544 2506 haeretici,
1585 2440 1833 2495 membra
1857 2436 2079 2504 diaboli,

509 2537 890 2611 designantur?
910 2535 1083 2591 Zebee
1105 2534 1270 2600 enim,
1300 2534 1393 2603 qui
1420 2533 1809 2602 interpretatur
1847 2529 2080 2595 victima,

508 2634 647 2688 bene
695 2637 874 2701 potest
926 2628 1231 2698 exprimere
1280 2624 1626 2695 philosophos
1677 2636 1744 2678 ac
1804 2620 2084 2693 theologos

510 2720 809 2794 gentilium,
842 2718 932 2788 qui
959 2716 1110 2773 libris
1137 2715 1249 2771 suis
1278 2723 1335 2770 ct
1363 2713 1596 2769 cultibus
1630 2711 1946 2784 prrebebant
1983 2726 2080 2782 pa-

512 2823 653 2868 stum
685 2808 982 2867 dremoniis.
1015 2807 1270 2863 Salmaua
1296 2819 1530 2879 quoque,
1559 2802 1651 2874 qui
1696 2803 2085 2873 interpretatur

440 2930 451 2935 μ
511 2902 693 2956 untbra
719 2898 1100 2963 commotionis,
1124 2895 1394 2969 signiﬁcat
1415 2894 1719 2960 hazreticos,
1752 2893 1845 2965 qui
1871 2907 2086 2963 semper

512 2996 567 3047 in
596 2991 829 3048 obscuro
861 2988 1065 3047 erroris
1090 2994 1496 3051 conversantes,
1526 3000 1557 3041 a
1595 2984 1841 3041 veritatis
1882 2983 2085 3041 lumine

512 3083 769 3139 illustrari
810 3097 915 3138 non
944 3089 1237 3136 merentur.
1270 3078 1429 3135 Tales
1468 3092 1599 3149 ergo
1640 3076 1859 3133 Gedeon
1894 3086 2085 3132 noster

2166 1916 2345 1965 .meus,
2388 1899 2479 1955 sed
2525 1898 2881 1953 dominabitur
2912 1897 3194 1953 Dominus.
3238 1897 3599 1970 Dixitque'ad
3629 1919 3720 1956 eos
3742 1916 3763 1954 :

2181 1991 2350 2048 Unam
2378 1992 2684 2064 petitionem
2710 1988 2917 2062 postulo
2937 2006 2969 2043 a
3010 1990 3151 2044 vobis
3171 2003 3193 2041 .'
3222 1989 3354 2045 Date
3388 1990 3521 2045 mihi
3546 1991 3765 2047 inaures

2178 2099 2244 2137 ex
2281 2082 2462 2154 praeda
2510 2089 2678 2137 vestra
2718 2081 2975 2150 (inaures
3028 2079 3175 2134 enim
3233 2095 3422 2134 aureas
3471 2077 3764 2135 [mediter
3862 2084 3871 2089 '

2179 2176 2366 2230 habere
2390 2172 2808 2242 consueverant).
2845 2170 2950 2236 Qui
2971 2170 3345 2241 responderunt
3360 2189 3379 2226 :
3394 2170 3766 2230 Libentissime

2179 2268 2438 2321 dabimus.
2493 2264 2964 2337 Expaudentesque
3016 2280 3174 2335 super
3226 2274 3426 2319 terram
3498 2266 3759 2336 palliatus,

2178 2357 2507 2428 projecerunt
2531 2355 2587 2409 in
2612 2371 2730 2409 eum
2755 2354 2968 2408 inaures
2996 2353 3061 2408 de
3084 2353 3288 2424 pratda.
3330 2352 3401 2407 Et
3429 2353 3531 2423 fuit
3556 2358 3765 2425 pondus

2178 2445 2563 2518 postulatorum
2592 2445 2859 2499 inauriunt
2884 2442 3026 2499 mille
3056 2444 3361 2514 septingenti
3395 2443 3537 2511 sicli,
3572 2446 3766 2517 absque

2183 2535 2522 2602 ornamentis,
2549 2544 2598 2590 et
2626 2533 2925 2599 monilibus,
2968 2542 3015 2588 et
3062 2542 3198 2588 veste
3242 2550 3533 2605 purpurea,
3576 2536 3765 2606 quibus

2187 2625 2403 2680 Modiam
2432 2642 2572 2697 reges
2594 2626 2670 2682 uti
2695 2624 2837 2680 soliti
2861 2634 3030 2691 erant,
3057 2636 3107 2680 et
3127 2635 3319 2697 printer
3341 2636 3554 2698 torques
3574 2644 3767 2684 dum:

2182 2721 2520 2777 camelorum.
2548 2719 2800 2794 Fecitque
2825 2739 2890 2778 ea:
2913 2739 2973 2778 eo
3008 2721 3223 2778 Gedeon
3251 2721 3392 2792 efod,
3423 2734 3473 2778 et
3498 2727 3676 2796 posuit
3704 2726 3769 2780 il-

2184 2813 2276 2868 lud
2308 2816 2361 2868 in
2408 2815 2613 2868 civitate
2640 2830 2739 2869 sua
2783 2814 2985 2885 Ephra.
3034 2811 3452 2887 Fornicatusque
3494 2826 3574 2870 est
3599 2819 3765 2872 omnis

2185 2903 2356 2959 Israel
2391 2905 2444 2959 in
2477 2921 2556 2968 eo,
2601 2914 2649 2959 et
2689 2905 2885 2975 factum
2933 2915 3008 2960 est
3050 2903 3281 2960 cheoni
3309 2914 3359 2960 et
3398 2907 3542 2961 omni
3585 2907 3767 2961 domui

2185 2996 2299 3066 ejus
2324 2999 2379 3050 in
2410 2997 2637 3054 ruinam.
2689 2997 2865 3065 Quaeri
2908 2997 3046 3052 solet
3089 2997 3220 3068 quid
3262 2997 3335 3053 sit
3355 2996 3483 3053 efud
3509 2998 3596 3053 vel
3620 2998 3764 3065 efod,

2186 3086 2329 3158 quod
2359 3087 2576 3158 quidem
2606 3086 2651 3143 si
2693 3087 3028 3144 sacerdotale
3070 3099 3155 3144 est
3192 3087 3592 3153 indumentum,
3624 3089 3766 3159 quod

512 3188 841 3246 persequens
887 3170 1312 3245 comprehendit,
1382 3170 1596 3229 torbato
1643 3169 1791 3224 omni
1839 3168 2083 3226 exercitu
2111 3159 2158 3222 C
2189 3177 2430 3248 plerique
2458 3178 2658 3243 dicunt,
2688 3177 2773 3232 vel
2816 3177 2997 3248 potius
3023 3178 3588 3248 superindumentnm,
3618 3179 3765 3249 quod

511 3281 722 3329 eorum,
753 3265 989 3335 quando,
1016 3262 1190 3316 turbis
1218 3261 1498 3315 nationum
1519 3275 1618 3332 per
1646 3259 2084 3330 praedicationem

512 3355 785 3427 Evangelii
814 3354 881 3408 ab
902 3366 1090 3407 errore
1120 3350 1437 3405 idololatria:
1467 3364 1531 3404 ac
1555 3348 1845 3405 schismate
1868 3348 2089 3405 haereti-

511 3461 700 3501 eorum
727 3445 793 3500 ad
813 3442 973 3498 ﬁdem
989 3440 1197 3497 Christi
1223 3439 1518 3503 conversis,
1546 3437 1644 3494 soli
1670 3437 1746 3493 illi
1778 3438 1984 3493 erroris
2004 3437 2086 3492 la-

512 3553 653 3607 queo
684 3534 883 3606 captivi
928 3541 1207 3599 notantur,
1237 3531 1330 3605 qui
1363 3530 1572 3588 caeteris
1596 3545 1760 3586 causa
1792 3529 1996 3587 erroris
2020 3531 2089 3587 ac

513 3625 752 3697 perﬁdia:
779 3624 1054 3680 exstitisse
1088 3622 1409 3693 probantur,
1450 3634 1588 3693 quos
1615 3619 1957 3690 postmodum
1986 3619 2092 3675 Ge-

511 3718 650 3775 deon
668 3715 849 3788 gladio
877 3728 976 3769 suo
1003 3710 1296 3777 interfecit,
1325 3711 1452 3783 quia
1485 3711 1539 3766 in
1568 3721 1813 3766 extremo
1838 3709 2088 3766 examine

512 3808 692 3880 gladio
732 3807 893 3878 justas
920 3804 1143 3861 ultionis
1180 3802 1341 3872 iudex
1385 3803 1629 3858 vivorum
1664 3811 1720 3858 et
1753 3811 2087 3861 mortuorum

511 3913 637 3953 eum
664 3897 876 3952 diabolo
904 3905 961 3951 et
988 3894 1195 3966 angelis
1220 3892 1337 3963 ejus
1367 3894 1419 3948 in
1464 3892 1661 3949 in‘l‘crni
1702 3908 1796 3947 eos
1824 3900 2087 3947 tartarum

512 3988 696 4044 tradit.
723 3987 874 4055 Quod
900 4001 1028 4056 ergo
1051 3986 1198 4040 viros
1226 3984 1467 4040 Sochoth
1500 3998 1565 4039 ac
1606 3983 1832 4049 Fanuel,
1860 3984 1952 4055 qui
1986 3983 2088 4039 sibi

511 4079 856 4151 persequenti
890 4078 1077 4134 hostes
1103 4090 1229 4131 suos
1271 4075 1432 4130 verba
1459 4074 1896 4131 subsannationis
1928 4084 2090 4146 atque

512 4170 780 4227 irrisionis
806 4169 1078 4234 dixerunt,
1102 4165 1243 4222 idem
1276 4164 1492 4222 Gedcon
1515 4176 1636 4239 post
1659 4166 1942 4222 victoriam
1964 4185 2088 4224 cum

511 4266 685 4339 spinis
712 4280 776 4319 ac
809 4261 1023 4318 tribulis
1060 4260 1336 4326 contrivit,
1374 4268 1686 4330 turremque
1728 4260 1933 4317 Fanuel
1964 4261 2091 4316 sub-

511 4355 712 4419 vertit,
766 4351 961 4407 occisis
1018 4349 1417 4406 habitatoribus
1490 4348 1744 4415 civitatis,
1823 4350 2091 4421 signiﬁcat

510 4448 652 4520 quod
683 4445 1014 4516 Redemptor
1037 4449 1222 4498 noster
1242 4439 1455 4497 Iudaeos
1484 4441 1803 4498 insultantes
1821 4443 2089 4514 praedica-

511 4538 640 4591 tanti
674 4535 1000 4607 evangelicae
1039 4548 1103 4588 ac
1131 4531 1375 4602 religioni
1405 4528 1725 4589 Christiana:
1753 4541 1875 4606 post
1902 4550 2085 4589 resur-

510 4626 805 4681 rectionem
832 4640 983 4681 suam
1011 4632 1175 4694 atque
1209 4622 1580 4679 ascensionem
1619 4624 1686 4678 ad
1730 4625 1920 4690 oculos,
1962 4642 2085 4680 cum

512 4719 719 4771 actibus
771 4719 1121 4774 inlructuosis
1155 4732 1219 4773 ac
1241 4715 1410 4786 spinis
1443 4724 1785 4787 peccatorum
1811 4726 2083 4788 gravatos,

510 4805 686 4873 gladio
724 4808 884 4877 justus
932 4807 1184 4861 vindictae
1225 4805 1542 4861 comminuit
1585 4814 1747 4876 atque
1804 4806 2083 4873 contrivit,

512 4905 826 4963 turremque
856 4895 1094 4960 Fanuel',
1132 4897 1236 4951 hoc
1268 4904 1371 4959 est,
1417 4895 1588 4964 ipsam
1616 4895 1806 4949 urbem
1834 4893 2086 4950 Hierusa-

511 4986 635 5046 lem.
686 4983 883 5037 occisis
926 4984 1320 5040 habitatoribus
1360 4985 1497 5056 ejus,
1545 4983 1828 5049 subvertit,
1867 4987 2087 5057 quando

510 5093 609 5147 per
662 5071 1054 5143 Vespasianum
1110 5083 1163 5128 et
1208 5075 1408 5139 Titum,
1468 5075 1740 5131 Romanos
1789 5076 2079 5149 principes,

508 5167 643 5221 urbe
689 5164 985 5227 destructa,
1036 5162 1338 5231 temploque
1402 5180 1694 5231 succenso,
1753 5166 2085 5222 habitatores

508 5259 626 5328 ejus
657 5255 856 5327 partim
890 5251 1033 5309 fame
1057 5253 1260 5319 necati,
1288 5255 1483 5325 partim
1513 5256 1692 5327 gladio
1719 5257 1910 5323 occisi,
1955 5272 2083 5329 par—

512 5350 715 5419 timque
760 5348 813 5402 in
853 5345 1227 5417 captivitatem
1280 5346 1490 5401 abducti
1551 5357 1697 5403 sunt.
1752 5349 1865 5406 Hoc
1909 5351 2082 5422 ipsum

508 5439 672 5497 etiam
698 5437 883 5494 in‘illis
907 5429 1092 5509 pueris
1127 5436 1315 5491 Bethel
1341 5436 1693 5509 quadraginta
1732 5441 1958 5509 duobus,
1992 5442 2082 5513 qui

510 5528 761 5583 Eliszeum
807 5527 1126 5599 prophetam
1166 5527 1481 5593 irriserunt,
1518 5528 1760 5588 dicentes
1794 5551 1806 5585 :
1835 5533 2085 5600 Ascendc,

511 5617 672 5682 calve,
701 5618 943 5684 ascende,
990 5619 1131 5675 calve
1156 5618 1208 5692 (I
1234 5618 1363 5693 Reg.
1401 5619 1486 5693 ll),
1537 5621 1788 5679 similiter
1825 5625 1878 5679 in
1917 5625 2087 5696 ﬁgura

511 5707 805 5771 praecessit.
859 5707 994 5774 Quia
1044 5712 1180 5766 sicut
1225 5711 1299 5769 ibi
1340 5712 1447 5770 duo
1494 5715 1608 5770 ursi
1654 5717 1995 5787 egredientes
2023 5719 2086 5773 de

2190 3265 2492 3336 Ependyma
2525 3264 2710 3322 Graece
2736 3266 2955 3332 dicitur,
2989 3266 3078 3322 vel
3121 3267 3359 3338 Epomis,
3410 3269 3560 3337 quod
3597 3269 3769 3340 magis

2188 3356 2469 3414 hutner..le
2510 3356 2854 3427 interpretari
2882 3357 3072 3413 Latine
3098 3366 3280 3428 potest
3305 3377 3319 3412 :
3341 3360 3540 3415 merito
3567 3371 3767 3427 movet,

2196 3448 2464 3517 quomodo
2497 3449 2565 3503 de
2598 3457 2750 3503 lauto
2777 3465 2910 3503 auro
2931 3448 3150 3505 Gedeon
3186 3450 3244 3504 id
3266 3448 3486 3506 fecerit.
3528 3451 3665 3507 Nam
3695 3455 3769 3507 ita

2189 3540 2449 3608 scriptum
2471 3548 2590 3594 est:
2622 3539 2691 3593 Et
2720 3539 2915 3610 factum
2943 3551 3018 3595 est
3041 3541 3245 3612 pondus
3272 3544 3554 3598 inaurium
3580 3560 3771 3600 aurea-

2189 3646 2307 3684 rum
2329 3647 2459 3701 quas
2486 3631 2727 3701 petierat,
2755 3630 2870 3685 sicli
2891 3630 3032 3687 mille
3053 3633 3372 3703 septingenti
3399 3636 3543 3700 auri,
3581 3645 3771 3705 preter

2190 3720 2502 3786 brachialia,
2528 3731 2574 3776 et
2603 3730 2830 3793 torques,
2861 3733 2909 3777 et
2944 3722 3263 3794 operimenta
3311 3740 3606 3796 purpurea,
3654 3742 3771 3797 qua:

2186 3819 2337 3864 erant
2362 3826 2519 3880 super
2544 3827 2685 3880 reges
2731 3809 2971 3875 Hadian,
3000 3821 3191 3881 prazter
3217 3818 3425 3882 torques
3463 3829 3584 3884 qua:
3622 3822 3771 3869 erant

2187 3902 2245 3957 in
2268 3901 2551 3956 cervicibus
2578 3901 2895 3958 camelorum
2922 3904 3177 3973 ipsorum.
3215 3903 3282 3957 Et
3321 3903 3448 3974 fecit
3489 3904 3629 3958 illud
3671 3904 3773 3961 Ce-

2188 3991 2322 4046 deon
2349 3993 2403 4047 in
2416 3991 2565 4062 efud,
2598 4002 2646 4046 et
2672 3993 2853 4046 statuit
2876 3992 3008 4046 illud
3046 3994 3101 4048 in
3123 3994 3330 4048 civitate
3350 4012 3449 4049 sua
3480 3995 3536 4050 in
3564 3994 3767 4066 prra,

2187 4094 2234 4137 et
2258 4083 2546 4153 fornicatus
2573 4094 2647 4139 est
2670 4085 2837 4139 omnis
2874 4081 3046 4151 Israel
3068 4096 3181 4155 post
3203 4084 3336 4139 illud
3354 4086 3461 4152 ibi;
3489 4096 3538 4141 et
3569 4088 3772 4157 factum

2188 4184 2262 4229 est
2289 4171 2518 4228 cheoni
2546 4184 2592 4228 et
2637 4175 2819 4231 domui
2845 4176 2962 4246 ejus
3008 4177 3064 4230 in
3107 4175 3438 4232 scandalum.
3477 4176 3770 4245 Quomodo

2188 4278 2317 4336 ergo
2344 4262 2447 4318 ista
2471 4263 2639 4321 vestis
2650 4264 2717 4319 de
2740 4271 2888 4322 tanto
2907 4280 3039 4320 auro
3062 4263 3178 4318 ﬁeri
3200 4265 3409 4336 patuit?
3430 4265 3565 4320 Nam
3593 4273 3649 4320 ct
3662 4281 3770 4321 ms-

2190 4364 2273 4412 ter
2299 4356 2566 4415 Samuelis
2584 4356 2713 4413 fecit
2734 4356 2843 4412 lilio
2857 4372 2975 4424 suo,
3002 4358 3143 4413 sicut
3162 4356 3392 4428 legimus
3407 4353 3517 4429 (IV
3533 4354 3770 4428 Ragdl),

2191 4447 2440 4517 et‘udbar,
2467 4449 2609 4519 quod
2633 4449 2878 4505 nonnulli
2900 4450 3236 4519 interpretati
3257 4458 3382 4505 sunt
3394 4448 3521 4505 eluci
3544 4451 3767 4515 lineam,

2191 4540 2404 4610 quando
2431 4553 2557 4617 eum
2582 4540 2730 4596 dedit
2763 4540 2816 4595 in
2863 4540 3060 4612 templo
3100 4541 3469 4597 nutriendum.
3520 4541 3623 4597 Ubi
3661 4540 3767 4597 evi—

2191 4628 2404 4684 dentius
2432 4637 2678 4698 apparet,
2705 4628 2810 4683 hoc
2836 4644 3007 4700 genus
3030 4644 3152 4685 esse
3181 4629 3505 4687 indumenti.
3532 4629 3619 4685 An
3648 4631 3766 4685 ideo

2189 4716 2393 4771 dictum
2419 4727 2524 4782 est,
2561 4717 2760 4772 Statuit
2797 4717 2930 4771 illud
2969 4719 3023 4772 in
3050 4718 3257 4773 civitate
3274 4735 3399 4785 sua,
3429 4726 3493 4774 ιιι
3523 4720 3665 4775 hinc
3689 4721 3768 4775 in-

2191 4806 2521 4878 telligeretur
2543 4822 2765 4863 aureum
2789 4807 2953 4863 fuisse
2979 4807 3221 4864 factum?
3242 4807 3365 4865 Non
3393 4810 3541 4865 enim
3565 4811 3765 4865 dictum

2190 4906 2293 4962 est,
2320 4898 2525 4967 posuit,
2555 4898 2650 4954 sed
2690 4899 2909 4963 statuit;
2958 4899 3213 4969 quoniam
3256 4900 3332 4959 ita
3371 4908 3493 4957 erat
3537 4901 3765 4957 solidum

2190 4995 2246 5041 et
2290 4988 2558 5055 validum,
2617 4998 2678 5043 ut
2721 4989 2886 5044 statui
2926 4996 3131 5058 posset,
3185 4990 3289 5047 hoc
3348 5000 3479 5057 est,
3533 4993 3766 5064 positum

2190 5089 2355 5135 stare.
2386 5080 2497 5139 lloc
2522 5096 2652 5154 ergo
2678 5081 2925 5136 illicitum
2971 5096 3094 5140 cum
3129 5080 3351 5137 fecisset
3384 5080 3634 5148 Gedeon,
3663 5084 3769 5139 lov-

2192 5172 2403 5227 nicatus
2443 5180 2531 5226 est
2572 5179 2697 5245 post
2738 5171 2867 5226 illud
2919 5171 3095 5228 omnis
3122 5171 3310 5239 Israel,
3338 5174 3617 5244 sequendo
3642 5174 3766 5235 illud

2192 5273 2381 5317 contra
2421 5262 2595 5332 legem
2648 5262 2762 5318 Dei.
2794 5263 2895 5320 Ubi
2926 5278 3040 5333 non
3061 5262 3265 5337 frustra
3310 5265 3598 5335 quaritur,
3646 5282 3766 5322 cum

2194 5353 2390 5410 idolum
2447 5369 2554 5408 non
2584 5353 2764 5419 fuerit,
2819 5354 2872 5409 id
2902 5364 3015 5422 est,
3064 5355 3381 5428 cujusquam
3420 5356 3507 5417 dei
3552 5356 3678 5414 falsi
3714 5365 3767 5414 et

2192 5445 2352 5500 alieni
2402 5444 2774 5511 simulacrum,
2804 5446 2898 5505 sed
2943 5446 3103 5514 elud,
3160 5448 3215 5503 id
3254 5456 3358 5515 est,
3385 5464 3556 5504 unum
3584 5449 3657 5504 de
3684 5463 3766 5504 sae

2191 5535 2486 5590 cramentis
2533 5536 2887 5600 tabernaculi,
2943 5539 3087 5609 quod
3119 5539 3186 5594 ad
3226 5548 3431 5594 vestem
3458 5541 3762 5597 sacerdota-

2190 5629 2296 5683 lem
2338 5628 2655 5702 pertineret,
2694 5630 2965 5700 quomodo
3022 5630 3432 5690 fornicationem
3485 5631 3760 5704 Scriptura

2192 5719 2331 5775 dicat
2378 5718 2559 5789 populi
2597 5719 2698 5774 ista
2747 5722 3007 5778 sectantis
3062 5732 3220 5793 atque
3259 5722 3763 5779 venerantiswa
