3996 6176
342 287 478 343 1169

339 400 545 457 scilicet
578 393 721 467 quod
770 401 968 466 prmter
1016 393 1423 450 tabernaculum
1473 383 1707 458 Deifubi
1751 399 1907 449 erant
1932 399 1984 460 Α

337 493 443 550 ista
468 505 591 562 quae
611 490 685 546 ibi
714 489 829 545 ﬁeri
852 490 1088 560 jusserat
1128 488 1289 554 Deus,
1327 498 1481 544 extra
1508 487 1687 543 simile
1708 484 1910 556 aliquid

337 581 458 639 ﬁeri
501 580 586 636 fas
612 570 720 636 non
748 589 887 635 erat.
922 579 1045 634 ideo
1079 579 1321 649 sequitur
1340 586 1390 633 et
1421 577 1551 634 dicit
1581 576 1860 645 Scriptura
1891 588 1906 627 :

340 669 411 726 Et
426 671 624 741 factum
643 679 717 725 est
745 666 973 734 Cedeon,
1003 679 1049 723 et
1078 668 1258 722 domui
1283 668 1397 738 ejus
1422 668 1478 721 in
1493 665 1824 732 scandalum,
1854 665 1910 719 id

336 768 443 826 est,
470 768 530 814 ut
555 758 624 814 ab
648 757 852 815 offenso
879 758 990 814 Deo
1016 757 1334 824 discederet,
1364 757 1489 827 quia
1533 756 1713 812 ethoc
1741 756 1910 825 quoi-

337 848 458 903 dam
484 862 653 918 genus
682 847 811 903 idoli
844 847 1079 919 quodam
1107 848 1270 902 modo
1293 856 1431 912 erat,
1460 848 1605 916 quod
1639 853 1793 901 extra
1814 846 1906 901 Dei

340 937 745 993 tabernaculum
764 937 1040 1008 quodlibet
1071 952 1233 992 manu
1280 935 1481 992 factum
1510 952 1611 1007 pro
1634 937 1747 992 Deo
1768 936 1911 991 cole-

338 1036 508 1096 retur,
537 1043 663 1085 cnm
697 1028 789 1083 illa
823 1028 938 1098 ipsa
968 1042 1089 1099 quae
1113 1026 1267 1097 jussa
1318 1035 1446 1083 sunt
1473 1027 1529 1082 in
1564 1025 1911 1082 tabernaculo

337 1117 458 1173 fieri
502 1118 572 1172 ad
615 1118 712 1173 Dei
766 1119 947 1189 potius
1004 1117 1208 1173 cultum
1236 1116 1589 1183 referrentur,
1619 1131 1782 1187 quam
1810 1132 1910 1186 pro

338 1208 450 1263 Deo
487 1207 691 1278 aliquid
718 1222 929 1274 eorum,
979 1216 1074 1262 aut
1099 1222 1199 1277 pro
1246 1207 1343 1263 Dei
1389 1206 1680 1263 simulacro
1732 1206 1911 1263 colen-

336 1298 466 1353 dum
516 1297 811 1354 haberetur
850 1316 865 1353 :
917 1314 1225 1369 quanquam
1253 1314 1352 1369 per
1402 1299 1529 1355 efud
1562 1299 1648 1354 vel
1673 1299 1816 1365 efod,
1844 1314 1907 1354 ea

336 1387 607 1445 locutione
628 1404 748 1458 quae
773 1389 1041 1461 significat
1068 1404 1099 1444 a
1126 1398 1282 1461 parte
1310 1399 1508 1458 totum,
1555 1392 1739 1446 omnia
1782 1406 1906 1461 pos—

336 1484 462 1532 sunt
494 1476 716 1546 intelligi
751 1492 871 1547 qua:
891 1479 1173 1533 constituit
1198 1477 1416 1534 Gedeon
1447 1479 1503 1534 in
1532 1494 1631 1536 sua
1662 1480 1904 1547 civitate,

334 1566 502 1622 veluti
547 1567 616 1623 ad
654 1567 937 1638 colendum
968 1567 1137 1623 Deum
1166 1567 1361 1624 similia
1393 1569 1743 1626 tabernaculo
1768 1570 1862 1625 Dei
1888 1587 1903 1636 ;

334 1666 391 1713 et
410 1667 694 1729 propterea
720 1673 818 1730 per
845 1659 980 1726 hoc,
1009 1659 1135 1729 quia
1164 1660 1268 1715 hoc
1314 1667 1401 1714 est
1428 1659 1777 1716 sacerdotalis
1809 1661 1906 1716 ho»

1290 272 1642 338 COMMENT.
1678 275 1747 336 IN
1780 273 1908 334 LIB.
1946 271 2260 331 JUMUUM.
2301 298 2368 311 -ο
2399 270 2525 325 LIB.
2570 271 2632 326 ll.

3444 275 3580 329 ll't'o

2588 383 2814 439 CAPUT
2869 383 2933 441 Χ.

2009 497 2162 566 Quod
2208 507 2354 569 terra
2406 497 2593 569 quierit
2639 513 2730 568 per
2769 497 3122 569 quadraginta
3167 515 3358 561 annos,
3388 500 3573 569 quibus

2075 568 2287 638 prefuit
2311 565 2540 639 Gedeon,
2572 576 2622 621 et
2641 565 2795 639 quod
2844 568 2953 639 ipse
2978 565 3194 639 'Gedcon
3242 565 3575 639 septuaginta

2076 636 2258 693 habuit
2285 638 2424 704 ﬁlios
2450 638 2513 690 de
2540 636 2790 691 uxoribus
2822 637 2953 704 suis,
2984 636 3047 690 de
3078 636 3367 693 concubina
3395 636 3570 694 autem

2077 707 2247 762 soluat
2274 706 2453 761 habuit
2479 706 2796 761 Abimelech.
3064 771 3076 798 |
3132 772 3142 780 ι

2077 843 2255 916 (Ialm)
2295 843 2625 898 Humiliatus
2646 852 2721 899 est
2763 854 2937 898 autem
2969 843 3191 899 Madian
3249 860 3427 899 coram
3456 846 3581 914 [iliis

2008 933 2197 1000 Israel,
2223 950 2314 988 nec
2337 943 2616 1005 potuerunt
2644 933 2785 988 ultra
2805 933 3008 988 elevare
3037 934 3260 988 cervices
3286 950 3306 999 ;
3328 934 3418 988 sed
3434 936 3577 1004 quie-

2006 1025 2079 1079 uit
2107 1034 2246 1079 terra
2268 1039 2361 1095 per
2387 1024 2738 1095 quadraginta
2793 1040 2977 1089 annos,
3028 1024 3216 1095 quibus
3244 1024 3455 1094 prcefuit
3482 1022 3582 1078 Ge-

2010 1116 2167 1170 deon.
2198 1114 2313 1171 Non
2350 1115 2726 1185 prsetereunda
2777 1114 2951 1169 oritur
3003 1115 3249 1184 qumstio,
3310 1116 3584 1184 quomodo

2008 1207 2273 1278 quieverit
2294 1215 2439 1262 terra
2463 1206 2817 1278 quadraginta
2843 1222 3015 1261 annos
3043 1206 3097 1260 in
3123 1206 3313 1262 diebus
3338 1204 3582 1271 Gedeou,

2009 1315 2131 1356 cum
2162 1310 2287 1371 post
2310 1298 2591 1355 victoriam
2619 1315 2726 1370 qua
2774 1298 3019 1354 liberavit
3057 1298 3328 1361 Hebraeos,
3356 1314 3420 1352 ex
3451 1314 3585 1353 auro

2008 1390 2302 1461 spoliorum
2335 1387 2524 1444 fecerit
2546 1388 3021 1453 abominationem,
3050 1396 3105 1443 et
3146 1396 3270 1457 post
3298 1388 3441 1442 illam
3471 1389 3580 1443 for-

2008 1482 2222 1537 nicatus
2247 1482 2319 1535 sit
2338 1479 2517 1536 omnis
2546 1479 2730 1545 Israel,
2756 1487 2810 1533 et
2835 1478 3000 1535 fuerit
3049 1478 3125 1533 illi
3152 1487 3207 1533 et
3248 1478 3431 1535 domui
3460 1479 3578 1549 ejus

2008 1575 2061 1629 in
2091 1574 2424 1630 scandalum.
2457 1572 2733 1641 Quomodo
2778 1587 2909 1642 ergo
2957 1579 3079 1642 post
3108 1572 3213 1627 hoc
3242 1579 3447 1626 tantum
3489 1588 3582 1626 nc~

2008 1665 2091 1722 fas
2127 1666 2270 1737 quod
2299 1675 2355 1721 et
2396 1664 2616 1721 Gedeon
2663 1672 2720 1719 et
2760 1664 2986 1736 populus
3024 1664 3270 1731 admisit,
3310 1665 3576 1735 requievit

336 1749 486 1803 noris
537 1729 770 1821 insigne,
820 1749 964 1820 quod
997 1765 1138 1820 saepe
1166 1749 1443 1822 Scriptura
1491 1757 1906 1817 commemorat,
1934 1729 1982 1790 Β
2013 1729 2161 1815 terra
2188 1757 2544 1830 quadraginta
2574 1729 2779 1824 annos;
2815 1729 2936 1813 cum
2964 1757 3066 1813 hoc
3092 1729 3372 1829 Scriptura
3388 1729 3581 1812 soleat

333 1848 396 1893 ut
422 1839 526 1894 hoc
558 1838 629 1894 sit
670 1847 954 1917 peccatum
979 1838 1198 1895 Gedeon
1222 1840 1366 1909 quod
1419 1848 1574 1896 extra
1602 1839 1700 1896 Dei
1724 1841 1898 1897 taber-

333 1929 585 1985 naculum
610 1929 799 1986 fecerit
828 1930 1031 2002 aliquid
1061 1931 1255 1997 simile,
1308 1933 1399 1988 ubi
1426 1932 1697 1989 coleretur
1718 1932 1860 1990 Deus
1889 1951 1903 1987 :

334 2036 442 2076 non
466 2020 610 2090 quod
651 2022 824 2078 solido
852 2037 987 2078 auro
1017 2022 1162 2077 velut
1209 2021 1539 2079 adorandum
1568 2025 1910 2082 constituerit

330 2109 485 2176 el‘ud,
513 2111 609 2166 sed
638 2111 782 2180 quod
823 2126 891 2167 ex
934 2126 1068 2167 auro
1105 2112 1220 2182 ipso
1272 2114 1416 2184 quod
1444 2122 1589 2170 esset
1614 2103 1701 2170 de.
1727 2115 1907 2185 praeda

330 2200 525 2257 fecerit
542 2215 607 2257 ea
630 2218 751 2273 quae
772 2203 1107 2273 pertinerent
1137 2204 1207 2259 ad
1233 2213 1550 2261 ornamenta
1589 2206 1672 2262 vel
1701 2207 1906 2262 instru-

330 2303 518 2350 menta
573 2294 842 2350 sacrarii:
881 2309 1002 2365 qua:
1052 2296 1234 2351 omnia
1286 2309 1385 2364 per
1424 2295 1551 2351 efud
1604 2295 1906 2367 signiﬁcata

329 2392 459 2441 sunt
482 2391 706 2455 propter
756 2384 1148 2450 excellentiam,
1173 2392 1235 2441 ut
1282 2385 1418 2452 dixi,
1446 2386 1614 2442 vestis
1656 2387 1908 2443 sacerdo—

332 2476 476 2531 talis.
506 2475 641 2531 Nam
671 2485 727 2532 et
754 2476 930 2548 ipsum
959 2477 1089 2533 efud
1132 2491 1239 2532 non
1263 2478 1479 2547 quidem
1522 2493 1590 2534 ex
1621 2494 1756 2534 auro
1791 2478 1907 2535 solo

335 2567 452 2622 ﬁeri
483 2575 813 2638 praeceptum
846 2574 953 2634 est,
983 2568 1030 2623 si
1078 2569 1181 2623 hoc
1228 2574 1314 2623 est
1348 2568 1788 2639 superhnmerale
1815 2584 1905 2624 sa-

331 2659 623 2718 cerdotalis
658 2660 861 2727 vestis;
900 2668 1273 2716 verumtamen
1325 2661 1488 2716 etiam
1542 2660 1746 2731 aliquid
1788 2661 1905 2717 auri

330 2756 510 2821 habet,
550 2772 675 2813 nam
727 2773 795 2814 ex
835 2773 989 2824 auro,
1028 2765 1085 2814 et
1119 2758 1433 2829 hyacintho,
1462 2769 1519 2815 et
1543 2774 1805 2829 purpura,
1850 2767 1907 2814 et

331 2847 575 2911 coccino,
611 2855 667 2903 et
692 2848 855 2919 bysso
875 2856 933 2902 ut
970 2847 1143 2915 fieret,
1175 2848 1430 2904 divinitus
1455 2849 1775 2918 imperatum
1797 2857 1900 2904 est.

332 2937 440 2996 Sed
485 2941 612 3011 quia
649 2941 754 2996 hoc
805 2941 880 2996 ita
909 2947 1211 3011 posuemnt‘
1252 2940 1605 3011 Septuaginta
1635 2941 1904 3012 interpre-

328 3039 433 3095 tes,
469 3038 551 3096 ut,
592 3029 1034 3086 commemoratis
1058 3028 1309 3085 omnibus
1356 3044 1478 3099 quae
1510 3030 1576 3085 de
1605 3030 1792 3101 spoliis
1814 3045 1905 3086 ac-

329 3128 551 3190 ceperat
571 3120 815 3188 Gedeon,
864 3121 1147 3187 inferrent,
1184 3120 1250 3175 Et
1288 3121 1412 3190 fecit
1452 3121 1586 3176 illud
1622 3119 1830 3179 Gedeon
1849 3124 1906 3178 in

331 3208 460 3279 efud
481 3222 500 3260 :
524 3210 741 3265 videtur
766 3210 840 3265 ita
879 3210 1103 3277 dictum,
1126 3216 1384 3280 tanquam
1415 3225 1481 3267 ex
1512 3219 1624 3267 toto
1648 3211 1738 3267 illo
1760 3211 1905 3283 quod

331 3310 813 3356 commemoratum
868 3308 973 3366 est,
1040 3301 1145 3356 hoc
1197 3301 1400 3356 factum
1453 3317 1573 3357 esse
1626 3304 1900 3369 credatur,

329 3403 454 3444 cum
504 3391 676 3459 possit
710 3392 876 3447 etiam
906 3391 1016 3447 illic
1060 3390 1284 3462 intelligi
1322 3391 1522 3448 locutio
1545 3408 1666 3464 quae
1699 3394 1905 3465 signiﬁ-

328 3492 420 3540 cat
454 3499 485 3539 a
513 3492 626 3540 toto
674 3494 904 3555 partem,
936 3486 1163 3556 utquod
1202 3487 1403 3542 dictum
1431 3494 1558 3542 est:
1589 3484 1736 3539 Fecit
1770 3484 1903 3539 illud

327 3573 382 3627 in
400 3573 550 3643 eiad,
577 3573 931 3644 intelligatur,
982 3576 1104 3644 fecit
1123 3577 1245 3631 inde
1266 3576 1395 3646 eiad
1417 3593 1437 3641 ;
1467 3576 1572 3639 vel,
1602 3576 1727 3645 fecit
1753 3592 1819 3631 ea:
1843 3592 1903 3631 eo

325 3662 472 3735 εἶλαι,
501 3677 609 3719 non
654 3663 863 3719 scilicet
918 3664 1049 3720 illud
1083 3672 1255 3720 totum
1302 3680 1628 3720 consumens
1680 3663 1902 3731 inefud,

290 3788 295 3789 ν
327 3755 425 3811 sed
451 3770 519 3811 ex
551 3754 643 3809 illo
666 3764 927 3825 quantum
980 3754 1280 3817 sufﬁciebat
1315 3755 1649 3825 impendens.
1673 3754 1821 3811 Nam
1849 3755 1904 3811 in

328 3844 420 3900 illa
451 3845 899 3916 interpretatione
921 3861 1043 3917 quae
1065 3860 1133 3901 ex
1164 3846 1393 3903 llebmeo
1416 3856 1520 3914 est,
1552 3847 1632 3903 sic
1660 3847 1857 3920 legitur
1882 3867 1895 3902 :

329 3932 581 4007 Fecitque
623 3951 690 3990 ea:
715 3952 775 3990 eo
825 3933 1034 3992 Gedeon
1082 3936 1203 4007 efod
1232 3948 1251 3988 :
1281 3937 1424 4008 quod
1452 3937 1597 3992 enim
1638 3938 1778 4007 apud
1807 3935 1906 3993 Se-

323 4025 604 4097 ptuaginta
640 4026 903 4095 scriptum
939 4032 1024 4082 est
1048 4026 1193 4103 efud,
1233 4026 1339 4082 hoc
1386 4027 1441 4081 in
1471 4026 1698 4083 Hebraeo
1722 4029 1898 4099 perhi-

326 4115 491 4170 betur
508 4115 615 4171 dici
642 4115 785 4186 efod.
817 4114 934 4170 Non
983 4123 1167 4172 autem
1213 4131 1405 4173 omnes
1453 4117 1763 4173 sacerdotes
1811 4117 1902 4173 tali

327 4204 619 4260 utebantur
669 4204 1121 4275 superhumerali,
1173 4205 1318 4276 quod
1370 4213 1515 4262 esset
1556 4220 1624 4261 ex
1665 4221 1820 4272 auro,
1848 4214 1905 4263 et

328 4296 640 4367 hyacintho,
664 4303 722 4352 et
754 4308 1017 4366 purpura,
1043 4305 1100 4353 et
1129 4297 1371 4364 coccino,
1400 4305 1455 4354 et
1477 4298 1663 4370 bysso,
1695 4299 1791 4353 sed
1812 4314 1905 4353 so-

250 4374 261 4385 ’
328 4383 413 4441 lus
437 4399 681 4442 summus
718 4387 989 4443 sacerdos.
1024 4387 1176 4445 Unde
1219 4387 1349 4441 illud
1378 4387 1521 4456 quod
1548 4387 1615 4441 de
1652 4386 1905 4442 Samuele

328 4477 897 4542 commemoravimus,
952 4476 1156 4532 factum
1191 4475 1268 4531 illi
1302 4477 1373 4531 ab
1419 4473 1536 4545 ejus
1569 4483 1766 4541 matre,
1795 4488 1903 4531 non

327 4573 451 4621 erat
480 4566 669 4636 utique
697 4565 827 4633 tale,
866 4567 1122 4637 quoniam
1150 4581 1274 4623 cum
1305 4567 1467 4622 datus
1492 4575 1577 4621 est
1622 4566 1903 4622 enutrien-

330 4658 450 4723 dus,
478 4672 586 4712 non
613 4665 734 4714 erat
759 4672 1002 4714 summus
1032 4658 1303 4724 sacerdos,
1330 4657 1518 4728 utique
1545 4674 1697 4729 puer.
1732 4656 1900 4722 Unde,

329 4758 388 4803 ut
413 4749 615 4805 dictum
639 4759 744 4815 est,
771 4749 996 4820 efudbar
1021 4750 1345 4821 appellatur,
1392 4749 1479 4805 vel
1529 4750 1710 4821 potius
1759 4750 1908 4820 efod-

329 4839 481 4905 bach,
512 4839 652 4895 sicut
700 4847 952 4895 asserunt
989 4839 1097 4909 qui.
1135 4838 1416 4895 llebraeam
1473 4839 1711 4907 linguam
1741 4854 1906 4895 nove-

329 4937 475 4996 runt,
500 4939 557 4986 et
577 4931 967 5001 interpretatur
992 4929 1116 4986 efud
1140 4930 1363 4986 lineum.
1396 4929 1504 4987 Sed
1531 4929 1748 4989 Gedeon
1776 4930 1905 4986 illud

327 5022 547 5091 fecisse,
572 5024 715 5095 quod
741 5032 863 5080 erat
883 5024 1214 5094 praecipuum
1252 5024 1452 5080 summi
1496 5023 1798 5080 sacerdotis
1821 5023 1906 5079 in-

326 5115 643 5174 dumentum
668 5125 833 5188 atque
877 5124 1286 5181 ornamentum,
1313 5130 1413 5187 per
1446 5116 1587 5187 quod
1618 5125 1674 5172 et
1709 5124 1906 5172 uetera

326 5206 628 5279 significata
656 5200 783 5264 sunt
800 5221 966 5278 opera
1006 5205 1247 5270 sacrarii,
1299 5206 1442 5276 quod
1469 5207 1522 5261 in
1555 5221 1653 5261 sua
1682 5189 1904 5262 civitate

326 5306 525 5369 praeter
550 5298 649 5354 Dei
695 5298 1101 5355 tabernaculum
1153 5298 1528 5365 constituerat,
1582 5306 1641 5353 et
1683 5309 1905 5369 propter

327 5390 432 5446 hoc
455 5395 739 5458 peccatum
767 5389 968 5445 factum
997 5398 1082 5446 est
1116 5389 1193 5444 illi
1222 5397 1279 5444 et
1312 5388 1494 5446 domui
1525 5387 1640 5460 ejus
1669 5389 1721 5444 in
1747 5405 1903 5446 scan-

329 5477 533 5543 dalum,
561 5477 726 5534 utsic
753 5478 999 5535 interiret
1026 5480 1192 5553 (quod
1220 5488 1345 5551 post
1378 5494 1440 5536 ea
1467 5479 1748 5553 Scriptura
1778 5496 1904 5537 nar-

331 5566 441 5641 rat)
475 5575 624 5626 tanta
661 5567 779 5639 ejus
803 5573 1166 5629 numerositas
1191 5572 1451 5630 filiorum.

2008 1850 2318 1915 ostendere,
2350 1865 2526 1905 cuma
2558 1849 2787 1904 Domino
2834 1849 2945 1904 Deo
2998 1848 3228 1919 populus
3278 1848 3578 1903 fornicari:-

2010 1948 2118 2006 tur,
2148 1948 2277 1995 tunc
2311 1938 2492 2010 potius
2516 1954 2706 2008 pacem
2734 1939 2852 1994 illos
2873 1938 3121 2008 perdere,
3149 1954 3253 1993 non
3279 1939 3578 2010 acquirere.

2007 2039 2065 2086 et
2087 2030 2334 2087 hostibus
2382 2027 2676 2100 subjugari,
2722 2044 2828 2084 non
2856 2029 2925 2083 ab
2960 2028 3193 2083 hostium
3240 2029 3582 2083 infestationc

2010 2120 2254 2176 muniri?
2291 2119 2401 2177 Sed
2430 2120 2835 2192 intelligendum
2888 2128 2993 2187 est,
3047 2121 3187 2176 sicut
3235 2121 3373 2176 solet
3430 2121 3582 2176 Scri-

2007 2220 2186 2282 ptura,
2215 2226 2314 2282 per
2348 2210 2638 2282 prolepsin,
2701 2210 2755 2265 id
2779 2220 2884 2276 est,
2935 2225 3031 2281 per
3060 2212 3578 2281 prmoccupationcm

2008 2300 2231 2366 dixisse,
2255 2299 2399 2370 quod
2426 2298 2613 2355 fecerit
2642 2298 2766 2355 efud
2815 2306 3006 2355 contra
3040 2298 3211 2370 legem
3241 2298 3335 2354 Dei
3364 2298 3581 2355 Gedeou

2004 2404 2074 2444 ex
2102 2388 2195 2444 illo
2222 2403 2358 2444 auro
2394 2389 2537 2458 quod
2558 2386 2735 2443 fuerat
2763 2388 3008 2444 hostibus
3032 2386 3256 2445 devictis
3277 2396 3437 2458 atque
3458 2404 3579 2458 pro-

2006 2480 2196 2535 stratis
2222 2478 2481 2546 ablatum,
2512 2479 2637 2550 quia
2666 2494 2776 2534 uno
2814 2477 2932 2534 loco
2961 2478 3140 2534 dicere
3166 2478 3333 2534 voluit
3362 2487 3417 2533 et
3444 2478 3583 2534 unde

2007 2577 2128 2626 erat
2149 2584 2363 2635 aurum,
2394 2576 2451 2626 et
2500 2568 2630 2639 quid
2675 2569 2742 2624 de
2773 2567 2866 2625 illo
2889 2566 3088 2623 factum
3117 2567 3225 2634 sit;
3275 2567 3370 2623 sed
3397 2576 3581 2639 postea

2006 2659 2209 2716 factum
2237 2668 2322 2716 est
2359 2658 2413 2715 in
2464 2659 2573 2716 line
2624 2659 2835 2715 dierum
2864 2656 3083 2715 Gedeon
3116 2656 3222 2715 hoc
3273 2668 3579 2728 peccatum,

2004 2751 2224 2821 quando
2280 2761 2573 2808 consecuta
2622 2760 2747 2806 sunt
2796 2750 2960 2806 etiam
3014 2748 3151 2804 mala
3206 2764 3326 2819 qua:
3388 2748 3582 2806 deinde

2007 2841 2286 2912 Scriptura
2351 2842 2654 2905 contexuit,
2716 2850 3071 2910 posteaquam
3139 2840 3583 2895 commemoravit

2006 2931 2296 3002 quotannis
2346 2931 2403 2987 in
2454 2930 2644 2987 diebus
2696 2929 2914 2986 Gedcon
2969 2937 3113 2984 terra
3163 2928 3581 2998 conquieverit:

2007 3039 2143 3093 quos
2172 3039 2346 3080 annos
2373 3022 2779 3093 recapitulando
2808 3020 3269 3083 commemoravit,
3304 3019 3360 3074 id
3384 3028 3487 3084 est,
3515 3020 3583 3073 ad

2007 3116 2256 3171 ordinem
2302 3129 2464 3185 quem
2510 3119 2947 3184 practerverterat
2982 3111 3134 3182 prius
3159 3110 3387 3166 dicendo
3408 3110 3471 3166 de
3493 3110 3583 3164 illo

2006 3205 2268 3262 seandalo
2293 3205 2438 3276 quod
2463 3203 2755 3260 novissime
2786 3203 2984 3257 factum
3015 3210 3116 3258 cst.

2076 3297 2214 3352 Abiit
2244 3296 2420 3368 itaque
2466 3294 2716 3351 Jerobaal
2757 3293 2900 3364 [ilius
2959 3294 3111 3360 Joas,
3144 3303 3192 3349 et
3239 3292 3488 3348 Itabitarlt
3527 3293 3582 3345 in

2000 3388 2159 3443 domo
2185 3405 2303 3442 sua.
2346 3387 2647 3461 Ilabuitque
2697 3386 3026 3459 septuaginta
3079 3384 3237 3455 ﬁlios,
3278 3384 3365 3457 qui
3392 3385 3583 3454 egressi

2003 3489 2125 3534 sunt
2150 3480 2215 3534 de
2239 3479 2436 3547 femore
2464 3479 2602 3548 ejus,
2650 3494 2710 3532 eo
2739 3479 2879 3548 quod
2912 3477 3087 3546 pIures
3133 3477 3340 3531 haberet
3372 3494 3578 3531 uxores.

2005 3568 2313 3625 Concubina
2361 3577 2536 3622 autem
2577 3566 2747 3634 illius,
2797 3583 2955 3638 quant
3005 3566 3223 3621 habebat
3260 3568 3315 3621 in
3353 3567 3579 3629 Sichem,

2006 3662 2187 3733 genuit
2224 3662 2273 3716 ei
2298 3658 2468 3730 ﬁlium
2509 3659 2719 3714 nomine
2772 3657 3087 3714 Abimeleclt.
3137 3657 3483 3729 Hortuusque
3508 3671 3582 3715 est

2005 3753 2216 3810 Cedeon
2238 3753 2381 3824 ﬁlius
2406 3752 2538 3808 Joas
2581 3751 2634 3807 in
2659 3760 2920 3807 senectute
2969 3751 3127 3817 bona,
3169 3760 3216 3805 et
3247 3750 3478 3822 sepultus
3507 3761 3585 3805 est

2006 3845 2061 3899 in
2088 3843 2327 3915 sepulcro
2356 3842 2488 3898 Joas
2511 3842 2677 3914 patris
2701 3841 2786 3896 sui
2808 3840 2863 3896 in
2890 3840 3185 3915 Epkrahde
3200 3839 3404 3911 familia
3429 3839 3581 3905 Ezri,

2004 3945 2110 3992 etc.
2148 3934 2376 3992 Moritur
2400 3933 2643 4001 Gedeon,
2673 3942 2727 3989 et
2749 3932 3008 4005 relinquit
3052 3933 3390 4006 s‘ptuaginta
3421 3932 3580 3998 ﬁlios,

2005 4035 2061 4084 et
2084 4042 2271 4092 unum,
2314 4026 2532 4095 nomine
2560 4024 2894 4090 Abimelech,
2923 4033 3108 4080 natum
3140 4040 3207 4080 ex
3254 4023 3575 4089 concubina,

2003 4122 2093 4192 qui
2126 4120 2376 4175 conduxit
2409 4119 2510 4175 sibi
2537 4120 2673 4175 viros
2693 4135 2871 4191 vagos,
2900 4128 2949 4173 et
2998 4118 3236 4172 abierunt
3269 4125 3383 4186 post
3404 4116 3576 4171 illam.

2008 4212 2075 4266 Et
2120 4213 2333 4268 intravit
2368 4212 2425 4266 in
2468 4211 2684 4266 domum
2726 4210 2892 4281 patris
2931 4210 3038 4274 sui,
3072 4217 3119 4263 et
3156 4208 3344 4261 occidit
3389 4207 3580 4276 fratres

2003 4319 2150 4370 suos,
2175 4304 2506 4374 septuaginta
2543 4304 2706 4369 viros,
2732 4319 2890 4372 super
2928 4300 3154 4372 lapidem
3197 4316 3379 4354 unum.
3410 4298 3477 4352 Et
3506 4317 3585 4354 re-

2008 4397 2199 4451 mansit
2254 4395 2489 4451 Joatltan
2543 4395 2750 4465 junior,
2784 4382 3060 4465 'quoniam
3112 4393 3395 4447 absconsus
3448 4401 3581 4455 erat,

2007 4492 2114 4540 etc.
2158 4485 2270 4540 Hoc
2288 4484 2490 4540 factum
2519 4485 2567 4540 si
2597 4485 2731 4540 nihil
2759 4484 3131 4557 propheticum
3157 4483 3438 4549 iudicaret,
3456 4484 3584 4555 quid

2003 4592 2140 4648 opus
2166 4584 2286 4632 erat
2313 4583 2373 4631 ut
2403 4589 2731 4647 magnopere
2777 4575 3105 4631 scriberetur
3134 4581 3316 4629 utrum
3366 4573 3583 4631 chcon

2005 4670 2346 4741 septuaginta
2377 4668 2516 4724 filios
2559 4676 2615 4725 et
2656 4667 2855 4723 multas
2909 4682 3106 4723 uxores
3163 4666 3462 4732 habuisset,
3490 4668 3584 4722 sed

2004 4768 2062 4815 et
2095 4759 2474 4825 concubinam,
2506 4758 2574 4815 de
2602 4774 2708 4829 qua
2733 4773 2900 4813 unum
2941 4766 2997 4812 et
3024 4756 3224 4812 malum
3252 4755 3420 4811 filium
3457 4773 3581 4813 sus-

2002 4851 2269 4921 cepisset;
2308 4851 2452 4921 quod
2500 4865 2627 4905 cum
2677 4857 2833 4919 turpe
2883 4846 3084 4903 factum
3122 4848 3226 4915 sit,
3254 4856 3383 4905 tunc
3415 4848 3578 4904 etiam

2004 4940 2216 5010 turpius
2238 4948 2401 5007 esset,
2426 4940 2471 4995 si
2500 4940 2615 4995 haec
2638 4938 2876 5009 posteris
2906 4938 2976 4993 ad
3025 4938 3331 5009 exemplum
3360 4937 3415 4995 iu
3445 4938 3582 4992 divi-

2004 5032 2089 5086 nis
2124 5031 2278 5087 libris
2326 5030 2525 5100 seripta
2575 5030 2906 5095 viderentur,
2955 5028 3060 5084 nisi
3098 5043 3304 5100 magna:
3338 5024 3581 5094 alicujus

2016 5122 2094 5178 rei
2123 5121 2410 5193 imaginem
2438 5135 2625 5176 earum
2659 5134 2837 5175 rerum
2864 5126 3016 5190 gesta
3058 5134 3156 5189 per
3182 5127 3335 5189 typos
3360 5121 3414 5168 et
3445 5112 3577 5184 figu—

2013 5225 2104 5265 ras
2129 5209 2518 5266 ostenderent?
2545 5209 2762 5266 Gedcon
2812 5209 2992 5279 igitur,
3023 5216 3081 5261 ut
3106 5203 3351 5275 superius
3379 5201 3580 5258 dictum

2011 5309 2113 5366 est,
2154 5309 2339 5374 typum
2394 5301 2604 5357 Domini
2661 5301 3030 5371 protendebat.
3084 5296 3332 5352 Plurimze
3383 5310 3582 5350 uxores

2007 5391 2149 5462 ejus,
2178 5392 2359 5448 multae
2386 5399 2511 5447 sunt
2559 5392 2806 5447 nationes
2851 5404 2968 5459 qua:
3017 5401 3112 5455 per
3150 5385 3308 5439 ﬁdem
3361 5384 3579 5440 Christo

2007 5484 2368 5540 adhaeserunt.
2403 5482 2753 5554 Septuaginta
2782 5496 2910 5535 vero
2945 5476 3037 5531 lilii
3065 5476 3203 5547 ejus,
3232 5477 3579 5548 septuaginta

2006 5574 2200 5645 linguae
2227 5580 2354 5628 sunt
2408 5571 2463 5626 in
2493 5571 2597 5626 hoc
2645 5569 2843 5624 mundo
2896 5563 3122 5629 diffusae,
3175 5563 3228 5617 in
3259 5564 3453 5633 quibus
3482 5581 3578 5635 per

2010 5667 2170 5724 fidem
2192 5665 2330 5722 ﬁlios
2359 5663 2460 5721 sibi
2489 5660 2747 5718 Dominus
2786 5662 3076 5729 generatus
3120 5666 3287 5711 erat.~
3316 5654 3581 5713 Concubi-
