4000 6186
464 274 595 340 ii'ii

1131 270 1193 335 Β.
1232 266 1487 334 RABANI
1525 267 1744 332 MAURI
1779 263 2098 330 ARCHIEP.
2142 260 2447 326 MOGUNT.
2483 265 2771 323 OPERUM
2809 263 2990 321 PARS
3028 263 3068 318 li

3586 264 3729 322 “73.

455 407 584 457 nam
636 390 741 454 hac
788 396 908 452 loco
958 392 1300 466 Synagogam
1354 401 1534 459 vocat,
1573 406 1694 461 quae
1729 385 2038 445 novissimis
2067 385 2115 445 Α
2143 381 2432 438 noluerint.
2474 381 2646 453 Ligna
2670 381 2869 452 quippe
2892 380 3041 436 silva:
3073 374 3722 441 arlntrorhominesessc

457 489 792 562 temporibus
822 486 1160 543 Antichristo
1186 494 1272 541 est
1307 485 1598 549 creditura,
1645 482 1710 538 de
1735 495 1843 551 quo
1868 478 2030 535 Joan-

456 595 553 636 nes
581 577 856 651 apostolus
894 577 947 632 in
984 575 1310 646 Apocalypsi
1344 574 1423 628 ait
1452 589 1468 627 :
1506 571 1611 639 Qui
1635 571 1818 625 dicunt
1840 586 1897 625 se
1928 569 2032 624 Ju-

454 671 598 727 dtt’os
642 686 772 735 esse,
822 676 870 724 et
909 683 1013 722 non
1049 676 1191 731 sunt,
1224 665 1315 719 sed
1352 672 1473 719 sunt
1518 676 1786 733 synagoga
1817 659 2036 717 Satanas

457 762 641 834 (Apoc.
676 759 759 830 ιἰ).
790 761 866 815 De
892 774 997 829 qua
1048 757 1252 812 ultimis
1284 753 1618 824 temporibus
1668 751 2037 822 nequissimus

457 852 622 917 ﬁlius,
654 850 708 906 id
729 858 834 915 est,
890 834 1257 903 Antichristus
1314 842 1658 913 generandus
1686 850 1792 906 est,
1823 842 2038 911 eritque

456 942 600 999 ﬁlius
654 941 887 1006 ancilia},
940 939 994 994 id
1037 945 1141 1003 est,
1167 937 1466 1009 Synagoga:
1510 934 1835 1006 peccatricis
1864 951 1877 988 :
1909 934 2035 1005 quia

454 1035 546 1107 qui
568 1039 859 1105 peccatum,
896 1029 1091 1100 inquit,
1130 1028 1282 1100 facit,
1308 1044 1485 1083 servus
1511 1036 1585 1081 est
1626 1026 1825 1097 peccati
1848 1024 2029 1098 (Joan.

455 1125 598 1197 vni).
639 1124 759 1189 ilic,
818 1123 1062 1192 inquam,
1119 1119 1463 1192 congregatis
1513 1119 1617 1175 sibi
1660 1119 1860 1189 impiis,
1896 1118 2037 1172 sicut

456 1213 767 1270 Abimelech
795 1212 942 1277 fecit,
974 1218 1199 1281 regnum
1240 1211 1486 1281 improbe
1506 1210 1789 1279 usur'pabit
1820 1226 1834 1275 ;
1868 1210 2037 1264 inter-

457 1306 728 1376 fectisque
748 1298 1018 1362 nobilibus
1073 1301 1220 1369 ﬁliis,
1251 1303 1304 1358 id
1343 1311 1451 1369 est,
1476 1298 1564 1358 his
1588 1302 1683 1373 qui
1707 1316 1775 1357 ex
1804 1302 2036 1358 diversis

456 1399 769 1455 nationibus
816 1404 875 1453 et
908 1398 1106 1468 linguis
1144 1397 1199 1452 in
1248 1396 1471 1452 Christo
1512 1396 1818 1461 credentes,
1862 1411 1892 1449 a
1924 1394 2035 1449 Deo

456 1498 581 1546 sunt
624 1490 893 1562 generati,
959 1490 1293 1544 inducturus
1332 1492 1415 1543 est
1464 1487 1922 1558 persecutionem,
1980 1494 2041 1540 ut

456 1598 652 1640 omnes
679 1589 898 1639 sanctos
923 1581 1236 1639 interﬁciat.

1064 1695 1290 1753 CAPUT
1336 1696 1426 1752 Xl.

461 1813 626 1882 Quod
642 1815 934 1871 Abimelech
965 1831 1143 1870 omnes
1167 1812 1367 1884 fratres
1384 1829 1507 1868 suos
1532 1811 1813 1882 interfecit,
1831 1820 2040 1884 ea°cepto

530 1887 642 1942 solo
662 1886 919 1951 Joathan,
976 1884 1089 1954 [ilio
1116 1880 1369 1939 Jérobaal
1414 1880 1780 1954 minimopqui
1824 1880 2042 1954 obscen-

528 1959 671 2022 ditus
687 1968 867 2028 necent
888 1952 1244 2028 eva;sit_solus,
1287 1963 1341 2028 et
1377 1954 1443 2008 de
1486 1953 1853 2028 paradigmate
1895 1952 2041 2023 ejus-

529 2019 647 2082 dem
671 2018 882 2081 Ibat/ta:
911 2018 991 2080 ad
1014 2026 1158 2080 viros
1186 2018 1392 2080 Sichem
1417 2018 1647 2096 prolato.

532 2134 684 2212 (CAP.
727 2138 832 2212 ix.)
879 2130 1246 2209 Remansitque
1278 2136 1550 2201 lout/tam,
1606 2132 1753 2205 ﬁlius
1790 2126 2043 2188 ferobaal

460 2232 730 2295 minimus,
770 2239 819 2284 et
858 2218 1196 2284 absconditus
1224 2235 1318 2281 est.
1352 2225 1667 2298 Congregati
1716 2234 1838 2280 sunt
1868 2235 2042 2279 autem

460 2333 635 2376 omnes
654 2321 755 2376 viri
784 2318 1011 2386 Sichem,
1044 2329 1093 2374 et
1122 2319 1378 2374 universa:
1408 2314 1626 2389 familiae
1656 2317 1803 2372 urbis
1841 2308 2000 2371 Mella
2026 2334 2043 2381 ;

460 2413 800 2490 alueruntque
826 2419 876 2465 et
919 2410 1306 2465 constituerunt
1358 2421 1526 2480 regem
1569 2406 1864 2463 Abimclecli
1882 2407 2046 2477 juxta

459 2522 709 2577 quercum
735 2516 853 2575 qua:
881 2503 1050 2558 stabat
1081 2504 1136 2557 in
1165 2500 1373 2557 Sichem
1390 2518 1409 2567 ;
1435 2500 1574 2573 quod
1596 2516 1712 2554 cum
1746 2498 2045 2553 nuntiatum

461 2604 594 2651 esset
640 2593 894 2661 Joathan,
942 2594 1065 2660 ivit,
1098 2602 1147 2648 et
1190 2593 1329 2647 stetit
1361 2593 1415 2646 in
1443 2592 1631 2647 vertice
1672 2590 1864 2645 montis
1887 2589 2046 2645 Cari-

464 2686 590 2751 zim,
621 2685 920 2756 elevataque
972 2701 1096 2739 voce
1131 2683 1373 2739 clamavit
1413 2691 1461 2737 et
1491 2682 1626 2736 dixit
1654 2697 1673 2736 :
1714 2681 1906 2736 Audite
1940 2697 2045 2748 me,

465 2776 569 2831 uiri
621 2774 863 2842 Sichcm,
918 2776 994 2852 ita
1048 2773 1232 2828 audiat
1279 2786 1366 2828 vos
1411 2768 1575 2827 Deus.
1603 2770 1787 2825 lerunt
1827 2770 1968 2842 ligna
1991 2779 2048 2824 ut

464 2876 719 2939 ungerent
773 2871 930 2939 super
961 2883 1016 2922 se
1055 2882 1247 2938 regem,
1287 2863 1636 2936 dixeruntque
1690 2862 1840 2917 oliva:
1866 2874 1886 2913 :
1934 2859 2046 2915 lm-

2137 487 2308 528 vanos
2351 480 2406 528 et
2445 488 2611 542 vagos
2659 480 2864 528 :eterno
2918 472 3167 528 incendio
3216 482 3576 541 praeparatos.
3623 473 3716 529 ilic

2136 580 2267 634 ergo
2294 565 2489 619 merito
2524 565 2721 631 noluit,
2752 579 2856 620 nec
2871 564 3016 631 olea,
3044 580 3146 620 nec
3185 564 3320 620 ﬁcus
3352 580 3605 634 regnare,
3625 583 3720 623 nec

2136 656 2283 721 vitis,
2345 657 2617 727 quianon
2665 657 3034 712 merebantur.
3096 657 3228 713 Olea
3276 659 3425 714 enim
3491 662 3727 731 gratiam

2140 745 2376 817 Spiritus
2397 748 2570 803 sancti
2601 755 2657 802 et
2684 749 2993 803 unctionem
3035 749 3188 818 pacis
3234 749 3529 820 signiﬁcat.
3565 749 3730 807 Ficus

2139 846 2321 891 autem
2359 853 2531 893 sacra:
2558 838 2695 909 legis
2734 839 3024 911 imaginem
3071 839 3256 905 habet,
3296 842 3440 896 sicut
3467 843 3523 896 in
3550 842 3730 898 Evan-

2140 926 2278 998 gelia
2327 927 2589 998 scriptum
2639 938 2723 984 est
2754 946 2766 982 :
2802 929 3033 995 Quidam
3065 930 3453 1000 paterfamilias
3473 932 3733 1001 plantavit

2140 1018 2346 1072 vineam
2391 1028 2440 1074 et
2487 1021 2542 1073 in
2572 1021 2723 1076 vinea
2781 1037 2879 1075 sua
2933 1020 3190 1091 plantavit
3233 1022 3393 1090 ﬁcum
3420 1022 3555 1092 (Lac
3582 1020 3728 1095 xxv).

2141 1108 2277 1176 Quis
2297 1110 2706 1179 paterfamilias,
2760 1112 2864 1167 nisi
2898 1107 3038 1167 Deus
3061 1152 3076 1177 ,
3100 1112 3196 1181 qui
3250 1111 3469 1169 famiiiie
3512 1129 3651 1179 sum,
3677 1114 3729 1170 id

2141 1210 2247 1267 est,
2270 1202 2513 1258 omnium
2541 1202 2880 1259 credentium
2922 1210 3078 1272 pater
3129 1202 3252 1258 est?
3282 1201 3556 1271 Plantavit
3595 1219 3726 1274 ergo

2144 1295 2456 1360 vineam,id
2478 1303 2584 1359 est,
2619 1293 2899 1365 populum,
2941 1294 3070 1364 quia
3122 1295 3339 1351 vineam
3382 1309 3452 1350 ex
3489 1294 3728 1366 Egypto

2144 1386 2438 1443 transtulit.
2468 1385 2538 1440 Et
2560 1386 2747 1456 utique
2775 1385 3057 1456 populum,
3093 1400 3201 1440 non
3221 1386 3434 1440 vineam
3473 1400 3543 1441 ex
3562 1385 3730 1457 ἐζω-

2143 1486 2235 1548 pto
2264 1476 2636 1533 transtulerat.
2668 1475 2726 1530 In
2752 1476 2856 1531 hac
2901 1475 3059 1530 vinea
3107 1476 3373 1547 plantavit
3400 1475 3589 1543 ﬁcum,
3625 1479 3733 1535 hoc

2144 1576 2247 1636 est,
2272 1568 2325 1624 in
2353 1566 2551 1637 populo
2572 1582 2672 1627 suo
2699 1567 2879 1636 posuit
2902 1567 3105 1638 legem,
3132 1582 3252 1637 quae
3272 1566 3363 1625 lex
3389 1568 3732 1637 primitivum

2143 1659 2421 1730 populum,
2458 1659 2606 1715 velut
2634 1658 2793 1725 ﬁcus,
2814 1673 3033 1730 grossos
3070 1658 3255 1717 aridos
3300 1667 3358 1714 et
3391 1656 3612 1714 inutiles
3634 1658 3725 1713 de:

2071 1755 2120 1818 Β
2142 1750 2354 1821 jecitin
2391 1759 2615 1817 terram,
2654 1757 2710 1805 et
2745 1757 2937 1819 postea
2985 1749 3122 1805 alios
3166 1749 3379 1805 fructus
3428 1750 3733 1820 generavit,

2146 1844 2202 1899 id
2222 1852 2329 1909 est,
2357 1841 2615 1913 populum
2660 1840 3119 1908 Christianorum,
3161 1855 3324 1913 quem
3374 1842 3445 1897 ad
3490 1842 3731 1896 debitam

2145 1933 2471 2006 evangelicae
2489 1931 2786 2002 disciplinae
2818 1933 3214 1998 maturitatem,
3249 1942 3305 1989 et
3348 1932 3734 1988 suavissimam

2143 2027 2524 2099 pinguedinem
2550 2025 2753 2081 Christi
2776 2040 2900 2081 cum
2935 2024 3106 2096 gloria
3132 2033 3188 2079 et
3224 2026 3431 2099 honore
3450 2023 3727 2095 perduxit.

2146 2095 2265 2175 Sed
2293 2108 2432 2181 vitis,
2474 2117 2668 2188 inquit,
2702 2115 2892 2171 “noluit
2932 2095 3151 2185 regnare
3197 2116 3291 2170 eis.
3332 2095 3510 2169 Vitem
3549 2123 3733 2180 autem

2147 2208 2446 2264 Salvatoris
2472 2206 2644 2262 nostri
2672 2214 2861 2276 typum
2886 2204 3088 2260 habere
3113 2204 3461 2261 manifestum
3497 2213 3604 2269 est,
3626 2204 3734 2259 sic—

2146 2307 2211 2355 ut
2235 2300 2290 2354 i’n
2319 2298 2613 2369 Evangelia
2632 2298 2708 2353 ait
2738 2315 2750 2351 :
2794 2295 2908 2366 Ego
2938 2306 3058 2350 sunt
3088 2296 3206 2350 uitis
3254 2312 3376 2350 vera
3404 2294 3591 2367 (Joan.
3618 2292 3731 2364 xv).

2144 2389 2314 2461 igitur
2358 2390 2487 2461 quia
2514 2387 2728 2458 lamin
2774 2387 3070 2457 reprobum
3109 2402 3349 2451 sensum,
3408 2386 3552 2441 sicut
3594 2386 3735 2456 Apoa

2146 2483 2316 2541 stolas
2343 2483 2500 2550 dixit,
2530 2481 2742 2538 futurus
2768 2490 2855 2537 est
2881 2480 3115 2552 populus.
3136 2479 3247 2544 ille,
3276 2480 3367 2549 qui
3397 2479 3740 2534 Antichriste

2126 2582 2232 2631 cst
2256 2560 2576 2638 serviturus,
2608 2586 2768 2643 quem
2790 2571 2934 2643 ligna
2976 2566 3127 2626 sitm
3154 2569 3426 2641 appellat;
3460 2576 3515 2625 et
3542 2582 3729 2625 neces-

2148 2673 2311 2722 seest
2342 2672 2405 2720 ut
2432 2664 2617 2719 credat
2655 2663 2957 2729 mendacio,
2993 2662 3048 2717 id
3085 2671 3191 2729 est,
3239 2662 3600 2726 Antichristo.
3646 2663 3739 2731 qui

2148 2756 2365 2813 veritati
2402 2755 2623 2812 Christo
2649 2755 2823 2811 noluit
2870 2755 3095 2810 credere
3151 2752 3457 2825 (UT/uss.
3502 2755 3589 2826 ιι).
3616 2755 3738 2813 ideo

2150 2859 2206 2907 et
2227 2862 2260 2905 a
2287 2866 2457 2923 regno
2500 2850 2648 2916 vitis,
2681 2849 2736 2905 id
2780 2857 2882 2915 est,
2921 2849 3148 2913 Christi,
3200 2855 3256 2904 et
3283 2848 3353 2905 ab
3379 2847 3522 2913 olea,
3553 2847 3607 2901 id
3633 2854 3734 2911 est.

462 2936 588 3030 pera
618 2958 786 3025 nobis,
816 2936 923 3014 etc.
980 2956 1087 3013 Sed
1114 2936 1298 3027 super
1328 2955 1688 3026 septuaginta,
1715 2954 1912 3024 inquit,
1945 2951 2048 3008 fuit
2151 2943 2328 2998 sancti
2377 2941 2613 3013 Spiritus
2648 2942 2844 3012 gratia,
2888 2949 2945 2996 et
2987 2955 3019 2995 a
3058 2939 3184 3004 ﬁcu,
3213 2939 3266 2995 id
3304 2947 3409 3005 est,
3443 2936 3738 2995 divinazle'

461 3029 644 3121 iunior
672 3048 814 3105 ﬁlius
838 3064 903 3104 ex
930 3048 1096 3103 nobili
1146 3047 1514 3112 matrimonio,
1546 3046 1637 3116 qui
1666 3057 1724 3101 se
1748 3044 2049 3100 absconde-
2084 3102 2123 3121 _._
2151 3035 2236 3106 sis
2259 3033 2544 3090 dulcedine
2574 3034 2912 3101 reprobatus.
2937 3033 3088 3088 venit
3110 3032 3178 3088 ad
3205 3029 3516 3087 rhamnum.
3538 3030 3737 3087 Rham-

466 3153 572 3199 rat.
601 3143 943 3214 ilic,~inquit,
967 3143 1217 3199 ascendit
1242 3144 1294 3198 in
1344 3143 1603 3199 verticem
1640 3142 1842 3197 montis
1892 3140 2051 3197 Gari-

2158 3140 2261 3181 nus
2294 3135 2379 3181 est
2400 3140 2573 3195 genus
2600 3124 2720 3179 rubi
2781 3138 2947 3193 quam
2985 3124 3147 3194 vulgo
3192 3123 3453 3179 senticeta
3497 3121 3737 3177 ursinam

469 3237 605 3301 zim,
636 3243 691 3290 et
738 3236 1064 3291 exclamavit
1117 3248 1252 3291 voce
1306 3249 1504 3305 magna
1557 3233 1626 3287 ad
1665 3232 1947 3303 p0pulnm,
1988 3232 2055 3287 de

470 3327 740 3381 sicomoro
792 3341 1003 3395 ponens
1054 3326 1137 3381 eis
1184 3323 1520 3395 parabolam.
1555 3323 1655 3378 ilic
1716 3330 1845 3394 ergo
1869 3321 2058 3391 j‘unior

471 3415 636 3482 ﬁlius,
674 3416 765 3485 qui
792 3414 1014 3486 fugitut
1041 3414 1279 3487 gladium
1316 3414 1521 3471 inimici
1561 3415 1834 3483 evaderet,
1881 3415 2056 3486 ﬁgura

471 3516 557 3564 est
584 3506 784 3562 residui
817 3505 997 3578 populi
1044 3505 1233 3572 israci,
1274 3506 1605 3576 pnedicante
1630 3505 1749 3560 Elia
1796 3505 2059 3561 extremis

476 3599 806 3670 temporibus
844 3599 1122 3667 credituri,
1181 3607 1236 3654 et
1280 3596 1599 3655 Antichristi
1654 3599 1892 3672 gladium
1937 3614 2061 3654 eva-

475 3692 609 3748 suri.
639 3691 907 3757 Ascendit,
948 3686 1143 3762 inquit,
1178 3691 1274 3745 iste
1305 3691 1550 3746 verticem
1587 3691 1776 3745 montis
1794 3688 2055 3745 Garizim.

476 3784 585 3841 Sed
615 3799 713 3839 cur
760 3793 1000 3839 montem
1054 3782 1341 3839 ascendit?
1379 3774 1515 3850 Quia
1577 3797 1679 3838 nec
1735 3781 2060 3852 prophetare

478 3886 580 3931 nec
600 3875 1035 3945 persecutionem
1063 3873 1383 3929 Antichristi
1437 3874 1668 3944 quisque
1707 3872 1936 3928 evadere
1964 3885 2063 3942 po-

478 3975 612 4030 test,
635 3964 738 4020 nisi
762 3965 914 4034 prius
938 3966 1060 4035 quis
1087 3966 1139 4020 in
1169 3973 1407 4021 montem
1432 3962 1842 4025 benedictionis,
1878 3963 1930 4018 id
1954 3968 2061 4028 est,

479 4058 537 4113 in
573 4056 961 4113 sublimitatem
1010 4056 1133 4111 ﬁdei
1164 4072 1229 4112 ac
1276 4057 1537 4111 virtutum
1597 4055 1944 4112 ascenderit:
1973 4052 2064 4110 hic

478 4150 731 4206 estenim
772 4164 928 4204 mons
957 4144 1217 4215 G‘arizim,
1259 4149 1350 4219 qui
1401 4145 1584 4219 Moyse
1615 4147 1667 4202 in
1724 4146 2062 4202 benedictio-

480 4261 606 4303 nem
657 4248 965 4316 deputatur.
1021 4244 1209 4316 Itaque
1256 4256 1379 4300 cum
1440 4243 1792 4305 ascendisset,
1850 4238 2063 4297 elevata

480 4353 614 4395 voce
642 4336 897 4394 clamavit
931 4343 987 4389 et
1014 4335 1150 4391 dixit
1178 4352 1189 4387 :
1225 4332 1425 4408 Audite.
1463 4349 1562 4397 me,
1592 4332 1690 4387 viri
1721 4328 1949 4387 Siclzent.
1979 4328 2065 4384 le-

483 4440 604 4487 runt
635 4431 798 4503 ligna,
823 4439 880 4484 ut
910 4435 1159 4499 ungerent
1204 4444 1360 4498 super
1397 4443 1452 4482 se
1497 4443 1689 4497 regem,
1720 4425 2064 4493 dixeruntque

482 4522 631 4578 oliva:
656 4536 674 4575 :
705 4522 916 4593 Impera
957 4519 1124 4574 nobis.
1165 4517 1296 4585 Qua:
1326 4517 1629 4589 respondit:
1660 4506 1915 4587 Nunquid
1944 4530 2062 4584 pos-

483 4628 601 4667 sunt
629 4612 865 4668 amittere
892 4611 1257 4684 pinguedinem
1281 4626 1471 4674 nteant,
1509 4626 1613 4680 qua
1665 4608 1741 4661 dii
1769 4615 1992 4660 utuntur
2014 4612 2062 4658 et

484 4703 742 4769 homines,
767 4712 814 4757 et
842 4700 1033 4767 venire,
1056 4710 1113 4755 ut
1136 4701 1272 4755 inter
1312 4699 1455 4770 ligna
1500 4712 1808 4769 promovear
1833 4693 1857 4747 .9
1900 4693 2066 4747 Diae-

487 4802 710 4863 runtque
736 4793 876 4864 ligna
904 4793 973 4847 ad
1002 4792 1240 4847 arborem
1269 4791 1430 4861 ﬁcum
1458 4802 1475 4843 :
1520 4787 1667 4854 Veni,
1699 4796 1748 4841 et
1793 4800 1949 4855 super
1972 4801 2067 4839 nos

489 4898 701 4960 regnum
726 4891 921 4959 accipe.
955 4887 1086 4954 Qua:
1128 4886 1391 4958 respondit
1417 4886 1534 4940 eis:
1566 4880 1821 4952 Nunquid
1856 4894 2067 4949 possunt

484 4980 722 5034 deserere
783 4976 1111 5033 dulcedinem
1141 4992 1333 5044 meam,
1378 4977 1681 5049 fructusque
1703 4971 2063 5037 suavissimas,

485 5081 533 5126 ct
567 5064 645 5127 ire
678 5078 735 5123 ut
762 5067 900 5122 inter
924 5078 1116 5123 enitere
1163 5069 1308 5139 ligna
1334 5067 1681 5140 promovear?
1721 5066 1922 5120 Locuta
1946 5072 2066 5119 sunt

486 5156 688 5238 quoque
720 5160 862 5233 ligna
893 5159 963 5213 ad
990 5160 1139 5213 vitem
1163 5177 1181 5214 :
1218 5159 1369 5226 Veni,
1405 5170 1453 5215 et
1481 5161 1681 5231 impera
1726 5154 1893 5212 nobis.
1934 5154 2067 5221 Quae

489 5257 794 5329 respondit:
838 5244 1094 5323 Nunquid
1128 5268 1341 5323 possum
1387 5250 1624 5307 deserere
1652 5252 1829 5306 vinum
1870 5266 2063 5311 nteant,

487 5346 627 5423 quod
680 5344 916 5416 lwtiﬁcat
945 5344 1113 5397 Deum
1157 5350 1204 5395 et
1234 5342 1491 5404 homines,
1532 5351 1579 5395 et
1624 5342 1763 5394 inter
1788 5348 1974 5394 cratera
2006 5331 2073 5390 li-

488 5456 591 5510 gna
611 5434 943 5508 promoveri?
969 5432 1103 5490 Cum
1138 5443 1269 5503 ergo
1323 5430 1600 5501 repudiata
1650 5428 1881 5484 fuissent
1928 5425 2070 5497 ligna

491 5527 638 5583 silvae
675 5526 743 5581 ab
765 5526 948 5591 oliva,'
968 5531 1022 5579 et
1078 5521 1204 5591 ﬁcu,
1236 5530 1292 5577 et
1316 5523 1446 5587 vite,
1477 5528 1741 5577 venerunt
1772 5519 1840 5574 ad
1889 5519 2073 5573 rham-

492 5632 643 5682 num,
674 5626 732 5671 ut
759 5631 883 5672 cum
911 5615 1013 5672 sibi
1039 5614 1282 5672 facerent
1304 5629 1510 5686 regem.
1547 5613 1655 5669 Sed
1692 5612 1845 5684 prius
1888 5610 2076 5666 videa-

496 5712 641 5775 tuus,
663 5720 761 5763 cur
787 5708 948 5775 oliva,
996 5707 1129 5766 ﬁcus
1175 5717 1231 5763 et
1271 5708 1396 5766 vitis
1440 5722 1603 5779 super
1638 5706 1786 5779 ligna
1839 5713 2072 5776 regnare

2158 3216 2448 3288 appellant,
2476 3230 2729 3286 asperum
2750 3215 2913 3270 nimis
2935 3221 2991 3270 et
3013 3215 3315 3284 spinosum,
3342 3228 3442 3285 per
3469 3213 3617 3284 quod
3636 3226 3737 3266 me-

2158 3309 2265 3363 rito
2294 3316 2451 3379 typus
2489 3306 2810 3363 Antichristi
2850 3304 3209 3376 signiﬁcatur,
3234 3305 3328 3374 qui
3363 3303 3513 3359 omni
3534 3301 3741 3373 asperi~

2161 3411 2270 3460 tate
2306 3412 2361 3479 et
2399 3402 2667 3461 efferitate
2714 3403 3014 3457 humanum
3051 3414 3221 3471 genus
3276 3406 3363 3454 cst
3408 3402 3741 3451 vastaturus.

2161 3495 2267 3552 Sed
2290 3493 2445 3561 exiet,
2482 3494 2674 3565 inquit,
2705 3486 2840 3564 ignis
2870 3493 2935 3546 de
2978 3490 3220 3555 rltamno,
3253 3488 3310 3545 id
3348 3497 3463 3554 est,
3493 3487 3745 3557 iniquitas

2161 3589 2228 3644 de
2268 3586 2620 3651 Antichristo,
2652 3593 2709 3641 et
2755 3599 2946 3640 omnes
2971 3583 3064 3653 qui
3105 3584 3161 3637 in
3200 3597 3268 3638 eo
3311 3581 3597 3638 conﬁdunt
3626 3594 3747 3635 eum

2162 3679 2278 3750 ipso
2301 3678 2511 3749 pariter
2531 3677 2831 3733 devorabit.
2870 3675 3096 3731 Videtur
3145 3682 3277 3744 ergo
3327 3663 3551 3729 Gedeon
3582 3671 3741 3728 Chri-

2163 3770 2232 3825 sti
2256 3768 2545 3840 imaginem
2594 3768 2895 3832 habuisse;
2927 3766 3271 3838 septuaginta
3318 3779 3455 3819 vero
3500 3762 3625 3828 ﬁlii,
3660 3777 3739 3818 sea

2162 3860 2443 3931 ptuaginta
2494 3859 2691 3931 linguae
2736 3858 2822 3915 vel
2859 3859 3129 3923 nationes,
3186 3856 3279 3927 qui
3327 3855 3622 3911 credentes
3655 3866 3748 3925 per

2166 3951 2460 4009 secundam
2483 3949 2948 4022 regenerationem
2975 3936 3101 4003 Filii
3126 3945 3222 4002 Dei
3249 3958 3373 4000 esse
3410 3951 3744 3999 meruerunt.

2164 4043 2480 4099 Abimelech
2507 4057 2637 4098 vere
2665 4042 2807 4095 ﬁlius
2834 4039 3042 4099 ancilla:
3069 4046 3255 4110 typum
3279 4035 3609 4091 Antichristi
3630 4048 3751 4104 pen

2166 4143 2340 4200 tasse,
2360 4134 2471 4204 qui,
2505 4132 2849 4204 congregatis
2868 4129 3099 4201 perditis
3142 4128 3475 4192 nationibus,
3521 4138 3748 4197 regnum

2166 4229 2269 4285 sibi
2318 4227 2565 4296 improbe
2620 4224 2925 4295 usurpabit,
2972 4230 3271 4290 omnesque
3322 4225 3542 4274 sanctos
3584 4217 3642 4270 vi
3687 4222 3745 4270 et

2165 4316 2563 4389 persecutione,
2602 4316 2858 4384 omnique
2906 4311 3224 4368 crudelitate
3266 4308 3587 4364 trucidabit.
3618 4304 3748 4362 Ioa-

2170 4410 2315 4464 tliam
2346 4422 2477 4463 vero
2508 4402 2694 4478 iunior
2722 4406 2893 4477 ﬁgura
2926 4411 3236 4460 sanctorum
3265 4400 3387 4456 fuit.
3427 4398 3587 4455 Sicut
3607 4398 3747 4453 enim

2089 4456 2142 4521 Ι)
2168 4497 2417 4557 Joatham
2474 4456 2573 4570 per
2618 4456 2798 4570 fugam
2844 4493 3087 4560 recessit,
3140 4500 3199 4549 et
3239 4490 3435 4562 reliqui
3481 4488 3753 4545 interfecti

2171 4600 2299 4649 sunt
2332 4590 2529 4646 fratres
2562 4606 2575 4643 :
2611 4589 2690 4644 sic
2718 4601 2878 4643 nemo
2923 4585 3152 4641 evadere
3188 4583 3391 4654 poterit
3412 4582 3743 4653 persecutio-

2170 4697 2293 4738 nem
2333 4678 2677 4744 Antichristi,
2723 4677 2824 4733 nisi
2859 4676 2952 4747 qui
3004 4690 3103 4746 per
3130 4672 3312 4746 fugam
3360 4673 3675 4737 recesserit,
3704 4680 3754 4726 et

2173 4777 2228 4831 in
2252 4781 2494 4829 montem
2550 4768 2950 4827 benedictionis
2983 4766 3314 4822 ascenderit.
3360 4763 3462 4819 Hic
3489 4771 3755 4818 estmons

2173 4884 2334 4942 quem
2359 4866 2535 4924 sancti
2586 4865 3017 4930 circumdabnnt,
3064 4877 3224 4932 quem
3266 4868 3329 4915 et
3351 4870 3578 4917 sanctus
3607 4857 3752 4925 Moy—

2174 4977 2260 5019 ses
2286 4962 2341 5018 in
2377 4957 2867 5022 benedictionibus,
2929 4956 3070 5010 sicut
3092 4953 3208 5024 jam
3258 4957 3509 5023 superius
3553 4952 3754 5007 dictum

2174 5061 2277 5119 cst,
2307 5052 2360 5107 in
2389 5048 2810 5107 Deuteronomio
2843 5045 3023 5117 posuit
3049 5044 3228 5115 (Deut.
3272 5044 3373 5114 xi).
3408 5042 3565 5109 Quod
3591 5042 3753 5102 enim,

2174 5144 2472 5200 secundum
2505 5140 2878 5211 Septuaginta,
2939 5137 3213 5192 inducitur
3258 5135 3542 5199 rhamnns,
3576 5133 3632 5187 id
3653 5139 3751 5195 est,

2176 5236 2445 5306 quoddam
2468 5234 2748 5304 spinarum
2789 5245 2979 5302 genus,
3026 5230 3079 5283 in
3129 5222 3540 5283 similitudinem
3572 5224 3750 5281 dicere

2176 5327 2427 5383 omnibus
2451 5325 2612 5396 lignis
2664 5321 3110 5377 convenientibus
3144 5333 3265 5373 eam
3296 5326 3355 5371 ut
3385 5322 3647 5387 regnaret
3671 5329 3752 5371 su-

2176 5434 2273 5489 per
2305 5432 2418 5473 eas.
2462 5416 2523 5472 Si
2542 5418 2596 5470 in
2624 5417 2840 5470 veritate
2876 5413 3071 5483 unqitis
3112 5428 3194 5464 me
3234 5426 3321 5464 vos
3362 5424 3584 5480 regnare
3603 5422 3755 5476 super

2175 5526 2287 5576 vos,
2326 5509 2511 5571 venite,
2536 5505 2781 5575 conﬁdite
2822 5506 2875 5559 in
2915 5502 3231 5574 proiectione
3258 5516 3394 5556 mea.
3436 5495 3507 5551 Et
3549 5497 3599 5551 si
3634 5511 3752 5555 non.

2178 5610 2325 5657 exeat
2358 5598 2495 5669 ignis
2539 5597 2604 5651 de
2659 5597 2903 5660 rhamno,
2952 5602 3001 5647 et
3033 5591 3269 5649 comedat
3314 5587 3497 5645 cedros
3544 5584 3750 5643 Libani.

2179 5696 2453 5753 Obscurus
2477 5703 2666 5747 sensus
2694 5697 2801 5759 est,
2830 5688 2923 5745 sed
2946 5702 3068 5744 cum
3096 5686 3313 5743 inventa
3335 5679 3617 5738 distinctio
3646 5691 3754 5733 ma-
