4000 6186
264 346 413 403 {[73

1213 328 1562 392 COMMENT.
1602 329 1671 387 IN
1709 328 1838 385 LIB.
1879 328 2205 386 JUDICUH.
2230 358 2301 369 -—
2338 328 2463 382 LlB‘.
2508 327 2568 381 η.

3389 327 3519 381 ll'ii

262 461 520 516 nifestat.
545 454 835 511 Non'enim
859 453 931 507 ita
967 451 1249 522 legendum
1279 458 1383 513 cst,
1416 447 1483 503 Et
1508 448 1552 501 si
1580 421 1683 500 non
1703 420 1853 499 exeat
1880 447 1929 507 Α
1955 443 2142 499 Grznco
2198 418 2541 514 exapesteilen
2566 482 2580 506 ,
2642 444 2780 497 misit
2831 441 3168 512 interpretati
3223 451 3371 505 sunt,
3417 458 3519 495 um

260 553 412 624 ignis
434 550 496 604 de
530 547 749 627 rliamno
772 563 792 611 ;
824 544 919 600 sed
942 541 1480 610 subdistinguendum
1508 557 1521 593 :
1556 537 1626 592 Et
1657 538 1705 592 si
1724 552 1848 602 non,

266 657 343 697 ac
375 626 948 699 deindeinferendum,
976 641 1124 686 exeat
1144 632 1279 702 ignis
1302 631 1364 684 de
1387 630 1629 693 rhamno,
1653 626 1706 682 id
1728 632 1809 681 est
1833 641 1847 679 :

268 734 349 789 Et
379 733 426 788 si
473 745 575 785 non
614 726 877 796 conﬁditis
915 726 970 778 in
1008 724 1327 795 protectione
1373 737 1534 785 mea;
1570 726 1680 783 aut,
1717 717 1853 773 Etsi

273 832 392 880 non
434 821 489 876 in
517 819 729 876 ueritate
754 817 950 887 ungitis
995 831 1075 868 me
1110 814 1330 882 regnare
1367 827 1524 882 super
1569 825 1678 875 vos,
1703 816 1855 862 exeat

268 912 512 984 ignis‘de
542 908 782 972 rhamno,
809 914 859 960 et
898 904 1134 971 comedat
1177 902 1356 956 cedros
1386 900 1593 953 Libani.
1620 897 1856 954 Commi-

271 1002 463 1057 nantis
482 998 625 1054 enim
650 997 815 1052 verba
857 1001 981 1049 sunt
1004 991 1130 1063 quid
1158 991 1339 1046 facere
1381 990 1571 1061 possit,
1598 989 1645 1043 si
1672 987 1857 1042 nolue-

269 1090 393 1148 rint
411 1104 530 1145 eam
555 1101 784 1159 regnare
813 1099 975 1154 super
999 1098 1076 1138 se.
1103 1081 1303 1137 Verum
1331 1081 1455 1150 quia
1482 1096 1589 1134 non
1613 1079 1721 1134 ait:
1746 1072 1857 1131 ne".

272 1180 378 1235 ibit
404 1178 538 1250 ignis
572 1177 635 1231 de
660 1176 913 1240 rhamno,
953 1184 1001 1228 et
1046 1172 1383 1227 mandtu'abit
1431 1166 1614 1225 cedros
1642 1169 1853 1233 Libani,

274 1268 382 1324 sed
414 1267 514 1331 ait,
544 1263 717 1319 Exeat
770 1271 818 1317 et
847 1262 1126 1315 manducet
1154 1274 1173 1311 :
1209 1259 1493 1314 obscurius
1523 1257 1721 1312 factum
1749 1264 1862 1323 est,

274 1373 447 1429 quam
471 1358 515 1412 si
553 1356 667 1411 δοκι
718 1352 995 1409 distinctio
1045 1349 1256 1406 lateret.
1287 1347 1715 1405 Vehementioris
1763 1362 1859 1400 au-

276 1458 395 1504 tem
421 1444 867 1504 comminationis
890 1451 976 1498 est
1021 1450 1076 1498 et
1107 1441 1502 1511 quodammodo
1548 1438 1859 1510 prmsentio-

276 1535 657 1600 risellicaciae,
682 1534 727 1590 si
758 1534 880 1604 quis
908 1533 1053 1588 dicat
1079 1549 1092 1585 :
1123 1530 1183 1586 Si
1238 1545 1344 1585 non
1375 1529 1457 1585 vis
1487 1529 1663 1584 facere
1713 1527 1859 1599 quod

276 1630 432 1695 volo,
461 1608 647 1684 szeviat
688 1626 742 1682 in
794 1628 846 1682 to
892 1625 974 1679 ira
1026 1636 1169 1690 mea,
1205 1612 1388 1688 idest,
1422 1621 1532 1692 jam
1569 1621 1774 1687 saeviat,
1799 1628 1859 1675 ut

284 1719 437 1790 quod
458 1730 579 1772 eam
607 1725 787 1782 teneo,
817 1730 977 1785 quam
1010 1713 1056 1769 si
1109 1714 1262 1768 dicat
1295 1713 1495 1777 saeviet,
1536 1710 1859 1782 promissiro

278 1807 447 1884 modo
479 1810 698 1878 ptenam
724 1805 996 1867 intentans
1026 1804 1283 1859 futuram.
1664 1832 1671 1843 ν
1722 1796 1725 1799 ’

802 1928 808 1935 ·
865 1908 1093 1990 CAPUT
1131 1931 1245 1988 xu.

282 2051 443 2123 Quod
462 2060 578 2123 post
599 2057 816 2123 mortem
839 2044 1064 2123 Gedeon_
1098 2046 1268 2123 auersi
1325 2053 1444 2123 sunt
1483 2044 1582 2112 filii
1620 2031 1790 2123 Israel
1815 2051 1865 2097 et

361 2113 611 2192 fornicati
676 2128 798 2192 sunt
850 2134 983 2192 cunt
1021 2116 1252 2192 Baulint,
1306 2115 1564 2192 misique.
1610 2113 1864 2192 Dominus

356 2183 602 2277 spiritum
647 2189 927 2270 pessimum
966 2187 1106 2240 inter
1143 2183 1864 2277 Abimeleclt‘et‘ltabitatores

356 2253 581 2322 Sichem,
610 2253 698 2330 qui
741 2266 1000 2330 coeperunt
1046 2272 1164 2330 eum
1190 2255 1435 2330 detestari
1467 2263 1537 2330 _et
1567 2253 1749 2330 scelus
1779 2253 1864 2305 in-

354 2323 675 2399 terfectionis
702 2323 1033 2398 septuaginta
1064 2323 1598 2394 ﬁliorumderoboal.

358 2439 537 2513 (Isim)
562 2438 847 2510 Postquam
876 2446 1049 2491 autem
1073 2445 1310 2491 mortuus
1344 2444 1418 2491 est
1442 2433 1671 2501 Gedeon,
1700 2433 1868 2489 auersi

275 2541 409 2586 sunt
430 2530 528 2599 filii
556 2529 751 2595 Israel,
779 2537 829 2583 et
854 2528 1103 2597 fornicati
1126 2537 1385 2580 suntcum
1405 2524 1870 2594 Baalim,.psrcus-

275 2632 568 2692 serumque
593 2622 712 2675 cum
728 2618 869 2674 Baal
889 2617 1080 2687 fwdus,
1113 2626 1169 2671 ut
1192 2617 1265 2670 eis
1291 2624 1420 2670 esset
1448 2616 1505 2668 in
1537 2614 1726 2668 Deum.
1755 2613 1867 2668 Nec

277 2712 552 2771 recordati
580 2719 702 2765 sunt
732 2708 942 2761 Domini
980 2707 1082 2760 Dei
1102 2706 1206 2771 sui,
1256 2706 1346 2775 qui
1374 2705 1512 2758 eruit
1549 2720 1636 2757 eos
1663 2702 1728 2756 de
1754 2718 1869 2756 ma-

274 2803 443 2857 nibus
471 2801 703 2855 omnium
743 2797 1077 2853 inimicorum
1099 2810 1316 2864 suorum
1355 2810 1449 2865 per
1491 2794 1789 2858 circuitum,
1813 2792 1899 2848 et'

276 2897 510 2944 caetera.
555 2885 957 2956 Septuaginta:
992 2883 1057 2938 Et
1101 2883 1297 2952 factum
1323 2893 1420 2948 est,
1467 2899 1587 2938 cum
1631 2892 1867 2939 mortuus

276 2985 425 3034 esset
457 2974 683 3040 Gedeon,
709 2984 757 3029 et
803 2976 970 3029 aversi
1000 2983 1123 3028 sunt
1166 2972 1268 3042 ﬁlii
1304 2973 1492 3039 Israel,
1537 2974 1867 3043 θεείου-νήσαιὶ

1953 535 2145 590 emisit.
2173 534 2361 590 Potest
2386 546 2518 603 ergo
2540 538 2595 586 et
2622 531 2700 587 sic
2728 531 2969 601 intelligi,
3019 538 3081 586 ut
3131 530 3383 602 spiritum
3407 548 3518 586 tua-

1952 628 2062 684 lum
2097 628 2235 684 Deus
2260 636 2516 696 tanquam
2548 626 2629 680 ire
2659 624 2800 679 inter
2822 638 2916 678 eos
2958 623 3224 680 volentem
3259 625 3522 691 emiserit,

1951 718 2005 774 id
2047 726 2149 784 est,
2191 723 2515 789 potestatem
2565 711 2776 771 dederit
2810 710 3046 782 maligno
3094 712 3306 781 Spiritui
3342 714 3409 773 ad
3432 727 3527 769 co-

1953 824 2073 864 rum
2095 804 2280 878 pacem
2306 805 2743 876 perttirbandum.
2784 801 2968 871 Usque
2997 802 3128 857 adeo
3155 808 3333 855 autem
3361 802 3524 856 etiam

1956 900 2096 956 mitti
2124 914 2154 953 a
2185 898 2412 958 Domino
2461 895 2756 966 malignum
2807 894 3056 963 spiritum
3106 900 3339 964 propter.
3368 892 3528 960 justi-

1956 991 2085 1045 tiam
2135 987 2442 1044 vindicandi
2486 1000 2594 1041 non
2650 983 2944 1059 absurdum
2976 984 3149 1039 visum
3190 992 3294 1047 est,
3322 991 3383 1047 ut
3404 984 3526 1054 qui-

1954 1082 2077 1136 dam
2112 1081 2165 1136 id
2194 1079 2338 1150 quod
2367 1085 2452 1134 est
2481 1074 2824 1149 exapesteilen
2845 1115 2867 1143 ,
2894 1076 3057 1131 etiam
3095 1076 3322 1131 immisit
3363 1077 3526 1130 inter-

1954 1172 2153 1243 pretati
2174 1174 2302 1228 sint.

2536 1257 2765 1315 CAPUT
2804 1256 2942 1312 Xlll.

1959 1349 2113 1417 Quod
2139 1347 2274 1413 Gaul
2301 1347 2445 1418 [ilius
2474 1345 2640 1418 Obed,
2688 1363 2925 1418 quarens
2964 1344 3264 1418 Sicltimitas
3284 1355 3519 1418 _at‘erter.

2028 1419 2091 1473 ab
2124 1414 2440 1484 Abimeleclt,
2491 1417 2556 1470 ab
2590 1433 2649 1471 eo
2676 1414 2978 1486 interfectus
3002 1425 3097 1480 est,
3127 1416 3215 1486 qui
3248 1414 3380 1470 riros
3416 1426 3504 1469 tur

2029 1491 2101 1543 ris
2128 1488 2502 1552 Sichimo‘rum,
2539 1485 3201 1556 frondibus_drborumque
3247 1486 3412 1547 cwsls,
3440 1502 3517 1556 pe:

2028 1559 2230 1681 {animi}:
2267 1567 2316 1611 et
2340 1558 2511 1628 ignem
2540 1554 2774 1611 necavit.
2817 1554 2884 1609 Et
2931 1557 2994 1609 de
3028 1554 3185 1608 obitu.
3214 1556 3376 1625 ipsius
3403 1554 3515 1608 Abi-

2029 1644 2111 1681 me
2133 1644 2189 1681 ec
2230 1662 2249 1681 .
2751 1642 2754 1645 λ
3042 1652 3045 1655 -
3290 1654 3293 1657 λ
3332 1652 3341 1657 -

2029 1642 2249 1682 metectt.
2751 1642 2754 1645 λ
3042 1652 3045 1655 ·
3290 1654 3293 1657 λ
3332 1652 3341 1657 ·

2032 1715 2208 1790 (Ιιω.)
2247 1716 2387 1772 Ecce
2418 1714 2556 1773 Gaul
2585 1716 2732 1786 ﬁlius
2769 1714 2915 1772 Obed
2966 1715 3103 1770 uenit
3155 1716 3209 1771 in
3248 1712 3535 1770 Sicltimam

1889 1796 1937 1857 Β
1965 1823 2082 1862 cum
2109 1807 2364 1878 fratribus
2402 1809 2543 1874 suis,
2591 1817 2640 1863 et
2668 1816 2944 1879 oppugnat
2974 1807 3251 1861 adversum
3283 1816 3332 1861 te
3364 1806 3539 1860 cirita-

1963 1909 2089 1954 um.
2129 1897 2296 1969 Surge
2320 1900 2497 1970 itaque
2532 1894 2833 1953 nocte'cum
2860 1897 3054 1970 populo
3100 1898 3190 1969 qui
3233 1906 3402 1967 tecum
3435 1904 3533 1961 est,

1963 1999 2015 2045 et
2051 1989 2204 2045 latita
2247 1990 2305 2045 in
2347 2007 2499 2061 agro,
2531 2000 2580 2046 et
2622 1991 2791 2060 primo
2820 2007 2975 2045 mane
3018 1990 3215 2045 oriente
3244 1988 3350 2044 sole
3392 1989 3538 2042 irrue

1967 2097 2127 2152 super
2165 2081 2442 2136 ciuitatem.
2474 2080 2579 2135 Illo
2624 2090 2798 2136 autem
2850 2081 3140 2151 egrediente
3182 2079 3462 2134 adversum
3489 2087 3538 2132 te

1965 2186 2085 2228 cum
2132 2170 2326 2243 papula
2377 2188 2496 2237 suo,
2545 2171 2630 2242 fac
2661 2171 2709 2226 ei
2734 2171 2874 2241 quod
2925 2170 3181 2242 potueris,
3223 2177 3278 2224 ct
3317 2175 3536 2225 caetera.

1968 2263 2141 2319 Verba
2167 2277 2288 2332 quae
2320 2262 2471 2317 misit
2508 2276 2605 2332 per
2643 2262 2861 2318 nuntios
2906 2261 2974 2316 ad
3015 2259 3327 2325 Abimclecb
3370 2259 3539 2315 Zebul

1963 2352 2217 2424 princeps
2269 2351 2507 2407 civitatis
2568 2350 2954 2418 Sichimorum,
3013 2350 3178 2406 etiam
3242 2350 3537 2407 secundum

1968 2442 2343 2514 Septuaginta,
2372 2443 2453 2498 sic
2496 2442 2696 2498 habent
2723 2441 2839 2498 :.Et
2881 2458 3019 2496 nunc
3043 2458 3200 2513 surge
3232 2451 3380 2497 nocte
3407 2451 3467 2496 tu
3488 2448 3537 2514 et

1964 2531 2194 2604 populus
2226 2542 2348 2587 tuus
2378 2541 2568 2598 tecum,
2592 2541 2647 2587 et
2674 2532 2928 2591 insidiare
2948 2533 3003 2587 in
3032 2548 3180 2604 agro.
3218 2531 3283 2586 Et
3314 2532 3412 2586 erit
3434 2548 3541 2585 nta-

1967 2639 2032 2678 ne
2060 2623 2218 2677 simul
2252 2633 2311 2679 ut
2358 2625 2532 2678 oritur
2584 2623 2684 2691 sol,
2719 2624 3013 2686 maturabis,
3062 2632 3112 2678 et
3155 2624 3335 2681 tendes
3380 2640 3541 2695 super

1968 2713 2246 2768 civitatem.
2286 2714 2440 2781 Quod
2489 2713 2668 2771 Latini
2721 2715 2939 2786 quidam
2968 2715 3171 2771 habent
3226 2714 3539 2779 maturabis,

1966 2803 2184 2872 quidam
2213 2819 2363 2870 vero,
2416 2805 2725 2870 manis-abis,
2766 2804 2986 2860 Grzncus
3033 2804 3198 2861 habet
3237 2804 3382 2875 quod
3433 2804 3541 2859 dici

1968 2902 2151 2963 posset
2176 2909 2282 2949 non
2304 2909 2413 2949 uno
2438 2895 2626 2961 verbo,
2654 2894 2888 2950 diluculo
2923 2912 3125 2966 surges.
3177 2894 3282 2951 Sed
3313 2894 3544 2951 fortasse

1969 2984 2097 3039 hinc
2145 2985 2224 3039 sic
2270 2985 2474 3040 dictum
2522 2984 2832 3051 matur-abis,
2879 3000 2911 3040 a
2955 2985 3222 3040 matutino
3278 2993 3539 3055 tempore,

277 3078 411 3125 sunt
435 3078 548 3139 post
586 3067 837 3132 Baulim’;
867 3076 915 3121 et
958 3073 1240 3136 posuerunt
1283 3066 1383 3135 ipsi
1420 3065 1521 3119 sibi
1557 3064 1864 3121 Baalberitlt

1971 3074 2217 3143 quamvis
2253 3074 2417 3129 etiam
2470 3074 2607 3130 aliis.
2636 3074 2969 3143 temporibus
2998 3074 3106 3129 dici
3139 3073 3312 3130 soleat
3333 3054 3404 3130 ad
3429 3090 3543 3132 rem

284 3166 680 3223 testamentum.
708 3166 768 3209 ut
793 3167 922 3210 esset
949 3158 1023 3210 eis
1057 3157 1166 3226 ipse
1210 3156 1264 3208 in
1288 3155 1475 3210 Deum.
1521 3155 1592 3209 Et
1636 3156 1863 3222 Baalim,
1897 3139 1941 3200 Ο
1971 3139 2398 3221 accelerandam.
2443 3139 2764 3220 Manicabis-
2800 3173 2979 3221 autem
3024 3163 3277 3221 Latinum
3315 3164 3542 3222 verbum

281 3261 347 3309 et
374 3249 683 3305 Baalberith
723 3248 869 3304 idola
894 3247 1238 3318 intelligenda
1287 3254 1430 3301 sunt.
1464 3245 1637 3316 Major
1686 3247 1867 3316 itaque

284 3340 652 3411 transgressio
703 3347 761 3394 et
803 3337 1090 3393 fornicatio
1139 3338 1425 3393 commissa
1474 3345 1560 3390 est
1602 3351 1634 3391 a
1660 3337 1869 3407 populo

282 3439 412 3501 post
435 3437 666 3484 mortem
700 3426 947 3493 Gedeon,
971 3441 1134 3495 quam
1165 3425 1257 3479 illo
1305 3426 1428 3481 vivo
1454 3433 1676 3495 propter
1700 3426 1824 3481 efud
1849 3445 1865 3480 :

282 3522 543 3592 quoniam
572 3529 627 3575 et
648 3520 798 3585 illud,
830 3520 934 3575 etsi
957 3519 1141 3574 illicito
1167 3517 1370 3572 factum
1421 3526 1557 3583 erat,
1592 3527 1774 3573 tamen
1803 3520 1869 3574 de

286 3612 646 3667 sacramentis
675 3609 1012 3665 tabernaculi
1061 3618 1218 3674 erat;
1252 3609 1356 3664 ista
1383 3623 1513 3663 vero
1556 3616 1681 3679 post
1729 3606 1869 3662 idola

285 3704 579 3762 fornicatio
611 3718 719 3759 non
752 3704 918 3759 habet
941 3701 1028 3756 vel
1072 3700 1262 3756 falsam
1287 3710 1534 3770 paternae
1589 3699 1869 3770 religionis

286 3796 683 3853 defensionem.
743 3796 896 3853 Unde
928 3795 1141 3850 etiamsi
1186 3794 1316 3850 illud
1369 3793 1497 3851 θευά
1543 3808 1650 3849 non
1678 3794 1732 3847 in
1761 3791 1870 3847 ﬁne

288 3890 553 3959 temporis
580 3887 820 3954 Gedeou,
860 3887 954 3943 sed
982 3896 1111 3942 ante
1133 3885 1335 3943 factum
1366 3893 1483 3951 est,
1504 3884 1579 3941 ita
1608 3883 1751 3938 Deus
1775 3897 1871 3953 pa-

288 3983 495 4038 tienter
522 3983 665 4049 tulit,
707 3992 765 4037 ut
788 3998 896 4054 pax
923 3983 975 4036 in
1007 3992 1150 4037 terra
1195 3989 1610 4052 perseveraret:
1643 3981 1771 4050 quia
1798 3979 1867 4034 li-

288 4078 382 4125 cet
409 4069 610 4124 factum
639 4079 759 4126 erat
782 4072 926 4140 quod
947 4069 1315 4140 prohibuerat,
1362 4083 1471 4124 non
1501 4079 1682 4124 tamen
1710 4068 1868 4139 longe

288 4175 568 4216 recessum
594 4170 714 4217 erat
742 4162 811 4217 ab
839 4162 950 4226 illo,
983 4162 1075 4231 qui
1109 4160 1212 4216 tale
1261 4160 1463 4229 aliquid
1512 4161 1568 4216 in
1620 4163 1871 4216 taberna-

289 4249 416 4305 culo
462 4264 559 4304 suo
607 4246 774 4321 atque
823 4251 877 4305 in
931 4251 1193 4305 honorem
1246 4266 1404 4305 suum
1452 4250 1568 4307 ﬁeri
1606 4252 1864 4322 iusserat.

288 4337 450 4394 Nunc
511 4353 642 4395 vero
705 4340 953 4410 graviora
1012 4339 1304 4395 commissa
1362 4348 1418 4395 et
1472 4342 1869 4411 apertissimum

1969 3268 2090 3308 esse
2140 3254 2275 3327 mihi
2325 3269 2432 3310 non
2487 3255 2748 3311 occurrit.
2812 3253 2919 3310 Sed
2966 3254 3097 3310 illud
3144 3262 3349 3321 movet,
3398 3254 3543 3326 quod

1968 3358 2091 3398 cum
2121 3343 2365 3409 dixisset,
2394 3344 2552 3398 simul
2589 3354 2644 3398 ut
2666 3346 2839 3399 oritur
2878 3344 2987 3411 sol,
3030 3344 3257 3411 addidit,
3292 3343 3544 3419 diluculo

1966 3449 2193 3503 surges;
2219 3450 2343 3489 cum
2372 3435 2553 3504 ipsum
2580 3436 2894 3504 diluculum,
2945 3436 3092 3508 quod
3135 3435 3321 3494 Grtcce
3349 3436 3548 3493 dicitur

1968 3525 2175 3589 ordros,
2200 3533 2412 3595 tempus
2448 3536 2573 3581 ante
2600 3526 2767 3581 solem
2815 3527 3103 3598 signiticet,
3134 3529 3277 3596 quod
3295 3528 3411 3598 jam
3437 3528 3549 3584 usi-
3642 3546 3650 3553 θ

1970 3614 2236 3670 latissime
2257 3615 2475 3682 dicitur,
2515 3630 2637 3671 cum
2679 3616 2955 3671 albescere
3011 3618 3257 3686 coeperit.
3299 3618 3390 3673 Sic
3435 3618 3541 3674 ita-

1968 3719 2075 3774 que
2103 3704 2506 3775 intelligendum
2556 3712 2659 3771 est,
2693 3705 2925 3774 utquod
2960 3706 3196 3776 positum
3241 3714 3324 3761 est
3370 3722 3544 3772 mane,

1970 3794 2144 3865 ipsum
2182 3795 2477 3851 diluculum
2529 3796 2880 3868 intelligatur.
2911 3796 3172 3852 Additum
3206 3804 3290 3867 est
3315 3802 3497 3850 autem
3526 3814 3540 3850 :

1970 3885 2152 3941 Simul
2172 3896 2227 3941 ut
2252 3889 2422 3941 oritur
2456 3885 2556 3952 sol,
2588 3874 2647 3941 ul
2671 3887 3091 3957 exprimeretur,
3121 3901 3230 3941 non
3268 3886 3384 3958 jam
3424 3894 3545 3942 orto

1969 3979 2082 4035 sole
2146 3978 2473 4045 faciendum,
2534 3979 2629 4034 sel
2686 3979 2779 4034 ubi
2826 3978 3004 4050 fulgor
3049 3980 3366 4051 apparuerit
3414 3977 3545 4034 solis

1966 4067 2212 4123 orientis.
2252 4066 2366 4122 Non
2396 4068 2541 4123 enim
2575 4067 2792 4129 aliunde
2817 4068 3043 4124 albescit
3087 4068 3402 4133 diluculum,
3436 4066 3543 4123 nisi

1967 4172 2093 4212 cum
2122 4158 2346 4227 eruperit
2375 4166 2584 4228 partem
2606 4159 2729 4213 coeli
2746 4200 2761 4225 ,
2791 4174 2953 4228 quam
2973 4158 3223 4213 videmus
3245 4158 3312 4213 ab
3337 4157 3546 4213 oriente

1970 4249 2062 4303 lux
2116 4250 2246 4306 solis
2303 4251 2371 4306 ad
2423 4266 2544 4305 eam
2596 4251 2871 4307 redeuntis
2924 4251 3207 4322 attingere.
3270 4249 3408 4305 llinc
3463 4258 3550 4305 est

1940 4340 2112 4409 —quod
2145 4341 2310 4412 etiam
2350 4341 2402 4395 in
2433 4341 2724 4413 Evangelio
2754 4358 2917 4397 unam
2949 4334 3111 4413 atque
3152 4341 3399 4399 eamdem
3431 4357 3544 4396 rem

285 4438 413 4501 post
448 4432 589 4486 idola
623 4431 1036 4489 fornicationem
1073 4433 1255 4503 populi
1305 4448 1427 4488 esse
1472 4434 1645 4489 noluit
1692 4435 1869 4505 impu-
1890 4475 1947 4535 Β
1971 4435 2110 4489 alius
2135 4434 2463 4505 evangelista
2501 4435 2630 4490 dicit
2682 4434 2914 4490 diluculo
2945 4434 3166 4511 factum,
3212 4449 3334 4489 cum
3372 4434 3548 4487 adhuc

286 4521 488 4576 uitam.

244 4682 245 4685 η
361 4610 609 4680 Misitque
634 4612 893 4668 Dominus
944 4615 1185 4684 spiritum
1243 4614 1524 4684 pessimum
1561 4616 1696 4670 inter
1742 4616 1867 4670 Abi-

288 4701 488 4758 melcclt
514 4712 563 4758 et
592 4703 916 4760 habitatores
947 4705 1178 4773 Sicltem,
1226 4707 1317 4778 qui
1350 4718 1609 4777 ceperunt
1631 4725 1747 4763 eum
1776 4710 1866 4764 de—

288 4793 492 4858 testari,
527 4802 575 4847 et
608 4792 776 4848 scelus
827 4796 1205 4865 interfectionis
1251 4798 1581 4868 septuaginta
1634 4797 1864 4866 filiorum

288 4879 596 4947 Hieroboal,
620 4891 670 4937 et
696 4883 1001 4953 effusionem
1021 4887 1295 4957 sanguinis
1322 4902 1501 4941 eorum
1542 4888 1779 4957 conferre
1807 4889 1863 4942 in

284 4971 581 5027 Abimelcch
612 4975 837 5044 fratrem
856 4993 1029 5040 suum,
1060 4988 1110 5032 et
1154 4979 1291 5033 inter
1346 4988 1560 5033 ca’teros
1605 4978 1896 5053 Sic/timog

287 5076 406 5117 rum
434 5066 691 5137 principes
715 5071 807 5138 qui
830 5084 949 5123 eum
974 5070 1321 5140 adjuverunt,
1344 5080 1400 5125 et
1424 5079 1641 5126 caetera.
1675 5071 1863 5127 Emisit

288 5154 431 5209 Deus
486 5159 726 5228 spiritum
782 5160 1070 5231 malignum
1111 5162 1248 5215 in:er
1290 5161 1586 5217 Abimeleclt
1633 5171 1681 5216 et
1728 5162 1864 5217 inter

286 5244 425 5299 riros
454 5245 827 5304 Sic/timorum.
860 5250 971 5306 Hoc
1018 5251 1243 5306 verbum
1295 5259 1477 5306 utrum
1504 5251 1860 5321 imperantem

287 5346 383 5392 aut
404 5341 803 5409 permittentem
824 5344 993 5398 Deum
1012 5341 1303 5412 signiﬁcet,
1332 5358 1443 5397 non
1466 5340 1625 5398 facile
1651 5342 1865 5399 deliniri

286 5437 490 5498 potest.
519 5431 674 5499 Quod
702 5433 847 5487 enim
884 5432 977 5488 hic
1005 5432 1236 5502 positum
1263 5440 1370 5497 est,
1418 5432 1612 5497 emisit,
1643 5430 1866 5493 Graecus

290 5520 452 5578 habet
480 5523 860 5594 exapesteilen,
913 5526 1167 5595 quodest
1192 5524 1355 5580 etiam
1389 5525 1446 5579 in
1484 5523 1738 5597 Psalmis;
1772 5525 1863 5583 ubi

288 5610 525 5682 legitur:
556 5614 748 5668 Emitte
783 5613 949 5669 lucem
976 5626 1121 5670 tuam
1154 5614 1324 5685 (Paul.
1351 5613 1484 5686 nu)
1509 5632 1522 5680 ;
1551 5630 1861 5686 quanquam

287 5702 344 5758 in
388 5705 712 5776 quibusdam
749 5705 882 5763 locis
925 5705 1248 5777 interpretes
1302 5708 1496 5776 nostri,
1543 5707 1634 5764 ubi
1675 5714 1761 5765 est
1808 5707 1861 5763 in

1482 5914 1511 5926 δ

1974 4527 2268 4581 obscurum
2320 4535 2498 4592 esset;
2532 4526 2668 4582 alius
2712 4527 2922 4582 oriente
2967 4526 3099 4589 sole,
3150 4526 3276 4596 quia
3327 4532 3380 4578 cl
3431 4526 3545 4596 ipsa

1974 4618 2067 4674 lux
2121 4618 2597 4689 quantulacunque
2652 4618 2914 4684 diluculi,
2972 4618 3084 4673 sole
3143 4619 3331 4689 utique
3386 4616 3543 4672 ﬁebat

1972 4710 2211 4774 oriente,
2255 4708 2448 4775 idest,
2497 4710 2566 4764 ad
2612 4719 2792 4765 ortum
2845 4709 3116 4774 veniente,
3177 4717 3234 4763 et
3283 4707 3549 4781 fulgorum

1974 4815 2131 4854 suum
2183 4799 2248 4855 de
2304 4814 2415 4853 sua:
2471 4798 2770 4869 przescntize
2837 4796 3237 4868 propinquitate
3281 4796 3545 4868 jactuutc.

1973 4892 2144 4956 Quam
2170 4889 2341 4943 lucem
2367 4889 2586 4958 quidam
2635 4888 2813 4942 idiota:
2840 4887 2969 4943 solis
3017 4903 3125 4942 non
3173 4903 3296 4943 esse
3326 4896 3547 4958 pttlthc-

1973 4985 2120 5044 runt,
2150 4979 2245 5033 sed
2270 4992 2389 5032 esse
2419 4977 2566 5031 illam
2607 4991 2726 5047 quzc
2762 4976 3016 5047 primitus
3070 4977 3288 5033 condita
3320 4987 3420 5044 est,
3452 4993 3547 5032 an-

1969 5078 2186 5138 tequam
2216 5068 2357 5123 Deus
2386 5074 2579 5137 quarto
2608 5067 2694 5122 die
2720 5067 2977 5123 conderet
3002 5068 3190 5124 solem.

1952 5228 1955 5233 ι
2036 5161 2101 5215 At
2126 5161 2180 5215 hi
2203 5161 2291 5230 qui
2320 5158 2623 5214 habitabant
2647 5161 2701 5213 in
2731 5169 2874 5212 turre
2901 5157 3254 5212 Sichimorum
3282 5196 3297 5219 ,
3325 5154 3545 5223 ingressi

1963 5262 2082 5307 sunt
2111 5251 2294 5323 fanum
2324 5250 2419 5305 Dei
2448 5248 2530 5305 sui
2556 5248 2734 5306 Βεθήιή
2772 5248 2860 5302 ubi
2896 5247 3066 5317 {cedas
3104 5261 3219 5299 cum
3249 5258 3309 5298 eo
3345 5243 3548 5314 pepige-

1973 5355 2114 5409 rant,
2139 5353 2188 5398 et
2214 5360 2278 5397 ea:
2300 5359 2357 5396 eo
2383 5341 2525 5396 locus
2576 5357 2760 5396 nomen
2794 5345 3081 5411 acceperat,
3108 5335 3198 5406 qui
3242 5342 3353 5386 erat
3398 5331 3547 5386 ualde

1973 5437 2225 5491 munitus.
2277 5432 2461 5488 Berith
2516 5448 2646 5505 ergo
2698 5431 3081 5501 interpretatur
3132 5433 3374 5493 pactum;
3404 5419 3546 5476 unde

1971 5525 2290 5582 dicitlocum
2308 5523 2525 5579 nomine
2544 5522 2686 5594 pacti
2709 5524 3094 5589 nuncupatum,
3110 5511 3232 5584 quia
3250 5510 3546 5567 Sicliimitai
3630 5507 3638 5514 ’

1970 5632 2093 5672 cum
2134 5614 2293 5680 idolo,
2319 5629 2426 5685 quo
2447 5627 2504 5670 se
2530 5612 2736 5684 protegi
2760 5604 3130 5688 conﬁdebant,
3166 5608 3383 5682 pactum
3411 5599 3539 5655 inie-

1968 5716 2110 5765 rant.
