3996 6176
501 306 640 368 U75

1145 286 1206 354 Β.
1251 285 1511 353 ΜΒΑΜ·
1542 293 1772 354 unum
1799 295 2058 353 ARClllE

2159 295 2467 354 MOGUNT.
2505 286 2805 355 OPE‘RUMs
2828 297 3007 356 PARS
3044 296 3084 355 1.

3617 301 3761 355 H76

569 415 871 476 Abime'le‘ch’
913 415 1113 485 quoque
1157 412 1377 468 audiens
1423 413 1560 469 viros
1599 413 1759 468 turris
1813 411 2073 467 Sichimo-
2100 416 2150 474 Α
2176 409 2230 463 in
2259 410 2438 465 Sanir.
2483 409 2874 481 Septuaginta:
2910 409 2980 464 Et
3028 412 3255 466 surrexit
3283 421 3398 482 post
3427 412 3759 476 Abimeleclt.

503 524 621 564 rum
641 504 838 576 pariter
860 502 1190 574 conglobatos
1207 544 1222 570 ,
1265 504 1497 559 ascendit
1523 504 1578 558 in
1605 513 1839 558 montem
1856 500 2071 557 Selmon

489 615 609 654 cum
639 597 784 651 omni
803 595 994 668 populo
1022 613 1152 661 suo;
1181 605 1251 660 et,
1275 606 1485 665 arrepta
1507 593 1958 664 securi,-prweidit
1983 599 2092 647 ar-'

493 686 637 742 boris
664 695 889 749 ramum,
916 685 1313 755 impositumque
1350 684 1534 754 ferens‘
1545 685 1762 738 humero
1782 711 1812 748 ,υ
1839 684 1972 738 dixit
2001 683 2078 736 ad.

491 780 663 834 socios
683 776 881 843 {Quod
909 788 989 831 me
1017 776 1196 831 videtis
1226 776 1420 846 facere,
1442 776 1542 830 cito
1563 775 1737 846 facite.
1766 775 1938 846 Igitur
1955 793 2070 830 cer-

489 869 644 922 tatim
686 870 864 921 ramos
901 866 978 920 de”
1011 866 1298 922 arboribus
1337 866 1674 937 pra'cidentes
1724 867 2072 938 sequebantur

484 957 714 1023 ducent,-
765 957 856 1026 qui
909 955 1302 1009 circumdantes-
1341 954 1634 1025 praasidio,«-
1664 956 2064 1010 succenderunt.

483 1050 656 1118 Atque
692 1046 772 1099 ita
794 1045 1001 1114 factum
1020 1054 1115 1108 est,
1147 1055 1202 1098 ut
1237 1044 1382 1114 fumo
1410 1053 1457 1099 et
1489 1045 1605 1115 igne
1633 1044 1775 1098 mille
1797 1044 2072 1098 hominum

491 1145 821 1200 necarentur,
849 1135 946 1189 viri
971 1135 1173 1205 pariter
1214 1151 1275 1187 ac
1305 1134 1544 1188 mulieres
1579 1134 1931 1188 habitatorum
1957 1143 2070 1186 tur-

489 1228 560 1281 ris
585 1227 814 1291 Sichem,
839 1233 946 1282 etc.
971 1226 1108 1281 Nota
1151 1238 1234 1281 εει
1276 1225 1502 1282 historia
1533 1226 1800 1297 quomodo
1849 1225 2066 1281 Abime-

487 1317 608 1374 lecb
637 1317 972 1383 Sicbimitas,
988 1317 1324 1373 dissensione
1345 1333 1407 1374 ac
1431 1319 1693 1372 seditione
1718 1317 1878 1383 facta,
1909 1329 2064 1388 stipe:

490 1409 629 1464 cavit
660 1409 830 1480 atque“
857 1409 1148 1464 interemit.
1184 1407 1290 1464 Sed
1326 1410 1500 1480 magis
1525 1407 1678 1478 juvat
1702 1409 1956 1464 ledtorem
1978 1434 1998 1474 ;
2017 1409 2062 1464 si

483 1501 801 1573 allegoriam
813 1485 941 1555 facti
967 1514 1098 1554 sano
1123 1487 1245 1554 ﬁdei
1273 1491 1431 1577 oculo
1467 1498 1676 1577 intente
1702 1498 2060 1568 prospexeiit.

487 1593 656 1660 Quem
677 1601 856 1646 autem
887 1590 1080 1645 melius
1101 1590 1203 1645 iste
1222 1575 1532 1646 Abimelech
1559 1575 1936 1645 seditiosorum
1969 1605 2062 1644 rex

481 1697 650 1751 quam
672 1680 1061 1737 Armiebristum
1087 1709 1118 1745 ,-
1154 1681 1392 1734 omnium
1430 1679 1736 1749 iniquorum
1783 1686 1959 1748 caput
1999 1693 2063 1734 ac

2170 501 2259 573 qui
2288 499 2490 555 salvum
2517 501 2710 572 faceret
2734 500 2925 568 Israel,
2954 501 3138 564 Thola,
3171 502 3315 572 ﬁlius
3357 505 3527 573 patris
3572 503 3756 572 fratris

2171 589 2304 659 ejus,
2332 591 2412 658 uir
2437 590 2678 645 Isachar.
2708 581 2917 646 Filium
2943 591 3122 662 patrui
3147 585 3267 660 ejus
3291 591 3431 647 dixit
3452 592 3629 662 ﬁlium
3652 593 3757 663 fre-

2170 683 2267 736 tris
2289 683 2458 754 patris
2487 683 2657 753 ejusy
2699 699 2822 738 eum
2867 683 3170 738 ordinatius
3203 691 3259 738 et
3293 684 3550 740 usitatius
3593 694 3760 755 atque

2169 775 2408 850 apertius
2423 773 3097 840 dieeretur,~iilium-i‘ratris
3107 775 3278 845 patris
3288 774 3437 845 ejus;
3453 775 3599 831 ﬁlius
3611 776 3758 832 enim

2168 870 2286 917 erat
2309 863 2502 933 patrui
2539 863 2847 932 ejus,—sieut
2870 864 3170 920 evidentius
3215 867 3268 920 in
3313 882 3376 922 ea
3429 867 3763 937 interpreta-

2169 951 2316 1007 tione
2343 967 2463 1022 qute
2488 964 2552 1008 ex
2578 953 2806 1032 Hebraeo
2834 962 2945 1021 est,
2987 955 3280 1010 invenitur.
3305 955 3421 1012 Non
3446 973 3576 1029 ergo
3609 959 3760 1029 quod

2167 1043 2380 1098 dictum.
2395 1053 2480 1100 est
2503 1046 2669 1114 patris
2694 1045 2896 1115 fratris,
2916 1047 2985 1102 ab
3005 1062 3072 1101 eo
3091 1047 3420 1102 declinatum
3445 1058 3531 1104 est
3563 1051 3621 1105 in
3643 1067 3754 1106 no-

2167 1133 2446 1199 minativo,
2471 1144 2621 1203 pater
2649 1134 2868 1204 fratris;
2915 1137 3010 1192 sed
3054 1138 3125 1214 ab
3172 1152 3240 1192 eo
3273 1139 3416 1207 quod
3465 1149 3551 1194 est
3582 1142 3755 1211 patris

2167 1223 2361 1293 frater;
2393 1225 2495 1280 hoc
2517 1233 2599 1280 est
2635 1228 2778 1282 enim
2808 1237 3056 1298 patruus.
3088 1227 3232 1283 Nam
3253 1229 3366 1284 sive
3419 1239 3659 1300 ponatur
3697 1233 3749 1285 ir

2166 1316 2516 1382 nominativo,
2537 1318 2621 1372 hic
2643 1329 2794 1389 pater
2821 1320 3004 1390 fratris
3023 1360 3039 1386 ,
3067 1321 3180 1376 sive
3200 1329 3466 1390 ponatur,
3476 1323 3562 1376 hic
3580 1325 3752 1392 patris

2167 1407 2333 1476 frater
2353 1409 2645 1480 genitivum
2674 1410 2843 1477 facit,
2889 1411 3049 1482 hujus
3089 1414 3257 1482 patris
3289 1397 3493 1477 fratris.
3543 1413 3751 1470 Verum
3789 1436 3794 1444 ·

2165 1499 2332 1554 altera
2363 1500 2538 1555 oritur
2557 1501 2815 1570 quzestio;
2858 1503 3128 1573 quomodo
3153 1502 3318 1557 fuerit
3354 1511 3591 1572 patruus
3618 1504 3754 1560 Abi-

2163 1589 2370 1645 meieeb
2399 1591 2482 1645 vir
2505 1591 2742 1659 isachar,
2771 1592 2827 1648 id
2847 1599 2952 1659 est,
2982 1592 3067 1648 vir
3092 1593 3159 1649 de
3193 1577 3336 1648 tribu
3356 1591 3598 1657 lsacbar,
3620 1609 3752 1650 cum

2165 1679 2477 1738 Abimelech
2513 1693 2725 1754 patrem
2763 1685 3013 1740 habuerit
3055 1684 3272 1741 Gedeon
3299 1727 3314 1751 ,
3365 1687 3457 1756 qui
3514 1686 3742 1742 Gedeon

481 1773 817 1843 principem,
836 1787 1124 1843 possumus
1165 1772 1461 1842 intelligere
1485 1811 1500 1836 ,
1553 1770 1643 1838 qui
1692 1769 1837 1824 viros
1891 1768 2060 1824 turris
2088 1761 2134 1821 B
2161 1770 2228 1825 de
2255 1771 2394 1826 tribu
2415 1771 2514 1826 fuit
2530 1772 2806 1830 Manasse?
2828 1773 3108 1842 Quomodo
3132 1789 3261 1846 ergo
3282 1772 3431 1828 Pbua
3447 1783 3503 1829 et
3521 1773 3748 1830 Gedeon

485 1863 849 1919 Sichimorum
893 1865 1058 1937 ramis
1105 1865 1345 1934 prmcisis
1383 1864 1450 1918 de
1475 1859 1937 1944 moute'Sclmon,
1964 1874 2061 1930 per

480 1955 771 2012 fumum-et
814 1957 993 2028 ignem
1017 1957 1304 2020 exstinxit,
1345 1971 1478 2010 eum-
1507 1954 1766 2025 superbos
1817 1963 2062 2022 quosque

479 2050 684 2106 mentis
704 2051 1036 2106 obscuritate
1074 2050 1314 2106 obcaecat
1341 2063 1404 2104 ae
1437 2048 1559 2116 igne
1585 2044 1892 2116 cupiditatis
1933 2057 2061 2098 ene-

477 2140 603 2196 cat?
629 2139 1110 2213 Abimeleelrergo,
1134 2141 1300 2212 frater
1329 2156 1473 2194 meus
1515 2155 1607 2193 retr.
1632 2138 2054 2208 interpretatur;

479 2229 778 2286 Siclrimi‘tte
796 2231 1034 2297 humeri;
1068 2240 1122 2287 et
1145 2231 1371 2286 Scimon
1381 2231 1726 2286 consentiens.
1746 2227 1914 2300 igitur
1930 2227 2058 2282 Abi-

477 2319 715 2384 melech.-
730 2323 966 2395 degener
989 2332 1045 2379 et
1071 2325 1332 2394 reprobus
1355 2335 1470 2389 rex,
1489 2323 1802 2379 Siehimilns
1824 2321 1878 2375 in
1910 2329 2059 2375 turre

477 2416 866 2481 consistentes,
911 2430 1008 2487 per
1040 2418 1296 2473 arborum
1328 2431 1548 2472 suarum
1592 2413 1807 2469 frondes
1836 2427 2058 2467 succen-

475 2519 578 2560 ses-
603 2507 819 2570 occidit,
847 2522 969 2562 eum
1010 2507 1374 2564 Anticlti'isms
1414 2522 1509 2563 eos
1556 2506 1646 2575 qui
1691 2506 1744 2560 in
1793 2503 2057 2575 superbiae

477 2604 693 2652 turrem
714 2598 936 2653 arbitrii
954 2598 1046 2654 suit
1086 2599 1334 2655 libertate
1361 2598 1514 2668 potiti
1549 2596 1937 2659 conscendunt,
1970 2609 2057 2648 ηις

473 2695 595 2744 mos
611 2688 865 2744 arborum
894 2688 962 2743 de
993 2696 1177 2744 monte
1211 2687 1457 2753 Selmon,
1477 2689 1582 2743 hoc
1602 2694 1723 2751 est,
1775 2685 2052 2740 hominum

472 2781 837 2851 reprobornm-
857 2779 1108 2850 nequiter
1138 2779 1240 2836 sibi
1272 2777 1732 2834 consentientium
1776 2782 1932 2830 actus
1976 2788 2057 2828 se-

470 2871 590 2926 curi
615 2871 870 2941 nequitia:
905 2884 1016 2926 suae
1060 2885 1124 2926 ac
1158 2870 1266 2925 doli
1306 2864 1827 2940 amputans,-oculos
1855 2864 2056 2920 mentis

469 2962 880 3034 ﬁrmtrpertldi‘a:
912 2962 1170 3025 obe:eeat,
1198 2976 1262 3017 ac
1306 2961 1428 3033 igne
1472 2957 1672 3015 furoris
1697 2964 1860 3028 atque
1905 2956 2056 3025 cupi-

469 3057 655 3112 ditatis
681 3053 926 3112 suﬁ'beat.
955 3054 1064 3112 Sed
1097 3053 1239 3110 sicut
1258 3051 1571 3109 Abimelech
1607 3057 1728 3120 post
1750 3047 2050 3104 confectam

467 3149 670 3206 cuidem
691 3149 1012 3222 condignam
1036 3149 1301 3205 ultionem
1322 3148 1511 3204 mortis
1551 3145 2050 3216 recompensatione

468 3241 696 3312 recepit,
721 3239 795 3296 ita
818 3249 875 3296 et
901 3242 1014 3310 ipse
1035 3240 1402 3296 Antichristus
1428 3247 1552 3310 post
1591 3237 1913 3307 completam
1933 3245 2050 3289 ma-

468 3328 640 3386 litiam
661 3331 815 3387 suam
859 3333 915 3386 in
945 3333 1182 3387 aedibus
1207 3341 1542 3396 sanctorum,
1566 3339 1785 3384 aeterna:
1823 3331 2049 3384 damna~

469 3419 636 3476 tionis
675 3419 1002 3485 n‘er'cetlem,
1023 3417 1170 3489 justo
1215 3419 1396 3492 judice
1434 3420 1802 3486 retribuente,
1857 3419 1912 3474 in
1943 3418 2051 3474 ﬁne

467 3511 760 3583 percipiet;
793 3510 896 3566 huc
930 3511 1075 3567 enim
1105 3518 1497 3582 consequenter
1533 3511 1766 3580 scriptor
1806 3509 2050 3565 historia:

469 3601 742 3659 t‘t’airando
770 3601 1066 3672 exprimit,
1110 3609 1232 3658 eum
1256 3600 1494 3657 ostendit
1530 3599 1842 3655 Abimeleelt
1881 3610 2049 3670 oppu-

469 3697 725 3764 gnantem
779 3701 980 3747 turrem
1013 3689 1199 3761 eppldi-
1233 3688 1482 3754 Thebes,
1531 3688 1760 3744 muliere
1804 3685 2048 3757 fragmen

469 3783 626 3840 molae
653 3781 816 3852 capiti
855 3780 972 3851 ejus
998 3781 1229 3852 desuper
1262 3779 1577 3850 injiciente‘,
1640 3789 1706 3832 ac
1765 3779 2048 3833 cerebrum

468 3872 888 3938 cmnminuent‘e,
917 3871 1260 3928 occubuisse.-
1301 3869 1438 3938 Quid
1467 3869 1611 3925 enim
1637 3869 1908 3942 signiﬁcat
1933 3869 2052 3924 inec

469 3967 685 4033 mulier,
715 3965 818 4021 nisi
843 3972 1089 4020 sanctam
1110 3963 1407 4020 Ecclesiam
1429 3992 1451 4028 ,~
1500 3978 1620 4033 qua:
1665 3977 1764 4032 per
1805 3961 2049 4032 fragmen

470 4059 649 4125 motae,
678 4059 781 4113 hoc
806 4064 908 4123 est,
936 4065 1035 4127 per
1057 4055 1353 4111 sententias
1378 4067 1548 4110 sacras
1576 4053 1870 4124 Scripturae
1890 4062 2052 4125 caput

468 4149 812 4219 Antichrisu,
833 4151 978 4223 quod
999 4159 1084 4208 est
1103 4149 1366 4215 diabolus,
1389 4148 1648 4214 conterit;
1677 4163 1742 4204 ac
1764 4149 2050 4204 cerebrum

469 4232 588 4317 ejus
611 4245 952 4312 comminuit,
973 4259 1095 4300 cum
1124 4257 1338 4300 sensum
1361 4241 1579 4297 malitia:
1611 4257 1721 4297 sua:
1761 4242 2050 4308 subvertit,

470 4339 686 4411 quando
727 4335 842 4406 jam
889 4334 1203 4390 hominibus
1251 4327 1625 4404 praedicando,
1674 4343 1739 4388 ac
1785 4333 2050 4388 bonorum

2159 1861 2356 1918 fratres
2384 1863 2628 1930 fuerunt,
2656 1873 2718 1920 ut
2744 1867 2914 1937 possit
2941 1881 3061 1923 esse
3083 1867 3233 1923 Phua
3273 1877 3501 1938 patruus
3525 1868 3752 1924 Abime-

2159 1952 2296 2019 ieeh,
2328 1954 2478 2024 cujus
2505 1958 2682 2027 patrui
2713 1957 2854 2013 ﬁlius
2893 1958 3061 2014 'l'bola
3096 1959 3409 2015 succederet
3444 1961 3748 2016 secundum

2160 2044 2316 2132 istam
2351 2050 2714 2107 narrationem
2747 2051 2846 2122 ipsi
2869 2051 3216 2109 Abimelech?
3257 2051 3564 2110 Potuerunt
3609 2069 3746 2124 ergo

2158 2129 2374 2194 Gedeon
2423 2150 2474 2197 et
2515 2137 2662 2198 Pbua
2695 2147 2856 2198 unam
2887 2143 3087 2200 habere
3133 2153 3384 2210 matrem,
3409 2159 3478 2200 ex
3509 2160 3618 2215 qua
3661 2147 3746 2202 di-

2156 2230 2331 2286 versis
2373 2232 2620 2301 putribus
2644 2242 3014 2299 nascerentur,
3043 2244 3105 2290 et
3141 2234 3340 2292 fratres
3365 2244 3553 2291 essent
3577 2236 3744 2290 unius

2157 2321 2349 2378 matris
2386 2323 2502 2382 ﬁlii.
2531 2339 2637 2380 non
2669 2325 2829 2381 unius
2850 2314 3039 2397 patris.
3071 2324 3328 2381 Solebant
3346 2326 3491 2380 enim
3531 2327 3742 2380 nubere

2157 2410 2370 2468 feminas
2393 2414 2458 2468 de
2477 2414 2598 2470 aliis
2620 2415 2868 2471 tribubus
2897 2418 2950 2470 in
2977 2415 3110 2471 alias
3137 2417 3342 2472 tribus:
3364 2416 3506 2470 unde
3529 2423 3585 2470 et
3607 2414 3743 2470 Sani

2155 2516 2278 2558 cum
2302 2514 2446 2562 esset
2471 2507 2538 2562 de
2567 2507 2710 2562 tribu
2735 2506 3032 2576 Benjamin,
3055 2507 3204 2562 dedit
3251 2507 3417 2563 ﬁliam
3443 2524 3598 2564 suam
3641 2507 3744 2562 Da-

2155 2594 2244 2649 vid
2267 2596 2469 2652 homini
2499 2598 2563 2652 de
2585 2598 2726 2653 tribu
2752 2595 2914 2664 Iuda;
2955 2605 3009 2652 et
3031 2599 3286 2654 sacerdos
3307 2596 3458 2653 Iudae
3485 2639 3501 2664 ,
3547 2599 3742 2669 utique

2155 2685 2316 2742 homo
2336 2687 2404 2742 de
2428 2687 2570 2742 tribu
2592 2687 2737 2751 bovi,
2770 2687 2923 2743 duxit
2961 2687 3125 2743 ﬁliam
3161 2687 3344 2743 Joram
3373 2689 3536 2759 regis,
3561 2690 3741 2745 homi-

2155 2776 2241 2831 nis
2268 2777 2334 2831 de
2365 2776 2506 2832 tribu
2537 2774 2694 2832 Juda.
2729 2777 2866 2833 Hinc
2908 2776 3113 2833 factum
3141 2787 3244 2844 est,
3275 2788 3338 2834 ut
3374 2779 3654 2835 Elisabeth
3683 2789 3739 2836 et

2155 2866 2322 2922 Maria
2344 2876 2600 2940 cognatas
2634 2869 2688 2924 in
2727 2869 3016 2942 Evangelia
3050 2869 3322 2942 legimus(
3350 2870 3480 2926 Luc.
3515 2871 3582 2943 ι),
3611 2887 3734 2927 eum

2156 2955 2319 3012 fuerit
2340 2957 2611 3013 Elisabeth
2635 2960 2700 3015 de
2723 2959 2932 3015 ﬁliabus
2955 2961 3171 3016 Aaron:
3196 2976 3263 3017 ex
3285 2977 3394 3032 quo
3415 2963 3736 3034 intelligitur

2155 3047 2221 3103 de
2243 3049 2385 3104 tribu
2409 3047 2536 3104 Levi
2564 3057 2619 3105 et
2664 3050 2874 3106 ﬁliabus
2897 3050 3076 3106 Aaron
3100 3051 3337 3123 aliquam
3386 3055 3639 3123 nupsisse
3679 3055 3736 3110 in

2157 3139 2352 3193 tribum
2378 3137 2590 3206 Judam,
2631 3141 2775 3196 unde
2805 3142 2879 3197 ita
2917 3142 3070 3198 ﬁeret
3118 3143 3260 3198 inter
3309 3143 3499 3200 ambas
3527 3145 3618 3199 illa
3646 3160 3737 3201 co-

2150 3231 2350 3299 gnatio,
2383 3241 2443 3286 ut
2485 3232 2695 3287 Domini
2727 3249 2854 3289 caro
2894 3249 2998 3290 non
3035 3233 3206 3290 solum
3247 3235 3313 3290 de
3337 3223 3509 3307 regia,
3546 3251 3734 3292 verum

2150 3324 2311 3379 etiam
2337 3323 2406 3378 de
2424 3324 2744 3380 sacerdotali
2777 3326 2944 3396 stirpe
2968 3334 3377 3397 propagaretur.

2222 3412 2364 3470 Huic
2386 3417 2632 3471 successit
2656 3417 2778 3471 Jair
2807 3413 3127 3479 Galaadites,
3156 3418 3244 3485 qui
3273 3416 3534 3486 judicarit
3564 3416 3736 3472 Israel

2148 3524 2244 3580 per
2267 3507 2448 3578 viginti
2474 3517 2524 3561 et
2558 3507 2688 3563 duos
2715 3524 2904 3573 annos,
2933 3507 3132 3562 habens
3153 3508 3366 3579 triginta
3395 3509 3540 3577 filios
3559 3510 3738 3563 seden-

2150 3608 2224 3656 tes
2255 3613 2412 3670 super
2440 3598 2656 3668 triginta
2684 3597 2861 3668 pullos
2899 3599 3170 3652 asinorum
3195 3639 3210 3662 ,
3255 3607 3304 3653 et
3349 3600 3612 3669 principes
3644 3599 3739 3652 tri-

2149 3690 2295 3762 ginta
2335 3690 2625 3756 civitatum,
2662 3705 2780 3762 qua:
2816 3706 2882 3744 ex
2923 3689 3130 3744 nomine
3156 3689 3270 3760 ejus
3291 3690 3569 3760 appellata:
3613 3701 3737 3745 sunt

2150 3781 2313 3836 Aroth
2341 3779 2482 3844 Jair,
2511 3780 2566 3834 id
2593 3790 2690 3846 est,
2724 3781 2914 3851 oppida
2961 3779 3083 3835 .lair
3128 3793 3287 3852 usque
3323 3780 3374 3836 in
3426 3791 3735 3850 pressum:

2150 3873 2286 3926 diem
2315 3873 2370 3927 in
2390 3882 2529 3928 terra
2560 3871 2788 3927 Galaad.
2820 3870 3162 3942 Hortuusque
3187 3882 3264 3927 est
3301 3870 3442 3936 Jair,
3469 3889 3533 3927 ac
3557 3871 3737 3942 sepul-

2103 4005 2113 4012 .
2151 3975 2234 4020 tus
2259 3965 2316 4019 in
2335 3964 2447 4018 loco
2491 3965 2576 4019 cui
2599 3973 2675 4018 est
2710 3963 3017 4019 vocabulum
3066 3963 3287 4018 Camon.
3336 3963 3506 4032 Quem
3554 3973 3738 4020 autem

2150 4053 2267 4110 Jair
2296 4055 2400 4111 iste
2423 4054 2729 4111 Galaadites
2761 4054 2953 4109 melius
2979 4053 3226 4125 designat
3251 4094 3266 4119 ,
3311 4067 3472 4125 quam
3503 4053 3743 4108 Redem-

2150 4154 2361 4216 ptorem
2389 4152 2655 4210 nostrum,
2677 4144 2768 4214 qui
2798 4144 2906 4198 dux
2951 4151 3008 4199 et
3035 4157 3129 4198 rex
3154 4150 3236 4199 est
3262 4142 3440 4214 populi
3466 4141 3740 4198 Christia-

2151 4235 2244 4289 ni?
2289 4233 2442 4302 Quod
2471 4234 2608 4289 bene
2639 4234 2752 4304 ipsa
2781 4232 3156 4288 demonstrant
3181 4233 3421 4286 nomina.
3447 4229 3564 4286 Jair
3587 4233 3739 4287 enim

2151 4325 2542 4396 interpretatur
2583 4323 2930 4390 illuminans,‘
2981 4332 3039 4379 et
3085 4323 3288 4380 Galaad
3326 4339 3544 4377 aserrus
3599 4326 3744 4377 testi-

469 4434 696 4503 op‘e‘rum’
720 4428 964 4500 exempla
991 4425 1438 4493 demonstrando,
1465 4426 1618 4482 virus
1656 4427 1910 4496 nequitiae
1939 4442 2050 4482 sua:
2077 4455 2131 4516 Β
2155 4419 2336 4472 monii.
2377 4415 2692 4472 illuminans
2732 4416 2870 4516 bene
2896 4415 3093 4516 dicitur
3113 4415 3374 4516 [lembi-us
3402 4423 3624 4478 uestem
3676 4419 3744 4471 de

471 4513 527 4581 iu
551 4527 646 4580 eos
672 4514 948 4580 edundere
974 4523 1084 4577 h'on
1104 4518 1368 4591 permittit
1387 4527 1440 4574 et
1473 4518 1541 4574 ad
1569 4527 1871 4574 estremum
1903 4519 2052 4573 unita
2077 4507 2123 4516 ⁷
2156 4526 2264 4581 quo
2286 4510 2548 4580 scriptum
2575 4517 2660 4566 est
2683 4509 2737 4564 in
2763 4507 3092 4582 Evangelio:
3128 4507 3261 4563 Erat
3287 4507 3381 4562 lux
3424 4525 3588 4573 vera,
3625 4525 3745 4579 qua

472 4616 631 4686 Capiti
674 4624 773 4671 Suo
802 4613 1096 4671 devincens
1140 4618 1394 4677 mortem,
1433 4611 1626 4667 martis
1669 4619 1946 4666 auctorem
1998 4609 2055 4664 in

473 4703 736 4790 :eier‘itum
765 4701 1005 4770 damnat,
1033 4711 1187 4777 quem
1213 4703 1472 4758 Dominus
1493 4701 1678 4773 utique
1707 4699 1865 4757 Jesus
1897 4701 2059 4754 inter.

472 4799 611 4870 ficiet
635 4798 823 4878 spiritu
851 4799 958 4855 oris
995 4798 1116 4865 sui,
1150 4805 1198 4852 et
1224 4793 1455 4851 destruet
1480 4793 1833 4850 illustr‘atione
1860 4793 2054 4849 adven-

471 4890 561 4944 itii
583 4889 666 4943 siti
690 4887 741 4960 (1
766 4874 946 4946 mea.
966 4889 1054 4962 it)’.

1064 4990 1291 5063 ‘C‘APUT
1327 5001 1467 5060 XIV.

477 5104 632 5192 haud
658 5126 773 5187 post
801 5101 1092 5192 Abi‘ot'elech
1148 5116 1378 5192 surrexit
1407 5110 1604 5192 .Israel
1661 5098 1824 5192 Thala
1842 5149 1856 5174 ,
1889 5095 2055 5192 ﬁlius

549 5185 724 5251 I’hua,
752 5187 928 5259 patrui
955 5185 1418 5259 {ibimelechmcui
1465 5191 1578 5259 post
1627 5185 1919 5259 uiginti-ep
1953 5189 2056 5259 tres

545 5245 723 5312 annos
752 5245 1011 5311 'successit
1062 5254 1222 5319 Jair,
1268 5245 1619 5320 'G'alaadites,
1673 5245 1763 5322 qui
1795 5249 2059 5320 judicavit

549 5326 720 5382 Itra'el
746 5329 838 5396 pd"
859 5327 1041 5396 i'iginti
1067 5325 1202 5380 duos
1229 5334 1416 5380 annos.

548 5423 696 5510 (Cir.
726 5436 806 5508 it.)
852 5436 981 5493 Post
1012 5434 1305 5490 Abimelech
1359 5423 1587 5489 surrexit
1632 5425 1742 5486 dua:
1780 5430 1836 5484 in
1887 5425 2058 5484 Isra’el

481 5511 666 5593 Pholo,
694 5513 836 5596 filius
867 5527 1042 5594 Phua,
1064 5525 1242 5598 patrui
1283 5522 1596 5586 Abimelech,
1629 5522 1706 5578 vir
1725 5521 1789 5575 de
1813 5519 2053 5580 Isachar,

478 5608 569 5688 qui
614 5606 862 5673 habitauit
900 5617 956 5672 in
984 5613 1144 5673 Sanir
1171 5614 1360 5671 montis
1390 5612 1664 5684 Ephraim,
1713 5617 1761 5664 et
1797 5606 2058 5678 judicavit

485 5706 653 5762 iamet
678 5709 855 5780 viginti
880 5709 1045 5764 tribus
1082 5709 1257 5776 annis,
1277 5715 1616 5776 mortuusque
1643 5718 1704 5779 ac
1727 5698 1958 5772 sepultus
1980 5707 2056 5754 est

2155 4600 2420 4655 illuminat
2437 4617 2639 4655 omnem
2662 4599 2923 4654 hominem
2941 4600 3222 4654 venientem
3247 4599 3303 4652 in
3324 4598 3463 4651 hunc
3484 4599 3743 4652 mundum

2158 4691 2344 4762 (-Joan.
2375 4691 2445 4764 t);
2471 4700 2526 4747 et
2547 4689 2616 4746 ad
2636 4706 2796 4761 quem
2827 4689 2882 4744 in
2912 4689 3144 4744 Psalmis
3161 4688 3431 4758 Propheta
3457 4687 3535 4741 ait
3563 4706 3578 4741 :
3606 4687 3747 4742 Itiu-

2156 4785 2329 4839 minas
2355 4793 2412 4838 tu
2437 4782 2749 4837 mirabiliter
2766 4797 2800 4834 a
2825 4779 3088 4834 montibus
3110 4779 3320 4833 teternis
3347 4776 3522 4849 (Psal.
3555 4777 3740 4847 an).

2161 4874 2260 4930 Hic
2287 4888 2419 4945 ergo
2441 4888 2508 4928 ex-
2540 4869 2744 4928 Galaad
2769 4878 2890 4936 est,
2941 4869 3069 4940 quia
3115 4883 3184 4924 ex
3227 4867 3531 4937 Seripturis
3572 4868 3746 4921 sacris

2163 4963 2280 5032 ejus
2317 4963 2506 5018 notitia
2531 4961 2852 5034 percipitur,
2886 4973 3047 5030 quem
3076 4959 3174 5029 qui
3199 4958 3272 5013 ibi
3316 4957 3480 5013 cerde
3525 4957 3748 5013 credulo

2162 5055 2375 5125 quaerit,
2402 5054 2519 5110 sine
2547 5053 2710 5109 dubio
2734 5051 2957 5108 invenit.
2990 5049 3091 5107 Hic
3133 5050 3395 5122 judicavit
3433 5048 3601 5104 lsrael
3652 5065 3750 5120 per

2160 5145 2349 5218 viginti
2375 5151 2433 5201 et
2470 5143 2606 5199 duos
2633 5157 2836 5209 annos;
2874 5140 3000 5211 quia
3025 5153 3214 5196 omnes
3237 5139 3329 5210 qui
3361 5138 3416 5193 in
3437 5137 3626 5193 Veteri
3648 5137 3753 5194 Ἰθ-

2161 5245 2433 5294 stamento
2472 5241 2530 5289 et
2569 5235 2623 5289 in
2654 5231 2802 5289 Novo
2833 5231 3018 5288 ﬁdeles
3042 5230 3279 5296 fuerunt,
3311 5243 3409 5285 suo
3436 5229 3557 5299 ejus
3590 5243 3750 5284 man-

2160 5330 2412 5385 datorum
2435 5324 2638 5395 judieio
2650 5324 2921 5380 vixerunt.
2950 5321 3267 5378 Vicenarius
3289 5319 3438 5376 enim
3464 5333 3749 5382 numerus,

2161 5417 2253 5488 qui
2278 5417 2362 5472 bis
2406 5415 2692 5471 denarium
2739 5413 3022 5478 continet,
3071 5409 3464 5482 perfectionem
3511 5408 3652 5480 legis
3695 5417 3752 5464 et

2162 5509 2435 5583 Evangelii
2459 5508 2816 5570 demonstrat,
2844 5504 2936 5560 ubi
2983 5504 3212 5560 duorum
3248 5509 3646 5573 praeceptorum
3677 5500 3753 5554 in-

2163 5602 2315 5671 signe
2336 5600 2629 5655 maximum
2663 5613 2729 5653 ae
2753 5594 3146 5652 validissimum
3173 5601 3278 5659 est,
3299 5593 3403 5649 hoc
3445 5599 3532 5648 est
3560 5632 3576 5657 ,
3619 5591 3751 5646 diie-

2164 5693 2361 5750 etionis
2398 5691 2490 5750 Dei
2515 5701 2568 5749 et
2591 5689 2863 5765 proximi:
2902 5689 2970 5746 In
3018 5688 3099 5744 his
3126 5688 3265 5745 enim
3319 5685 3525 5741 duobus
3549 5697 3752 5756 puru-
