3996 6176
375 257 512 314 “77

1293 248 1642 309 COMMENT.
1683 245 1750 305 lN
1791 241 1918 306 LlB.
1953 240 2269 310 JUDICUM.
2308 283 2380 296 —
2414 244 2544 309 ιω.
2583 249 2648 309 ll.

3495 254 3631 310 H78

368 377 492 448 ptis,
523 375 637 444 ipsa
661 371 901 429 Veritate
933 377 1242 451 attestante,
1267 377 1376 424 tota
1405 368 1490 423 lex
1523 369 1709 439 pendet
1737 377 1786 422 ct
1825 383 1943 437 pro-
1971 367 2024 426 A
2048 367 2137 423 nia
2170 368 2421 424 humanae
2457 366 2645 423 salutis
2679 362 3015 422 sacramenta
3043 407 3058 430 ,
3115 373 3370 436 tanquam
3410 365 3630 436 juratus

369 467 539 538 pheta:
574 462 788 535 (Matth.
820 466 977 533 nn).
1009 459 1161 516 Unde
1185 468 1238 514 et
1261 459 1400 515 idem
1419 459 1670 515 Salvator
1695 459 1749 513 in
1778 459 1953 513 Evan-

370 553 513 628 gelio
536 550 811 623 discipulis
838 550 951 606 suis
987 549 1062 604 ait
1089 564 1106 604 :
1140 548 1256 604 Hoc
1289 557 1365 602 est
1404 555 1716 619 prceceptunt
1743 555 1947 612 meum,

371 653 434 698 stt
453 643 683 714 diligatis
703 641 921 696 inuicem
942 639 1076 694 sicut
1102 637 1264 692 dilexi
1293 654 1382 692 vos
1412 636 1469 710 (1
1473 653 1594 691 oan.
1622 636 1736 708 xv).
1777 635 1952 690 Habet.

372 749 508 804 ergo
541 735 643 789 iste
659 729 775 787 Jai‘r
797 730 1018 802 triginta
1061 728 1201 784 ﬁlios
1245 727 1494 784 sedentes
1527 742 1689 798 super
1727 726 1949 796 triginta

370 825 547 897 pullos
575 824 850 880 asinarum
876 839 890 876 :
922 821 1049 890 quia
1078 819 1168 890 qui
1218 825 1366 874 recte
1393 818 1486 873 ﬁlii
1517 817 1635 886 ejus
1669 817 1952 873 nominan-

375 923 465 970 tur
487 923 542 970 et
567 921 710 975 sunt,
751 910 808 967 bi
847 909 1144 966 nimirum:
1187 908 1240 964 in
1284 916 1486 964 sancta:
1511 907 1792 962 Trinitatis
1846 905 1952 962 ﬁde

373 1006 750 1062 mandatorum
770 1003 865 1058 Dei
880 1001 1179 1058 custodiam
1209 1001 1431 1066 habent,
1454 1007 1508 1055 et
1529 998 1801 1054 lasciviam
1825 1013 1950 1052 car-

373 1095 460 1152 nis
485 1097 595 1150 suae
623 1092 764 1148 bene
795 1092 1032 1155 domare,
1074 1099 1129 1146 et
1157 1089 1374 1145 sibimet
1403 1088 1667 1145 dominari
1690 1089 1909 1144 student
1933 1104 1946 1140 :

374 1183 519 1240 unde
559 1191 616 1238 et
640 1181 915 1252 principes
946 1179 1164 1252 triginta
1200 1179 1479 1234 civitatum
1507 1190 1626 1233 esse
1653 1181 1950 1242 merentur,

372 1277 494 1344 qua:
512 1281 578 1328 ex
599 1271 817 1326 nomine
851 1270 969 1340 ejus
999 1269 1280 1340 appellatae
1307 1276 1466 1333 sunt;
1499 1267 1626 1339 quia
1646 1267 1952 1337 quieunque

376 1361 669 1418 secundum
693 1363 893 1416 sancta:
909 1359 1186 1414 Trinitatis
1211 1359 1369 1414 ﬁdem
1400 1358 1681 1414 scientiam
1707 1357 1840 1426 legis
1856 1359 1950 1414 Dei

376 1455 433 1510 in
463 1452 710 1510 custodia
741 1451 1114 1507 mandatorum
1136 1451 1304 1522 ipsius
1326 1449 1558 1522 pleniter
1576 1449 1822 1520 percipit,
1849 1450 1952 1505 iste

379 1544 607 1600 idoneus
621 1550 706 1598 est
725 1549 780 1596 et
799 1541 918 1596 aliis
939 1541 1176 1612 prteponi
1195 1560 1208 1594 :
1227 1541 1354 1611 quia
1369 1556 1399 1595 a
1419 1540 1537 1595 luce
1559 1540 1652 1594 ﬁlii
1670 1540 1804 1595 lucis
1821 1539 1950 1596 dicti

375 1641 520 1698 sunt,
545 1634 686 1688 sicut
707 1631 1053 1687 Christiania
1081 1630 1336 1687 Christo:
1365 1631 1509 1687 unde
1536 1631 1796 1688 Dominus
1824 1647 1953 1703 apo-

2049 459 2300 530 explevit,
2329 467 2401 520 et,
2451 457 2607 528 quasi
2641 456 2829 518 ﬁliam,
2859 457 2932 509 ita
2957 471 3176 512 carnem
3206 458 3479 528 propriam
3529 473 3632 528 pro

2048 550 2220 606 salute
2245 548 2459 606 lsraelis
2485 549 2710 604 Domino
2739 547 2970 602 obtulit?
3025 546 3244 603 iurasse
3291 550 3436 603 enim
3475 549 3627 604 Patri

2047 641 2366 698 occubuisse
2414 639 2752 710 unigenitum
2811 637 3058 709 legimus,
3094 638 3310 694 Psalmo
3369 640 3625 696 dicente:

2050 720 2199 787 Sicut
2224 729 2423 801 jnrarit
2461 729 2706 792 Domino,
2728 736 2902 782 votum
2937 729 3074 782 vovit
3104 727 3214 782 Deo
3254 729 3422 784 Jacob
3446 729 3624 802 (Psal.

2048 819 2233 892 cxxxt)
2262 837 2274 874 :
2302 819 2512 875 scilicet
2551 825 2611 872 ut
2635 825 3038 872 sacramentum
3069 816 3344 887 religionis
3372 818 3427 871 in
3452 821 3633 875 carnis

2049 927 2160 967 sua:
2185 911 2436 981 passione
2495 923 2594 980 pro
2624 907 2800 964 salute
2843 907 3061 978 generis
3089 908 3313 962 humani
3367 908 3632 978 expleret.

2050 1003 2177 1059 Haec
2209 1017 2340 1072 ergo
2393 999 2688 1056 secundum
2730 1005 3006 1069 gestorum
3050 997 3368 1062 historiam,
3414 998 3487 1052 ita
3539 1013 3636 1068 per

2049 1095 2326 1152 Christum
2352 1101 2477 1148 acta
2511 1097 2654 1156 sunt,
2686 1098 2746 1146 ut
2796 1090 3081 1144 videantur
3132 1104 3230 1160 per
3283 1089 3632 1159 religionem,

2049 1199 2152 1254 qua
2171 1181 2470 1252 iuraverat,
2495 1195 2614 1238 esse
2638 1179 2923 1250 completa.
2951 1178 3098 1234 inter
3123 1186 3318 1234 caetera
3357 1193 3486 1234 vero
3511 1194 3632 1249 quae

2049 1277 2241 1346 Jephte
2269 1274 2489 1330 mandat
2543 1288 2642 1344 per
2693 1273 2913 1327 nuntios
2940 1270 3053 1340 regi
3111 1268 3343 1325 ﬁliorum
3367 1269 3596 1324 Ammon
3619 1309 3636 1332 ,

2050 1371 2216 1425 etiam
2241 1368 2346 1423 hoc
2371 1365 2544 1420 dicit:
2577 1362 2769 1418 Nonne
2815 1376 3134 1433 quaecunque
3172 1357 3498 1414 hwreditabit
3542 1359 3635 1412 tibi

2051 1460 2276 1515 Chamos
2301 1457 2442 1512 Deus
2479 1465 2622 1522 tuus,
2651 1456 2762 1509 haec
2787 1453 3163 1509 hwreditabis?
3198 1451 3266 1505 Et
3297 1451 3471 1506 omnia
3492 1467 3637 1521 qum-ﬁ

2051 1566 2252 1620 cunque
2277 1546 2604 1603 lueredilabit
2634 1544 2892 1599 Dominus
2940 1543 3082 1598 Deus
3118 1553 3294 1596 noster
3327 1558 3360 1594 a
3390 1541 3526 1610 facie
3549 1559 3635 1596 νεά

2051 1639 2321 1705 stra,htec
2365 1634 2832 1692 hwreditabimus.’
2873 1632 3028 1701 Quod
3078 1633 3295 1703 quidam
3326 1633 3502 1688 Latini
3559 1633 3638 1688 sic

377 1723 530 1780 stolis
558 1722 671 1776 suis
707 1721 824 1775 ait:
865 1719 966 1775 Vos
1004 1722 1126 1776 estis
1165 1721 1260 1776 lux
1284 1721 1488 1776 mundi.
1532 1721 1624 1778 Sic
1655 1722 1823 1777 luceat
1859 1722 1952 1777 lux
1979 1711 2026 1770 Β
2054 1731 2518 1802 interpretandum
2582 1734 2946 1799 putaverunt,
2997 1733 3059 1779 ut
3113 1725 3357 1781 dicerent
3391 1742 3404 1778 :
3447 1721 3635 1778 Nonne

377 1822 544 1869 vestra
589 1829 766 1868 coram
825 1813 1119 1870 hominibus
1145 1852 1160 1877 ,
1210 1823 1267 1867 ut
1317 1813 1521 1868 videant
1575 1831 1730 1886 opera
1780 1824 1952 1870 vestra

378 1901 533 1968 bona,
553 1911 603 1957 et
636 1901 928 1974 gloriﬁcent
959 1901 1166 1957 Patrem
1198 1913 1443 1971 uestrum,
1476 1905 1564 1976 qui
1593 1906 1649 1960 in
1694 1905 1834 1961 caelis
1876 1918 1954 1960 est

379 1993 594 2067 (Matth.
623 1993 699 2066 v).
731 1992 831 2050 Hic
855 1992 970 2050 Jair
1002 2002 1259 2051 mortuus
1300 2005 1358 2052 et
1387 1997 1628 2068 sepultus
1655 1997 1852 2071 legitur
1896 1999 1952 2054 in

376 2086 498 2143 loco
541 2086 626 2142 cui
685 2095 769 2142 est
808 2086 1130 2143 vocabulum
1179 2087 1402 2144 Camon.
1433 2089 1635 2146 Camon
1680 2091 1822 2146 enim
1870 2091 1954 2147 in-

379 2183 710 2246 terpretatur
730 2179 1040 2232 resurrectio
1071 2177 1294 2234 inutilis.
1323 2179 1391 2234 Et
1414 2195 1533 2250 quae
1559 2180 1751 2236 melius
1774 2196 1956 2236 resur-

377 2269 550 2326 rectio
578 2269 779 2326 inutilis
801 2269 905 2324 dici
947 2279 1156 2341 potest,
1199 2287 1362 2342 quam
1398 2272 1731 2328 Hierusalem
1780 2281 1954 2328 terre-

377 2362 544 2418 stris?
574 2360 698 2417 Haec
725 2362 870 2418 enim
914 2364 1366 2420 resurrectionem
1405 2364 1640 2432 Domini,
1671 2381 1791 2435 qua:
1836 2379 1956 2422 cre-

379 2452 632 2509 dentibus
651 2453 800 2509 utilis
827 2461 882 2508 et
905 2453 1137 2511 salubris
1159 2463 1262 2520 est,
1291 2455 1392 2511 sibi
1420 2456 1663 2512 inutilem
1690 2463 1745 2512 et
1769 2456 1954 2526 pernis-

380 2543 584 2600 ciosam
614 2560 722 2600 non
760 2545 1031 2601 credendo
1075 2544 1230 2612 fecit;
1284 2546 1405 2602 ideo
1435 2546 1528 2602 ﬁlii
1577 2545 1954 2612 tenebrarum,

393 2639 488 2691 ion
509 2632 604 2690 lilii
624 2632 760 2692 lucis
777 2677 791 2700 ,
820 2645 876 2692 et
896 2636 992 2692 ﬁlii
1016 2637 1336 2707 perditionis
1358 2639 1530 2710 magis
1549 2649 1712 2709 quam
1752 2637 1848 2693 ﬁlii
1873 2655 1957 2694 re-

379 2725 728 2781 surrectionis
759 2726 864 2782 dici
911 2735 1244 2782 meruerunt.
1295 2727 1528 2783 Possunt
1567 2736 1623 2782 et
1655 2728 1709 2784 in
1756 2727 1957 2784 Camon

377 2814 637 2871 vocabulo
657 2815 894 2871 haeretici
919 2815 1001 2870 vel
1025 2817 1150 2872 mali
1175 2817 1422 2874 catholici
1446 2834 1552 2874 non
1582 2819 1958 2874 inconvenien-

379 2911 466 2960 ter
498 2903 692 2973 accipi,
720 2904 812 2973 qui
851 2904 1042 2960 merito
1083 2907 1395 2960 resurrectio
1423 2907 1624 2961 inutilis
1656 2916 1918 2962 vocantur
1940 2948 1954 2973 ,

376 2994 506 3064 quia
533 2992 666 3048 nihil
691 2993 768 3048 eis
796 2991 997 3063 profuit
1033 3008 1131 3064 per
1159 2994 1387 3066 gratiam
1439 2995 1689 3066 baptismi
1721 2996 1951 3060 renasci,

377 3083 575 3154 Quibus
624 3081 818 3138 iterum
863 3083 1093 3152 pristino
1125 3083 1299 3138 errori
1353 3098 1418 3139 ac
1466 3060 1667 3139 veteris
1724 3084 1956 3140 hominis
1982 3060 2027 3122 (ἶ

379 3172 593 3229 actibus
609 3171 808 3243 placuit
835 3172 1062 3238 involvi;
1093 3173 1150 3228 in
1181 3173 1268 3228 his
1301 3172 1446 3228 enim
1473 3171 1590 3228 Jair
1618 3183 1804 3230 noster
1823 3189 1961 3244 quo-

383 3263 669 3319 dammodo
715 3272 958 3320 mortuus
996 3279 1060 3320 ac
1111 3264 1354 3334 scpultus
1399 3273 1512 3332 est;
1557 3266 1684 3336 quia
1729 3267 1957 3338 gratiam

381 3349 530 3417 fidei,
559 3367 623 3408 ac
660 3351 838 3408 lumen
868 3352 1126 3416 scientiae,
1153 3367 1274 3422 qua:
1297 3358 1366 3407 ex
1389 3353 1532 3409 dono
1565 3353 1658 3410 Dei
1706 3370 1960 3424 percepe-

379 3447 530 3507 runt,
556 3443 610 3498 in
639 3443 938 3515 semetipsis
965 3442 1357 3500 interfecerunt
1393 3458 1458 3500 ac
1484 3445 1668 3516 pravis
1717 3445 1961 3499 moribus

378 3531 696 3587 obruerunt.

980 3621 1206 3678 CAPUT
1245 3621 1364 3677 XV.

387 3709 546 3781 Quod
568 3716 864 3781 peccantem
904 3709 1076 3766 Israel
1098 3713 1355 3766 Dominus
1411 3711 1628 3766 tradidit
1673 3711 1728 3766 in
1775 3729 1961 3781 manus

459 3779 783 3834 Philisthiim
835 3787 883 3835 et
924 3781 1156 3850 ﬁliorum
1183 3783 1426 3846 Ammon,
1447 3783 1539 3836 sed
1564 3783 1752 3836 iterum
1777 3779 1866 3836 eis
1892 3784 1961 3837 ad

450 3851 806 3922 paenitentiam
829 3851 1084 3922 conversis
1120 3851 1443 3922 defensorem
1458 3851 1624 3922 misit.
1655 3851 1842 3922 Jepltte
1871 3871 1961 3906 vo-

456 3930 565 3974 tum
597 3920 820 3974 Domino
859 3920 1054 3990 faciens
1085 3921 1303 3991 adeptus
1333 3931 1408 3976 est
1431 3921 1495 3976 de
1536 3920 1771 3976 hostibus
1800 3924 1962 3978 victo-

458 4005 614 4047 nam.

456 4080 633 4154 (iam)
676 4081 806 4136 Filii
829 4093 1004 4137 autem
1045 4081 1235 4149 Israel,
1264 4083 1487 4153 peccatis
1530 4083 1783 4139 veteribus
1826 4084 1963 4155 june

387 4184 560 4245 gentes
587 4189 738 4240 nova,
767 4174 1000 4244 fecerunt
1042 4173 1237 4228 malum
1265 4175 1320 4228 in
1348 4184 1621 4245 conspectu
1649 4175 1884 4241 Domini,
1914 4185 1962 4230 et

387 4268 669 4322 servierunt
692 4266 846 4321 idolis
874 4264 1081 4320 Baalim
1117 4275 1166 4320 et
1194 4267 1462 4330 Astaroth,
1493 4276 1541 4320 et
1565 4266 1668 4320 diis
1691 4265 1870 4328 Siria',
1899 4282 1963 4321 ac

2049 1837 2370 1892 quacunque
2399 1819 2542 1874 dedit
2568 1819 2663 1872 tibi
2692 1818 3049 1872 hrereditatem
3075 1813 3301 1870 Chamos
3329 1814 3468 1869 Deus
3491 1822 3632 1876 tuus,-

2050 1917 2162 1970 Iuec
2199 1913 2524 1985 possidebis?
2567 1910 2669 1968 Ubi
2726 1910 2898 1965 videri
2942 1917 3122 1980 potest
3162 1907 3513 1964 conﬁrmasse
3548 1904 3637 1962 Je-

2049 2006 2198 2077 phte,
2231 2003 2400 2058 Deum
2427 2001 2589 2056 istum
2615 2001 2708 2070 qui
2736 2008 2963 2055 vocatur
2987 1998 3240 2061 Chamos,
3270 1996 3510 2068 potuisse
3539 1995 3638 2050 ali-

2051 2093 2182 2164 quid
2209 2093 2341 2148 dare
2366 2091 2423 2146 in
2465 2089 2838 2146 luereditatem
2892 2089 3191 2144 cultoribus
3235 2087 3370 2143 suis.
3407 2087 3638 2154 Quidam

2055 2198 2183 2240 vero
2210 2183 2290 2238 sic
2331 2181 2533 2238 habent
2560 2195 2576 2236 :
2619 2180 2809 2236 Nonne
2841 2195 3163 2250 quacunque
3194 2179 3479 2250 possidebit
3504 2176 3640 2232 Clut-

2053 2290 2164 2329 mos
2193 2273 2334 2328 Deus
2359 2281 2480 2326 tuus
2505 2311 2522 2338 ,
2568 2271 2679 2326 luet:
2715 2270 3040 2342 pessidebis.’
3090 2270 3156 2325 Et
3189 2270 3293 2325 hoc
3343 2269 3418 2326 ita
3447 2275 3636 2334 sonat,

2054 2367 2208 2437 quasi
2237 2365 2442 2436 aliquid
2466 2365 2703 2436 potuerit
2726 2363 3026 2434 possidere.
3049 2362 3130 2417 An
3162 2361 3303 2418 forte
3341 2361 3635 2417 secundum

2055 2459 2161 2514 hoc
2198 2457 2402 2512 dictum
2435 2463 2538 2522 est,
2572 2455 2714 2525 quod
2759 2455 2859 2510 sub
2904 2453 3110 2524 angelis
3157 2453 3466 2508 constituta:
3515 2459 3644 2506 sunt

2056 2560 2244 2625 gentes
2267 2550 2424 2622 juxta
2453 2549 2727 2606 canticum
2770 2547 2936 2619 Moysi
2973 2547 3157 2602 famuli
3185 2546 3322 2601 Dei?
3361 2543 3642 2615 Nunquid-

2056 2657 2182 2699 nam
2217 2655 2346 2714 ergo
2397 2641 2486 2698 ille
2511 2641 2750 2712 angelus,
2784 2641 2885 2695 sub
2935 2653 3044 2710 quo
3068 2646 3223 2693 erant
3253 2636 3346 2691 ﬁlii
3373 2635 3638 2700 Ammon,

2057 2733 2290 2790 Chamos
2325 2733 2626 2804 appellatus
2650 2731 2767 2788 est?
2796 2731 2930 2798 Quis
2966 2731 3070 2786 hoc
3121 2729 3320 2783 audeat
3348 2725 3639 2789 afﬁrmare.

2058 2829 2172 2879 tum
2216 2823 2387 2893 possit
2431 2821 2655 2890 intelligi
2704 2821 2999 2876 secundum
3047 2817 3163 2886 ejus
3206 2816 3513 2886 opinionem
3561 2813 3643 2869 di-

2059 2912 2372 2982 ctum,quia
2403 2913 2628 2981 putabat
2651 2908 2820 2965 Deum
2850 2925 3006 2966 suum
3060 2909 3163 2962 hoc
3207 2905 3483 2978 possidere
3505 2945 3518 2967 ,
3555 2903 3640 2958 vel

2061 3004 2115 3058 in
2141 3003 2536 3074 possessionem
2579 2996 2680 3056 sibi
2710 3000 2954 3056 dedisse?
2983 2998 3149 3069 Magis
3179 3005 3358 3051 autem
3391 2995 3490 3050 iste
3516 3009 3642 3049 sene

2059 3110 2152 3152 sus
2179 3094 2354 3150 elucet
2376 3094 2428 3148 in
2457 3093 2542 3148 his
2565 3092 2764 3157 verbis,
2791 3103 2912 3162 qua:
2951 3090 3176 3146 Grazcus
3215 3089 3380 3144 habet
3405 3106 3419 3142 :
3453 3086 3643 3141 Nonne

2055 3201 2378 3256 quaecunque
2426 3183 2752 3238 Ittrreditabit
2795 3183 2888 3236 tibi
2927 3181 3153 3237 Chamos
3178 3179 3319 3235 Deus
3359 3189 3506 3243 tuus,
3531 3178 3644 3233 luce

2057 3274 2431 3331 Inereditabis?
2471 3281 2532 3328 ut
2570 3273 2624 3328 in
2657 3289 2724 3330 eo
2749 3273 2892 3342 quod
2917 3272 3155 3342 positum
3205 3281 3308 3333 est,
3341 3270 3454 3335 tibi,
3483 3267 3644 3323 intel-

2059 3368 2259 3436 ligatur
2298 3366 2372 3420 ita
2427 3364 2664 3429 dictum,
2701 3379 2767 3419 ac
2800 3363 2846 3419 si
2894 3364 3168 3418 diceretur
3207 3379 3220 3416 :
3255 3361 3403 3417 Sicut
3441 3358 3645 3414 videtur

2059 3456 2171 3509 tibi.
2203 3446 2318 3507 Tibi
2339 3455 2476 3507 enim
2503 3453 2852 3518 hwreditabit,
2892 3453 2982 3524 qui
3009 3453 3107 3506 hoc
3143 3461 3320 3522 putas,
3353 3465 3458 3504 non
3501 3448 3643 3518 quod

2058 3543 2148 3598 ille
2175 3541 2376 3610 aliquid
2399 3550 2584 3611 posset
2629 3542 2977 3597 luereditare.
3031 3541 3273 3610 Denique
3301 3541 3355 3594 in
3387 3553 3454 3594 co
3500 3539 3644 3608 quod

2059 3632 2304 3702 sequitur
2331 3650 2344 3686 :
2377 3631 2444 3686 Et
2475 3633 2652 3686 omnia
2670 3647 2991 3702 quacunque
3025 3630 3354 3685 Itwreditabit
3384 3629 3642 3683 Dominus

2061 3721 2202 3776 Deus
2250 3731 2445 3787 noster,
2479 3737 2585 3776 non
2617 3721 2773 3784 dixit,
2801 3720 3135 3775 hwreditabit
3182 3719 3353 3784 nobis,
3384 3727 3643 3787 tanquam

2061 3816 2281 3879 diceret,
2310 3812 2456 3868 Sicut
2489 3813 2690 3868 videtur
2715 3813 2894 3876 nobis,
2931 3812 3043 3876 sed,
3079 3828 3196 3867 rere
3249 3809 3574 3865 havreditabit
3610 3827 3644 3862 α

2062 3906 2196 3976 facie
2231 3915 2398 3960 vestra
2423 3939 2439 3971 ,
2484 3904 2740 3975 quoniam
2775 3904 2909 3974 ipsis
2957 3902 3222 3969 abstulit,
3260 3909 3316 3958 et
3342 3901 3427 3956 bis
3455 3900 3640 3957 dedit:

2061 3997 2195 4061 lucc,
2215 3994 2404 4066 inquit,
2434 3995 2882 4050 hcetweditabimus.

2133 4088 2210 4143 De
2237 4086 2344 4141 ﬁlia
2367 4094 2550 4141 autem
2575 4083 2790 4156 Jepbte,
2815 4085 2959 4156 quod
2987 4097 3108 4138 eam
3129 4091 3283 4154 pater
3307 4080 3360 4136 in
3387 4078 3644 4137 holocau-

2062 4186 2240 4234 stoma
2267 4177 2460 4234 obtulit
2492 4178 2623 4243 Deo,
2650 4178 2903 4247 quoniam
2940 4177 2994 4231 in
3023 4176 3164 4232 bello
3200 4183 3442 4239 voverat,
3470 4174 3514 4230 si
3559 4175 3644 4229 vi-

2061 4271 2246 4335 cisset,
2275 4284 2398 4324 eum
2435 4283 2494 4324 se
2537 4267 2942 4324 holocaustoma
2971 4266 3273 4322 oblaturum
3321 4265 3410 4334 qui
3441 4264 3544 4320 sibi
3577 4265 3645 4319 de

391 4357 642 4430 Sydonis,
669 4369 718 4414 et
745 4357 924 4425 Moab,
951 4367 999 4448 et
1025 4357 1254 4427 ﬁliorum
1283 4357 1503 4411 Ammon
1524 4368 1572 4411 et
1615 4357 1960 4420 Philisthiim.
1990 4397 2040 4455 ι)
2065 4361 2225 4418 domo
2247 4361 2435 4416 exiens
2458 4361 2817 4426 occurrisset;
2864 4359 3006 4430 quod
3039 4373 3164 4414 cum
3186 4357 3444 4420 vovisset,
3481 4357 3642 4420 vim;

389 4447 796 4522 dimiseruntque
825 4446 1134 4514 Dominum,
1165 4457 1214 4503 et
1244 4465 1349 4502 non
1371 4447 1605 4502 colebant
1650 4465 1790 4502 eum.
1821 4447 1961 4503 (Συη-
1994 4446 2033 4455 ”
2062 4461 2120 4508 et
2144 4460 2462 4507 occurrente
2487 4451 2590 4506 sibi
2623 4450 2748 4513 ﬁlia,
2781 4451 2926 4520 quod
2955 4457 3180 4504 voverat
3227 4447 3480 4512 reddidit,
3504 4446 3642 4502 solet

388 4546 470 4597 lra
499 4551 628 4614 quos
651 4532 1054 4596 iratuslradidit
1091 4556 1175 4594 eos
1201 4540 1254 4593 in
1290 4555 1477 4592 manus
1515 4536 1857 4604 Pltilistltiim,
1909 4548 1960 4594 et

389 4627 620 4703 ﬁliorum
660 4625 912 4696 Ammon,
942 4640 998 4687 et
1033 4640 1248 4686 caetera.
1280 4629 1607 4700 Adjecerunt
1655 4629 1819 4700 igitur
1865 4630 1958 4686 ﬁlii

388 4721 553 4779 Israel
582 4723 856 4780 deservire
886 4721 1088 4777 Baalim
1119 4729 1174 4777 et
1213 4721 1316 4776 diis
1339 4720 1551 4785 alienis,
1579 4721 1961 4775 tradebantur-

392 4829 496 4884 que
531 4812 583 4868 in
615 4828 805 4868 manus
836 4813 1066 4868 ﬁliorum
1114 4811 1365 4866 Ammon.
1413 4811 1802 4884 Tuuc_Jcphte
1849 4810 1960 4867 Ga-

389 4898 635 4970 laadi'tes,
671 4904 881 4975 fugiens
912 4920 941 4959 a
971 4903 1107 4958 facie
1135 4903 1363 4957 fratrum
1407 4918 1648 4968 suorum,
1681 4903 1964 4958 constitui-

392 5003 483 5050 tur
507 4995 562 5050 in
588 4996 884 5066 principem
935 4995 1005 5050 ob
1039 5008 1273 5063 pugnam
1321 4991 1548 5047 ﬁliorum
1574 4991 1801 5047 Ammon
1821 5033 1836 5057 ,
1871 4991 1964 5061 qui

394 5084 609 5141 rediens
630 5093 753 5155 post
781 5081 1111 5154 triumphum
1147 5081 1443 5137 immolavit
1469 5081 1658 5148 ﬁliam,
1691 5097 1812 5152 qua:
1861 5084 1964 5139 sibi

392 5170 586 5231 victori
608 5176 781 5246 prima
807 5181 1151 5230 occurrerat:
1189 5173 1268 5228 sic
1291 5173 1434 5228 enim
1457 5181 1639 5227 votum
1669 5173 1968 5243 spoponde-

396 5273 503 5330 rat,
529 5273 591 5319 ut
614 5265 870 5335 quidquid
904 5264 1004 5320 sibi
1055 5263 1288 5333 primum
1316 5263 1607 5318 revertenti
1637 5273 1970 5329 occurreret,

397 5355 625 5410 Domino
648 5355 965 5411 immolaret.
997 5353 1132 5422 Quia
1178 5367 1308 5424 ergo
1347 5353 1402 5408 in
1427 5352 1619 5424 Jephte
1647 5355 1972 5424 praznuntiao

399 5444 582 5509 batur,
611 5444 715 5498 nisi
745 5445 998 5501 Dominus
1035 5445 1189 5501 Jesus
1219 5444 1465 5500 Christus
1494 5454 1548 5498 et
1579 5445 1830 5500 Salvator
1875 5461 1970 5500 no-

400 5540 534 5598 ster,
559 5533 650 5603 qui
677 5549 707 5588 a
739 5533 876 5589 facie
913 5535 1136 5592 fratrum
1175 5549 1418 5600 suorum,
1460 5534 1511 5590 id
1533 5544 1636 5600 cst,
1664 5535 1968 5592 Judaeorum

401 5619 714 5692 abscedens,
743 5623 794 5679 in
818 5623 1063 5696 gentibus
1095 5625 1451 5696 principatum
1481 5625 1710 5697 accepit,
1744 5626 1836 5698 qui
1856 5643 1971 5683 om-

2060 4555 2186 4598 esse
2211 4557 2407 4612 magna
2431 4549 2486 4596 et
2511 4543 2577 4594 ad
2601 4539 3000 4610 dijudicandum
3031 4535 3340 4592 diliicillima
3372 4536 3598 4606 quiestio
3626 4551 3642 4588 :

2065 4632 2384 4702 quibusdam
2412 4631 2540 4702 quid
2568 4630 2670 4686 sibi
2700 4631 2803 4685 hoc
2827 4629 2956 4683 velit
3005 4641 3165 4683 nosse
3194 4627 3542 4697 cupientibus
3585 4637 3644 4682 et

2065 4723 2152 4793 pie
2175 4721 2569 4792 qumrentibus;
2627 4720 2948 4791 quibusdam
2987 4734 3152 4784 vero,
3201 4718 3293 4788 qui
3347 4718 3646 4789 Scripturis

2069 4813 2153 4868 his
2201 4812 2402 4868 sanctis
2451 4811 2697 4882 imperita
2753 4809 3031 4880 impietate
3086 4809 3474 4875 adversantur,
3540 4809 3644 4864 hoc

2070 4902 2304 4956 maxime
2337 4901 2390 4955 in
2413 4901 2618 4956 crimen
2653 4900 2969 4955 vocantibus
3003 4899 3142 4968 quod
3171 4898 3302 4968 legis
3329 4906 3384 4954 et
3415 4898 3646 4969 prophe-

2071 5000 2248 5046 tarum
2286 4990 2429 5046 Deus
2457 4990 2620 5045 etiam
2649 4989 2899 5045 humanis
2927 4989 3209 5045 sacriﬁciis
3231 4987 3640 5044 fueritdelecta-

2072 5092 2180 5136 tus.
2213 5081 2450 5148 Quorum
2476 5081 2760 5136 calumniis
2789 5081 2869 5137 sic
2920 5081 3172 5151 primitus
3217 5077 3602 5146 respondemus
3624 5118 3637 5138 ,

2073 5181 2134 5227 ut
2162 5173 2447 5229 Dominum
2469 5173 2602 5245 legis
2626 5180 2680 5228 et
2709 5173 3115 5243 prophetarum,
3141 5181 3300 5239 atque
3339 5175 3398 5221 ut
3432 5183 3644 5236 expres-

2072 5263 2187 5318 sius
2215 5263 2388 5319 dicam
2419 5262 2583 5317 Deum
2608 5263 2899 5326 Abraham,
2920 5272 2976 5317 et
2999 5264 3166 5318 Deum
3195 5259 3364 5323 isaac,
3391 5267 3448 5313 et
3474 5257 3640 5313 Deum

2069 5353 2257 5418 Jacob,
2288 5368 2388 5408 nec
2420 5352 2509 5408 illa
2547 5352 2811 5409 sacriﬁcia
2845 5348 3247 5427 delectaverint,
3272 5347 3360 5401 ubi
3389 5362 3643 5416 pecorum

2073 5442 2384 5498 holocausta
2419 5441 2814 5505 offerebantur;
2846 5440 2940 5494 sed
2967 5438 3109 5508 quod
3144 5435 3499 5505 signiﬁcativa
3528 5436 3645 5492 fue-

2072 5534 2202 5599 rint,
2231 5543 2284 5588 et
2303 5533 2545 5605 quaedam
2575 5533 2783 5587 umbra:
2819 5530 3140 5590 futurorum,
3178 5541 3265 5580 res
3301 5525 3446 5594 ipsas
3491 5527 3646 5582 nobis

2070 5642 2191 5696 qua:
2221 5625 2305 5682 his
2331 5623 2612 5682 sacriﬁciis
2643 5620 3104 5694 signiﬁcabantur,
3131 5619 3511 5676 commendare
3551 5634 3643 5672 w-
