4000 6186
443 245 579 299 ili!)

1090 239 1150 292 Β.
1190 235 1696 298 ltABANl‘MAURl
1731 236 2046 294 AliClllEP.
2091 237 2402 294 MOGUN'I‘.
2443 238 2726 296 OPERUM
2761 240 2938 294 PARS
2976 241 3014 294 l.

3553 250 3694 304 1180

437 358 620 412 luisse.
654 355 840 408 Fuisse
865 361 1042 406 autem
1073 354 1236 408 etiam
1265 355 1424 408 istam
1454 356 1638 410 utilem
1666 369 1885 410 causam
1914 368 2011 406 cur
2038 351 2086 409 Α
2105 348 2394 417 jubebatur
2442 352 2684 422 imperio.
2722 351 2922 406 Deinde
2961 367 3069 406 non
3116 352 3287 408 solum
3343 354 3398 408 in
3444 371 3543 410 sua
3573 358 3684 430 lege

438 452 528 504 illa
553 454 910 510 mutarentur,
937 461 1035 500 nec
1062 447 1221 501 modo
1260 446 1599 514 iuberentur,
1631 449 1738 501 imo
1763 447 2012 516 prohibe-

435 550 624 596 rentur
649 538 852 600 oll‘erri,
883 552 948 590 ne
974 551 1098 591 vere
1130 537 1422 592 secundum
1465 538 1735 593 carnalem
1759 537 2010 591 allectum

439 634 633 687 talibus
672 631 840 683 Deum
874 628 1130 682 delectari
1165 637 1493 697 putaremus.

507 721 612 775 Sed
653 729 832 774 utrum
891 720 1052 772 etiam
1089 717 1340 770 humanis
1388 717 1674 771 sacriﬁciis
1716 716 2008 786 signiﬁcari

437 812 614 865 futura
642 808 962 878 oportuerit,
1005 808 1199 861 merito
1226 808 1485 874 qua-ritur
1511 825 1524 860 :
1563 822 1668 860 non
1695 807 1836 874 quod
1869 822 2012 859 mor-

436 912 517 958 tes
546 901 831 955 hominum
870 898 1190 966 quandoque
1223 898 1609 952 moriturorum
1642 898 1694 950 in
1725 897 1824 950 hac
1850 912 2010 951 causa

435 996 818 1048 exhorrescere
845 1000 900 1044 et
927 991 1218 1045 formidare
1245 991 1582 1053 deberemus,
1608 991 1652 1044 si
1677 990 1751 1043 illi
1776 991 1864 1058 qui
1895 991 2012 1044 lucc

439 1087 503 1137 de
531 1099 589 1138 se
617 1083 731 1137 ﬁeri
760 1081 1378 1150 gratanteraccipercnt,
1396 1081 1450 1133 in
1479 1089 1678 1133 interna
1702 1095 2013 1133 remunera-

433 1173 581 1228 tione
603 1173 1110 1227 commendarentur
1131 1171 1239 1224 Deo
1263 1188 1276 1222 :
1307 1170 1401 1224 sed
1437 1170 1480 1222 si
1508 1171 1611 1222 hoc
1634 1185 1816 1222 verum
1835 1177 2006 1233 esset,

439 1267 542 1319 hoc
565 1281 732 1336 genus
755 1263 1143 1319 sacriﬁciorum
1172 1262 1281 1316 Deo
1320 1277 1423 1316 non
1449 1260 1790 1329 displiceret;
1826 1260 2012 1329 displi-

432 1371 557 1411 cere
599 1367 776 1410 antem
818 1357 948 1420 Deo,
979 1355 1111 1410 satis
1145 1354 1423 1408 evidenter
1476 1353 1663 1408 eadem
1729 1353 2009 1421 Scriptura

434 1454 684 1499 testatur.
714 1444 847 1498 Nam
881 1460 1000 1498 cum
1033 1444 1212 1498 omnia
1240 1443 1592 1512 primogenita
1623 1442 1723 1498 sibi
1754 1442 1920 1496 dicari
1957 1449 2014 1496 et

432 1551 530 1590 sua
557 1551 676 1589 esse
702 1533 932 1588 voluerit
956 1542 1116 1602 atque
1141 1534 1486 1602 praeceperit,
1539 1533 1726 1586 redimi
1771 1542 1947 1586 tamen
1978 1548 2008 1586 a

435 1641 493 1680 se
530 1627 693 1681 voluit
716 1627 1070 1695 primogenita
1096 1626 1394 1690 hominum,
1419 1640 1486 1679 ne
1513 1625 1866 1679 immolandos
1889 1625 2000 1678 Deo

435 1719 716 1773 crederent
744 1719 880 1773 ﬁlios
911 1734 1056 1780 suos,
1092 1733 1236 1787 quos
1257 1725 1412 1772 natos
1458 1717 1708 1786 primitus
1738 1716 2006 1786 suscepis-
2037 1693 2083 1753 Β

429 1821 553 1866 sent
587 1811 781 1880 (Exod.
807 1811 946 1879 xui).
970 1810 1170 1863 Deinde
1214 1810 1315 1862 hoc
1339 1809 1579 1877 apertius
1606 1808 1680 1861 ita
1739 1808 2006 1877 loquitur,

434 1900 577 1966 quod
605 1900 837 1952 humana
871 1898 1183 1952 holocausta
1207 1897 1286 1951 sic
1311 1898 1452 1952 Deus
1491 1897 1775 1966 improbet,
1806 1905 1865 1951 ut
1885 1912 2008 1964 pro-

431 1990 636 2054 hibeat,
669 1991 946 2044 detestans.
982 2003 1044 2043 ea
1078 1989 1131 2042 in
1165 1988 1286 2042 aliis
1314 1988 1585 2058 gentibus,
1613 1995 1667 2041 ct
1692 1985 1884 2055 populo
1912 2003 2010 2041 suo

429 2080 749 2148 prmcipiens
792 2094 858 2132 ne
899 2079 1097 2133 audeat
1125 2078 1322 2131 imitari
1352 2094 1363 2129 :
1392 2075 1450 2130 Si
1481 2087 1676 2142 autem,
1701 2077 1895 2145 inquit,
1919 2093 2010 2130 επ-
2046 2113 2049 2118 η

431 2170 786 2225 terminaverit
816 2170 1068 2224 Dominus
1093 2169 1230 2222 Deus
1256 2177 1375 2221 tuus
1406 2177 1578 2236 gentes
1607 2205 1622 2232 ,
1685 2167 1739 2220 in
1771 2183 1901 2236 quas
1953 2176 2010 2220 tu

433 2265 599 2316 intras
656 2262 968 2316 Iiwretlitare
1016 2270 1210 2315 terram
1260 2276 1440 2314 eorum
1485 2276 1518 2312 α
1570 2268 1841 2328 conspectu
1885 2268 2006 2322 tuo,

431 2353 761 2409 litereditabis
787 2369 892 2416 eos,
922 2363 968 2406 et
995 2352 1252 2406 Itabitabis
1281 2352 1336 2406 in
1379 2363 1520 2405 terra
1548 2367 1760 2416 eorum;
1805 2349 2010 2404 attende

433 2447 525 2501 tibi
552 2448 659 2516 ipsi
681 2463 743 2499 ne
773 2446 1018 2515 exquiras
1045 2446 1189 2514 sequi
1217 2461 1302 2498 eos
1323 2484 1336 2507 ,
1363 2452 1638 2514 postquam
1683 2442 2009 2496 exterminati

434 2537 628 2605 fuerint
654 2553 684 2588 a
726 2535 859 2603 [acie
883 2545 1007 2595 tua,
1047 2549 1108 2587 ne
1137 2533 1378 2603 exquiras
1424 2531 1546 2584 deos
1574 2545 1753 2584 eorum
1791 2529 2008 2582 dicens:

435 2627 884 2694 Quemadmodum
942 2626 1139 2696 faciunt
1190 2634 1364 2695 gentes
1399 2624 1499 2677 diis
1529 2624 1639 2677 suis
1670 2662 1684 2686 ,
1730 2621 1924 2690 faciam
1961 2629 2010 2674 et

431 2737 545 2789 ego.
576 2719 702 2773 Non
731 2719 892 2787 facies
935 2707 1011 2771 ita
1040 2717 1267 2770 Domino
1290 2715 1400 2768 Deo
1435 2724 1560 2776 tuo;
1593 2713 2011 2766 abominamenta

427 2809 568 2862 enim
595 2824 711 2877 qua:
751 2806 1004 2860 Dom-inus
1033 2806 1160 2870 odit,
1195 2805 1424 2873 fecerunt
1463 2803 1564 2856 diis
1602 2803 1735 2866 suis,
1763 2801 2010 2873 quoniam

431 2912 479 2957 et
508 2903 644 2971 ﬁlios
689 2919 810 2956 suos
840 2909 888 2955 et
925 2900 1072 2969 ﬁlias
1096 2915 1218 2954 snas
1263 2897 1571 2964 comburunt
1619 2896 1729 2966 igni
1767 2895 1868 2950 diis
1899 2894 2009 2949 suis

429 2994 612 3065 (Deut.
640 2993 759 3063 xu).
777 2992 912 3059 Quid
929 2991 1230 3050 evidentius
1257 2989 1467 3044 ostendi
1493 2996 1667 3058 potest
1695 2987 1779 3041 his
1808 2995 2011 3041 sanctae

2113 454 2316 512 postea,
2340 460 2527 498 verum
2566 445 2726 498 etiam
2753 455 2880 499 tunc
2907 445 3046 499 Deus
3085 447 3138 498 in
3175 446 3288 514 ipso
3313 447 3552 500 Abraha:
3581 448 3684 504 ﬁlio

2114 531 2308 586 talibus
2329 533 2611 587 sacriﬁciis
2647 549 2808 602 quam
2837 550 2940 587 non
2971 535 3331 590 delectaretur
3353 577 3368 600 ,
3416 539 3687 602 ostendit;

2112 636 2232 676 cum
2261 633 2468 691 patrem
2508 623 2659 689 cujus
2695 624 2853 677 ﬁdem
2887 625 3126 693 jubendo
3159 627 3502 695 probaverat,
3534 644 3564 680 a
3594 629 3692 684 ﬁlii

2111 718 2289 765 tamen
2319 712 2690 768 interiectione
2721 714 3012 781 prohibuit,
3042 725 3098 769 et
3117 717 3364 781 arietem,
3387 734 3498 786 quo
3519 722 3694 775 sacri-

2112 801 2290 856 ﬁcium
2319 803 2462 856 licite
2484 803 2776 858 secundum
2827 813 3072 858 veterum
3101 821 3394 874 congruam
3429 811 3695 878 temporis

2111 893 2549 947 consuetudinem
2582 894 2963 962 compleretur,
2983 896 3252 964 apposuit.

2183 983 2238 1037 Si
2273 991 2449 1037 autem
2477 986 2580 1038 hoc
2603 1001 2926 1055 quemquam
2953 995 3152 1049 movet,
3180 989 3448 1055 quomodo
3467 990 3555 1057 pie
3577 1007 3692 1045 cre-

2112 1073 2306 1127 diderit
2342 1074 2610 1128 Abraham
2647 1075 2813 1129 Deum
2845 1076 3128 1129 sacriﬁciis
3172 1077 3368 1132 talibus
3397 1079 3688 1143 delectari,

2111 1164 2158 1218 si
2207 1165 2321 1218 haec
2367 1165 2548 1219 illicde
2592 1163 2891 1219 olferuntur
2921 1165 3072 1228 Deo;
3119 1174 3174 1218 et
3204 1165 3322 1219 ideo
3353 1176 3506 1234 putat
3542 1178 3691 1223 recte

2111 1257 2403 1312 credidisse
2451 1258 2616 1311 etiam
2661 1255 2851 1325 Jephte
2893 1257 3035 1326 quod
3085 1257 3187 1310 tale
3221 1259 3549 1312 sacriﬁcium
3579 1259 3690 1314 Deo

2111 1362 2231 1401 esse
2258 1356 2438 1416 posset
2465 1353 2780 1415 acceptum:
2823 1347 2998 1415 primo
3039 1347 3344 1401 consideret
3385 1347 3529 1401 aliud
3570 1363 3692 1402 esse

2113 1439 2254 1492 ultro
2286 1453 2523 1501 movere,
2555 1437 2700 1492 aliud
2729 1436 2939 1506 jubcnti
2969 1439 3363 1507 obtemperare.
3395 1438 3514 1498 Non
3539 1439 3688 1492 enim

2112 1531 2157 1585 si
2189 1529 2391 1598 aliquid
2417 1540 2613 1598 prmter
2639 1544 2844 1582 morem
2876 1529 2928 1582 in
2957 1528 3118 1582 domo
3147 1545 3176 1581 a
3215 1529 3442 1583 Domino
3473 1531 3690 1583 institu-

2113 1627 2226 1673 tum
2246 1620 2654 1689 servojubetur,
2672 1629 2832 1688 atque
2855 1619 2907 1672 id
2929 1619 3182 1674 laudabili
3209 1621 3513 1675 obedientia
3539 1619 3688 1684 facit,

2111 1709 2230 1764 ideo
2259 1725 2364 1763 non
2395 1717 2478 1764 est
2502 1708 2834 1778 plectendas,
2874 1709 2918 1764 si
2961 1710 3065 1764 hoc
3109 1709 3290 1764 facere
3333 1720 3521 1780 sponte
3550 1727 3690 1780 pra:-

2111 1803 2420 1872 sumpserit.
2453 1801 2656 1855 Deinde
2688 1801 2921 1855 habebat
2945 1801 3087 1869 quod
3115 1801 3366 1856 crederet
3392 1801 3688 1868 Abraham,

2111 1903 2169 1948 ut
2195 1901 2412 1962 propter
2433 1893 2674 1946 divin-um
2699 1891 2979 1960 imperium
3006 1905 3112 1944 non
3142 1899 3390 1959 parceret
3423 1891 3549 1955 liiio,
3581 1905 3691 1944 non

2111 1989 2338 2044 credens
2379 1988 2550 2042 Deum
2581 1985 2715 2042 tales
2750 1985 2994 2041 victimas
3033 1984 3258 2038 licenter
3287 1983 3564 2052 accipere,
3597 1982 3692 2037 sed

2111 2082 2216 2135 hoc
2242 2095 2364 2134 eum
2393 2087 2677 2148 propterea
2696 2075 2946 2145 jussissc,
2976 2083 3036 2130 ut
3058 2077 3402 2131 resuscitaret
3425 2075 3690 2138 occisum,

2111 2178 2168 2224 et
2193 2169 2320 2223 hinc
2343 2169 2564 2238 aliquid,
2599 2178 2852 2236 tanquam
2891 2167 3034 2221 Deus
3064 2167 3308 2236 sapiens,
3355 2167 3692 2220 demonstra-

2113 2271 2213 2316 ret.
2259 2260 2389 2314 Nam
2431 2261 2534 2314 hoc
2559 2259 2624 2313 de
2653 2259 2743 2312 illo
2773 2259 2936 2313 etiam
2973 2258 3026 2310 iu
3052 2257 3291 2326 Epistula
3320 2257 3547 2327 legitur,
3573 2272 3692 2325 qua:

2113 2350 2426 2406 inscribitur
2451 2351 2520 2404 ad
2544 2349 2834 2413 Ilebrreos;
2875 2357 2931 2402 et
2974 2348 3106 2403 ﬁdes
3142 2346 3286 2415 ejus,
3317 2347 3444 2417 quia
3488 2347 3592 2402 hoc
3623 2347 3692 2402 de

2117 2441 2226 2496 Deo
2258 2441 2549 2495 crediderit
2569 2440 2711 2509 quod
2738 2447 2918 2508 posset
2941 2437 3108 2492 ﬁlium
3137 2436 3253 2505 ejus
3275 2439 3560 2500 suscitare,
3581 2436 3694 2490 lano

2113 2535 2274 2589 datur
2299 2531 2487 2603 (Hebr.
2519 2532 2616 2601 x1).
2639 2533 2744 2587 lste
2764 2545 2892 2585 vero
2919 2539 2972 2586 et
2995 2530 3104 2585 Deo
3131 2545 3236 2583 non
3254 2529 3496 2596 jubente,
3522 2541 3693 2596 neque

2114 2633 2391 2696 poscente,
2423 2631 2478 2676 et
2508 2631 2702 2678 contra
2725 2622 3019 2692 legitimum
3048 2621 3164 2690 ejus
3199 2627 3525 2689 przreeptum
3553 2617 3692 2671 ultro

2116 2714 2439 2769 sacriﬁcium
2467 2712 2613 2766 vovit
2635 2713 2950 2766 humanum.
2992 2710 3083 2764 Sic.
3106 2710 3250 2763 enim
3281 2709 3544 2778 scriptum
3575 2716 3689 2761 est:

2115 2801 2184 2858 Et
2213 2805 2342 2858 vovit
2376 2803 2558 2873 Jeplite
2581 2811 2752 2856 votum
2782 2801 3026 2863 Domino,
3057 2809 3102 2852 et
3131 2799 3261 2854 dixit
3285 2815 3302 2852 :
3329 2797 3385 2852 Si
3414 2797 3692 2850 traditione

2117 2894 2395 2948 tradideris
2434 2893 2559 2946 milii
2602 2891 2741 2960 ﬁlios
2766 2892 2989 2943 Ammon
3033 2891 3090 2942 in
3135 2905 3293 2941 maim
3321 2905 3456 2949 mea,
3486 2897 3533 2939 et
3573 2886 3689 2948 erit,

2116 2986 2407 3055 quicunque
2441 2983 2622 3037 exierit
2652 2981 2714 3034 tle
2733 2981 2918 3050 januis
2959 2980 3144 3032 domus
3177 2994 3305 3030 JNCtT.’
3332 2976 3535 3029 ebriam
3570 2974 3691 3025 milii

435 3083 728 3150 Scriptura:
759 3081 1102 3144 testimoniis,
1132 3088 1184 3133 ut
1211 3080 1314 3132 alia
1348 3078 1715 3147 hujuscemodi
1741 3077 2006 3139 omittam,
2037 3078 2080 3138 C
2112 3077 2167 3130 in
2199 3076 2494 3131 revertendo
2518 3093 2596 3129 me
2624 3076 2678 3127 in
2705 3090 2830 3143 pace
2859 3090 2890 3124 (ι
2919 3072 3042 3140 ﬁliis
3070 3071 3314 3132 Ammon,
3346 3078 3392 3122 et
3429 3069 3550 3128 erit,
3588 3065 3691 3118 Do-

432 3189 595 3245 quam
619 3174 805 3238 Deum,
831 3190 860 3226 a
902 3188 1007 3241 quo
1052 3173 1165 3226 hinc
1215 3171 1492 3239 Scriptura
1555 3169 1788 3222 humano
1831 3166 2011 3236 generi

432 3267 738 3320 contributa
769 3275 984 3319 estnon
1016 3265 1188 3318 solum
1222 3278 1326 3316 non
1359 3261 1598 3329 diligere,
1629 3274 1814 3313 verum
1846 3258 2011 3312 etiam

433 3359 612 3412 odisse
642 3357 766 3410 talia
809 3357 1096 3418 sacriﬁcia,
1133 3358 1184 3408 in
1217 3355 1410 3423 quibus
1440 3355 1685 3408 homines
1729 3353 2010 3408 immolan-

433 3447 554 3500 tur?
583 3447 672 3500 Illa
699 3447 853 3515 plane
879 3447 1052 3516 diligit
1078 3454 1131 3500 et
1166 3453 1407 3510 coronat,
1430 3461 1552 3499 cum
1583 3445 1812 3513 quisque
1833 3443 2012 3512 justus

437 3538 773 3605 iniquitatem
802 3538 1012 3606 patiens
1045 3552 1215 3606 usque
1253 3537 1320 3589 ad
1368 3544 1594 3589 mortem
1649 3549 1746 3604 pro
1783 3536 2012 3588 veritate

429 3629 693 3692 decertat,
727 3629 810 3682 vel
845 3629 913 3682 ab
937 3629 1172 3684 inimicis
1199 3644 1335 3698 quos
1384 3643 1482 3697 pro
1505 3627 1716 3697 justitia
1749 3625 2006 3690 oﬁ‘endit,

434 3721 732 3785 occiditur,
779 3721 1082 3774 retribucns
1127 3720 1206 3774 eis
1254 3721 1392 3774 bona
1417 3733 1520 3788 pro
1555 3717 1744 3779 malis,
1797 3717 1849 3772 id
1891 3725 2008 3780 est,

433 3825 534 3880 pro
570 3810 693 3865 odio
747 3811 1105 3864 dilectionem.
1140 3809 1320 3862 Talem
1348 3809 1474 3862 dicit
1510 3808 1765 3862 Dominus
1795 3807 2010 3876 sangui-

437 3916 559 3954 ucm
595 3899 798 3968 justum
829 3918 857 3954 a
893 3901 1151 3970 sanguine
1197 3900 1350 3963 Abel,
1381 3914 1549 3968 usque
1597 3899 1662 3952 ad
1697 3899 2009 3968 sanguinem

434 3993 712 4046 Zachariae
743 3990 956 4061 (Matth.
997 3990 1174 4060 xxul).
1211 3991 1481 4058 Praecipue
1512 3998 1691 4044 autem
1721 3989 1862 4056 quod
1887 4004 2011 4042 san-

435 4084 650 4150 guinem
679 4082 950 4150 fuditipsc
979 4097 1076 4150 pro
1102 4083 1254 4135 nobis
1277 4121 1291 4145 ,
1338 4089 1394 4135 et
1418 4080 1742 4135 sacriﬁcium
1773 4081 2008 4149 seipsum

433 4175 634 4230 obtulit
659 4176 796 4240 Deo;
830 4176 908 4229 sic
937 4173 1122 4242 utique
1151 4171 1340 4227 obtulit
1367 4212 1381 4237 ,
1439 4179 1496 4224 ut
1529 4172 1597 4225 ab
1629 4171 1861 4226 inimicis
1911 4187 2010 4240 pro

429 4267 638 4335 justitia
682 4266 1040 4320 occideretur.
1073 4263 1223 4318 Hunc
1261 4263 1468 4316 imitata
1502 4271 1799 4332 martyrum
1844 4262 2009 4316 millia

437 4373 606 4428 usque
653 4359 720 4412 ad
775 4367 1004 4412 mortem
1045 4372 1144 4426 pro
1190 4357 1418 4410 veritate
1475 4363 1781 4418 certarunt,
1829 4363 1884 4409 et
1936 4335 2006 4408 ab

2115 3165 2255 3218 mitto
2285 3165 2502 3232 o/j‘eram
2531 3161 3089 3216 eum/iolocaustonm.
3119 3157 3233 3212 Non
3256 3158 3442 3227 utique
3470 3157 3554 3210 his
3579 3170 3691 3208 ver-

2113 3254 2195 3310 bis
2217 3271 2378 3325 pecus
2404 3255 2620 3324 aliquod
2648 3255 2813 3316 vovit,
2845 3253 2984 3323 quod
3015 3251 3308 3306 secundum
3340 3250 3512 3317 legem
3540 3247 3688 3300 holo-

2113 3357 2388 3402 caustoma
2435 3355 2616 3415 posset
2661 3345 2874 3400 olferre.
2924 3343 3105 3412 Neque
3155 3342 3300 3395 enim
3341 3350 3424 3395 cst
3464 3347 3556 3392 aut
3598 3337 3691 3389 fuit

2080 3465 2084 3469 -
2111 3437 2540 3500 consuetudinis,
2570 3444 2628 3488 ut
2658 3435 3004 3490 redeuntibus
3029 3449 3151 3487 cum
3183 3431 3405 3486 victoria
3448 3431 3514 3483 de
3555 3427 3689 3482 bello

2113 3531 2338 3584 ducibus
2367 3544 2560 3598 pecora
2585 3534 2953 3581 occurrerent.
2988 3525 3256 3590 Quantum
3297 3530 3474 3573 autem
3504 3520 3694 3572 attinet

2113 3624 2181 3678 ad
2209 3633 2357 3678 muta
2386 3621 2634 3675 animalia
2659 3661 2671 3684 ,
2717 3633 2882 3674 canes
2924 3617 3096 3673 solent
3125 3615 3356 3667 dominis
3390 3613 3586 3665 blando
3615 3609 3690 3661 lae

2111 3715 2316 3769 mulatu
2343 3713 2645 3766 alludentes'
2664 3724 2885 3764 currere
2914 3708 2966 3760 iu
2997 3706 3207 3760 obviam
3235 3721 3249 3770 ;
3293 3704 3358 3755 de
3385 3701 3578 3769 quibus
3609 3698 3692 3751 ille

2115 3806 2165 3859 in
2193 3819 2290 3858 suo
2317 3812 2442 3856 vnto
2471 3802 2707 3871 cogitare
2746 3813 2852 3850 non
2887 3805 3097 3866 posset,
3129 3809 3196 3846 ne
3236 3795 3286 3844 in
3321 3789 3568 3857 injuriam
3602 3787 3689 3839 Dci

2114 3895 2315 3963 aliquid
2340 3907 2445 3946 non
2473 3891 2642 3944 solum
2676 3888 2942 3949 illicitum,
2973 3900 3155 3937 verum
3179 3882 3341 3935 etiam
3367 3877 3690 3945 (‘outcu'pii-

2114 3987 2242 4050 bile,
2272 3991 2325 4040 ct
2347 3983 2641 4038 secundum
2681 3979 2851 4048 legem
2890 3975 3224 4030 immundum
3255 3972 3466 4024 vovisse
3490 3968 3693 4021 videte-

2115 4086 2220 4131 tur.
2252 4075 2360 4128 Nec
2387 4074 2462 4127 ait
2490 4089 2502 4124 ε
2540 4070 2894 4138 Quodcunque
2924 4067 3037 4120 ierit
3065 4065 3126 4118 de
3145 4063 3328 4134 jauuis
3356 4061 3541 4112 donius
3568 4072 3690 4109 ιηιτιε

2112 4167 2166 4218 in
2193 4164 2392 4218 obviam
2422 4161 2570 4224 mihi,
2599 4160 2816 4228 o/feram
2843 4155 2973 4210 illud
2998 4153 3390 4207 holocaustoma
3415 4165 3432 4212 ;
3466 4147 3557 4201 sed
3579 4145 3685 4198 ait:

2116 4255 2423 4323 Quicunque
2451 4251 2662 4314 exierit,
2701 4248 2917 4317 offeram
2960 4258 3118 4299 eum:
3164 4242 3254 4295 ubi
3290 4239 3485 4310 procul
3531 4237 3688 4290 dubio

2115 4344 2247 4399 nihil
2293 4343 2438 4397 aliud
2486 4355 2648 4410 quam
2695 4337 2966 4400 hominem
3011 4331 3307 4402 cogitavit;
3357 4345 3462 4382 non
3512 4335 3686 4379 tamen

435 4416 669 4505 mir-uicis
740 4416 1090 4519 sequemmu's
1140 4447 1414 4503 immolata
1465 4455 1628 4508 sum;
1689 4416 1776 4501 de-
1811 4448 2007 4517 quibus
2035 4416 2084 4473 Ῐ)
2110 4436 2341 4488 fortasse
2372 4432 2586 4485 unicam
2616 4429 2804 4492 ﬁliam,
2833 4439 3140 4496 quanquam
3175 4421 3317 4474 illam
3346 4418 3396 4471 in
3429 4424 3688 4519 tannta'pa-

435 4538 567 4594 dicit
611 4538 934 4608 Scriptura:
977 4535 1246 4606 Tanquam
1298 4552 1486 4589 aurum
1539 4536 1592 4589 in
1633 4534 1844 4603 fornace
1888 4553 2008 4605 pro-

437 4631 573 4684 bavit
622 4632 740 4684 illos
769 4672 782 4695 ,
853 4640 900 4683 et
961 4629 1094 4682 sicut
1160 4627 1466 4682 holocausta
1531 4626 1758 4680 hostium
1814 4627 2008 4694 arrepit

435 4723 558 4775 illos
598 4723 745 4792 (Sap.
785 4722 889 4793 ιιι).
922 4721 1075 4776 Unde
1113 4730 1168 4774 et
1187 4718 1475 4788 Apostolus
1516 4716 1646 4771 dicit
1678 4735 1690 4770 :
1737 4716 1846 4786 Ego
1871 4717 2007 4769 enim

429 4815 543 4886 jam
583 4814 840 4867 immolor.
899 4813 1004 4868 Sed
1039 4827 1145 4867 non
1179 4812 1257 4866 sic
1285 4809 1477 4879 Jephte
1511 4811 1575 4864 de
1617 4808 1724 4862 tilia
1755 4807 1878 4862 fecit
1914 4809 2009 4863 ho-

437 4913 770 4966 locaustoma
811 4909 1070 4973 Domino;
1125 4908 1217 4961 sed
1265 4906 1403 4961 sicut
1456 4910 1782 4974 praeceptum
1837 4901 2011 4956 fuerat

435 5022 633 5081 pecora
662 5003 863 5066 offerri,
894 5011 948 5055 et
974 5003 1302 5072 prohibitum
1333 5001 1508 5055 fuerat
1539 4997 1784 5052 homines
1813 4997 2007 5051 immo-

439 5100 559 5155 lari.
594 5096 762 5166 Magis
805 5094 906 5148 hoc
933 5092 1006 5144 illi
1053 5091 1227 5145 simile
1255 5091 1466 5144 videtur
1494 5088 1636 5158 quod
1670 5087 1798 5140 fecit
1831 5087 2000 5140 Abra-

437 5195 584 5257 ham,
609 5189 751 5261 quod
777 5185 1032 5241 Dominus
1071 5183 1374 5251 specialiter
1403 5181 1518 5234 ﬁeri
1566 5179 1821 5250 prmcepit
1852 5175 2002 5250 (Gen.

436 5283 594 5356 χχιι),
625 5299 730 5336 non
762 5276 993 5350 generali
1022 5275 1134 5344 lege
1155 5282 1212 5327 ut
1241 5273 1364 5325 talia
1389 5271 1487 5324 sibi
1511 5271 1775 5325 sacriﬁcia
1820 5269 2010 5324 ﬁerent

440 5376 725 5444 aliquando
754 5369 1045 5431 mandavit,
1081 5367 1189 5420 imo
1225 5365 1386 5418 etiam
1422 5362 1534 5414 ﬁeri
1585 5361 1812 5414 omnino
1830 5359 2011 5428 prohi-

440 5467 574 5519 bnit.
625 5464 795 5518 Distat
829 5463 1010 5530 itaque
1047 5461 1147 5513 hac
1187 5456 1327 5526 quod
1375 5453 1563 5523 .lcphte
1617 5452 1741 5506 fecit
1786 5469 1814 5505 a
1871 5451 2010 5505 facto

441 5557 697 5618 Alu‘nhm,
743 5554 992 5620 quoniam
1043 5553 1154 5620 ipse.
1200 5549 1382 5618 jussus
1425 5546 1616 5599 obtulit
1660 5546 1821 5598 lilium
1851 5586 1864 5607 ,
1912 5544 2011 5596 istc

445 5655 620 5698 autem
651 5646 775 5700 fecit
805 5648 944 5714 quod
973 5657 1025 5700 et
1056 5647 1170 5716 lege
1214 5641 1517 5706 vetabatur,
1553 5647 1604 5696 ct
1630 5639 1772 5695 nulio
1794 5635 2009 5707 sprululi

2111 4538 2262 4580 terna
2287 4523 2451 4594 gloria
2479 4521 2599 4590 quis
2619 4527 2799 4588 posset
2818 4517 3046 4579 anteire,
3077 4513 3179 4568 nisi
3205 4511 3342 4565 forte
3362 4509 3536 4563 uxor?
3556 4504 3684 4559 Nam

2110 4617 2253 4686 quod
2291 4630 2396 4668 non
2432 4611 2596 4675 dixit,
2634 4624 2982 4679 qua’cunqua,
3025 4605 3146 4668 sed,
3184 4603 3477 4672 quicunque
3508 4595 3685 4650 exierit

2109 4713 2173 4766 de
2215 4711 2394 4780 januis
2420 4709 2605 4761 domus
2632 4719 2786 4765 mem,
2827 4700 2966 4755 solet
3007 4697 3286 4765 Scriptura
3332 4689 3683 4744 masculinum

2107 4819 2277 4874 genus
2307 4817 2404 4871 pro
2445 4797 2682 4868 quolibet
2726 4809 2856 4849 sexu
2888 4803 3085 4861 ponere
3107 4827 3120 4851 ,
3154 4786 3294 4840 sicut
3321 4782 3387 4836 de
3417 4780 3683 4834 Abraham

2116 4898 2316 4950 dictum
2343 4902 2457 4947 est:
2491 4891 2720 4958 Surgeus
2748 4904 2780 4940 a
2810 4893 3012 4939 mortuo
3041 4878 3189 4950 (Cen.
3217 4874 3404 4944 mu);
3430 4888 3551 4927 cum
3575 4868 3685 4938 ejus

2116 5004 2252 5042 uxor
2277 4994 2487 5042 mortua
2517 4983 2723 5037 luisset.
3383 5039 3394 5054 Ι

2185 5081 2317 5147 Quia
2351 5093 2480 5147 ergo
2516 5076 2581 5129 tle
2620 5073 2722 5127 hoc
2758 5079 2880 5125 voto
2920 5076 3078 5135 atque
3126 5062 3266 5117 facto
3305 5057 3439 5113 nihil
3480 5055 3686 5108 videtur

2116 5174 2391 5241 Scriptura
2408 5169 2702 5238 judicassc,
2723 5164 2860 5218 sicut
2882 5161 2947 5214 de
2972 5156 3264 5216 Abraham,
3280 5151 3494 5222 quando
3526 5148 3686 5199 lilium

2109 5269 2293 5336 jussus
2335 5263 2559 5323 obtulit,
2604 5255 2943 5328 apertissime
2971 5249 3269 5321 judicavit;
3311 5244 3404 5298 scd
3453 5249 3685 5336 tantum—

2117 5329 2274 5413 iuodo
2321 5356 2578 5423 scriptum
2631 5348 2912 5416 reliquisse
2957 5341 3258 5413 legentibus
3300 5329 3685 5423 judicandum,

2116 5415 2564 5522 quemadmodum
2597 5443 2664 5496 dc.
2691 5415 2835 5494 facto
2861 5435 3029 5499 ludit,
3060 5431 3154 5486 ﬁlii
3182 5427 3368 5491 Jacub,
3391 5421 3604 5493 quando
3625 5415 3690 5470 ad

2115 5521 2308 5597 nurum
2341 5537 2554 5608 quidem
2584 5547 2738 5586 suum
2768 5527 3013 5584 nesciens
3042 5521 3290 5584 intravit,
3322 5529 3504 5570 verum
3529 5523 3686 5581 quan-

2119 5645 2230 5689 tum
2264 5634 2313 5686 in
2353 5605 2464 5698 ipe
2495 5626 2672 5682 luerat
2699 5621 3009 5697 lornicatus
3037 5625 3116 5673 cst
3138 5657 3152 5682 ,
3193 5612 3318 5683 quia
3351 5605 3686 5672 meretricem
