4000 6186
286 265 443 322 “8|
842 289 879 299 -’

1216 261 1571 318 ΕΟΞΙΜΕΝΤ.
1612 261 1681 318 ΙΝ
1717 261 1845 317 LIB.
1883 260 2198 318 IUDICUM.
2237 290 2311 307 -η
2346 260 2472 316 LIB.
2511 264 2575 319 Il.

3424 268 3562 325 Ηδῖ

282 377 520 449 puum
557 370 708 449 (σεξτ,
742 372 1000 443 nm"),
1033 387 1208 443 neque
1238 372 1558 441 approbavit
1599 372 1702 427 hoc
1736 371 1888 451 scri-
1916 374 1969 433 Α
1995 379 2191 426 tamus.
2233 369 2344 426 Nec
2386 377 2567 426 tamen
2603 386 2668 427 ex
2709 374 2811 430 hoc
2859 375 2964 431 ulla
3004 377 3075 432 sit
3117 377 3312 446 injuria
3349 381 3564 449 spiritui

280 480 469 541 ptura
496 483 670 537 neque
694 466 1018 536 reprobavit,
1049 466 1143 521 sed
1167 467 1373 536 iustitia
1411 475 1468 520 et
1494 465 1605 521 Dei
1623 466 1739 537 lege
1763 480 1892 520 cono

283 561 454 617 sulta
478 557 861 615 mstimandum
883 557 1322 626 pensandumque
1346 556 1568 611 dimisit.
1600 557 1734 623 Quia
1761 570 1892 625 ergo

287 653 379 708 de
407 653 515 707 isto
548 649 741 719 Iephte
775 648 921 702 facto
958 648 1011 702 in
1053 656 1298 701 neutram
1334 640 1543 718 partem
1568 647 1891 702 sententiam

289 741 596 809 Scriptura
618 738 712 792 Dei
739 736 983 806 protulit,
1013 745 1073 791 ut
1110 746 1297 791 noster
1319 734 1631 791 intellectus.
1659 736 1714 789 in
1743 736 1890 805 judi-

286 831 487 886 cando
514 837 879 893 exerceretur,
911 842 1191 897 possemus
1212 825 1324 895 jam
1353 828 1536 882 dicere
1569 822 1680 881 Deo
1706 827 1892 896 displi—

288 920 490 976 cuisse
517 917 622 973 tale
644 926 848 982 votum,
878 924 933 971 et
959 918 1031 971 ad
1054 916 1199 971 illam
1225 918 1543 987 productum
1574 932 1694 972 esse
1716 917 1892 971 vindi-

284 1019 488 1077 ctam,
529 1018 593 1065 ut
626 1009 767 1080 patri
812 1009 1154 1078 potissimum
1197 1009 1306 1064 ﬁlia
1356 1011 1515 1065 unica
1542 1017 1887 1065 occurreret.

288 1100 463 1168 Quod
494 1100 540 1155 si
566 1106 839 1169 sperasset
873 1107 1034 1167 atque
1056 1098 1343 1165 voluisset,
1373 1101 1799 1163 non—continuo,
1831 1102 1892 1154 ut

286 1207 431 1247 eam
455 1192 611 1258 vidit,
640 1190 892 1246 scidisset
916 1192 1236 1247 vestimenta
1261 1206 1377 1257 sua,
1408 1199 1463 1246 et
1487 1191 1740 1247 dixisset:
1772 1191 1890 1246 Heu

288 1296 387 1336 me
404 1283 427 1335 ,ν
448 1283 560 1353 ﬁlia
589 1298 724 1347 mea,
750 1282 1010 1353 impedisti
1034 1298 1156 1347 me;
1192 1284 1249 1336 in
1273 1282 1645 1352 oﬁendiculum
1673 1283 1816 1353 facta
1835 1294 1903 1337 es-

285 1371 353 1424 in
382 1343 555 1424 anilis
583 1372 732 1425 meis.
872 1425 881 1434 ,

374 1461 586 1517 Deinde
612 1460 890 1531 sexaginta
917 1453 1126 1517 dierum
1160 1468 1271 1516 tam
1296 1461 1453 1532 longa
1487 1462 1743 1520 dilatione
1765 1463 1888 1519 data

288 1548 434 1605 lilia:
461 1567 593 1617 sum,
627 1551 884 1608 Dominus
911 1568 1034 1607 eum
1071 1554 1138 1608 ab
1177 1553 1350 1608 unicae
1390 1553 1722 1608 charissimze
1751 1558 1891 1609 nate

290 1641 676 1698 immolatione
702 1658 827 1698 eum
864 1658 973 1697 non
1014 1642 1382 1712 prohibuerit,
1430 1645 1571 1700 sicut
1614 1645 1894 1714 prohibuit

286 1727 600 1796 Abraham,
631 1730 804 1785 donec
840 1729 1169 1801 perﬁciendo
1205 1730 1349 1801 quod
1380 1740 1606 1788 voverat
1653 1733 1889 1802 seipsum

289 1830 618 1892 percuteret
642 1822 877 1878 orbitate
899 1821 1238 1893 gravissima,
1281 1822 1449 1877 Deum
1477 1833 1658 1878 autem
1687 1839 1892 1893 nequa-

291 1925 472 1979 quam
498 1910 736 1965 hominis
764 1909 1132 1965 immolatione
1173 1912 1442 1981 placaret,
1471 1923 1528 1969 et
1556 1914 1678 1969 ideo
1704 1912 1892 1982 hujus-

289 1999 517 2055 cemodi
541 1999 683 2069 patri
703 2013 919 2070 pmnam
947 1999 1114 2057 fuisse
1139 2002 1456 2057 retributam
1477 2019 1545 2058 ne
1566 2003 1891 2073 impunitum

291 2090 430 2145 talis
457 2090 568 2145 voti
605 2089 1004 2159 relinqueretur
1042 2091 1346 2161 exemplum
1366 2130 1381 2157 ,
1426 2102 1487 2147 ut
1515 2101 1610 2147 aut
1634 2109 1890 2164 magnum

290 2182 510 2253 aliquid
540 2197 599 2237 se
624 2197 821 2237 vovere
856 2183 966 2237 Deo
988 2191 1241 2253 putarent
1274 2183 1551 2248 homines,
1577 2199 1700 2249 cum
1727 2184 1885 2238 victi-

289 2289 423 2329 mas
443 2273 708 2329 humanas
728 2282 1007 2340 voverent,
1030 2281 1106 2339 et,
1129 2274 1274 2343 quod
1292 2282 1377 2341 est
1400 2274 1730 2340 horribilius,
1753 2274 1889 2329 lilio-

288 2358 464 2432 rum;
503 2374 596 2420 aut
623 2380 731 2421 non
769 2380 896 2421 vera
927 2366 1021 2421 sed
1052 2366 1233 2434 potius
1266 2366 1515 2423 simulata
1550 2368 1738 2423 eadem
1762 2375 1889 2423 vota

288 2467 505 2525 essent,
532 2475 655 2516 cum
680 2459 830 2515 velut
856 2458 1100 2528 exemplo
1119 2458 1351 2515 Abrahae
1370 2470 1653 2530 sperarent
1678 2462 1771 2530 qui
1786 2475 1889 2515 tvo-

288 2549 543 2617 vissent,
591 2550 759 2605 Deum
799 2548 1203 2619 prohibiturum
1247 2548 1372 2602 talia
1416 2556 1544 2603 vota
1588 2549 1885 2619 compleri:

287 2650 607 2714 possemus,
639 2640 879 2708 inquam,
906 2638 1021 2693 hinc
1046 2637 1247 2703 dicere,
1280 2638 1385 2692 nisi
1408 2637 1476 2692 ab
1494 2637 1594 2692 ista
1622 2639 1889 2695 sententia

289 2733 410 2788 duo
436 2746 536 2787 nos
558 2732 829 2801 praecipue
855 2731 1163 2787 divinarum
1205 2729 1608 2800 Scripturarum
1644 2731 1890 2788 testimo-

288 2825 399 2879 uia
428 2823 787 2885 retardarent,
836 2829 898 2876 ut
937 2822 1081 2876 hanc
1125 2836 1241 2877 rem
1290 2831 1498 2893 gestam
1547 2831 1603 2878 et
1633 2824 1687 2878 in
1736 2823 1889 2879 libris

292 2920 470 2969 tanta:
496 2913 832 2969 auctoritatis
859 2915 1135 2969 memoriae
1170 2916 1599 2970 commendatam
1619 2953 1637 2982 ,
1663 2915 1889 2987 diligens

220 3066 239 3079 ,
291 3007 412 3062 tius
438 3013 698 3074 quantum
722 3004 985 3060 Dominus
1012 3005 1258 3075 adjuvat,
1305 3014 1362 3060 et
1395 3007 1609 3061 cautius
1635 3021 1888 3075 perscru‘

293 3105 520 3164 temur,
568 3111 635 3151 ne
681 3097 736 3150 in
781 3096 945 3150 ullam
993 3104 1199 3164 partem
1233 3095 1494 3164 judicium
1536 3099 1886 3153 temerarium

292 3186 657 3259 proferamus.
684 3186 880 3251 Unum,
908 3187 1053 3255 quod
1071 3187 1124 3240 in
1145 3186 1383 3257 Epistula
1410 3188 1476 3241 ad
1500 3187 1757 3245 Hebraeos
1784 3189 1887 3243 istc

292 3275 495 3347 Iephte
534 3278 678 3333 inter
714 3276 849 3331 tales
878 3285 1367 3343 commemoratur,
1400 3286 1463 3331 ut
1505 3292 1628 3332 eum
1672 3279 1889 3347 culpare

295 3380 607 3431 vereamur,
638 3367 727 3421 ubi
751 3368 830 3422 sic
864 3368 1125 3436 scriptum
1150 3376 1275 3422 est:
1316 3367 1398 3421 Et.
1426 3369 1555 3439 quid
1595 3368 1768 3422 adhuc
1804 3370 1887 3423 di-

297 3476 420 3514 cam
444 3461 468 3513 1’
500 3459 688 3529 Deﬁcit
716 3460 853 3512 enim
874 3476 957 3513 me
986 3469 1183 3529 tempus
1211 3460 1497 3513 enarrandi
1534 3460 1599 3513 de
1642 3458 1880 3524 Gedeon,

295 3549 534 3613 Baraclt,
572 3549 821 3614 Samson,
852 3558 900 3604 et
923 3548 1126 3618 Iephte,
1167 3558 1216 3602 et
1254 3549 1427 3603 David
1445 3589 1461 3614 ,
1488 3558 1538 3603 et
1564 3546 1809 3613 Samuel,
1836 3560 1887 3602 et

294 3641 563 3710 prophetis
588 3680 603 3705 ,
637 3640 726 3710 qui
769 3655 867 3709 per
901 3639 1060 3708 ﬁdem
1102 3639 1332 3692 vicerunt
1376 3655 1536 3709 regna
1562 3677 1576 3704 ,
1612 3648 1884 3708 operantes

294 3730 591 3799 iustitiam,
641 3729 904 3784 consecuti
946 3736 1067 3782 sunt
1104 3729 1471 3800 promissiones
1521 3726 1723 3798 (Hebr.
1763 3743 1817 3782 XI
1841 3728 1881 3799 ).

298 3819 566 3884 Alterum,
609 3820 751 3890 quod
782 3819 875 3873 ubi
915 3819 980 3873 de
1008 3818 1100 3873 illo
1128 3818 1232 3873 ista
1261 3825 1548 3882 narratur,
1591 3816 1735 3886 quod
1779 3817 1886 3873 tale

298 3911 514 3964 voverit
535 3918 591 3964 et
618 3910 923 3980 impleverit
949 3918 1131 3963 votum
1151 3946 1165 3974 ,
1196 3909 1461 3979 praemisit
1496 3907 1883 3977 Scripturadi-

299 4014 472 4056 cens:
514 4000 584 4053 Et
612 4000 785 4070 factus
823 4010 899 4055 est
937 4016 1091 4071 super
1124 3998 1311 4070 Iephte
1338 3999 1553 4069 spiritus
1581 3998 1809 4063 Domini,
1837 4008 1886 4053 et

298 4091 528 4163 perrexit
565 4087 769 4144 Galaad
795 4099 842 4144 et
870 4089 1140 4155 Manasse,
1180 4097 1229 4142 et
1259 4088 1468 4142 transiit
1494 4087 1758 4157 speculam
1781 4087 1888 4143 Ca.

302 4183 454 4249 laud,
471 4191 518 4237 et
543 4184 608 4237 de
626 4183 836 4253 specula
859 4182 1067 4237 Galaad
1087 4193 1231 4236 trans
1255 4182 1393 4251 ﬁlios
1417 4182 1662 4247 Ammon,
1683 4191 1732 4236 et
1752 4183 1887 4236 vovit

301 4273 491 4344 Iephte
511 4283 687 4329 votum
707 4273 950 4339 Domino,
978 4282 1108 4338 etc.,
1133 4273 1197 4327 ad
1226 4273 1327 4328 hoc
1352 4273 1527 4343 ipsum
1555 4282 1739 4327 v0tum
1765 4286 1887 4342 per-

305 4365 564 4430 tinentia;
589 4372 648 4417 ut
673 4364 856 4418 omnia
880 4380 1000 4434 qua:
1021 4365 1272 4433 deinceps
1294 4364 1432 4418 facta
1459 4372 1606 4429 sunt,
1629 4372 1883 4431 tanquam
1909 4400 1962 4460 Β

304 4469 468 4525 opera
494 4454 716 4525 spiritus
748 4454 979 4518 Domini,
1010 4454 1101 4524 qui
1130 4468 1293 4521 super
1315 4466 1439 4507 eum
1464 4451 1643 4507 factus
1666 4460 1770 4516 est,
1802 4451 1885 4505 ἱιιεν

197 4543 223 4568 ⁵
306 4550 591 4621 tclligenda
634 4550 936 4604 vidcantur.
970 4547 1073 4602 Ista
1105 4545 1409 4601 testimonia
1437 4560 1537 4599 nos
1560 4543 1887 4613 compellunt

306 4657 548 4712 qumrere
582 4642 763 4713 potius
790 4657 886 4696 cur
908 4641 1107 4695 factum
1148 4640 1248 4706 sit,
1289 4653 1450 4711 quam
1487 4637 1647 4694 Facile
1681 4639 1884 4709 impro-

308 4736 439 4789 bare
466 4737 607 4803 quod
636 4733 841 4788 factum
874 4741 976 4788 est.
1436 4748 1445 4749 ί
1712 4767 1716 4770 ~

380 4820 485 4877 Sed
515 4824 690 4891 primo
713 4821 839 4876 illud
867 4820 1008 4890 quod
1032 4835 1098 4875 ex
1131 4820 1366 4891 Epistola
1395 4835 1514 4889 qua:
1539 4820 1611 4875 ad
1629 4817 1885 4876 Hebraeos

306 4921 394 4970 est
415 4913 852 4977 commemoravi,
885 4913 1027 4968 inter
1049 4912 1168 4967 illos
1194 4912 1486 4967 laudabiles
1506 4912 1652 4966 viros
1673 4911 1768 4982 qui
1788 4911 1885 4965 ibi—

310 5004 432 5059 dem
455 5003 783 5069 recoluntur,
816 5019 921 5057 non
949 5004 1121 5058 solum
1152 5011 1235 5058 est
1259 5001 1469 5073 Iephte,
1505 5018 1689 5065 verum
1718 5002 1882 5056 etiam

307 5093 549 5158 Gedeon,
586 5094 651 5148 de
694 5109 801 5162 quo
836 5093 1085 5149 similiter
1121 5092 1401 5163 Scriptura
1445 5094 1613 5148 dicit:
1657 5092 1884 5162 Spiritus

309 5183 525 5238 Domini
548 5183 859 5253 confortuvit
895 5184 1103 5239 Gedeon
1143 5184 1296 5256 (Iud.
1326 5185 1402 5256 vt)
1430 5201 1443 5249 ;
1483 5191 1539 5239 et
1567 5193 1743 5237 tamen
1768 5182 1887 5253 ejus

310 5274 529 5343 faetum,
560 5277 698 5347 quod
726 5278 789 5331 de
830 5277 920 5331 illo
950 5294 1081 5330 auro
1108 5277 1300 5346 pra-da:
1329 5285 1572 5346 aperatus
1611 5284 1687 5328 est
1725 5275 1848 5342 efud
1867 5312 1880 5338 ,

306 5375 358 5421 et
386 5368 672 5436 fornicatus
697 5378 769 5422 est
796 5378 908 5437 post
940 5367 1074 5422 illud
1107 5368 1274 5421 omnis
1306 5365 1493 5426 Israel,
1516 5373 1563 5418 et
1590 5364 1790 5430 factum
1810 5373 1884 5417 est

309 5457 490 5510 domui
520 5455 726 5512 Cedeon
756 5458 810 5511 in
840 5457 1149 5511 scandalum
1189 5456 1341 5530 (Iud.
1374 5456 1520 5527 vm),
1568 5470 1672 5508 noxi
1712 5453 1884 5508 solum

310 5542 533 5599 laudare
566 5560 672 5600 non
699 5560 1000 5615 possumus,
1037 5560 1223 5599 verum
1259 5546 1422 5599 etiam
1448 5544 1575 5613 quia
1605 5542 1885 5611 Scriptura

312 5634 441 5692 hinc
462 5637 799 5707 apertissime
834 5635 1127 5705 judicavit,
1156 5638 1445 5707 reprobare
1470 5637 1691 5692 minime
1727 5635 1884 5691 dubi-

1993 461 2202 517 Domini
2247 462 2336 532 qui
2367 477 2492 517 eum
2535 461 2890 529 confortavit,
2919 474 2977 520 ut
3017 467 3200 524 hostes
3239 470 3419 538 populi
3449 470 3569 540 ejus

1994 562 2140 608 tanta
2185 550 2446 608 facilitate
2487 563 2788 623 superaret.
2818 555 2926 609 Cur
2955 571 3083 627 ergo
3114 558 3256 614 inter
3287 574 3381 617 eos
3421 575 3570 617 com-

1989 651 2341 708 memoratur,
2376 643 2466 714 qui
2498 658 2593 714 per
2628 643 2788 713 ﬁdem
2813 646 3041 699 riserunt
3086 664 3266 717 regna,
3294 660 3568 720 operante:

1982 736 2268 807 justitiam,
2298 736 2401 791 nisi
2428 736 2558 805 quia
2584 744 2770 792 sancta
2798 734 3077 805 Scriptura
3095 776 3111 803 ,
3143 754 3373 807 quorum
3407 742 3565 797 tidem

1990 835 2151 898 atque
2170 822 2437 897 justitiam
2456 827 2727 887 veraciter
2751 828 2956 894 laudat,
2996 844 3105 883 non
3134 829 3261 884 hinc
3283 831 3569 899 impeditur

1990 930 2177 971 eorum
2210 916 2373 971 etiam
2402 923 2648 984 peccata,
2678 916 2724 970 si
2754 930 2860 985 qua
2890 917 3059 982 novit,
3081 926 3137 972 et
3162 920 3546 989 oporterejudi

1990 1016 2078 1063 cat
2110 1017 2297 1062 notare
2335 1007 2647 1062 veraciter?
2678 1006 2827 1065 Nam;
2848 1016 2904 1062 ct
2931 1008 2987 1062 in
3012 1023 3078 1063 eo
3110 1010 3256 1078 quod
3289 1010 3430 1067 idem
3460 1009 3571 1067 Ge-

1990 1098 2129 1153 deon
2156 1095 2368 1167 signum
2404 1106 2615 1167 petens,
2641 1097 2783 1153 sicut
2816 1098 2929 1167 ipse
2962 1097 3174 1155 locutus
3201 1108 3314 1165 est,
3343 1101 3573 1156 tentavit

1991 1191 2048 1245 in
2078 1190 2278 1245 vellere
2308 1188 2462 1261 (Iud.
2492 1187 2590 1260 γι),
2619 1190 2805 1245 nescio
2831 1199 3013 1244 utrum
3042 1205 3148 1244 non
3187 1189 3354 1246 fuerit
3397 1201 3570 1247 trans-

1989 1293 2210 1350 gressus
2232 1286 2561 1351 praeceptum
2586 1295 2695 1349 quo
2728 1281 2987 1348 scriptum
3023 1289 3143 1335 est:
3186 1279 3311 1335 Non
3348 1283 3570 1338 tentabis

1989 1372 2273 1427 Dominum
2296 1371 2466 1427 Deum
2490 1378 2636 1425 tuum
2664 1366 2844 1442 (Deut.
2869 1371 2965 1443 vi).
2993 1373 3376 1428 Verumtamen
3402 1374 3571 1430 ctian.

1988 1463 2044 1519 in
2064 1463 2182 1532 ejus
2202 1471 2290 1519 ten
2299 1458 2499 1518 tatione
2518 1462 2777 1519 Dominus
2797 1464 2939 1532 quod
2962 1463 3564 1532 pranuntiarevolebat,

1990 1550 2263 1620 ostendit;
2307 1553 2361 1608 in
2389 1552 2659 1623 compluto
2688 1552 2897 1608 scilicet
2940 1552 3139 1609 vellere
3160 1595 3175 1619 ,
3211 1562 3267 1610 et
3300 1569 3426 1608 area
3456 1562 3571 1610 tota

1993 1641 2414 1711 circumquaque
2453 1642 2596 1697 sicca
2616 1680 2631 1707 ,
2662 1641 2896 1713 ﬁgurare
2924 1643 3161 1713 primum
3204 1643 3458 1714 populum
3492 1644 3572 1709 Is:

1918 1713 1969 1772 Β
1993 1732 2124 1798 rael,
2159 1733 2249 1788 ubi
2276 1741 2434 1788 erant
2467 1733 2641 1789 sancti
2670 1748 2793 1789 cum
2818 1734 2991 1804 gratia
3032 1713 3239 1790 scelesti
3261 1713 3286 1801 ,ν
3315 1743 3575 1805 tanquam

1987 1823 2169 1894 pluvia
2194 1824 2442 1894 spiritali.
2483 1825 2550 1879 Et
2577 1833 2763 1895 postea
2804 1824 3075 1894 compluta
3108 1840 3234 1880 area
3276 1827 3422 1881 sicco
3459 1827 3573 1883 vel-

1988 1912 2099 1969 lere
2120 1913 2351 1984 ligurare
2372 1913 2670 1974 Ecclesium
2698 1921 2809 1968 toto
2834 1913 2975 1977 orbe,
2993 1914 3266 1981 diffusam,
3281 1915 3571 1973 habentem

1988 2018 2093 2058 non
2130 2004 2183 2057 in
2210 2002 2409 2058 vellere
2449 2011 2702 2079 tanquam
2748 2005 2801 2058 in
2836 2005 3132 2070 velamine,
3174 2007 3268 2061 sed
3298 2006 3353 2061 in
3383 2018 3573 2078 aperto

1988 2091 2263 2151 caelestem
2285 2093 2532 2164 gratiam,
2553 2094 2641 2152 illo
2659 2095 2837 2164 priore
2856 2096 3051 2165 populo
3076 2097 3223 2153 velut
3241 2099 3310 2153 ab
3329 2096 3568 2167 ejusdem

1988 2182 2174 2253 gratim
2201 2198 2324 2238 rore
2349 2182 2585 2241 alienato
2603 2193 2768 2255 atque
2787 2187 3008 2242 siccato.
3034 2186 3147 2243 Nec
3169 2195 3348 2243 tamen
3369 2187 3571 2246 frustra

1988 2272 2355 2333 interJideles
2396 2281 2452 2329 et
2493 2283 2778 2343 operantcs
2806 2273 3071 2345 justitiam
3115 2286 3335 2348 propter
3370 2279 3571 2335 bonam

1988 2362 2307 2432 ﬁdelemque
2344 2364 2539 2431 vitam,
2577 2364 2631 2419 in
2677 2381 2783 2435 qua
2820 2381 2944 2425 eum
2983 2355 3422 2425 credendum‘est
3450 2383 3574 2425 esse

1987 2454 2320 2522 defunctum,
2353 2455 2461 2511 tale
2486 2456 2541 2511 in
2566 2456 2802 2527 Epistula
2827 2458 2905 2512 ad
2919 2456 3176 2514 Hebraeos
3201 2459 3401 2515 meruit
3420 2460 3573 2516 testi-

1988 2546 2253 2601 monium.

2059 2635 2255 2705 Utrum
2281 2642 2460 2694 autem
2484 2640 2612 2709 quia
2639 2646 2993 2712 posteaquam
3020 2639 3221 2697 dictum
3242 2650 3353 2699 est:
3372 2642 3575 2701 Factus

1986 2735 2063 2781 est
2098 2744 2256 2798 super
2284 2729 2468 2800 Iephte
2503 2732 2718 2802 spiritus
2745 2731 2960 2787 Domini
2979 2772 2992 2797 ,
3024 2748 3088 2788 ea
3129 2743 3317 2789 secuta
3343 2735 3480 2799 sint,
3511 2745 3574 2795 ut

1986 2825 2171 2880 votum
2202 2817 2330 2875 illud
2361 2829 2600 2886 voveret,
2631 2829 2795 2889 atque
2830 2823 3013 2877 hostes
3041 2823 3316 2888 vinceret,
3345 2833 3400 2880 et
3428 2827 3572 2895 quod

1988 2916 2211 2963 voverat
2238 2909 2505 2974 redderet,
2549 2911 2762 2981 spiritui
2805 2911 3019 2967 Domini
3048 2913 3229 2968 omnia
3267 2917 3571 2985 deputanda

1988 3001 2117 3065 sint,
2139 3009 2197 3055 ut
2220 3001 2446 3071 perinde
2466 3001 2730 3057 habeatur
2752 3005 2927 3059 ethoc
2947 3006 3299 3073 sacriﬁcium,
3314 3016 3571 3077 tanquam

1989 3093 2042 3148 id
2074 3094 2335 3150 Dominus
2368 3094 2509 3151 sicut
2552 3093 2783 3151 Abrabze
2822 3096 2939 3151 ﬁeri
2981 3095 3237 3165 jusserit,
3276 3115 3388 3155 non
3417 3102 3574 3159 facile

1989 3184 2255 3250 dixerim;
2296 3199 2420 3240 cum
2449 3184 2635 3255 utique
2661 3187 2728 3242 de
2764 3184 2983 3242 cheon
3027 3189 3201 3258 possit
3238 3190 3354 3245 hanc
3387 3192 3571 3248 allerri

1987 3274 2313 3341 dill‘erentia,
2341 3276 2466 3344 quia
2494 3285 2617 3346 post
2643 3287 2923 3346 peccatum
2958 3280 3111 3348 quod.
3144 3280 3307 3347 fecit,
3355 3284 3573 3351 quando

1985 3363 2115 3420 fecit
2157 3364 2295 3429 efod,
2334 3373 2467 3434 post
2487 3368 2631 3435 quod
2668 3368 2956 3424 universus
2999 3369 3230 3439 populus
3275 3370 3574 3427 fornicatus

1984 3464 2088 3521 est,
2123 3456 2267 3510 nulla
2291 3465 2376 3511 est
2394 3457 2512 3526 ejus
2538 3468 2962 3514 commemorata
2984 3461 3348 3530 prosperitas;
3386 3472 3572 3531 postea

1983 3559 2114 3599 vero
2143 3558 2305 3614 quam
2333 3541 2526 3611 Iephte
2552 3552 2736 3599 votum
2771 3547 2941 3610 vovit,
2970 3546 3060 3600 illa
3086 3556 3171 3601 est
3192 3548 3431 3618 insignis
3455 3550 3574 3619 ejus

1985 3634 2211 3689 victoria
2251 3641 2560 3697 consecuta,
2601 3642 2822 3704 propter
2850 3650 3015 3705 quam
3049 3635 3450 3705 adipiscendam
3479 3655 3574 3695 vo-

1984 3733 2155 3790 verat,
2186 3733 2243 3781 et
2271 3739 2376 3794 qua
2405 3724 2598 3795 adepta
2617 3763 2632 3789 ,
2675 3724 2821 3793 quod
2850 3734 3102 3790 voverat,
3149 3726 3328 3781 solvit.
3362 3727 3574 3787 Rursus

1987 3815 2133 3872 enim
2160 3814 2617 3873 considerandum
2635 3822 2742 3881 est,
2769 3815 2895 3885 quia
2918 3815 3137 3873 Gedeon
3163 3817 3264 3871 etsi
3294 3831 3399 3871 non
3424 3827 3573 3887 post-

1987 3919 2053 3961 ea
2087 3920 2248 3975 quam
2274 3904 2404 3960 fecit
2425 3903 2571 3971 el‘od,
2603 3912 2783 3961 tamen
2808 3914 2994 3975 postea
3021 3921 3185 3976 quam
3214 3909 3440 3963 tentavit
3471 3909 3574 3967 Do-

1986 3997 2217 4065 minam,
2259 3997 2404 4067 quod
2440 3992 2632 4067 utique
2659 4007 2940 4067 peccatum
2983 4005 3104 4063 est,
3150 4014 3344 4069 magna
3390 4009 3572 4073 strage

1986 4088 2233 4146 hostibus
2255 4088 2413 4145 ausis
2439 4095 2607 4157 atque
2631 4087 2923 4157 superatis,
2953 4087 3149 4158 populo
3173 4089 3570 4160 acquisivitsas

1987 4180 2171 4236 lutem.
2204 4178 2296 4235 Sic
2324 4179 2469 4235 enim
2500 4180 2764 4249 scriptum
2805 4188 2889 4235 est
2918 4198 2931 4232 :
2971 4180 3041 4234 Et
3085 4181 3218 4235 dixit
3257 4182 3466 4238 Gedeou
3498 4185 3571 4239 ad

1986 4269 2310 4329 Dominum:
2346 4269 2472 4325 Non
2516 4271 2778 4324 irascatur
2814 4269 3107 4339 indignatio
3146 4281 3239 4325 tua
3275 4272 3330 4326 in
3366 4290 3480 4337 me,
3518 4287 3569 4330 et

1987 4341 2172 4433 loquar
2216 4362 2388 4417 adhuc
2425 4360 2611 4427 sentel,
2641 4361 2849 4415 tentabo
2886 4361 3058 4415 adhuc
3092 4362 3250 4417 semel
3292 4364 3345 4417 in
3387 4364 3570 4420 vellere

1988 4452 2138 4525 (Iud.
2161 4451 2260 4523 vi).
2290 4451 2431 4506 Iram
2462 4451 2660 4521 quippe
2700 4450 2805 4505 Dei.
2848 4453 3154 4516 metuebat,
3185 4453 3312 4522 quia
3340 4465 3571 4511 noverat

1988 4558 2047 4600 se
2073 4543 2326 4598 tentando
2349 4556 2598 4611 peccare,
2635 4542 2777 4611 quod
2806 4541 2949 4596 Dens
2974 4542 3029 4595 in
3056 4541 3175 4612 lege
3210 4557 3307 4598 sua
3344 4546 3559 4601 manife-

1987 4632 2225 4688 stissime
2245 4632 2514 4702 prohibet.
2545 4630 2659 4685 Hoc
2681 4638 2859 4685 tamen
2886 4639 3169 4699 peccatum
3188 4630 3304 4700 ejus
3323 4641 3379 4687 et
3402 4636 3567 4692 mira.

1985 4725 2111 4781 bilis
2137 4723 2274 4794 signi
2303 4722 2574 4780 evidentia
2592 4761 2607 4785 ,
2646 4731 2702 4776 et
2743 4736 2941 4790 magna
2971 4722 3210 4776 victoriae
3235 4726 3564 4794 prosperitas

1987 4814 2424 4882 liberationisque
2450 4811 2632 4882 populi
2659 4818 2949 4866 consecuta
2970 4819 3073 4866 est.
3101 4809 3220 4866 Iam
3243 4814 3387 4869 enim
3427 4815 3570 4872 Deus

1986 4912 2249 4961 statuerat
2270 4901 2468 4959 alllicto
2490 4900 2687 4972 populo
2708 4900 3013 4965 subvenire,
3029 4908 3192 4972 atque
3213 4902 3371 4973 hujus
3391 4906 3561 4971 ducis,

1987 5014 2148 5071 quem
2172 4999 2365 5054 adhoc
2385 5012 2521 5068 opus
2547 5006 2935 5067 assumpserat,
2966 4999 3218 5054 utebatur
3240 5000 3422 5053 animo
3455 5013 3561 5051 non

1985 5092 2159 5149 solum
2187 5091 2327 5147 ﬁdeli
2355 5100 2411 5145 et
2435 5090 2546 5160 pio,
2576 5105 2766 5144 verum
2791 5089 2955 5156 etiam
2991 5090 3373 5146 subdellciente
3393 5097 3449 5142 et
3472 5088 3563 5142 dc-

1987 5184 2287 5253 linquente,
2315 5191 2370 5237 et
2397 5183 2467 5237 ad
2492 5182 2902 5252 praenuntiantia
2929 5198 3051 5252 qua:
3077 5183 3307 5245 volebat,
3335 5190 3391 5234 et
3417 5194 3562 5233 com-

1990 5275 2182 5344 plenda
2210 5290 2330 5343 quze
2357 5274 2588 5328 dixerat.

2059 5364 2175 5418 Non
2200 5366 2343 5420 enim
2380 5380 2480 5435 per
2515 5366 2651 5421 istos
2683 5373 2913 5431 tantum,
2942 5364 3033 5434 qui
3072 5363 3283 5418 etiamsi
3307 5375 3565 5432 peccave‘

1992 5465 2137 5521 runt,
2170 5457 2311 5512 inter
2338 5455 2516 5524 justos
2553 5467 2734 5512 tamen
2780 5463 3103 5520 narrantur,
3139 5453 3231 5508 sed
3261 5454 3423 5507 etiam
3468 5468 3567 5522 per

1993 5546 2167 5616 ipsum
2209 5544 2430 5600 Saulem
2470 5546 2782 5601 omnimodo
2826 5544 3170 5613 reprobatum
3213 5541 3381 5596 multa
3428 5541 3567 5595 Deus

1991 5635 2191 5707 populo
2214 5651 2315 5692 suo
2344 5635 2612 5706 prsertim,
2638 5635 2692 5689 in
2723 5647 2884 5705 quem
2904 5631 3127 5688 insilivit
3145 5631 3308 5687 etiam
3333 5628 3567 5700 Spiritus
