4000 6186
441 233 578 290 1183

1072 226 1132 280 Β.
1174 224 1429 280 RABANI
1466 224 1685 282 MAURI
1723 224 2041 282 ARCIIIEP.
2079 227 2388 286 MOGU'NT.
2429 230 2713 290 OPERUM
2753 233 2933 290 PARS
2971 235 3009 290 l.

3560 241 3702 296 ιιθι

437 345 558 410 Dei,
585 351 640 397 et
669 341 1048 412 prophetavit;
1089 354 1196 392 non
1224 353 1348 392 cum
1374 335 1521 405 juste
1549 347 1751 410 ageret,
1773 339 1866 393 sed
1887 353 2010 392 cum
2037 343 2086 400 Α
2117 337 2230 394 ﬁeri
2251 339 2436 409 jussit,
2462 343 2646 413 utique
2669 343 2738 398 ad
2767 343 3006 414 aliquam
3033 343 3486 416 signiﬁcationem
3517 363 3692 404 rerum

440 451 494 488 in
545 433 720 487 virum
776 438 1025 486 sanctum
1082 427 1252 482 David
1304 426 1756 496 innocentemque
1801 426 2016 482 saeviret

439 523 506 595 (1
535 523 661 593 Reg.
690 520 780 593 ι).
815 521 942 592 Agit
969 519 1113 575 enim
1142 517 1364 587 spiritus
1390 517 1603 572 Domini
1633 526 1690 572 et
1721 532 1818 587 per
1843 517 2014 571 bonos

437 624 493 670 et
515 629 612 686 per
639 613 830 678 malos,
861 621 914 667 et
937 624 1037 682 per
1061 611 1310 673 scientes,
1333 618 1389 665 et
1412 624 1510 679 per
1533 609 2016 678 nescientes,un

439 706 702 777 agendum
730 705 881 759 novit
923 713 979 760 et
1012 703 1231 768 statuit;
1268 703 1358 773 qui
1403 703 1564 758 etiam
1593 717 1692 772 per
1728 701 2013 772 Caipbam,

439 796 766 852 acerrimum
801 794 1012 849 Domini
1053 800 1487 863 persecutorem,
1525 793 1854 849 nescientem
1885 793 2016 864 quid

439 886 658 951 dixerit,
674 886 936 955 insignem
957 883 1179 954 protulit
1201 884 1556 953 prophetiam,
1575 884 1717 954 quod
1742 890 2018 954 oporteret

437 977 712 1034 Christum
735 993 831 1048 pro
865 984 1022 1047 gente
1055 974 1235 1047 (Joan.
1265 974 1362 1047 ιι).
1393 975 1526 1042 Quis
1557 975 1701 1031 enim
1735 975 1878 1044 egit,
1911 974 2016 1032 nisi

441 1067 675 1137 Spiritus
701 1067 936 1132 Domini,
963 1081 1161 1122 curans
1188 1067 1550 1137 praenuntiam
1575 1074 1820 1131 ventura,
1852 1075 1912 1121 ut
1931 1068 2019 1138 ju-

439 1159 544 1214 diei
580 1158 794 1214 Gedeon
833 1166 1042 1213 tentare
1083 1158 1283 1213 volenti
1326 1146 1610 1212 Dominum
1631 1198 1646 1222 ,
1681 1165 1736 1212 et
1765 1174 1870 1214 non
1899 1173 2018 1214 cre-

439 1250 585 1305 denti
612 1251 755 1320 quod
782 1251 832 1306 ei
862 1249 1040 1304 fuerat
1065 1264 1162 1318 per
1190 1264 1383 1303 manus
1409 1248 1526 1316 ejus
1551 1250 1616 1304 de
1642 1249 1815 1304 salute
1833 1251 2016 1321 populi

435 1343 545 1414 jam
579 1343 812 1409 locutus,
845 1345 948 1398 hoc
977 1343 1317 1412 potissimum
1348 1340 1416 1396 de
1445 1341 1643 1397 vellere
1667 1342 1832 1411 'prius
1871 1357 2020 1398 com-

437 1433 611 1504 pluto,
644 1436 988 1504 postmodum
1016 1435 1182 1499 sicco,
1218 1443 1276 1488 et
1314 1434 1380 1489 de
1421 1447 1545 1489 area
1588 1433 1823 1504 primum
1851 1435 2015 1501 sicca,

438 1534 625 1596 postea
653 1527 846 1596 rigata,
877 1526 1083 1580 veniret
1111 1526 1162 1579 in
1194 1524 1467 1580 mentem?
1487 1533 1546 1579 ut
1567 1524 1709 1594 quod
1736 1525 2020 1580 subdeﬁcit

441 1631 472 1670 τι
511 1616 635 1682 ﬁde,
677 1616 977 1671 infirmitati
1009 1616 1126 1685 ejus
1167 1617 1470 1686 deuotoque
1511 1619 1834 1687 deputetur;
1873 1619 2016 1686 quod

440 1720 570 1760 vero
601 1707 764 1760 etiam
796 1707 888 1760 tali
919 1707 1036 1776 ejus
1063 1707 1244 1761 animo
1285 1707 1350 1761 ad
1391 1707 1493 1761 hoc
1521 1708 1664 1776 quod
1705 1709 1886 1776 generi
1917 1709 2017 1762 hu-

441 1806 601 1850 mano
631 1797 924 1866 signiﬁcari
973 1797 1288 1866 oportebat,
1319 1812 1448 1852 usus
1481 1805 1565 1852 est
1606 1796 1766 1861 Deus,
1799 1797 1864 1852 ad
1903 1799 2022 1868 ejus

441 1886 772 1957 intelligatur
787 1887 1210 1943 misericordiam
1233 1896 1286 1943 et
1308 1888 1607 1944 mirabilem
1628 1890 2019 1960 providentiam

441 1979 737 2048 pertinere.

514 2068 574 2124 Si
599 2069 721 2138 quis
744 2078 922 2124 autem
961 2069 1091 2124 dicit
1128 2070 1306 2124 omnia
1337 2071 1595 2126 scientem
1626 2070 1820 2126 fecisse
1852 2079 1906 2126 et
1940 2071 2020 2127 di-

437 2161 585 2217 xisse
608 2161 824 2217 Gedeon
855 2178 921 2217 ex
951 2163 1276 2218 revelatione
1310 2165 1656 2234 prephetica,
1690 2174 1749 2220 ut
1775 2181 1871 2234 per
1895 2181 2020 2220 eum

440 2253 592 2323 signa
622 2252 750 2307 talia
792 2261 1251 2317 monstrarentur;
1283 2269 1383 2311 nec
1411 2255 1674 2312 defecisse
1717 2274 1744 2311 a
1789 2257 1929 2322 ﬁde;
1965 2266 2022 2312 ct

439 2341 586 2410 quod
629 2341 680 2396 ei
723 2339 836 2410 jam
882 2343 1204 2412 promiserat
1249 2343 1510 2400 Dominus
1559 2346 1890 2412 credidisse;
1927 2347 2021 2402 sed

443 2435 654 2488 actione
684 2435 1000 2504 prepbetica
1031 2435 1084 2489 in
1108 2435 1305 2492 vellere
1332 2437 1566 2493 voluisse
1591 2446 1820 2503 tentare,
1860 2447 2020 2507 atque

439 2521 515 2576 ita
545 2521 688 2577 illius
708 2525 1060 2580 tentationem
1080 2523 1245 2581 fuisse
1266 2527 1662 2596 inculpabilcm,
1681 2531 1820 2585 sicut
1839 2529 2020 2585 dolum

439 2609 608 2667 Iacob
636 2609 788 2683 (Gen.
826 2613 1017 2685 xxvii),
1053 2619 1110 2670 e't
1153 2615 1281 2670 illud
1324 2617 1467 2687 quod
1492 2618 1718 2674 Domino
1747 2619 1823 2674 ait
1854 2638 1866 2674 :
1897 2620 2022 2676 Non

439 2703 706 2758 irascatur
728 2705 1018 2776 indignatio
1042 2716 1132 2761 tua
1153 2708 1209 2762 in
1230 2725 1333 2771 me,
1361 2725 1467 2763 non
1500 2709 1622 2765 ideo
1652 2711 1853 2767 dixisse
1877 2714 2022 2784 quod

437 2790 578 2846 iram
623 2792 738 2863 ejus
773 2795 1016 2863 timeret,
1066 2798 1160 2853 sed
1204 2799 1350 2868 quod
1393 2814 1518 2854 eum
1563 2801 1869 2856 consideret
1913 2817 2020 2858 non

436 2883 624 2952 irasci,
649 2900 772 2940 cum
793 2901 856 2942 ea
891 2886 1094 2943 faceret
1128 2904 1249 2959 qua:
1283 2891 1478 2960 spiritu
1517 2889 1634 2960 ejus
1669 2890 1905 2948 dictante
1941 2892 2020 2947 fa-

435 2975 628 3031 cienda
680 2992 802 3033 esse
855 2987 1109 3050 tanquam
1158 2983 1421 3052 propheta
1470 2983 1735 3039 sentiret:
1778 2985 1921 3040 dicat
1961 2993 2019 3040 ut

436 3066 669 3133 videtur,
706 3068 994 3126 dummodo
1020 3071 1148 3126 illud
1172 3074 1312 3142 quod
1335 3073 1403 3128 de
1429 3074 1569 3130 facto
1593 3074 1715 3131 efod
1737 3076 2014 3147 Scriptura

436 3157 554 3228 ipsa
584 3160 845 3230 culpavit,
875 3163 1152 3233 quodlibet
1186 3164 1470 3235 signiﬁcet,
1498 3181 1606 3221 non
1635 3168 1832 3222 audeat
1855 3182 2018 3223 excu-

435 3262 562 3302 sare
598 3263 630 3302 a
664 3259 905 3318 peccato.
940 3251 1075 3306 Nam
1117 3262 1173 3307 et
1211 3254 1342 3307 illud
1370 3255 1512 3322 quod
1545 3256 1771 3311 trecenti
1809 3257 1909 3311 viri
1949 3258 2017 3312 ad

438 3336 650 3405 signum
681 3340 861 3393 crucis
890 3340 1007 3410 ipso
1033 3357 1261 3396 numero
1284 3343 1617 3412 pertinentes
1637 3345 1858 3416 hydrias
1886 3347 2019 3403 ﬁcti-

438 3424 516 3479 les
545 3436 890 3496 acceperunt,
921 3429 1108 3500 eisque
1141 3431 1391 3487 ardentes
1427 3431 1631 3488 l‘aculas
1659 3436 2015 3502 incluserunt,

436 3512 633 3582 quibus
668 3514 874 3586 hydriis
897 3517 1102 3584 fractis,
1133 3529 1355 3590 repente
1374 3520 1579 3577 lumina
1611 3538 1897 3580 numerose
1916 3526 2018 3580 mi-

436 3603 618 3658 cautia
644 3613 849 3660 tantam
873 3607 1104 3664 hostium
1128 3609 1524 3668 multitudinem
1545 3620 1873 3680 terruerunt,
1895 3624 2014 3670 tan-

434 3709 600 3764 quam
643 3714 708 3753 ex
756 3715 856 3755 suo
888 3701 1113 3758 arbitrio
1151 3703 1366 3758 videtur
1389 3704 1583 3761 fecisse
1611 3706 1871 3773 Gedeon;
1908 3724 2015 3764 non

435 3786 581 3840 enim
629 3787 907 3859 Scriptura
947 3792 1077 3846 dicit
1115 3793 1398 3850 Dominum
1441 3795 1787 3854 admonuisse
1823 3807 1882 3854 ut
1914 3799 2017 3855 hoc

436 3873 659 3940 faceret,
678 3885 732 3932 et
753 3887 936 3936 tamen
960 3889 1068 3936 tam
1095 3884 1295 3954 grande
1315 3887 1526 3956 signum
1550 3888 1675 3957 quia
1694 3887 1811 3957 ejus
1833 3891 2015 3947 animo

439 3975 602 4036 atque
630 3969 855 4024 consilio
888 3971 1214 4039 faciendum,
1247 3975 1351 4030 nisi
1382 3977 1660 4045 Dominus,
1699 3979 2016 4050 inspiravit?

391 4115 400 4140 ζ’
435 4056 537 4123 Qui
563 4058 924 4130 prazﬁguravit
961 4071 1178 4118 sanctos
1211 4079 1340 4120 suos
1373 4066 1684 4123 thesaurum
1719 4071 2012 4140 evangelici

436 4145 654 4203 luminis
679 4149 732 4203 in
759 4151 902 4206 vasis
924 4151 1178 4208 ﬁctilibus
1208 4155 1488 4212 habituros
1507 4197 1520 4222 ,
1559 4157 1700 4213 sicut
1724 4137 2012 4228 Apostolus

391 4249 394 4251 ‘
433 4237 602 4292 dicit:
645 4238 911 4296 Habemus
936 4253 1108 4298 autem
1133 4245 1434 4300 thesaurum
1453 4248 1609 4302 istum
1631 4249 1684 4303 iu
1713 4251 1849 4306 vasis
1875 4252 2014 4320 ﬁcti-

2118 428 2439 496 spiritalium
2465 446 2893 502 magnarumque
2933 432 3261 490 referuntur.
3306 435 3417 490 Cur
3452 451 3586 507 ergo
3609 439 3694 494 illa

2115 519 2449 592 prohiberet,
2499 520 2933 590 quandoquidem
2972 530 3193 591 propter
3236 522 3484 578 eamdem
3518 541 3696 581 rerum

2114 608 2425 662 earumdem
2456 609 2905 679 signiﬁcationem
2937 619 3222 681 poterant,
3266 623 3490 684 propter
3536 629 3702 684 quam

2116 705 2173 752 et
2199 698 2300 752 ista
2323 697 2469 754 licite
2491 699 2712 766 ﬁebant,
2731 700 3084 757 nihilominus
3110 703 3257 758 licite
3285 703 3426 768 ﬁeri,
3442 704 3547 758 nisi
3573 706 3704 774 quia

2116 801 2216 843 nec
2241 788 2348 844 tale
2386 789 2590 859 aliquid
2625 790 2987 862 signiﬁcantia
3023 793 3183 862 quale
3210 794 3426 864 expedit
3451 797 3703 863 credere,

2117 877 2352 934 humana
2379 881 2491 935 Deo
2514 881 2779 936 sacriﬁcia
2800 882 3140 952 placuerunt,
3167 884 3382 954 quando
3411 901 3519 941 non
3551 888 3706 957 quis.

2099 988 2223 1049 _que
2255 988 2353 1044 pro
2385 971 2647 1042 iniustitia
2670 973 2738 1028 ab
2760 974 3026 1040 inimicis,
3065 975 3192 1046 quia
3222 984 3368 1032 recte
3400 979 3582 1033 vivere
3608 994 3706 1033 vo-

2116 1061 2219 1118 luit
2239 1071 2334 1118 aut
2353 1073 2638 1134 peccatum
2665 1063 2858 1130 noluit,
2895 1065 3257 1132 interimitur,
3302 1068 3396 1123 sed
3438 1069 3604 1125 homo
3633 1073 3704 1126 ab

2117 1154 2334 1211 homine
2365 1166 2621 1227 tanquam
2657 1155 2830 1213 electa
2870 1157 3046 1214 hostia
3084 1174 3236 1216 more
3266 1161 3480 1237 pecoris
3509 1160 3705 1216 immo-

2117 1244 2303 1300 latur?

2188 1334 2326 1402 Quid
2347 1336 2414 1402 si,
2438 1337 2515 1392 ait
2533 1337 2749 1408 aliquis,
2773 1339 3029 1409 quoniam
3052 1355 3308 1410 pecorum
3334 1341 3570 1398 victima:
3588 1343 3702 1412 jam

2117 1439 2183 1479 eo
2209 1425 2327 1495 ipso
2353 1440 2461 1496 quo
2487 1426 2703 1484 fuerant
2727 1430 2960 1496 usitatae,
2981 1432 3226 1500 quamvis
3255 1440 3311 1486 et
3336 1433 3463 1502 ipsa:
3492 1450 3524 1487 a
3557 1444 3704 1489 recte

2119 1518 2538 1588 intelligentibus
2558 1521 2626 1575 ad
2645 1519 3092 1591 signiﬁcationem
3117 1522 3438 1592 spiritalium
3460 1525 3706 1580 referun-

2120 1616 2226 1672 tur,
2257 1611 2436 1665 minus
2464 1618 2643 1666 tamen
2671 1609 2940 1666 faciebant
2976 1612 3213 1667 intentos
3241 1613 3310 1667 ad
3341 1629 3594 1684 magnum
3617 1630 3706 1670 sa-

2119 1712 2455 1757 cramentum
2490 1702 2694 1758 Christi
2725 1712 2780 1758 et
2806 1703 3063 1759 Ecclesia:
3106 1704 3486 1772 requirendum
3515 1723 3530 1769 ;
3573 1721 3707 1775 pro-

2119 1800 2301 1862 pterea
2333 1793 2472 1846 Deus
2495 1808 2554 1848 re
2579 1793 2777 1864 insigni
2807 1802 2864 1848 et
2889 1793 3163 1864 inopinata
3187 1795 3372 1850 volens
3394 1798 3548 1865 quasi
3569 1798 3705 1852 dor-

2119 1882 2350 1937 mientes
2391 1883 2670 1938 hominum
2718 1884 2929 1939 animos
2974 1884 3249 1950 excitare,
3279 1899 3345 1940 eo
3386 1887 3563 1957 magis
3596 1904 3708 1958 quo

2121 1973 2244 2028 talia
2273 1974 2376 2028 sibi
2406 1973 2672 2028 sacriﬁcia
2697 1973 2878 2030 oﬁ‘erri
2905 1984 3173 2041 vetuerat,
3199 1978 3409 2031 curavit
3437 1979 3542 2032 sibi
3562 1978 3709 2046 ejus-

2120 2062 2263 2117 modi
2292 2063 2496 2134 aliquid
2521 2063 2878 2131 offerendum,
2912 2075 2972 2120 ut
2997 2067 3110 2136 ipsa
3138 2067 3423 2122 admiratio
3451 2085 3706 2139 magnam

2119 2153 2362 2224 gigneret
2381 2154 2757 2224 quaestionem,
2789 2163 2844 2210 et
2875 2171 3070 2226 magna
3095 2157 3319 2226 quaastio
3349 2158 3418 2212 ad
3445 2173 3703 2227 perscru-

2121 2243 2340 2297 tandum
2369 2258 2625 2314 magnum
2656 2245 2973 2315 mysterium
2996 2245 3234 2300 studium
3254 2246 3357 2315 pia:
3379 2247 3580 2301 mentis
3598 2249 3708 2302 cri-

2119 2342 2287 2404 geret,
2329 2335 2416 2404 pie
2443 2349 2574 2390 vero
2606 2345 2858 2391 scrutans
2898 2350 3052 2392 mens
3091 2337 3326 2392 hominis
3359 2337 3704 2393 altitudinem

2118 2425 2435 2496 prophetia),
2467 2426 2614 2482 velut
2658 2426 2820 2483 hamo
2863 2427 3068 2498 piscem
3108 2428 3396 2482 Dominum
3425 2427 3705 2482 Christum

2119 2516 2186 2572 de
2216 2517 2482 2586 profundo
2512 2518 2916 2588 Scripturarum
2946 2519 3170 2574 levaret.
3206 2517 3344 2574 Huic
3373 2533 3475 2574 nos
3505 2519 3706 2574 rationi

2119 2615 2177 2662 et
2207 2609 2629 2665 considerationi
2660 2626 2769 2666 non
2794 2611 3132 2667 obsistimus.
3181 2611 3288 2667 Sed
3331 2611 3438 2665 alia
3477 2613 3708 2682 quaestio

2121 2707 2205 2754 est
2229 2699 2294 2754 de
2322 2701 2502 2757 animo
2527 2703 2791 2768 voventis,
2821 2702 2924 2758 alia
2952 2703 3020 2760 de
3047 2705 3383 2774 providentia
3413 2706 3545 2770 Dei,
3571 2721 3705 2775 qua-

2120 2789 2370 2861 licunque
2405 2793 2587 2848 animo
2610 2792 2727 2862 ejus
2760 2795 2962 2865 Optime
2997 2795 3218 2851 utentis.
3249 2795 3614 2862 Quamobrem
3649 2797 3700 2850 si

2121 2883 2342 2953 spiritus
2365 2885 2578 2940 Domini
2603 2886 2695 2956 qui
2725 2885 2899 2941 factus
2923 2896 3010 2942 est
3047 2902 3208 2956 super
3235 2885 3459 2957 Iephte,
3501 2897 3562 2942 ut
3601 2889 3705 2943 boc

2121 2983 2342 3029 voveret
2385 2976 2604 3032 omnino
2631 2977 2916 3047 prtecepit,
2966 2977 3112 3046 quod
3158 2977 3376 3047 quidem
3424 2977 3704 3048 Scriptura

2119 3081 2226 3122 non
2251 3067 2494 3136 aperuit:
2525 3075 2700 3122 tamen
2739 3068 2786 3122 si
2829 3067 2932 3124 hoc
2967 3068 3054 3122 ille
3094 3069 3369 3139 pra-cepit,
3407 3067 3560 3136 cujus
3596 3084 3703 3123 non

2116 3157 2241 3212 licet
2262 3158 2411 3228 jussa
2440 3167 2819 3224 contemnere,
2858 3174 2964 3213 non
3007 3159 3182 3214 solum
3229 3160 3542 3230 insipientia
3584 3160 3702 3215 cul-

2115 3247 2290 3315 panda
2314 3262 2421 3301 non
2449 3257 2549 3312 est,
2582 3264 2769 3302 verum
2791 3249 2953 3305 etiam
2978 3249 3243 3306 laudanda
3263 3250 3572 3305 obedientia
3595 3260 3700 3306 est.

2116 3332 2231 3390 Hoc
2250 3336 2393 3390 enim
2417 3337 2581 3392 etiam
2607 3339 2652 3392 si
2678 3353 2737 3394 se
2767 3340 2931 3395 homo
2956 3340 3070 3408 ipse
3096 3340 3396 3406 interimat,
3425 3342 3566 3410 quod
3589 3343 3703 3396 uti-

2114 3441 2222 3496 que
2261 3427 2494 3483 humana
2526 3430 2802 3486 voluntate
2835 3439 2998 3502 atque
3042 3432 3270 3487 consilio
3315 3432 3494 3488 lacere
3543 3432 3704 3488 nefas

2114 3522 2220 3579 est,
2234 3515 2474 3586 profecto
2497 3517 2896 3588 intelligendum
2919 3528 3003 3576 est
3025 3521 3342 3576 obedienter
3361 3521 3477 3575 ﬁeri
3500 3524 3702 3590 potius,

2115 3621 2279 3676 quam
2307 3606 2552 3673 sceleste,
2585 3608 2629 3662 si
2667 3609 2925 3664 divinitus
2944 3610 3154 3680 jussum
3179 3619 3298 3674 est;
3329 3611 3397 3665 de
3423 3628 3530 3682 qua
3555 3628 3707 3682 quaa-

2115 3697 2290 3751 stione
2320 3697 2452 3752 satis
2476 3698 2531 3752 in
2556 3699 2731 3769 primo
2757 3700 2894 3756 libro
2917 3701 2982 3756 de
3010 3700 3240 3756 Civitate
3269 3701 3366 3757 Dei
3395 3703 3701 3772 disputavi-

2116 3803 2255 3843 mus.
2304 3788 2360 3844 Si
2401 3797 2580 3844 autem
2618 3789 2813 3861 Jepbte
2840 3793 3134 3847 humanum
3162 3803 3381 3850 secutus
3419 3811 3700 3861 errorem,

2115 3877 2408 3934 humanum
2441 3881 2762 3937 sacriﬁcium
2793 3884 3095 3938 vovendum
3133 3885 3374 3954 putavit,
3427 3885 3546 3955 ejus
3579 3889 3703 3958 qui—

2113 3970 2235 4025 dem
2261 3979 2540 4040 peccatum
2571 3973 2638 4027 de
2664 3973 2821 4030 unica
2850 3974 2959 4029 ﬁlia
2979 3974 3104 4044 jure
3133 3978 3380 4044 punitum
3416 3988 3523 4044 est,
3553 3983 3700 4050 quod

2112 4060 2275 4114 etiam
2316 4061 2431 4130 ipse
2471 4063 2647 4119 verbis
2687 4064 2800 4120 suis
2828 4066 2961 4121 satis
2998 4067 3214 4122 videtur
3254 4072 3573 4135 ostendam,
3605 4074 3698 4128 ubi

2113 4149 2218 4204 ait:
2247 4150 2364 4205 Heu
2385 4168 2466 4206 me
2478 4153 2498 4205 .'
2519 4153 2655 4221 ﬁlia,
2672 4154 2934 4225 impediin
2959 4174 3056 4220 me,
3083 4159 3138 4212 in
3159 4159 3534 4228 offendit-slum
3550 4163 3697 4232 facta

2111 4257 2166 4296 es
2204 4242 2260 4294 in
2297 4242 2464 4298 oculis
2504 4244 2662 4308 meis,
2707 4245 2946 4301 discissis
2979 4248 3140 4302 etiam
3186 4250 3522 4307 vestimentis
3557 4255 3692 4309 suis.

432 4325 568 4382 libus
599 4328 683 4397 (II
713 4328 834 4384 Cor.
861 4331 936 4404 tv)
957 4351 974 4386 -:
1016 4334 1212 4403 quibus
1235 4336 1289 4390 in
1319 4338 1566 4407 passione
1597 4342 1861 4411 martyrii,
1894 4351 2012 4397 tan-
2036 4372 2087 4431 D
2114 4331 2496 4431 Yemmtamen
2546 4324 2710 4388 etiam
2761 4335 2848 4392 hic
2892 4335 3007 4404 eius
3049 4353 3204 4393 θιΊὈΓ
3247 4339 3410 4396 habet
3453 4343 3693 4412 aliquam

428 4433 596 4488 quam
617 4421 849 4478 vasculis
869 4421 1075 4490 fractis,
1091 4427 1262 4496 major
1279 4442 1466 4483 eorum
1489 4429 1670 4499 gloria:
1693 4430 1864 4502 fulgor
1881 4434 2010 4488 cmi-

433 4507 566 4571 cuit,
595 4523 714 4577 qua:
751 4511 945 4585 impios
972 4516 1295 4585 evangelica:
1323 4519 1722 4586 praedicationis
1760 4521 2008 4578 inimicos

433 4595 706 4666 inopinata
732 4602 838 4659 illis
865 4603 1066 4660 Christi
1097 4606 1342 4662 claritate
1368 4612 1661 4679 superavit.

504 4686 610 4743 Seu
639 4705 768 4762 ergo
791 4709 887 4763 per
915 4697 1146 4753 scientes
1174 4713 1266 4753 seu
1293 4714 1391 4768 per
1425 4700 1728 4756 nescientes
1755 4702 2003 4771 praeﬁgu-

431 4780 694 4834 rationcm
728 4786 1265 4858 pmdicationemque
1306 4789 1608 4845 futurorum
1651 4792 1872 4861 spiritus
1893 4793 2003 4848 Do-

431 4869 563 4923 mini
596 4872 922 4940 pr0pbcticis
953 4879 1281 4946 temporibus
1308 4888 1563 4948 operatus
1594 4890 1696 4936 est.
1746 4880 1856 4937 Nec
1884 4883 2006 4940 ideo

430 4969 649 5030 peccata
671 4976 856 5016 eorum
878 4965 1158 5022 dicendum
1180 4979 1265 5025 est
1285 4987 1390 5026 non
1413 4969 1578 5026 fuisse
1600 4981 1852 5042 peccata;
1877 4975 2003 5043 quia

429 5062 486 5105 et
524 5051 686 5117 Deus,
717 5053 807 5122 qui
835 5061 889 5106 et
925 5055 1081 5110 malis
1120 5061 1319 5115 nostris
1356 5063 1492 5116 bene
1517 5061 1593 5115 uti
1623 5062 1802 5126 novit,
1839 5065 2004 5120 etiam

429 5140 560 5208 ipsis
597 5156 783 5197 eorum
825 5145 1060 5212 peccatis
1088 5161 1217 5202 usus
1254 5159 1337 5203 est
1362 5151 1430 5203 ad
1459 5150 1805 5220 signiﬁcanda
1831 5193 1845 5216 ,
1883 5169 2004 5222 qum

428 5229 614 5284 voluit.
645 5231 872 5287 Proinde
899 5233 942 5288 si
975 5243 1256 5303 propterea
1284 5248 1558 5307 peccatum
1584 5256 1687 5294 non
1722 5239 1816 5294 fuit
1840 5282 1854 5305 ,
1885 5243 2000 5298 sive

426 5321 714 5390 cujuslibet
739 5325 887 5379 necis
915 5326 1194 5393 humanm,
1219 5329 1332 5384 sive
1369 5330 1532 5384 etiam
1568 5333 1884 5400 parricidale
1913 5350 2000 5389 sa-

425 5412 708 5476 criﬁcium,
746 5415 828 5470 vel
856 5425 1050 5471 vovere
1074 5416 1156 5473 vel
1187 5417 1428 5484 reddere,
1455 5419 1580 5490 quia
1618 5437 1868 5490 magnum
1900 5422 1998 5478 ali:

423 5500 552 5568 quid
579 5512 634 5556 et
659 5503 899 5571 spiritale
930 5506 1282 5577 signiﬁcavit,
1313 5508 1510 5590 frustra
1549 5511 1690 5566 Deus
1720 5511 1840 5565 talia
1871 5527 1995 5582 pro-

2112 4421 2326 4478 laudem
2348 4424 2493 4490 ﬁdei,
2521 4442 2627 4496 qua
2655 4427 2822 4483 Deum
2852 4429 3051 4495 timuit,
3078 4439 3138 4485 ut
3157 4433 3301 4502 quod
3326 4443 3545 4489 voverat
3573 4436 3695 4490 red-

2112 4511 2284 4580 deret,
2312 4530 2414 4571 nec
2437 4517 2602 4572 divini
2635 4517 2690 4572 in
2719 4534 2778 4573 se
2797 4518 2986 4588 judieii
3025 4521 3346 4576 sententiam
3378 4523 3693 4588 declinavit,

2111 4603 2225 4659 sive
2247 4620 2472 4674 sperans
2491 4607 2658 4662 Deum
2681 4610 3093 4678 prohibiturum,
3121 4611 3260 4666 sicut
3286 4609 3412 4667 fecit
3432 4614 3690 4676 Abralne,

2110 4695 2224 4750 sive
2243 4693 2361 4764 ejus
2383 4697 2713 4753 voluntatem
2745 4699 2910 4754 etiam
2954 4715 3061 4754 non
3102 4701 3440 4771 prohibentis
3474 4703 3688 4758 intelle-

2108 4793 2250 4841 ctam
2278 4786 2456 4842 l‘acere
2479 4787 2658 4857 potius
2685 4804 2846 4858 quam
2871 4800 3219 4846 contemnere
3243 4800 3508 4846 statuens.

2179 4875 2497 4946 Quanquam
2531 4887 2586 4932 et
2615 4878 2702 4933 hic
2733 4880 2926 4934 merito
2961 4880 3129 4950 quaeri
3159 4889 3356 4949 potest,
3386 4891 3567 4936 utrum
3598 4898 3686 4937 ve-

2109 4964 2554 5036 riusintelligant
2583 4967 2684 5022 hoc
2708 4968 2992 5023 Dominum
3038 4969 3180 5024 nolle
3226 4969 3378 5034 ﬁeri,
3423 4978 3478 5024 et
3520 4971 3574 5024 in
3621 4988 3687 5027 eo

2105 5053 2284 5122 potius
2314 5054 2444 5118 Deo,
2484 5055 2528 5110 si
2555 5071 2662 5109 non
2701 5055 2882 5120 ﬁeret,
2931 5057 3256 5122 obediretur,
3291 5059 3549 5126 quoniam
3584 5059 3687 5114 hoc

2105 5161 2164 5200 se
2194 5145 2335 5201 nolle
2362 5156 2416 5201 et
2443 5146 2495 5200 in
2517 5147 2748 5202 Abraba:
2776 5147 2886 5202 ﬁlio
2905 5156 2959 5202 et
2986 5147 3038 5201 in
3059 5146 3297 5218 legitima
3319 5149 3684 5218 prohibitione

2106 5245 2516 5293 monstraverat.
2549 5237 2927 5293 Verumtamen
2955 5239 2999 5292 si
3037 5247 3321 5308 propterea
3351 5237 3544 5308 Jcpbte
3573 5255 3681 5295 nou

2104 5328 2326 5393 faceret,
2360 5330 2459 5384 sibi
2485 5329 2660 5400 potius
2689 5331 2743 5385 in
2782 5331 2940 5385 unica
2981 5329 3089 5383 ﬁlia
3131 5331 3474 5400 pepercisse,
3516 5347 3679 5400 quam

2105 5419 2198 5475 Dei
2238 5420 2564 5476 voluntatem
2591 5429 2808 5478 secutus
2844 5437 2966 5477 esse
3009 5422 3298 5477 videretur.
3344 5422 3515 5494 Magis
3544 5437 3677 5494 ergo

2105 5509 2387 5576 intellexit,
2405 5510 2457 5565 in
2483 5526 2548 5566 eo
2571 5513 2713 5581 quod
2734 5512 2807 5566 illi
2832 5511 2937 5566 ﬁlia
2959 5513 3217 5578 occurrit,
3235 5512 3462 5567 ultorem
3485 5513 3673 5580 Deum,

424 5589 618 5657 bibuit,
647 5602 702 5648 ct
725 5610 780 5650 se
807 5597 980 5652 odisse
1005 5608 1230 5656 testatus
1254 5609 1372 5667 est;
1402 5601 1653 5671 quoniam
1683 5612 1735 5658 et
1764 5602 1850 5657 illa
1878 5618 1997 5672 quae
2095 5598 2363 5672 iustaeque
2397 5615 2570 5673 pusum
2593 5618 2651 5658 se
2680 5600 2908 5658 ﬁdeliter
2934 5601 3206 5671 subdidit,
3252 5601 3449 5658 timens
3488 5603 3674 5658 aevio-
