3996 6176
335 344 480 398 ’1185
1278 335 1630 392 COMMENT.
1672 335 1738 390 1N
1778 335 1902 390 LIB.
1943 335 2257 392 JUDlClT-M.
2299 366 2368 376 —
2405 336 2532 390 LIB.
2574 337 2634 390 ll.
3461 338 3604 398 “86

339 473 456 514 rem
479 464 736 527 tanquam
767 455 832 509 de
871 452 1336 524 tergiversatione,
1365 449 1700 504 vindictam?
1726 448 1920 504 Crcde-
1950 454 2000 511 Α
2029 451 2288 514 tenderet,
2319 448 2624 503 luctabatur
2650 446 2801 520 (Gen.
2841 450 3033 522 χχχιι).
3088 451 3350 506 Dixerunt
3371 467 3500 524 ergo
3540 454 3610 511 ad

339 550 436 603 bat
461 548 606 603 enim
649 547 810 602 etiam
848 547 1001 600 bonae
1027 553 1083 598 et
1106 544 1330 613 virginis
1356 544 1593 598 animam
1623 541 1743 596 ﬁliae
1777 543 1914 596 bene
2016 537 2209 608 Iephte
2237 556 2249 592 :
2303 537 2428 591 Non
2464 538 2797 592 hwreditabis
2827 539 2879 592 in
2903 540 3056 593 domo
3077 543 3240 610 patris
3268 544 3457 608 nostri,
3483 560 3611 614 quo-

336 639 543 709 rccipi,
586 638 726 706 quod
765 650 870 690 non
905 634 1078 704 seipsa
1104 643 1328 689 voveret
1371 632 1780 695 immolandam,
1824 632 1917 686 sed
2019 630 2161 682 niam
2186 628 2329 698 ﬁlius
2357 627 2590 682 mulieris
2619 628 2920 697 fornicaria:
2943 639 3041 694 tu;
3083 639 3338 700 tanquam
3369 632 3613 689 dicerent

344 737 471 782 voto
499 735 553 780 ct
580 723 844 778 voluntati
875 739 982 777 non
1009 722 1288 778 resisteret
1325 723 1514 793 patris,
1544 731 1600 777 et
1628 723 1721 777 Dei
1739 722 1920 776 fuerat
2019 721 2161 790 quod
2182 719 2530 788 Evangelium
2558 719 2794 788 loquitur
2823 737 2836 772 :
2868 717 2991 773 Non
3020 730 3097 774 est
3121 722 3216 775 iste
3245 722 3397 776 homo
3421 742 3451 776 a
3482 724 3610 790 Deo,

341 825 524 872 secuta
545 815 828 886 judicium.
848 813 992 868 Mors
1011 813 1154 868 enim
1181 812 1439 867 sicutnec
1460 811 1562 866 sibi
1588 827 1618 865 a
1646 825 1919 882 quoquam
2019 812 2108 880 qui
2133 810 2209 863 sic
2237 809 2385 864 solvit
2426 809 2698 863 sabbatum
2743 809 2894 881 (Luc.
2927 810 3059 880 xvi).
3118 809 3191 865 Se
3237 822 3418 867 autem
3471 815 3614 869 velut

342 917 552 976 sponte,
585 921 683 961 nec
707 906 959 975 cuiquam
993 913 1185 974 sponte
1223 904 1499 958 inferenda
1547 913 1662 969 est,
1702 903 1775 957 ita
1811 903 1922 959 Deo
2015 898 2286 968 iactantes
2315 899 2582 970 legitimos
2618 898 2756 953 ﬁlios
2789 899 3017 954 Domino
3057 900 3347 955 dixertmt:
3387 902 3501 957 Nos
3551 921 3615 958 ex

337 996 562 1066 jubente
590 994 890 1050 recusanda
914 1011 1020 1049 non
1048 1004 1132 1049 est
1151 1035 1165 1060 ,
1198 991 1351 1062 cujus
1384 994 1767 1048 constitutione
1791 1008 1925 1062 quo-

344 1103 556 1164 cunque
604 1097 846 1158 tempore
895 1087 1146 1141 obeunda
1193 1095 1310 1140 est:
1353 1099 1450 1140 nec
1493 1086 1779 1156 quisquam
1829 1085 1920 1154 qui

344 1194 465 1232 eam
494 1179 700 1249 perpeti
737 1177 1023 1242 detrectat,
1049 1187 1108 1230 ut
1145 1176 1364 1230 omnino
1385 1175 1648 1242 evitetur,
1682 1173 1776 1230 sed
1806 1184 1926 1228 tan-

347 1270 622 1324 tummodo
655 1277 710 1321 ut
735 1265 1039 1330 diﬁ‘eratur,
1070 1266 1294 1321 laborat.

415 1360 567 1414 Nunc
583 1359 694 1430 jam
719 1359 850 1429 quid
860 1358 1093 1428 Spiritus
1110 1357 1344 1424 Domini,
1358 1357 1470 1412 sive
1489 1372 1585 1427 per
1598 1358 1926 1412 nescientem

344 1449 558 1518 Iephte,
575 1450 687 1504 sive
699 1464 794 1520 per
808 1449 1091 1513 scientem,
1113 1449 1225 1503 sive
1239 1463 1336 1518 per
1348 1448 1464 1518 ejus
1487 1447 1926 1518 imprudentiam,

345 1542 460 1594 sive
503 1556 601 1611 per
623 1540 1002 1606 obedientiam,
1026 1541 1137 1595 sive
1163 1555 1260 1610 per
1281 1538 1654 1606 oﬁ‘ensioncm,
1699 1541 1813 1594 sive
1834 1555 1932 1609 per

325 1633 507 1688 ﬁdem
541 1634 596 1687 in
625 1633 724 1686 hac
765 1648 825 1688 re
850 1640 997 1703 gesta
1025 1632 1468 1702 pmﬁguraverit,
1495 1641 1756 1700 quantum
1780 1633 1927 1686 Deus

345 1721 586 1791 adjuvat,
613 1723 973 1792 requiramus,
1007 1723 1348 1792 breviterque
1369 1722 1687 1792 pandamus.
1733 1721 1930 1777 Admo-

2024 990 2370 1059 fornicatione
2398 1007 2522 1056 non.
2543 1006 2724 1044 sumus
2771 991 2904 1054 nati,
2949 1007 3110 1045 unum
3137 1002 3338 1061 patrem
3368 994 3617 1050 habemus

2025 1079 2193 1133 Deum
2229 1079 2408 1150 (Ioan.
2448 1081 2589 1149 vm).

2097 1170 2249 1241 (Car.
2281 1170 2382 1242 x1.)
2431 1170 2498 1224 Et
2529 1171 2661 1240 fugit
2689 1171 2874 1241 Iephte
2896 1189 2926 1224 a
2968 1171 3101 1240 facie
3123 1172 3349 1240 fratrum
3379 1190 3614 1237 suorum,

2026 1270 2073 1314 et
2097 1261 2347 1320 habitarit
2372 1260 2427 1314 in
2457 1269 2594 1314 terra
2621 1259 2742 1313 Job.
2778 1261 2951 1330 Fugit,
2985 1264 3239 1330 quoniam
3267 1275 3352 1327 se,
3383 1274 3618 1332 quantus

2027 1362 2189 1417 esset,
2233 1352 2513 1407 abscondit
2549 1369 2560 1404 :
2593 1351 2748 1422 fugit,
2789 1354 3043 1422 quoniam
3092 1371 3187 1410 eos
3234 1357 3516 1411 stevientes
3541 1357 3621 1411 Ia-

2030 1443 2152 1496 tuit.
2185 1440 2245 1496 Si
2266 1442 2402 1496 enim
2430 1443 2806 1511 cognovissent,
2839 1461 3105 1515 nunquam
3131 1445 3412 1500 Dominum
3436 1447 3620 1516 gloria:

2031 1531 2408 1599 cruciﬁxissent
2459 1530 2510 1602 (I
2537 1530 2658 1585 Cor.
2693 1534 2775 1602 ιι).
2810 1533 2988 1606 Fugit,
3041 1537 3296 1605 quoniam
3341 1539 3618 1594 morientis

2032 1620 2398 1675 inﬁrmitatem
2443 1621 2710 1683 viderunt,
2750 1623 3006 1678 virtutem
3055 1635 3237 1680 autem
3289 1630 3621 1697 resurgentis

2031 1727 2138 1766 non
2165 1711 2436 1765 viderunt.
2471 1711 2742 1766 Habitavit
2767 1721 2946 1768 autem
2975 1715 3026 1769 itt
3068 1725 3210 1770 terra
3237 1717 3397 1783 bona,
3427 1719 3531 1787 vel,
3560 1729 3621 1779 ut

346 1823 442 1870 net
469 1813 612 1869 enim
637 1829 736 1870 nos
773 1821 830 1868 et
856 1821 1030 1882 urget,
1067 1812 1462 1882 quodammodo
1490 1812 1592 1866 iste
1617 1819 1928 1868 sanctarum
1958 1797 2004 1857 Β
2031 1802 2338 1872 expressius
2359 1803 2620 1868 dicamus,
2651 1805 2852 1874 Optima
2879 1822 2893 1870 ;
2927 1807 3072 1876 quod
3094 1808 3236 1862 enim
3268 1809 3456 1864 Grzcce
3486 1828 3618 1879 aga-

348 1903 752 1973 Scripturarum
775 1902 925 1958 locus
950 1903 1188 1972 cogitare
1216 1902 1503 1973 quemdam
1524 1912 1800 1972 potentem
1819 1903 1928 1958 vir-

351 2001 482 2047 tute.
531 1989 677 2046 Talis
713 1993 858 2047 enim
882 1990 1080 2046 dicitur
1112 1991 1325 2060 Iephte,
1349 1992 1491 2060 quod
1535 2006 1729 2047 nomen
1763 1991 1931 2046 inter-

349 2090 594 2151 pretatur
639 2081 897 2151 aperiens.
953 2079 1212 2135 Dominus
1240 2089 1420 2135 autem
1464 2080 1744 2147 Christus,
1789 2081 1931 2136 sicut

349 2170 554 2224 indicat
578 2169 948 2237 Evangelium,
994 2170 1270 2240 discipulis
1327 2170 1440 2224 suis
1466 2172 1668 2241 aperuit
1699 2187 1928 2237 sensum,

350 2273 405 2314 ut
448 2259 791 2330 intelligerent
822 2258 1124 2330 Scripturas
1148 2259 1299 2332 (Luc.
1325 2261 1494 2333 utr).
1543 2261 1700 2335 Hunc
1741 2261 1933 2333 Iephte

350 2350 548 2406 fratres
573 2348 696 2418 ejus
715 2349 1157 2420 reprobaverunt,
1188 2358 1242 2405 et
1291 2351 1358 2405 de
1401 2361 1626 2422 paterna
1653 2351 1815 2408 domo
1840 2368 1935 2408 ex-

352 2442 604 2514 pulerunt
633 2441 948 2512 objicientes
977 2441 1047 2506 ei,
1079 2441 1220 2510 quod
1243 2450 1389 2498 esset
1417 2442 1560 2498 ﬁlius
1604 2441 1930 2509 l‘ornicariaa,

354 2542 611 2603 tanquam
643 2532 745 2602 ipsi
771 2531 1040 2587 essentde
1074 2547 1244 2590 uxore
1269 2531 1506 2602 legitime
1532 2533 1645 2587 nati
1676 2532 1826 2604 (Iud.
1848 2533 1929 2604 ιι).

353 2627 467 2682 Hoc
493 2627 655 2681 etiam
687 2632 915 2696 egerunt
935 2624 1194 2681 adversus
1239 2624 1520 2678 Dominum
1553 2625 1824 2694 principes
1849 2640 1935 2680 sa-

354 2718 636 2774 cerdotum
663 2723 716 2771 et
742 2714 944 2770 Scriba:
972 2723 1028 2768 et
1055 2713 1338 2779 Pharisaei,
1380 2714 1469 2783 qui
1499 2714 1563 2768 dc
1589 2713 1722 2784 legis
1743 2715 1934 2770 obser-

353 2809 570 2863 vatione
590 2806 808 2876 gloriari
839 2804 1177 2871 videbantur,
1205 2813 1458 2875 tanquam
1491 2804 1579 2858 ille
1608 2805 1838 2860 solveret
1866 2804 1936 2859 le-

355 2914 510 2970 gem,
559 2907 614 2953 et
638 2896 760 2953 ideo
801 2897 965 2952 veluti
1006 2912 1110 2951 non
1161 2906 1308 2952 esset
1344 2895 1614 2967 legitimus
1657 2895 1820 2950 ﬁlius.
1868 2895 1937 2950 Et

355 3005 664 3058 quanquam
697 2989 762 3042 de
787 2997 974 3042 sancta
1011 2988 1228 3058 quidem
1259 2987 1479 3057 Virgine
1507 3001 1704 3056 corpus
1729 3002 1936 3062 assum-

353 3089 559 3150 pserat,
589 3078 730 3148 quod
754 3078 999 3134 ﬁdelibus
1021 3087 1204 3132 natum
1235 3087 1349 3143 est;
1391 3085 1567 3130 tamen
1595 3077 1714 3147 ejus
1738 3086 1932 3143 mater,

357 3142 623 3239 quantum
641 3170 707 3224 ad
734 3179 946 3240 gentem
967 3171 1221 3240 pertinet,
1249 3142 1413 3224 etiam
1440 3168 1527 3222 illa
1563 3142 1784 3223 Iudaica
1813 3184 1937 3239 syn-
1963 3142 2008 3206 (ἶ

359 3277 530 3332 agoga
579 3261 683 3314 dici
722 3269 916 3327 potest.
968 3259 1225 3314 Revolvat
1261 3259 1355 3328 qui
1393 3260 1628 3315 voluerit
1663 3259 1941 3330 propheti-

359 3367 451 3406 cos
480 3350 665 3414 libros,
704 3357 761 3402 et
786 3349 966 3402 videat
1013 3349 1224 3418 quoties
1248 3356 1304 3407 et
1323 3351 1532 3417 quanta
1562 3351 1711 3404 verbi
1739 3350 1942 3404 severi-

361 3451 472 3497 tate
499 3453 661 3512 atque
693 3439 1058 3511 indignatione
1087 3437 1298 3494 Domini
1330 3437 1418 3492 illa
1447 3453 1600 3508 gens,
1641 3437 1791 3492 velut
1841 3438 1942 3491 im-

361 3532 558 3602 pudica
614 3530 835 3594 mulier,
889 3531 956 3584 de
1002 3529 1117 3586 suis
1168 3527 1617 3585 fornicationibus
1659 3533 1938 3595 arguatur.

367 3623 517 3677 Unde
542 3628 625 3675 est
651 3619 812 3674 etiam
840 3617 968 3675 illud
1015 3618 1069 3671 in
1099 3618 1204 3672 hoc
1243 3617 1381 3671 libro
1422 3616 1938 3687 frequentissimum,

362 3711 450 3766 vel
473 3726 596 3766 cum
634 3717 759 3780 post
791 3707 962 3779 ephod
992 3707 1136 3778 quod
1161 3705 1290 3763 fecit
1315 3706 1534 3762 Gedeou
1578 3707 1754 3762 omnis
1778 3706 1943 3762 Israel

357 3801 558 3872 legitur
586 3798 884 3856 fornicatus
911 3796 1062 3869 (Iud.
1092 3797 1194 3870 n):
1239 3798 1325 3854 vel
1349 3798 1494 3867 quod
1533 3797 1782 3852 abierunt
1823 3805 1945 3867 post

365 3893 494 3946 deos
532 3889 790 3960 gentium,
841 3887 1036 3956 quibus
1063 3894 1220 3941 erant
1271 3885 1606 3942 circumdati.
1660 3885 1814 3941 Unde
1840 3885 1944 3940 illis

367 3983 548 4036 divina
574 3981 652 4034 ira
677 3985 948 4033 commota
975 3986 1078 4043 est,
1126 3985 1187 4031 ut
1213 3992 1312 4048 per
1329 3992 1502 4032 annos
1525 3977 1712 4031 decem
1737 3983 1794 4030 et
1819 3983 1944 4030 octo

367 4080 780 4128 conterercntur
809 4084 840 4123 a
869 4068 995 4124 ﬁliis
1032 4068 1283 4122 Ammon.
1329 4067 1434 4122 Sed
1463 4066 1707 4136 nunquid
1730 4080 1839 4124 non
1875 4079 1944 4121 ex

364 4163 555 4217 eadem
580 4172 738 4231 gente
751 4158 1096 4236 lsraeletiam
1121 4159 1196 4213 illi
1224 4159 1338 4213 nati
1357 4165 1514 4212 erant
1541 4157 1868 4222 sacerdotes,
1891 4165 1946 4212 et

367 4257 593 4321 Scribat,
617 4267 670 4311 et
694 4255 976 4320 Phariszei,
998 4269 1132 4323 quos
1159 4253 1216 4308 in
1242 4253 1322 4309 eis
1347 4252 1582 4308 diximus
1614 4252 1782 4312 fuisse
1809 4266 1947 4322 pra:-

369 4350 649 4419 ﬁguratos,
693 4346 784 4418 qui
812 4343 1024 4416 Jephte,
1065 4354 1318 4414 tanquam
1360 4344 1450 4400 isti
1472 4343 1758 4404 Dominum
1790 4342 1946 4399 Chri-

369 4450 532 4504 stum,
558 4439 720 4497 veluti
747 4454 859 4496 non
887 4437 1182 4507 legitimum
1221 4435 1392 4493 lilium
1419 4433 1688 4503 persecuti
1728 4431 1947 4502 expule-

2030 1893 2176 1959 thon,
2215 1894 2318 1948 hoc
2349 1893 2536 1948 Latine
2569 1895 2831 1964 optimum
2869 1897 3104 1952 dicitur:
3149 1899 3202 1952 id
3245 1908 3424 1956 autem
3455 1901 3622 1957 inter-

2029 1993 2277 2054 pretatur
2308 1984 2433 2039 Tob.
2475 1985 2575 2041 Ubi
2619 1987 2752 2040 nihil
2800 1989 3014 2043 videtur
3054 1991 3398 2062 intelligenda
3437 1993 3553 2061 ejus
3587 2011 3616 2049 a

2031 2075 2260 2132 mortuis
2287 2077 2632 2132 resurrectio.
2678 2077 2813 2132 Nam
2865 2095 2984 2149 qua:
3033 2089 3178 2136 terra
3220 2084 3390 2154 stragis
3415 2087 3618 2156 optima

2032 2181 2195 2237 quam
2219 2173 2492 2230 terrenum
2519 2183 2717 2239 corpus
2744 2169 3063 2224 excellentia
3110 2171 3538 2230 immortalitatis
3555 2189 3623 2232 ac

2033 2256 2452 2327 incorruptiouis
2492 2259 2788 2314 indutum?
2852 2259 3005 2327 Quod
3071 2270 3252 2317 autem
3310 2263 3509 2319 dicitur
3555 2266 3624 2322 de

2033 2348 2244 2420 Jephte,
2265 2350 2392 2419 quia
2417 2361 2768 2421 posteaquam
2794 2350 3003 2424 fugiens
3024 2369 3055 2407 a
3087 2353 3223 2409 facie
3247 2354 3475 2410 fratrum
3499 2372 3598 2414 suo
3621 2389 3624 2393 -

2035 2455 2178 2505 rum,
2233 2441 2499 2495 habitavit
2541 2441 2594 2494 in
2621 2450 2765 2498 terra
2796 2442 2931 2508 Tob,
2970 2443 3362 2514 colligebantur
3390 2447 3457 2502 ad
3491 2463 3614 2504 eum

2034 2529 2138 2583 viri
2167 2530 2423 2595 latrones,
2453 2538 2506 2584 et
2528 2529 2875 2587 ambulabant
2895 2547 3018 2586 cum
3049 2534 3164 2602 ipso
3188 2551 3202 2600 ;
3233 2550 3538 2605 quanquam
3563 2548 3624 2593 et

2035 2628 2162 2674 ante
2191 2621 2494 2690 passionem
2521 2621 2790 2690 objectum
2822 2621 2984 2679 fuerit
3027 2625 3287 2693 Domino,
3330 2629 3474 2698 quod
3497 2645 3622 2684 cum

2033 2717 2338 2786 publicanis
2380 2725 2434 2771 et
2480 2719 2855 2786 peccatoribus
2885 2721 3256 2785 manducaret,
3295 2723 3508 2790 quando
3537 2738 3621 2778 re-

2035 2808 2252 2878 spondit
2279 2824 2387 2862 non
2433 2823 2553 2863 esse
2587 2809 2952 2862 necessarium
2983 2810 3129 2864 sanis
3169 2811 3438 2866 medicum
3464 2852 3479 2877 ,
3525 2813 3622 2867 sed

2035 2901 2253 2971 atgrotis
2308 2898 2524 2973 (Matth.
2557 2898 2656 2971 Ix),
2712 2907 2768 2954 et
2813 2899 2948 2954 inter
2986 2900 3192 2970 iniquos
3229 2900 3507 2970 deputatus
3547 2911 3623 2956 est

2038 2989 2174 3062 (ιτα.
2203 2988 2346 3061 un),
2395 2989 2610 3060 quando
2630 2990 2771 3045 inter
2801 2988 3037 3044 latrones
3087 2989 3381 3044 cruciﬁxus
3408 2999 3512 3055 est,
3568 3005 3624 3047 et

2039 3097 2206 3135 unum
2232 3096 2298 3135 ex
2327 3081 2406 3135 eis
2451 3081 2517 3135 de
2542 3095 2704 3136 cruce
2759 3079 2811 3134 in
2840 3081 3150 3149 paradisum
3183 3081 3459 3136 transtulit
3487 3097 3502 3147 ;
3537 3091 3620 3136 ta-

2039 3187 2164 3227 men
2188 3179 2539 3242 posteaquam
2567 3172 2895 3236 resurrexit,
2918 3179 2974 3225 et
2999 3185 3118 3226 esse
3145 3171 3306 3241 coepit
3328 3173 3621 3227 secundum

2040 3265 2093 3320 id
2115 3265 2256 3335 quod
2282 3280 2442 3335 supra
2459 3264 2824 3334 exposuimus,
2850 3263 2902 3317 in
2934 3275 3076 3317 terra
3096 3263 3228 3329 Tob,
3259 3263 3470 3319 collecti
3497 3273 3627 3319 sunt

2041 3357 2109 3412 ad
2134 3357 2283 3414 illum
2308 3355 2558 3412 scelerati
2584 3355 2829 3410 homines
2849 3365 3068 3426 propter
3100 3355 3472 3411 remissionem
3498 3369 3626 3424 pec-

2041 3454 2304 3508 catorum,
2358 3445 2450 3512 qui
2477 3459 2599 3498 cum
2629 3444 2720 3498 illo
2743 3443 3119 3508 ambulabant,
3175 3443 3296 3512 quia
3328 3444 3625 3499 secundum

2040 3529 2159 3600 ejus
2183 3540 2450 3601 praecepta
2485 3531 2758 3595 vivebant,
2805 3544 2981 3598 neque
3009 3530 3110 3583 hoc
3139 3530 3254 3583 ﬁeri
3287 3529 3484 3584 desinit
3532 3545 3626 3586 us-

2042 3637 2148 3694 que
2171 3637 2314 3677 nunc
2336 3630 2392 3677 et
2415 3621 2686 3689 deinceps,
2733 3635 3014 3689 quousque
3039 3619 3106 3672 ad
3157 3634 3282 3672 eum
3307 3619 3627 3688 confugiunt

2009 3747 2014 3750 -
2043 3713 2190 3780 mali,
2219 3721 2278 3767 ut
2309 3711 2568 3783 justiﬁcet
2594 3711 2805 3780 impios,
2843 3709 2935 3780 qui
2965 3709 3033 3768 ad
3057 3723 3184 3764 eum
3209 3716 3623 3774 convertuntur,

2042 3811 2099 3859 et
2116 3802 2329 3859 discant
2344 3801 2529 3872 iniqui
2555 3802 2670 3856 vias
2691 3801 2828 3872 ejus,

2112 3895 2230 3950 Jam
2253 3895 2385 3950 illud
2405 3894 2548 3964 quod
2576 3894 2631 3948 hi
2657 3894 2748 3963 qui
2771 3891 3077 3960 abiecerant
3105 3891 3299 3962 Iephte
3323 3891 3462 3964 (erat
3481 3891 3626 3947 enim

2043 3986 2370 4057 Galaadites)
2417 3984 2664 4041 conversi
2696 3993 2823 4039 sunt
2853 3983 2921 4038 ad
2964 3999 3109 4049 eum,
3155 3991 3210 4037 et
3257 3983 3625 4053 quasiverunt

2043 4093 2165 4134 eum
2185 4093 2282 4148 per
2310 4092 2469 4148 quem
2495 4076 2856 4132 liberarentur
2881 4074 2948 4129 ab
2977 4073 3208 4128 inimicis
3255 4073 3368 4126 suis
3395 4087 3409 4138 ;
3459 4087 3624 4141 quam

2043 4173 2190 4227 clara
2217 4170 2649 4241 praeﬁguratione
2675 4166 2972 4238 signiﬁcat,
3009 4165 3151 4235 quod
3197 4163 3252 4218 hi
3296 4164 3386 4233 qui
3414 4162 3629 4232 abiece-

2014 4255 2171 4320 'runt
2207 4262 2506 4326 Christum,
2550 4262 2618 4316 ad
2665 4275 2788 4314 eum
2818 4274 3008 4314 rursus
3033 4256 3301 4322 conversi,
3333 4257 3386 4310 in
3422 4256 3513 4310 illo
3541 4271 3629 4311 re~

2044 4351 2260 4422 periunt
2286 4349 2513 4403 salutem
2540 4365 2554 4412 ;
2589 4349 2700 4402 sive
2725 4347 2798 4400 illi
2827 4337 3224 4416 intelligantur,
3273 4359 3408 4412 quos
3433 4343 3628 4399 Petrus

2049 4442 2322 4514 apostolus
2362 4457 2489 4496 cum
2516 4441 2584 4495 de
2611 4441 2727 4509 ipso
2784 4438 2988 4493 scelere
3040 4437 3328 4506 arguisset,
3385 4437 3525 4492 sicut
3571 4438 3626 4492 in

374 4495 542 4587 runt"!
583 4495 696 4585 Sed
731 4495 784 4587 in
823 4544 890 4583 eo
936 4495 1240 4583 similitudo
1273 4495 1591 4581 adumbrata
1635 4531 1754 4588 est,
1798 4495 1948 4592 quod
1972 4495 2024 4553 D
2047 4495 2683 4599 Ᾰῖεὶέδέιεέροειοιοωὶη
2720 4527 2916 4598 legitur
2955 4495 3228 4599 (Actfn),
3279 4495 3334 4580 et
3379 4526 3628 4582 hortatus
3661 4535 3668 4548 ’

371 4624 478 4687 isti,
509 4630 569 4676 ut
591 4621 724 4686 dixi,
760 4619 925 4674 veluti
954 4619 1088 4687 legis
1125 4621 1503 4674 observatores
1524 4633 1672 4682 eum,
1705 4618 1796 4688 qui
1821 4632 1949 4672 con-

375 4723 452 4768 Ira
482 4720 747 4784 pnecepta
777 4710 909 4780 legis
934 4709 1114 4764 facere
1139 4709 1440 4772 videbatur,
1486 4714 1746 4775 tanquam
1775 4705 1951 4775 legiti-

369 4805 444 4858 mi
474 4818 581 4857 non
609 4801 938 4871 legitimum,
988 4799 1112 4868 jure
1140 4799 1244 4854 sibi
1270 4799 1374 4853 visi
1419 4806 1543 4852 sunt
1565 4797 1812 4865 ejecisse.
1856 4795 1953 4850 Se-

369 4895 604 4950 cundum
631 4896 734 4948 hoc
761 4891 906 4944 enim
937 4891 1088 4960 plebs
1113 4891 1202 4946 illa
1231 4891 1372 4946 dicta
1393 4896 1478 4944 est
1501 4888 1781 4952 fornicari,
1809 4888 1954 4958 quod

369 4988 503 5060 legis
536 4993 806 5059 prmeepta
840 4999 946 5038 non
979 4998 1199 5044 servans
1228 4991 1484 5053 tanquam
1517 4981 1632 5037 viro
1661 4995 1770 5037 non
1795 4981 1948 5035 exhi-

368 5079 533 5134 bebat
560 5079 741 5136 ﬁdem.

441 5170 535 5225 Sic
559 5179 739 5228 autem
770 5170 1031 5241 scriptum
1057 5175 1143 5222 est
1183 5167 1251 5222 de
1292 5165 1521 5236 Iephte:
1572 5167 1643 5221 Et
1679 5174 1947 5220 creverunt

365 5260 467 5328 ﬁlii
499 5261 697 5322 uxoris,
729 5269 776 5312 et
813 5260 1072 5330 ejecerunt
1099 5256 1302 5325 Iephte.
1338 5257 1573 5312 Verbum
1620 5257 1762 5325 quod
1798 5256 1946 5326 posi-

370 5358 482 5406 tum
515 5358 613 5412 est,
630 5360 916 5415 creverunt,
941 5349 1207 5419 signiﬁcat
1231 5348 1286 5405 in
1317 5347 1912 5419 ﬁgura,prtevaluerunt
1928 5363 1945 5410 -;

369 5442 512 5510 quod
541 5441 595 5494 in
619 5437 821 5496 Iudaeis
855 5441 1133 5511 impletum
1163 5447 1268 5505 est,
1311 5440 1402 5510 qui
1450 5438 1848 5510 praevaluerunt
1867 5438 1950 5492 in-

371 5535 614 5589 ﬁrmitati
637 5533 863 5600 Christi,
890 5534 1013 5603 quia
1051 5535 1124 5589 ita
1157 5533 1328 5589 voluit
1356 5540 1413 5587 ut
1441 5533 1510 5587 ab
1534 5531 1615 5586 eis
1638 5545 1758 5601 quae
1789 5543 1948 5600 opor-

373 5627 520 5681 tebat
540 5624 789 5694 passione
825 5623 1120 5692 perferret,
1155 5625 1298 5680 sicut
1321 5624 1424 5678 hoc
1449 5622 1590 5677 idem
1637 5619 1947 5689 signiﬁcans

367 5715 536 5773 Iacob
562 5715 844 5788 pratvaluit
877 5715 1067 5786 angelo
1109 5729 1231 5773 cum
1261 5728 1398 5784 quo,
1453 5721 1512 5768 ut
1545 5711 1776 5780 idipsum
1822 5724 1946 5780 por-

2051 4630 2194 4679 esset
2218 4630 2279 4676 ut
2299 4621 2368 4676 ad
2389 4635 2512 4674 eum
2543 4611 2990 4673 converterentur
3012 4630 3172 4685 quem
3202 4614 3418 4670 fuerant
3444 4630 3630 4686 perse-

2051 4713 2180 4776 cuti,
2223 4710 2518 4780 oompuncti
2561 4717 2680 4762 sunt
2724 4707 2902 4771 corde,
2958 4714 3013 4760 et
3049 4704 3118 4759 ab
3151 4705 3241 4760 illo
3291 4720 3453 4774 quem
3493 4719 3524 4759 a
3569 4721 3628 4762 se

2054 4803 2437 4865 alienaverunt,
2487 4799 2862 4853 desiderarunt
2888 4796 3134 4851 salutem.
3167 4795 3306 4863 Quid
3335 4804 3420 4850 est
3447 4804 3628 4850 autem

2051 4893 2270 4947 liberari
2302 4893 2371 4946 ab
2397 4889 2648 4952 inimicis,
2681 4889 2784 4944 nisi
2813 4903 2846 4942 a
2873 4888 3154 4956 peccatis?
3203 4886 3295 4942 Sic
3329 4888 3474 4942 enim
3522 4887 3629 4941 illis

2053 4985 2170 5039 ait:
2213 4983 2364 5053 Agite
2411 4980 2802 5052 paenitentiam,
2841 4989 2891 5032 et
2939 4979 3231 5049 baptizatur
3277 4977 3629 5047 unusquisque

2049 5085 2270 5131 uestrum
2300 5075 2354 5126 in
2386 5072 2592 5126 nomine
2619 5070 2831 5124 Domini
2863 5069 2990 5124 Iesu
3012 5067 3226 5134 Christi,
3273 5076 3322 5120 et
3367 5063 3630 5118 remitten—

2047 5174 2137 5216 tur
2169 5163 2307 5217 vobis
2329 5169 2541 5230 peccata
2567 5169 2732 5213 vestra
2762 5157 2813 5229 (Ι
2818 5157 2950 5230 bid.)
2973 5173 2988 5212 :
3015 5159 3129 5213 sive
3150 5157 3236 5210 illa
3261 5153 3440 5222 potius
3464 5151 3630 5221 signi-

2051 5253 2242 5307 ﬁcetur
2278 5267 2398 5320 qua:
2440 5251 2493 5304 in
2545 5250 2648 5304 ﬁne
2698 5257 2947 5320 speratur
2984 5247 3195 5302 vocatio
3233 5241 3410 5312 gentis
3437 5240 3623 5296 Israel.

2001 5395 2006 5398 .
2052 5344 2218 5414 Magis
2239 5343 2438 5413 quippe
2472 5342 2584 5412 ipsa
2615 5341 2825 5396 videtur
2857 5351 3116 5408 apparere
3171 5333 3222 5386 in
3248 5346 3333 5397 eo,
3376 5329 3520 5400 quod
3546 5329 3628 5383 di-

2050 5437 2232 5492 citur:
2263 5436 2330 5489 Et
2370 5435 2565 5504 factum
2595 5444 2669 5488 est
2717 5443 2832 5502 post
2883 5432 3036 5492 dies;
3086 5424 3228 5495 quod
3278 5423 3466 5494 utique
3505 5431 3629 5491 post

2050 5538 2259 5600 tempus
2288 5529 2588 5598 signiﬁcat,
2635 5535 2693 5580 et
2715 5540 2812 5594 per
2839 5525 2940 5578 hoc
2974 5519 3208 5574 insinuat
3243 5531 3350 5570 non
3387 5514 3516 5570 illud
3545 5513 3628 5566 in-

2051 5620 2397 5692 telligendum
2420 5619 2562 5689 quod
2593 5614 2795 5671 recenti
2843 5609 3093 5682 passione
3132 5605 3344 5663 Domini
3372 5612 3477 5669 est,
3533 5601 3626 5658 sed

2050 5711 2191 5782 quod
2219 5717 2401 5780 postea
2435 5709 2673 5762 futurum
2701 5711 2803 5759 est.
2841 5700 2960 5768 Quo
2985 5698 3196 5756 videtur
3223 5696 3385 5754 etiam
3415 5695 3468 5752 id
3507 5705 3627 5766 per-
