4000 6186
374 300 507 356 1187

1013 297 1072 351 Β.
1113 296 1364 352 RABANI
1405 297 1625 355 MAURI
1661 296 1975 352 ARClllEP.
2019 295 2328 351 MOCUNT.
2371 294 2656 352 OPERUM
2697 295 2873 350 PARS
2909 296 2948 348 Ι.

3495 295 3628 346 MSS

373 418 562 480 tinere,
600 412 744 483 quod
775 411 1014 468 seniores
1035 410 1237 467 Galaad
1273 421 1537 467 venerunt
1555 414 1622 468 ad
1647 412 1858 482 Jephte,
1887 421 1948 466 ut
1975 416 2019 475 Α
2049 412 2174 466 dum
2204 419 2301 474 est,
2334 425 2456 465 esse
2485 410 2724 464 dictum:
2765 407 2872 462 Ero
2922 409 3061 462 vobis
3091 412 3144 462 in
3184 410 3472 477 principem
3501 409 3625 463 :-illi

367 523 467 582 per
497 513 711 562 nitatem
743 503 966 559 senilem
990 503 1288 572 posteriora
1311 510 1366 556 et
1392 503 1683 558 novissima
1701 512 1948 572 tempora

370 596 680 667 accipienda
705 595 830 656 sint.
858 593 1243 663 Interpretatur
1262 600 1443 648 autem
1459 593 1659 648 Galaad
1678 594 1944 664 abjiciens,

371 691 485 745 sive
522 685 760 742 revelatio
782 726 796 750 ,
829 700 1057 754 quorum
1088 692 1376 753 utrumque
1406 684 1538 739 satis
1563 692 1684 752 apte
1710 683 1834 738 huic
1873 684 1950 737 rei

372 779 662 850 congruit,
711 776 836 845 quia
888 776 1062 845 primo
1111 775 1395 830 Dominum
1425 775 1701 831 Christum
1742 773 1952 844 abiece-

373 879 521 934 runt,
567 869 960 937 eisque-postea
985 865 1330 921 revelabitur.
1918 885 1920 887 ·

445 959 596 1026 Quod
623 974 752 1014 vero
783 965 969 1012 contra
1023 956 1161 1011 ﬁlios
1205 954 1435 1011 Ammon
1463 956 1569 1010 dux
1611 957 1953 1026 quaerebatur

373 1049 584 1119 Jephte,
609 1049 803 1117 quibus
830 1047 986 1100 victis
1031 1045 1348 1110 liberantur,
1379 1046 1468 1115 qui
1498 1061 1564 1100 eo
1593 1047 1727 1100 duce
1763 1046 1953 1101 adver-

375 1154 468 1193 sus
501 1137 620 1192 illos
662 1135 864 1189 bellare
891 1134 1198 1203 cupiebant,
1261 1135 1517 1204 quoniam
1569 1136 1954 1205 interpretatur

374 1233 602 1284 Ammon
625 1226 767 1296 ﬁlius
794 1225 972 1295 populi
1000 1227 1120 1292 mei,
1154 1225 1268 1279 sive
1292 1225 1512 1296 populus
1543 1228 1798 1292 maeroris,
1825 1242 1953 1296 pro-

375 1322 513 1376 fecto
538 1329 629 1372 aut
660 1318 732 1372 illi
765 1317 1141 1387 significantur
1175 1318 1399 1383 inimici,
1447 1319 1542 1386 qui
1563 1334 1628 1372 ex
1659 1319 1776 1390 ipsa
1797 1330 1954 1390 gente

371 1416 782 1482 perseverantes
809 1409 863 1461 in
885 1407 1203 1462 inﬁdelitate
1240 1409 1482 1477 praedicti
1511 1418 1670 1473 sunt,
1719 1417 1812 1463 aut
1839 1424 1956 1463 om-

376 1504 503 1558 nino
527 1516 712 1554 omnes
733 1499 989 1571 gehennzc
1014 1497 1404 1568 praedestinati,
1443 1499 1533 1553 ubi
1559 1499 1663 1553 erit
1684 1499 1763 1554 eis
1799 1498 1955 1554 ﬁetus

375 1602 429 1648 et
454 1593 654 1646 stridor
680 1591 942 1655 dentium,
969 1598 1220 1658 tanquam
1247 1589 1444 1658 pepulo
1466 1589 1718 1643 mmroris
1739 1588 1951 1659 (Matth.

375 1697 473 1734 vui
519 1690 564 1732 et
614 1676 769 1748 xxu).
849 1677 1170 1747 Quanquam
1222 1677 1449 1748 populus
1495 1678 1745 1732 mmroris
1791 1678 1954 1730 etiam

2050 509 2230 554 autem
2261 499 2511 554 dixerant
2544 518 2555 552 :
2593 499 2711 552 Eris
2756 499 2903 552 nobis
2939 500 2993 552 in
3023 508 3176 565 caput
3208 512 3226 548 .·
3253 498 3512 566 quoniam
3548 515 3632 551 τοι

2049 603 2139 663 put
2170 593 2265 646 viri
2289 589 2527 644 Christus
2555 590 2607 662 (Ι
2624 589 2746 644 Cor.
2777 589 2870 662 ll);
2897 598 2953 643 et
2972 592 3080 659 ipse
3113 598 3187 642 est
3217 599 3372 656 caput
3399 584 3642 654 corporis

2050 679 2300 736 Ecclesiae
2329 679 2487 752 (Eph.
2522 680 2598 752 v).
2640 680 2882 749 Denique
2912 689 3260 749 posteaquam
3307 693 3400 732 eos
3440 678 3645 731 libera-

2050 772 2342 842 vitJephte
2366 774 2434 827 ab
2477 773 2728 827 omnibus
2779 771 3032 836 inimicis,
3079 787 3185 825 non
3237 770 3315 824 eis
3341 770 3519 822 factus
3559 779 3644 824 est

2053 881 2169 930 rex,
2222 875 2280 920 ut
2325 864 2748 933 intelligeremus
2797 864 2927 918 illud
2974 863 3116 932 quod
3161 863 3361 916 dictum
3411 872 3530 925 est,
3577 862 3647 914 ad

2052 957 2389 1026 prophetiam
2419 957 2596 1024 potius
2625 955 2948 1025 pertinuisse
2981 957 3047 1009 de
3087 954 3306 1008 Christo
3330 995 3343 1018 ,
3376 969 3543 1022 quam
3575 954 3647 1006 ad

2055 1049 2228 1117 ipsum
2252 1047 2468 1117 proprie
2494 1046 2706 1122 Jephte,
2737 1047 2802 1100 dc
2830 1062 2936 1115 quo
2959 1045 3240 1114 Scriptura
3265 1046 3646 1099 narrationem

2056 1141 2130 1195 ita
2156 1140 2427 1194 concludit
2449 1158 2462 1192 :
2495 1139 2563 1192 Et
2575 1139 2835 1209 judicavit
2861 1139 3046 1208 Jephte
3069 1138 3238 1191 Israel
3269 1155 3356 1190 sea:
3385 1140 3571 1202 armis,
3593 1147 3647 1191 et

2056 1241 2291 1284 mortuus
2335 1239 2408 1282 est
2435 1229 2618 1298 Jephte
2645 1225 2969 1290 Calaadites,
3017 1237 3064 1279 et
3100 1226 3328 1295 sepultus
3359 1236 3436 1278 cst
3473 1227 3530 1278 in
3577 1227 3650 1278 ci-

2055 1323 2206 1378 vitate
2225 1337 2321 1376 sua
2359 1319 2412 1372 in
2443 1317 2668 1372 Calaad.
2723 1318 2994 1372 iudicavit
3023 1333 3152 1389 ergo
3187 1317 3379 1382 Israel,
3412 1318 3560 1371 sicut
3589 1326 3644 1371 et

2055 1412 2236 1468 caeteri
2257 1410 2502 1480 judices;
2541 1424 2646 1463 non
2680 1409 2751 1463 ibi
2780 1409 3046 1479 regnavit,
3091 1417 3148 1462 ut
3170 1409 3464 1486 principes,
3499 1408 3650 1462 sicut

2060 1503 2113 1562 hi
2140 1503 2228 1572 qui
2257 1503 2559 1572 Regnorum
2597 1500 2960 1555 voluminibus
3003 1502 3370 1555 continentur.

2126 1594 2394 1650 Jam-vcro
2421 1603 2772 1666 posteaquam
2809 1595 2891 1649 eis
2917 1595 3058 1648 idem
3086 1593 3276 1663 Jcphte
3303 1596 3415 1649 dux
3439 1596 3650 1650 consti-

2060 1695 2204 1742 tutus
2227 1694 2326 1750 est,
2369 1687 2514 1741 misit
2543 1686 2762 1740 nuntios
2807 1687 2874 1740 ad
2903 1686 3088 1740 hostes
3107 1687 3262 1754 prius
3292 1686 3442 1756 pacis
3473 1687 3649 1741 verba

376 1773 619 1827 diabolus
646 1782 701 1828 et
745 1771 919 1842 angeli
965 1769 1080 1839 ejus
1124 1785 1230 1824 non
1281 1770 1722 1825 inconvenieuter
1764 1768 1960 1826 intelli-
1989 1767 2376 1850 B‘ponamgs;
2414 1778 2545 1832 iuud
2581 1777 2906 1841 ostenditur,
2950 1757 3092 1844 quod
3116 1777 3192 1830 ait
3216 1776 3504 1846 Apostolus
3529 1817 3544 1840 ,
3589 1781 3650 1832 in

377 1876 606 1938 guntur,
660 1865 774 1919 sive
812 1863 937 1932 quia
974 1857 1230 1916 aeternam
1273 1863 1550 1918 miseriam
1583 1861 1664 1916 eis
1689 1873 1824 1930 quos
1863 1861 1957 1916 de-

378 1958 583 2027 cipiunt
611 1956 915 2025 acquirunt,
941 1954 1054 2009 sive
1093 1954 1217 2023 quia
1246 1963 1301 2008 et
1330 1954 1430 2025 ipsi
1471 1964 1686 2009 (eterna:
1728 1953 1961 2009 miseria:

375 2048 618 2118 deputati
639 2055 785 2101 sunt.

450 2142 735 2211 Eleganter
762 2153 890 2194 sane
917 2140 984 2194 ad
1004 2141 1411 2209 exprimenlam
1465 2140 1632 2194 multo
1660 2139 1961 2195 evidentius

378 2234 716 2306 prophetiam
770 2231 963 2301 Jephte
1025 2232 1298 2299 respondit
1353 2232 1655 2291 senioribus
1716 2231 1957 2285 Galaad:

385 2325 569 2380 Nonne
599 2342 682 2378 ros
707 2324 822 2378 odio
846 2323 1098 2377 Imb-nistis
1125 2340 1237 2388 me,
1281 2333 1327 2376 et
1357 2324 1581 2393 ejccistis
1610 2339 1690 2376 me
1710 2323 1773 2376 de
1807 2323 1960 2376 domo

378 2417 542 2486 patris
571 2416 689 2477 mei,
723 2424 770 2468 et
800 2415 1071 2469 dimisistis
1103 2430 1182 2469 me
1209 2433 1239 2467 a
1261 2415 1400 2470 vobis
1430 2415 1454 2467 2’
1477 2415 1545 2468 Et
1575 2415 1700 2483 quid
1721 2424 1794 2468 est
1823 2414 1961 2484 quod

380 2506 609 2570 venistis,
656 2505 866 2575 quando
897 2505 1148 2558 tribunali
1175 2505 1336 2558 estis?
1383 2503 1510 2558 Tale
1539 2504 1738 2574 aliquid
1769 2505 1962 2574 ﬁgura-

382 2605 492 2650 tum
535 2603 620 2649 est
646 2595 696 2647 iu
719 2593 939 2663 Joseph,
995 2609 1157 2663 quem
1189 2593 1386 2649 fratres
1418 2595 1712 2650 vendentes
1751 2595 1962 2664 abiece-

385 2693 512 2740 runt
551 2684 701 2756 (Cen.
734 2684 961 2754 xxxvii),
1017 2693 1220 2739 etcum
1249 2684 1390 2741 fame
1434 2685 1838 2750 tribularentur,
1895 2687 1962 2741 ad

376 2775 497 2845 ejus
531 2790 700 2846 ~opem
739 2776 1278 2846 misericordiamque
1329 2779 1572 2832 conversi
1623 2787 1749 2833 sunt
1807 2778 1960 2848 (Cen.

382 2868 537 2940 xui).
583 2868 679 2923 llic
707 2883 835 2924 vero
865 2868 1032 2923 multo
1065 2870 1294 2939 amplius
1326 2870 1500 2926 elucet
1531 2871 1858 2941 signiﬁcatio
1891 2870 1965 2926 fu.-

383 2969 647 3026 turorum,
696 2963 838 3030 quod
877 2977 986 3015 non
1018 2961 1118 3032 ipsi
1167 2977 1388 3033 prorsus
1425 2963 1622 3020 fratres
1669 2964 1763 3035 qui
1793 2962 1965 3032 eiece-

383 3061 511 3108 runt
535 3051 726 3122 Jephte
757 3053 824 3108 ad
853 3067 976 3108 eum
1004 3063 1269 3109 venerunt
1288 3095 1303 3120 ,
1345 3057 1439 3111 sed
1467 3055 1667 3111 Galaad
1723 3059 1964 3113 seniores

2058 1885 2165 1939 quo
2211 1869 2460 1925 Christus
2490 1868 2854 1938 loquebatur:
2907 1866 2965 1922 Si
3003 1867 3119 1936 ﬁeri
3163 1877 3353 1937 potest,
3401 1867 3545 1938 quod
3581 1883 3650 1920 ea:

2058 1961 2197 2014 vobis
2241 1969 2349 2025 est,
2381 1977 2500 2014 cum
2547 1959 2784 2014 omnibus
2837 1959 3130 2013 hominibus
3173 1975 3353 2029 pacem
3395 1959 3647 2013 habentes

2059 2049 2236 2120 (Rom.
2264 2050 2385 2122 xu).
2426 2050 2602 2106 Verba
2628 2064 2792 2120 porro
2839 2051 2952 2119 ipsa
2994 2065 3115 2120 quae
3147 2049 3422 2105 mandavit
3449 2049 3649 2120 Iephte

2059 2151 2391 2212 pertractare
2411 2140 2591 2194 omnia
2615 2141 2776 2194 nim-is
2805 2139 3022 2210 longum
3045 2148 3128 2194 est
3150 2139 3526 2194 festinantibus
3548 2155 3649 2194 no-

2057 2232 2162 2286 bis.
2195 2230 2452 2286 Videntur
2479 2239 2658 2284 tamen
2704 2231 2836 2285 mihi
2855 2231 2945 2285 .sic
2982 2231 3349 2301 intelligenda,
3379 2239 3646 2300 quantum

2059 2321 2251 2378 attinet
2273 2321 2339 2374 ad
2367 2321 2816 2391 signiﬁcationem
2839 2321 3162 2388 futurorum,
3187 2330 3246 2376 ut
3272 2323 3326 2376 in
3346 2322 3427 2376 eis
3453 2323 3648 2376 adver-

2063 2421 2210 2468 tatur
2232 2413 2477 2467 doctrina
2507 2412 2726 2467 Christi.
2770 2413 3040 2473 Admouet
3069 2429 3167 2468 nos
3189 2415 3645 2484 quemadmodum

2061 2503 2132 2558 sit
2157 2501 2561 2564 ambulandum,
2607 2503 2709 2557 hac
2749 2511 2852 2569 est,
2900 2505 3187 2559 vivendum
3225 2506 3370 2560 inter
3415 2519 3508 2560 eos
3551 2505 3652 2574 qui

2062 2606 2168 2648 non
2200 2591 2493 2645 secundum
2519 2593 2851 2662 propositum
2872 2595 3048 2650 vocati
3086 2602 3249 2649 sunt:
3294 2595 3455 2648 Nouit
3499 2595 3650 2649 enim

2062 2679 2339 2744 Dominus,
2378 2681 2467 2750 qui
2490 2692 2609 2734 sunt
2642 2682 2757 2751 ejus
2797 2682 2881 2753 (ΙΙ
2908 2683 3042 2738 Tim.
3075 2683 3160 2755 η).
3197 2684 3318 2740 Jam
3351 2699 3481 2741 vero
3503 2685 3650 2756 quod

2063 2784 2184 2824 cum
2207 2778 2352 2826 esset
2371 2770 2734 2827 debellaturus
2765 2773 3036 2840 inimicos,
3069 2775 3241 2844 factus
3263 2787 3508 2849 estsuper
3527 2795 3647 2834 eum

2063 2862 2278 2928 spiritus
2301 2860 2535 2926 Domini,
2565 2862 2902 2933 signiﬁcatur
2925 2865 3162 2940 Spiritus
3198 2878 3419 2922 sanctus
3449 2869 3652 2938 imper-

2064 2949 2194 3006 titus
2221 2949 2476 3004 membris
2496 2950 2718 3005 Christi.
2744 2952 2897 3022 Quod
2915 2962 3098 3009 autem
3113 2959 3395 3026 pertransit
3417 2956 3652 3026 Galaad,

2063 3051 2109 3096 et
2134 3041 2398 3107 Manasse,
2422 3044 2695 3097 ettransiit
2718 3044 2982 3114 speculam
3008 3045 3216 3100 Galaad
3230 3089 3245 3112 ,
3277 3059 3325 3101 et
3348 3050 3412 3102 ab
3436 3049 3654 3118 specula

377 3155 481 3214 pro
517 3143 772 3197 universo
801 3143 890 3197 illo
928 3143 1124 3212 populo
1161 3144 1337 3200 eidem
1365 3146 1746 3215 supplicantes.
1814 3146 1967 3201 Sicut
1989 3124 2036 3186 Ε
2069 3128 2274 3186 δαιτιαά
2297 3133 2505 3192 "mum
2533 3133 2600 3189 αα
2643 3133 2783 3203 βίίοδ
2804 3135 3046 3200 Ammon,
3079 3137 3414 3206 PmﬁCiemia
3439 3141 3652 3210 Signiﬁ-

382 3232 570 3287 cadem
602 3249 731 3302 gens
758 3233 956 3288 dicitur
984 3232 1145 3292 Israel
1168 3274 1182 3297 ,
1220 3235 1332 3289 sive
1361 3235 1414 3290 in
1459 3237 1540 3290 eis
1571 3237 1662 3304 qui
1693 3244 1819 3290 tunc
1851 3235 1966 3290 fue-

387 3330 535 3386 runt,
565 3321 948 3392 Christumque
977 3326 1420 3391 reprobaverunt,
1453 3327 1565 3382 sive
1595 3328 1648 3381 in
1674 3328 1754 3382 eis
1784 3328 1875 3397 qui
1901 3327 1966 3382 ad

383 3410 502 3480 ejus
524 3427 678 3480 opem
708 3421 890 3487 postea
920 3413 1122 3469 reversi
1151 3424 1276 3470 sunt
1301 3432 1316 3480 ;
1363 3419 1561 3487 populo
1587 3419 1732 3473 enim
1768 3420 1968 3474 dicitur

387 3502 635 3566 inimico,
682 3485 796 3556 sive
842 3503 896 3556 in
942 3504 1272 3575 majoribus,
1328 3507 1442 3562 sive
1483 3509 1540 3563 in
1585 3509 1818 3580 posteris
1856 3510 1970 3566 suis

387 3592 546 3662 longa
585 3593 709 3647 odia
747 3593 981 3648 trahenti
1009 3603 1170 3664 atque
1197 3598 1462 3662 servanti,
1495 3599 1817 3670 tandemque
1844 3613 1972 3654 con—

387 3700 544 3738 verso
569 3685 620 3738 in
644 3685 724 3739 eis
741 3685 832 3752 qui
857 3692 985 3738 tunc
1013 3687 1328 3741 conversari
1359 3697 1510 3753 sunt,
1547 3687 1734 3742 Nonne
1761 3704 1848 3744 vos
1877 3689 1973 3742 ha-

389 3774 572 3828 lmistis
595 3775 714 3828 odio
739 3791 839 3838 me,
864 3785 908 3828 et
933 3775 1156 3844 ejecistis
1169 3793 1248 3830 me
1261 3777 1324 3832 de
1346 3779 1676 3849 domopa-tris
1699 3781 1836 3836 mei?
1860 3779 1972 3834 Hoc

388 3863 531 3918 enim
562 3863 642 3917 eis
670 3863 844 3917 visum
877 3872 960 3918 est
991 3864 1082 3934 qui
1113 3867 1386 3934 persecuti
1417 3876 1566 3933 sunt,
1596 3869 1740 3938 quod
1765 3867 1974 3941 deiece-

389 3962 518 4014 runt
542 3953 816 4009 Christum
836 3954 902 4009 de
923 3955 1081 4010 domo
1105 3957 1292 4021 David,
1324 3957 1376 4016 in
1409 3973 1515 4027 qua
1544 3960 1694 4032 regni
1727 3960 1846 4031 ejus
1866 3976 1972 4016 non

387 4043 496 4099 erit
521 4042 644 4097 ﬁnis
661 4041 821 4113 .(Luc.
855 4043 919 4114 ι).

461 4136 532 4189 Et
547 4135 789 4189 dixerunt
803 4137 1032 4190 seniores
1046 4135 1254 4190 Galaad
1269 4137 1338 4191 ad
1352 4137 1566 4208 Iephte:
1596 4139 1716 4194 Non
1733 4141 1806 4194 sic
1821 4141 1974 4198 made

392 4228 624 4282 renimus
649 4227 718 4280 ad
750 4237 820 4280 te.
873 4228 1152 4297 Tanquam
1183 4229 1425 4285 dicerent
1449 4229 1616 4286 Judmi
1639 4233 1882 4288 conversi
1907 4234 1973 4288 ad

389 4314 666 4370 Christum
696 4333 712 4368 :
760 4315 910 4370 Tunc
931 4318 1174 4373 venimus
1203 4327 1262 4373 ut
1289 4335 1743 4390 persequeremur
1769 4339 1783 4387 ;
1817 4324 1975 4377 modo

390 4409 637 4464 venimus
663 4417 723 4463 ut
775 4424 1086 4484 sequamur.
1146 4408 1473 4464 Proﬁtentur
1507 4411 1670 4466 etiam
1715 4413 1972 4467 adversus

390 4499 637 4556 inimicos
665 4515 788 4554 eum
827 4500 1063 4555 futurum
1093 4499 1194 4555 sibi
1225 4509 1405 4569 caput.
1447 4501 1756 4570 Respondet
1785 4504 1896 4566 ille,
1924 4504 1969 4557 si

389 4602 577 4642 eorum
621 4590 812 4644 vicerit
841 4590 1108 4655 inimicos,
1151 4591 1294 4664 quod
1315 4592 1420 4646 erit
1441 4592 1521 4646 cis
1549 4593 1600 4646 in
1630 4594 1966 4664 principem;

394 4676 536 4743 quod
581 4678 797 4733 Cedeon
846 4680 1035 4745 noluit,
1089 4695 1211 4735 eum
1261 4680 1316 4734 id
1347 4682 1599 4736 Israelita:
1637 4683 1966 4750 voluissent;

395 4767 669 4834 respondit
688 4768 885 4838 quippe
916 4770 1023 4825 illis
1051 4787 1066 4823 :
1109 4769 1361 4840 Princeps
1380 4781 1545 4826 vester
1566 4771 1820 4828 Dominus
1849 4773 1966 4826 erit.

395 4856 509 4912 Rex
539 4857 683 4911 enim
729 4860 949 4915 nomine
981 4861 1243 4930 principis
1267 4863 1624 4932 significatur,
1668 4864 1811 4932 quod
1836 4879 1972 4918 non-

394 4953 522 5008 dum
561 4949 794 5005 habebat
819 4965 950 5019 gens
978 4953 1069 5007 illa
1103 4961 1341 5023 tempore
1366 4955 1635 5011 iudicum.
1687 4954 1977 5026 Coeperunt

395 5053 574 5100 autem
592 5041 790 5098 habere
820 5039 1054 5108 Saulem,
1087 5053 1141 5098 et
1171 5045 1424 5116 deinceps
1459 5047 1594 5103 alios
1634 5062 1976 5104 successores

393 5135 531 5205 ejus,
567 5135 659 5205 qui
688 5133 741 5187 in
767 5131 926 5187 libris
948 5133 1253 5200 Regnorum
1284 5136 1553 5207 leguntur.
1594 5137 1730 5192 Nam
1754 5139 1808 5192 in
1836 5139 1976 5194 Deu-

397 5225 696 5282 teronomio
723 5239 846 5279 cum
877 5222 956 5277 eis
1002 5223 1311 5292 puecipitur
1353 5227 1564 5295 qualem
1623 5229 1853 5282 debeant
1880 5229 1976 5282 ha-

394 5317 524 5371 bere
553 5329 756 5386 regem,
790 5314 835 5370 si
883 5314 988 5370 hoc
1013 5312 1092 5368 eis
1125 5313 1404 5383 placuerit,
1463 5335 1568 5372 non
1621 5320 1693 5374 ibi
1739 5336 1835 5374 rex
1879 5321 1973 5374 sed

392 5408 646 5482 princeps
669 5405 964 5478 appellatur
993 5405 1170 5480 (Deut.
1200 5405 1356 5480 xvu).
1383 5407 1489 5462 Sed
1511 5409 1635 5478 quia
1658 5410 1757 5464 iste
1782 5408 1972 5479 Jepbte

395 5497 545 5552 illum
573 5497 838 5567 ﬁgurabat
871 5499 963 5567 qui
987 5512 1148 5557 verus
1189 5506 1275 5554 est
1303 5514 1428 5566 rex,
1455 5499 1596 5568 quod
1626 5500 1790 5554 etiam
1817 5500 1869 5554 in
1913 5501 1977 5553 ti-

397 5588 508 5643 tulo
535 5589 792 5658 scriptum
820 5589 938 5654 fuit,
971 5593 1062 5660 qui
1090 5591 1239 5648 cruci
1272 5587 1388 5660 ejus
1411 5591 1623 5656 aﬁixus,
1651 5607 1809 5662 quem
1835 5591 1975 5650 Pila-

398 5681 486 5730 tus
520 5675 700 5732 delere
733 5677 815 5732 vel
835 5681 1125 5738 emendare
1150 5699 1254 5740 non
1279 5697 1442 5740 ausus
1462 5690 1545 5738 est.
1569 5698 1582 5749 ;
1615 5682 1733 5740 ideo
1755 5683 1976 5739 creden-

1999 4471 2047 4528 D

2067 3229 2263 3276 cantur
2283 3223 2525 3284 membra
2555 3223 2755 3279 Christi
2797 3225 2865 3279 ad
2893 3228 3172 3281 victoriam
3202 3231 3266 3284 de
3294 3230 3529 3286 inimicis
3568 3246 3658 3286 rc-

2065 3314 2407 3384 portandam.
2442 3314 2657 3386 .Galaad
2691 3318 2887 3388 quippe
2931 3319 3322 3391 interpretatur
3347 3359 3351 3362 η
3372 3324 3650 3394 abjiciens,

2067 3414 2124 3462 et
2151 3407 2396 3463 Manassc
2429 3411 2707 3465 necessitas
2739 3414 3080 3467 transeundi.
3138 3414 3479 3471 Transeundi
3527 3427 3658 3474 sunt

2069 3511 2197 3568 ergo
2242 3513 2274 3552 a
2321 3499 2724 3568 proﬁcientibus
2757 3501 3099 3571 abjicientes,
3151 3507 3204 3559 id
3249 3517 3355 3572 est,
3405 3517 3657 3562 contem-

2071 3596 2288 3654 nentes;
2313 3593 2632 3646 transeunda
2658 3602 2713 3646 et
2735 3596 3042 3658 necessitas,
3068 3612 3137 3652 ne
3163 3597 3306 3652 forte
3331 3614 3451 3654 cum
3479 3609 3662 3654 trans-

2071 3681 2197 3735 ierit
2245 3688 2653 3738 contemnentes
2689 3685 2781 3752 qui
2819 3685 3066 3754 proﬁcit,
3103 3688 3259 3742 cedat
3299 3691 3656 3752 terrentibus;

2097 3773 2418 3827 transeunda
2447 3776 2609 3830 etiam
2635 3777 2849 3845 specula
2888 3776 3111 3843 Galaad,
3165 3782 3423 3850 quoniam
3451 3784 3661 3841 Galaad

2072 3863 2240 3918 etiam
2289 3864 2530 3920 revelatio
2592 3867 2993 3937 interpretatur.
3052 3871 3147 3925 Est
3200 3881 3376 3927 autem
3434 3876 3660 3946 specula

2074 3956 2302 4014 altitudo
2339 3956 2406 4010 ad
2436 3959 2869 4027 prOSpiciendum
2900 3961 2982 4016 vel
3013 3963 3078 4016 ad
3123 3962 3527 4034 deepiciendum
3547 4009 3560 4030 ,
3602 3968 3661 4022 id

2074 4056 2180 4114 est,
2236 4051 2466 4119 desuper
2509 4051 2896 4119 aspiciendam.
2939 4053 3170 4125 Specula
3221 4056 3404 4126 itaque
3449 4057 3661 4112 Calaad

2076 4150 2434 4211 congruenter
2463 4142 2593 4196 mihi
2632 4143 2845 4198 videtur
2883 4145 3187 4215 signiﬁcare
3219 4149 3529 4218 superbiam
3571 4165 3664 4205 re-

2075 4233 2379 4295 velationis,
2425 4235 2570 4288 unde
2595 4235 2724 4290 dicit
2749 4235 3071 4310 Apostolus:
3106 4238 3171 4291 Et
3215 4223 3268 4290 in
3296 4241 3663 4311 magnitudine

2077 4323 2445 4378 revelationum
2472 4342 2534 4378 ne
2553 4325 2777 4386 extollar
2813 4327 2897 4398 (II
2923 4325 3043 4381 Cor.
3070 4327 3188 4400 xu).
3242 4330 3383 4401 Ergo
3432 4341 3485 4386 et
3537 4333 3663 4403 ipsa

2078 4418 2400 4471 transeunda
2437 4425 2542 4481 est,
2606 4418 2659 4471 id
2703 4427 2807 4482 est,
2856 4435 2960 4473 non
2993 4429 3076 4474 cst
3113 4423 3164 4474 in
3197 4438 3262 4477 ea
3303 4425 3660 4491 manendum,

2074 4518 2291 4581 propter
2305 4509 2524 4561 cadendi
2550 4509 2864 4577 periculum,
2891 4511 2984 4565 llis
3001 4513 3365 4579 pertransitis,
3391 4514 3547 4568 facile
3571 4531 3668 4570 su-

2074 4609 2334 4670 perantur
2373 4600 2607 4665 inimici,
2662 4602 2803 4669 quod
2843 4603 3110 4672 signiﬁcat
3158 4604 3386 4663 dicendo
3419 4625 3432 4658 :
3470 4605 3542 4658 Et
3593 4610 3662 4665 ab

2075 4691 2282 4762 specula
2310 4690 2517 4745 Galaad
2557 4693 2769 4746 transiit
2800 4695 2886 4746 τεά·
2909 4694 3049 4763 filios
3089 4696 3310 4750 Ammon
3330 4738 3343 4762 ,
3369 4697 3436 4752 de
3464 4700 3664 4768 quibus

2077 4782 2308 4836 inimicis
2337 4783 2448 4852 jam
2473 4798 2637 4854 supra
2667 4784 2867 4839 dictum
2893 4796 2995 4839 est.

2149 4872 2215 4925 Et
2255 4874 2385 4927 cavit
2411 4873 2593 4942 Iephte
2612 4885 2808 4942 votum,
2851 4885 2896 4929 et
2923 4876 3052 4930 dixit
3076 4891 3092 4929 .'
3147 4877 3208 4932 Si
3238 4880 3522 4934 traditione
3550 4891 3668 4935 tra-

2076 4965 2274 5018 dideris
2305 4965 2434 5017 mihi
2483 4965 2622 5033 ﬁlios
2648 4967 2868 5020 Ammon
2893 4967 2946 5020 in
2971 4983 3130 5025 manu
3169 4987 3299 5031 mea,
3337 4981 3384 5023 et
3412 4973 3507 5024 erit
3544 4973 3672 5042 qui-

2072 5068 2278 5122 cunque
2297 5053 2478 5106 ea‘icrit
2518 5055 2581 5106 de
2604 5055 2790 5123 jannis
2830 5058 3015 5110 domus
3041 5075 3166 5111 mea:
3202 5059 3256 5111 in
3289 5059 3489 5113 ebriam
3531 5062 3670 5115 mihi

2082 5143 2136 5196 in
2169 5146 2468 5197 revertendo
2497 5163 2577 5199 me
2609 5147 2662 5204 in
2689 5164 2815 5217 pace
2841 5165 2871 5200 a
2910 5149 3036 5216 ﬁliis
3082 5151 3326 5216 Ammon,
3365 5163 3421 5206 et-
3436 5154 3533 5206 erit
3563 5154 3673 5207 Do-

2079 5235 2242 5299 mino,
2279 5245 2327 5288 et
2365 5237 2584 5304 θίγεν-(ειη
2624 5255 2741 5290 cum
2794 5239 3205 5296 holocaustoma.
3257 5243 3566 5309 Quamlibet
3611 5245 3670 5300 in

2081 5323 2186 5378 hoc
2215 5324 2336 5384 loco
2361 5326 2699 5395 cogitaverit,
2731 5327 2923 5397 Jepbte
2952 5333 3246 5386 secundum
3277 5333 3670 5403 cogitationem

2077 5413 2386 5478 humanam,
2421 5431 2524 5470 non
2548 5417 2762 5472 videtur
2780 5421 2994 5476 unicam
3021 5422 3187 5476 ﬁliam
3210 5424 3505 5493 cogitasse;
3532 5425 3675 5479 alio-

2077 5503 2169 5572 qui
2199 5519 2304 5556 non
2349 5504 2571 5570 diceret,
2605 5521 2725 5559 cum
2754 5507 2901 5568 illam
2927 5519 3116 5564 cernat
3153 5513 3459 5568 occurrisse
3487 5531 3499 5566 :
3545 5513 3672 5571 "ru

2077 5593 2191 5648 me!
2211 5593 2322 5662 filia
2353 5612 2489 5661 mea,
2531 5589 2790 5666 impcdtm
2813 5615 2898 5652 ante
2923 5640 2939 5665 ,
2977 5601 3030 5653 in
3055 5601 3424 5669 o/Icndiculum
3445 5601 3594 5670 facta
3617 5620 3672 5656 cs

2077 5686 2131 5738 in
2162 5686 2326 5746 oculis
2355 5689 2502 5744 meis.
2550 5689 2822 5761 Impedisti
2865 5693 3012 5748 enim
3039 5694 3114 5749 ita
3145 5693 3349 5749 dictum
3388 5704 3488 5758 cst,
3545 5702 3666 5747 tan-
