4000 6186
316 349 461 404 11⁸8⁷)

1262 345 1619 405 cunnum.
1656 348 1724 405 ut
1763 342 1896 409 Lta‘.
1926 350 2257 439 tumcum.
2296 381 2368 394 —
2404 352 2536 437 Lm.
2576 352 2641 408 ιι.

3468 369 3608 423 “90

306 481 479 541 quam
499 464 567 521 ad
591 464 699 520 hoc
720 478 779 520 se
808 458 1491 534 impeditumjudicaverit,
1517 479 1588 519 ne
1609 462 1745 520 illud
1767 463 1912 533 quod
1937 469 1990 529 Α
2015 462 2124 528 bis,
2151 475 2250 532 per
2270 476 2408 533 quas
2434 462 2592 534 longe
2630 462 2847 536 lateque
2867 466 3059 524 diﬁ‘usa
3086 477 3192 526 est.
3229 471 3312 529 Ad
3361 476 3607 536 historiae

306 558 648 630 cogitaverat
677 553 946 626 impleret.
980 552 1089 609 Sed
1122 569 1286 626 quem
1316 553 1496 624 potuit
1524 554 1767 627 cogitare
1798 554 1909 624 pri-

306 652 924 711 mitescoccnrrentem,
970 645 1063 717 qui
1113 645 1253 701 ﬁlios
1298 645 1435 701 alios
1480 659 1588 700 non
1632 644 1910 700 habebat?

307 761 396 798 an
418 740 699 815 conjugem
726 738 986 809 cogitavit
1012 779 1027 802 ,
1064 745 1121 794 et
1155 750 1215 793 ut
1232 738 1337 792 hoc
1365 736 1522 793 ﬁeret
1534 737 1683 792 Deus
1709 736 1905 804 noluit,

307 844 370 890 et
399 844 459 889 ut
489 850 595 889 non
618 833 950 903 relinqueret
993 830 1342 901 impunitum,
1396 843 1465 884 ne
1492 828 1615 898 quis
1650 828 1909 900 deinceps

308 927 367 983 id
390 912 618 981 auderet
645 941 659 990 ;
692 932 748 984 et
798 932 858 978 ut
884 937 1076 992 magna
1106 921 1443 992 providentia
1469 935 1539 976 ex
1565 922 1671 978 hoc
1690 935 1909 992 quoque

308 1020 433 1089 ipso
457 1015 601 1088 quod
626 1015 857 1077 accidit,
895 1022 1301 1070 sacramentum
1335 1013 1593 1068 Ecclesia:
1610 1012 1902 1084 zﬁguraret.

306 1110 391 1165 13x
431 1117 666 1177 utroque
714 1106 881 1179 igitur
923 1106 1209 1177 prophetia
1257 1106 1511 1175 cooptata
1560 1112 1690 1170 est;
1736 1120 1803 1159 ex
1841 1119 1909 1160 eo

304 1200 455 1271 quod
469 1214 669 1255 vovens
685 1198 975 1268 cogitavit,
991 1208 1045 1251 et
1068 1213 1147 1252 ex.
1165 1211 1233 1253 eo
1258 1198 1403 1267 quod
1434 1196 1635 1251 nolenti
1654 1196 1903 1267 contigit.

305 1290 368 1344 Si
392 1291 538 1347 enim
581 1288 863 1358 conjugem
900 1289 1176 1358 cogitavit,
1203 1286 1399 1358 ouiijnx
1433 1286 1637 1342 Christi
1662 1286 1905 1341 Ecclesia

302 1392 394 1437 est
426 1401 439 1436 :
478 1381 760 1452 Propterea
784 1379 1035 1451 relinquet
1072 1381 1229 1434 homo
1268 1388 1473 1451 patrem
1505 1388 1553 1434 et
1575 1387 1825 1444 matrem,
1855 1388 1905 1432 et

303 1472 603 1526 adlimrebit
628 1456 784 1526 ποῖ-ἱ
807 1486 939 1536 sum,
968 1478 1017 1527 et
1038 1480 1193 1525 erunt
1218 1470 1322 1525 duo
1347 1471 1403 1525 in
1430 1486 1587 1525 carne
1612 1487 1717 1525 una
1747 1468 1900 1542 (Gen;

302 1564 393 1631 rt).
432 1560 833 1616 Socramentum
868 1562 967 1616 hoc
993 1578 1241 1632 magnum
1268 1570 1363 1626 est,
1390 1562 1567 1631 inquit
1590 1560 1901 1632 Apostolus,

301 1668 401 1721 ego
440 1648 617 1705 autem
652 1651 770 1706 dico
808 1649 1111 1710 in.Cltristo
1156 1662 1205 1709 et
1244 1653 1316 1706 «in
1354 1651 1592 1707 Ecclesia
1633 1653 1794 1725 (Eph.
1821 1653 1899 1724 vi).

304 1741 416 1797 Sed
441 1744 577 1813 quia
600 1744 760 1814 hujus
793 1743 987 1813 Jcphte
1011 1744 1210 1813 eoajux
1234 1744 1396 1814 virgo
1421 1760 1543 1800 esse
1564 1761 1679 1801 non
1703 1745 1897 1817 potuit,

2011 569 2142 612 rem
2156 556 2566 627 proprietatem,
2595 572 2706 614 non
2723 559 2963 616 arbitror
2980 563 3086 620 hoc
3109 565 3417 624 decrevisse
3439 570 3607 626 Israe-

2009 646 2157 713 litas,
2204 647 2313 703 nisi
2343 647 2473 719 quia
2502 648 2879 720 intelligebant
2924 651 2980 707 in
3010 668 3075 708 ea
3104 670 3166 712 re
3202 655 3467 725 judicium
3506 660 3603 717 Dei

2008 738 2183 809 magis
2203 739 2277 795 ad
2320 739 2735 811 percutiendum
2763 749 2973 812 patrem
3005 742 3170 800 fuisse
3198 747 3597 821 depromptum,

2009 845 2077 885 ne
2103 830 2209 885 tale
2234 845 2437 886 vovere
2480 832 2806 889 sacriﬁcium
2842 835 3098 906 deinceps
3144 837 3285 893 ullus
3333 844 3603 899 auderet?

2007 919 2143 976 Nam
2165 937 2338 991 quare
2360 921 2541 978 luctus
2562 931 2619 978 et
2646 923 2963 980 lamentatio
2998 926 3401 994 decerneretur,
3442 932 3491 985 si
3511 948 3605 989 vo-

2009 1021 2121 1068 tum
2150 1013 2280 1069 illud
2305 1013 2510 1069 laetitiae
2536 1012 2677 1071 fuit?

2080 1108 2135 1162 Si
2168 1116 2351 1165 autem
2377 1118 2433 1164 et
2472 1109 2602 1165 illud
2628 1110 2771 1180 quod
2802 1110 3037 1180 populus
3054 1111 3290 1182 Ephrem
3318 1122 3505 1184 postea
3531 1118 3600 1172 ab

2006 1202 2198 1257 eodem
2225 1200 2424 1274 Jephte
2468 1201 2768 1257 debellatus
2806 1210 2907 1263 est.
2940 1203 3008 1256 ad
3028 1203 3291 1274 judicium
3331 1206 3427 1261 Dei
3456 1206 3596 1277 quod

2005 1294 2109 1349 erit
2134 1294 2186 1347 in
2208 1293 2315 1348 ﬁne
2342 1292 2684 1347 referendum
2708 1300 2811 1357 est,
2837 1293 2979 1347 sicut
2999 1294 3113 1363 ipse
3147 1296 3402 1351 Dominus
3425 1298 3595 1353 dicit.

2006 1388 2114 1442 Eos
2137 1387 2228 1459 qui
2253 1387 2534 1443 noluerunt
2562 1404 2645 1441 me
2680 1400 2898 1459 regnare
2923 1389 3042 1453 sibi,
3073 1391 3319 1445 adducite
3341 1402 3391 1446 et
3430 1393 3597 1447 inter-

2002 1481 2145 1551 ﬁcite
2167 1496 2345 1535 coram
2382 1495 2464 1534 me
2490 1478 2644 1552 (Luc.
2673 1481 2790 1551 xxx)
2818 1498 2833 1548 ;
2871 1496 2972 1537 nec
2999 1482 3072 1537 ibi
3106 1484 3461 1553 quadraginta
3490 1487 3597 1542 duo

2004 1572 2217 1639 millia,°
2242 1586 2366 1642 quae
2416 1571 2734 1627 ceciderunt
2771 1573 2983 1627 vacanti
3013 1587 3239 1628 numero
3266 1590 3572 1633 commento

2003 1671 2121 1716 rata
2163 1669 2308 1717 sunt.
2339 1661 2494 1716 Sicut
2520 1661 2665 1716 enim
2712 1660 2787 1715 illi
2815 1661 2923 1717 duo
2958 1677 3172 1717 menses
3197 1672 3418 1735 propter
3439 1681 3601 1721 sexa-

2004 1754 2150 1826 ginta
2182 1755 2298 1811 dies
2329 1754 2604 1811 senarium
2657 1768 2943 1809 numerum
2990 1770 3086 1810 sex
3128 1764 3363 1810 attalum.
3393 1757 3598 1829 signiﬁ-

304 1834 362 1887 in
384 1849 451 1888 oo
476 1834 625 1904 quod
643 1833 753 1887 ﬁlia
781 1835 965 1905 potius
984 1835 1249 1901 occurrit,
1281 1843 1338 1890 et
1360 1835 1532 1891 inulta
1563 1850 1669 1892 non
1694 1851 1901 1891 reman-

2011 1855 2152 1912 eant,
2183 1846 2259 1901 ita
2301 1853 2358 1901 et
2402 1846 2478 1900 ibi
2514 1845 2694 1902 sexies
2716 1845 3279 1915 septenarius‘ductus
3302 1846 3407 1902 hoc
3451 1848 3594 1904 idem

300 1926 400 1989 sit,
431 1926 762 1996 prohibitum
799 1925 1399 1983 sacriﬁciumvoventis
1441 1927 1682 1992 audacia,
1702 1936 1769 1982 et
1792 1927 1897 1981 vir-

299 2016 507 2087 ginitas
531 2014 788 2084 Ecclesia:
835 2016 1061 2087 ﬁgurata
1090 2025 1194 2070 est.
1239 2014 1350 2071 Nec
1389 2016 1649 2070 abhorret
1685 2030 1715 2070 a
1740 2030 1890 2082 vero,

299 2108 449 2177 quod
478 2107 602 2167 ﬁliae
639 2108 859 2163 nomine
885 2105 1436 2178 eademsiguiﬁcatur
1457 2106 1718 2163 Ecclesia.
1756 2106 1903 2163 Nam

298 2198 461 2268 cujus
485 2197 712 2255 alterius
737 2209 920 2271 typum
949 2201 1174 2272 gerebat
1214 2200 1380 2255 etiam
1407 2199 1497 2254 illa
1526 2200 1720 2254 mulier
1740 2236 1756 2266 ,
1805 2199 1893 2255 cui

298 2295 429 2356 post
459 2294 660 2342 tactam
699 2287 973 2343 ﬁmbriam
1023 2303 1178 2344 suam
1205 2298 1444 2356 satiatae,
1481 2289 1559 2344 ait
1598 2289 1889 2346 Dominus:

298 2376 472 2444 Filia,
512 2378 647 2448 ﬁdes
674 2387 775 2433 tua
797 2389 845 2435 te
869 2380 1073 2435 salvam
1096 2380 1260 2450 fecit;
1287 2381 1415 2436 vade
1438 2381 1495 2435 in
1523 2397 1653 2452 pace
1672 2380 1903 2453 (Matth.-

300 2468 404 2540 ix).
454 2470 521 2524 Et
545 2477 695 2525 certe
720 2470 863 2525 unde
910 2469 1090 2524 nullus
1117 2470 1382 2542 ambigit,
1425 2463 1716 2541 discipulos
1766 2487 1895 2528 suos

298 2562 420 2631 ipse
447 2563 632 2632 sponsi
663 2562 802 2617 ﬁlios
831 2562 1142 2632 appellavit,
1188 2579 1250 2619 se
1273 2565 1617 2635 apertissime
1644 2564 1894 2621 indicans

295 2666 563 2722 sponsum
595 2668 608 2704 :
646 2649 775 2705 Non
803 2660 1043 2720 possunt,
1093 2652 1290 2722 inquit,
1308 2653 1553 2724 jejunare
1571 2653 1670 2723 ﬁlii
1692 2656 1890 2725 sponsi,

292 2744 538 2813 (inauditi
559 2759 679 2797 cum
702 2742 811 2797 illis
831 2752 907 2797 est
930 2760 1173 2814 sponsus.
1216 2742 1396 2799 Veniet
1423 2755 1596 2801 autem
1621 2746 1752 2813 dies,
1774 2763 1894 2802 cum

295 2831 578 2899 auferetur
624 2832 689 2885 ab
719 2833 793 2886 eis
819 2848 1069 2903 sponsus,
1096 2842 1301 2888 et'tunc
1319 2833 1642 2904 jejunabunt
1679 2836 1892 2908 (Ibid.).

295 2921 719 2978 llolocaustoma
746 2937 877 2995 ergo
897 2923 1281 2991 eritvEcclesla,
1304 2940 1467 2994 quam
1491 2925 1741 2997 virginem
1768 2927 1896 2981 beav

295 3022 394 3069 tns
415 3012 708 3084 Apostolus
731 3014 967 3084 appellat
996 3013 1087 3088 (11η
1114 3015 1238 3070 Cor.
1269 3015 1354 3086 ιι),
1385 3018 1601 3087 quando
1628 3018 1683 3072 in
1714 3032 1897 3072 resur-

297 3106 544 3163 rectione
572 3113 913 3161 mortuorum
942 3106 1037 3161 ﬁet
1058 3107 1114 3162 in
1144 3108 1421 3175 universa,
1454 3111 1597 3178 quod
1634 3111 1895 3182 scriptum

1998 1939 2210 2009 ﬁgurat,
2268 1945 2529 2008 quantum
2574 1938 2646 1992 ad
2695 1953 2788 1993 sex
2841 1945 3031 1992 aetates
3083 1938 3266 1993 saeculi
3316 1938 3589 2010 pertinet;

1998 2031 2176 2087 sexies
2203 2030 2347 2085 enim
2385 2036 2590 2099 septem
2619 2028 2978 2100 quadraginta
3006 2029 3111 2084 duo
3144 2036 3310 2093 sunt;
3347 2045 3449 2085 nec
3479 2028 3593 2084 fru-

1998 2134 2114 2182 stra
2150 2132 2207 2181 et
2228 2127 2342 2195 ipse
2367 2123 2561 2195 Jcphte
2589 2137 2685 2178 sex
2721 2123 2880 2178 annis
2894 2121 3157 2192 populum
3176 2120 3453 2192 judicavit.

2034 2230 2041 2235 ’
2192 2234 2195 2237 ’
2584 2232 2813 2291 CAPUT
2851 2226 2990 2289 XVI.

1996 2344 2076 2401 De
2096 2340 2296 2417 Manus
2322 2353 2371 2417 et
2387 2345 2685 2417 _u.rore_ejus
2708 2342 2892 2417 sterili,
2924 2344 3114 2416 quibus
3139 2345 3355 2417 angelus
3380 2346 3590 2401 Domini

2065 2415 2304 2488 promisit
2336 2413 3114 2488 [ilium_Samson_l\lazara'ttm
3152 2413 3385 2488 Domini,
3433 2427 3481 2470 et
3526 2419 3591 2470 do

2066 2484 2537 2557 holocaustqquod
2566 2485 2704 2539 idem
2749 2484 2946 2540 Manus
2987 2486 3052 2540 ab
3075 2486 3259 2557 angelo
3288 2488 3592 2541 admonitus

2048 2556 2327 2625 oﬂ'srebat
2346 2555 2485 2609 .Deo.

2014 2666 2019 2669 ⁷
2068 2666 2222 2740 (ΟΜ).
2250 2667 2399 2740 xm.)
2430 2667 2564 2723 Erat
2591 2677 2768 2723 autem
2800 2668 2879 2723 vir
2898 2668 3115 2740 quidam
3144 2670 3207 2722 de
3230 2667 3424 2733 Sarno,
3457 2680 3502 2722 et
3529 2669 3593 2721 de

1996 2756 2156 2826 stirpe
2192 2755 2327 2818 Dan,
2364 2755 2573 2811 nomine
2598 2756 2816 2823 Manus,
2847 2756 3043 2811 habens
3083 2773 3301 2811 uxorem
3340 2758 3589 2811 sterilem.

1998 2842 2100 2899 Cui
2132 2843 2379 2915 apparuit
2414 2843 2632 2913 angelus
2656 2843 2889 2909 Domini,
2938 2853 2986 2898 et
3026 2844 3161 2898 dixit
3186 2843 3256 2897 ad
3286 2859 3439 2898 eam:
3479 2841 3593 2897 Stc-

1998 2935 2113 2990 rilis
2149 2951 2236 3001 es,
2286 2944 2334 2989 et
2379 2934 2574 3005 absque
2624 2932 2842 3000 liberis;
2902 2934 2996 2989 sed
3036 2934 3293 3005 concipies
3337 2944 3385 2989 et
3417 2934 3593 3005 paries

1998 3028 2193 3100 ﬁlium.
2229 3023 2368 3081 Cave
2399 3041 2522 3096 ergo
2573 3038 2638 3080 ne
2666 3026 2846 3080 vinum
2895 3025 3062 3092 bibas,
3101 3041 3162 3079 ac
3211 3026 3452 3091 siceram,
3501 3040 3594 3080 nec

1999 3117 2330 3173 immundum
2367 3116 2657 3186 quidquam
2684 3116 2965 3182 comedas;
2994 3116 3119 3188 quia
3143 3118 3400 3188 concipies
3427 3127 3476 3172 et
3499 3133 3595 3189 pa-

296 3206 430 3254 est:
471 3197 730 3269 Absorpta
766 3207 845 3254 est
866 3215 1007 3255 mors
1028 3201 1086 3254 in
1116 3202 1335 3257 victoria
1365 3215 1383 3253 :
1418 3211 1554 3257 tunc
1599 3205 1768 3258 tradet
1811 3222 1895 3259 re-
1923 3189 1969 3252 Ο
2001 3209 2104 3262 rios
2134 3208 2325 3277 ﬁlium,
2380 3207 2538 3277 cujus
2590 3222 2694 3262 non
2737 3215 2913 3278 tanget
2959 3217 3112 3278 caput
3155 3207 3449 3274 novacula;
3496 3209 3594 3265 erit

298 3308 460 3364 gnum
488 3292 599 3347 Deo
634 3303 683 3347 et
728 3291 883 3347 Patri
908 3293 960 3366 (Ι
996 3292 1120 3350 Cor.
1151 3294 1268 3365 xv).
1323 3295 1478 3361 Quod
1509 3311 1734 3368 regnum
1778 3297 1895 3369 ipsa

300 3385 548 3442 Ecclesia
587 3394 695 3452 est,
736 3400 832 3440 rex
860 3385 975 3456 ipse
1000 3384 1156 3454 cujus
1183 3385 1413 3457 ﬁguram
1446 3401 1652 3442 vovens
1673 3388 1764 3444 ille
1805 3404 1899 3460 ge—

299 3476 503 3530 stabat.
560 3474 666 3530 Sed
696 3475 952 3545 quoniam
983 3482 1113 3531 tunc
1146 3474 1258 3542 ﬁet,
1297 3491 1423 3532 cum
1445 3476 1709 3548 completa
1732 3477 1898 3533 fuerit

301 3576 458 3622 sexta
482 3573 635 3630 tetas,
674 3566 795 3621 ideo
819 3565 1102 3636 sexaginta
1126 3566 1392 3621 dieruma
1415 3566 1728 3636 virginitate
1762 3567 1898 3621 dila-

300 3657 676 3728 tiopostnlata
705 3666 809 3712 est.
850 3657 929 3712 Ex
972 3657 1226 3729 omnibus
1256 3657 1455 3729 quippe
1494 3657 1751 3712 aetatibus
1798 3657 1900 3714 Ec-

302 3751 470 3806 clesia
499 3758 878 3822 congregatur.
931 3750 1169 3818 Quarum
1195 3751 1370 3821 prima
1413 3758 1497 3806 est
1518 3750 1587 3805 ab
1613 3749 1786 3806 Adam
1810 3766 1901 3806 us-

302 3855 413 3913 que
444 3841 509 3895 ad
539 3840 799 3896 diluvium
824 3856 839 3907 ;
893 3841 1133 3897 secunda
1165 3856 1195 3895 a
1218 3840 1445 3908 diluvio,
1497 3841 1553 3895 id
1578 3849 1693 3906 est,
1724 3856 1759 3897 a
1785 3841 1900 3898 Noe

305 3946 480 4003 usque
505 3932 573 3986 ad
598 3932 912 3997 Abraham;
964 3931 1125 3986 tertia
1177 3933 1245 3987 ab
1295 3931 1570 3986 Abraham
1625 3948 1796 4004 usque
1824 3933 1899 3989 ad

306 4026 479 4082 David
502 4042 518 4092 ;
550 4034 744 4096 quarta
765 4024 979 4079 aDavid
999 4034 1172 4094 usqae
1195 4025 1263 4078 ad
1291 4023 1821 4095 transmigrationcm
1845 4025 1900 4079 in

306 4117 690 4191 Babyloniam;
715 4119 899 4188 quinta
917 4119 985 4173 ab
1008 4118 1111 4173 hac
1135 4117 1612 4189 trausmigratione
1641 4132 1812 4191 usque
1833 4119 1902 4174 ad

311 4213 549 4284 Virginis
577 4222 833 4283 partum;
888 4219 1040 4268 sexta
1076 4212 1202 4275 inde
1228 4228 1402 4284 usque
1430 4212 1485 4267 in
1532 4213 1694 4283 hujus
1720 4214 1901 4270 saeculi

310 4305 494 4360 ﬁnem.
534 4305 640 4359 Per
667 4319 802 4374 quas
848 4319 943 4359 sex
967 4311 1155 4359 tetates
1181 4312 1441 4375 tanquam
1484 4317 1582 4374 per
1623 4305 1903 4375 sexaginta

312 4397 426 4450 dies
451 4395 597 4449 licvit
624 4403 813 4450 sancta
835 4394 989 4464 virgo
1017 4393 1261 4448 Ecclesia
1312 4392 1598 4463 virginalia
1632 4406 1751 4457 sua,
1775 4392 1902 4462 quia

310 4490 441 4545 licet
480 4487 764 4561 virginalia
788 4529 803 4554 ,
852 4474 1037 4542 tamen
1072 4484 1290 4541 ﬁlerunt
1332 4493 1556 4556 peccata
1615 4484 1899 4551 deﬂenda;

1996 3300 2137 3353 enim
2186 3298 2486 3352 Nazarazus
2512 3297 2610 3351 Dei
2651 3297 2717 3351 ab
2774 3297 3002 3368 infantia
3047 3314 3169 3365 sua,
3213 3307 3264 3353 et
3303 3315 3369 3353 ea:
3412 3300 3595 3355 matris

1996 3397 2166 3456 utero,
2207 3397 2257 3443 et
2306 3378 2425 3459 ipse
2451 3389 2664 3460 incipiet
2696 3388 2935 3446 liberare
2967 3389 3141 3446 Israel
3171 3391 3236 3446 de
3274 3408 3436 3447 manu
3467 3389 3597 3447 Plii-

1996 3478 2321 3535 listinorum.
2369 3479 2549 3546 Quaeri
2570 3487 2750 3550 potest
2775 3483 3046 3551 quomodo
3066 3482 3264 3537 dixerit
3283 3483 3506 3554 angelus
3528 3483 3597 3541 ad

1999 3580 2233 3625 matrem
2281 3568 2542 3633 Samson,
2600 3582 2726 3624 cum
2772 3571 3118 3625 annuntiaret
3157 3571 3207 3625 ci
3247 3571 3416 3626 ﬁlium
3447 3572 3595 3633 fatu--

2001 3670 2143 3727 rum,
2195 3659 2323 3730 quia
2350 3659 2555 3714 sterilis
2575 3666 2695 3713 erat
2721 3675 2736 3713 :
2770 3657 2838 3711 Et
2866 3674 3006 3713 nunc
3033 3659 3267 3724 observa,
3299 3671 3347 3714 et
3377 3678 3483 3717 non
3526 3661 3600 3716 bi-

2001 3749 2094 3805 bas
2130 3750 2308 3806 sinum
2336 3759 2386 3805 et
2417 3750 2664 3816 siceram,
2706 3765 2812 3803 non
2848 3748 3135 3803 mendaces
3178 3764 3331 3804 omne
3373 3751 3601 3805 imman-

2001 3842 2149 3897 dum.
2190 3840 2330 3910 Quid
2352 3849 2437 3897 est
2463 3841 2610 3896 enim
2632 3840 2990 3903 immundum,
3022 3841 3126 3895 nisi
3149 3839 3287 3896 forte
3317 3841 3597 3897 dissolutio

2003 3933 2321 4007 disciplinae,
2353 3947 2473 4004 qua:
2500 3946 2623 3989 esse
2643 3938 2884 4002 coeperat
2907 3932 2962 3986 in
2989 3930 3174 3999 Israel,
3203 3939 3260 3988 et
3291 3931 3406 4002 jam
3445 3932 3509 3987 ad
3533 3916 3597 3988 ea

2003 4014 2379 4082 manducando
2405 4014 2502 4079 eos
2528 4022 2885 4088 labefecerat,
2932 4037 3056 4093 quae
3080 4022 3434 4092 prohibuerat
3455 4024 3599 4079 Deus

2004 4117 2059 4173 in
2099 4116 2390 4188 generibus
2435 4112 2794 4169 animalium?
2840 4113 2950 4169 Cur
2992 4114 3139 4169 enim
3189 4128 3299 4169 non
3344 4115 3599 4169 credatur

2004 4211 2170 4266 etiam
2195 4211 2302 4266 hoc
2322 4225 2417 4266 eos
2445 4209 2616 4265 multo
2658 4195 2953 4279 proclivius
2986 4204 3167 4273 facere
3191 4209 3453 4278 potuisse,
3502 4208 3596 4278 qui

2006 4301 2168 4358 etiam
2192 4302 2260 4357 ad
2283 4301 2487 4357 cultum
2518 4298 2785 4354 idolorum
2807 4294 3382 4367 transgrediebantur?

2079 4392 2212 4459 Qua!
2240 4408 2358 4447 cum
2379 4391 2595 4445 venisset
2619 4389 2689 4443 ad
2726 4389 2976 4443 maritum
3008 4402 3187 4453 suum,
3229 4386 3364 4441 dixit
3384 4387 3466 4441 ei:
3505 4385 3602 4443 Vir

2008 4484 2104 4539 Dei
2144 4485 2279 4539 venit
2307 4482 2377 4537 ad
2402 4499 2502 4548 me,
2529 4480 2724 4537 habens
2754 4479 2954 4535 vultum
2984 4478 3298 4549 angelicum,
3350 4478 3598 4536 terribilis

310 4590 534 4654 propter
581 4595 702 4650 qua:
745 4579 1000 4635 universa
1055 4580 1168 4651 ipsa
1199 4577 1352 4649 virgo
1383 4585 1499 4632 toto
1525 4577 1658 4633 orbe
1707 4576 1900 4633 diffusa
1928 4565 1983 4624 1)
2008 4566 2183 4634 nimis.
2219 4575 2384 4643 Quem
2415 4590 2535 4630 cum
2570 4576 2973 4644 interrogassem
3015 4571 3134 4644 quis
3174 4578 3327 4638 esset,
3367 4582 3415 4625 et
3460 4573 3598 4628 unde

313 4672 554 4742 quotidie
590 4670 722 4726 dicit
749 4688 762 4725 :
797 4669 1013 4725 Dimitte
1044 4670 1192 4724 nobis
1219 4669 1393 4723 debita
1438 4676 1638 4722 nostra.
1668 4667 1901 4725 Eosdem

315 4771 493 4818 autem
523 4762 799 4834 sexaginta
828 4762 944 4818 dies
973 4764 1108 4817 duos
1143 4774 1362 4816 menses
1390 4758 1581 4814 maluit
1611 4748 1901 4831 appellare,

316 4870 576 4928 quantum
599 4857 869 4921 existimo,
900 4863 1122 4927 propter
1143 4851 1278 4909 duos
1300 4852 1584 4916 homines;
1614 4868 1781 4906 unum
1806 4866 1905 4924 per

317 4964 478 5019 quem
522 4966 690 5014 mors,
733 4942 1091 5017 alterumper
1113 4961 1277 5017 quem
1302 4945 1631 5001 resurrectio
1666 4937 1906 5001 mertuo-

321 5056 483 5104 rum;
537 5048 760 5111 prOpter
795 5053 944 5109 quos.
977 5040 1141 5094 etiam
1189 5037 1299 5092 duo
1350 5045 1671 5092 testamenta
1720 5035 1909 5092 dicun-

320 5141 428 5185 tur.
1422 5138 1423 5143 ‘

392 5220 546 5289 Quod
569 5235 697 5275 vero
740 5218 943 5276 factum
978 5225 1064 5273 est
1105 5217 1163 5272 in
1206 5223 1480 5287 praecepto
1520 5215 1575 5269 in
1621 5215 1803 5270 Israel
1842 5228 1907 5269 ex

323 5315 512 5370 diebus
535 5314 589 5369 in
615 5314 729 5368 dics
761 5310 1157 5367 conveniebant
1183 5306 1467 5362 lamentari
1516 5305 1681 5360 ﬁliam
1715 5304 1910 5377 Iephte

322 5403 640 5460 Galaaditen
678 5411 911 5473 quatuor
937 5396 1053 5456 dics
1096 5401 1150 5456 in
1181 5415 1341 5464 anno,
1392 5412 1500 5453 non
1533 5408 1667 5468 puto
1706 5397 1911 5469 signiti-

324 5512 451 5551 carc
477 5494 676 5566 aliquid
704 5502 825 5565 post
850 5495 1126 5564 impletum
1150 5492 1558 5548 holocaustoma
1583 5531 1598 5555 ,
1634 5490 1777 5561 quod
1805 5491 1912 5545 erit

326 5591 491 5645 vitam
514 5600 806 5654 aeternam;
839 5588 931 5642 sed
962 5588 1235 5658 praeterita
1264 5594 1504 5656 tempora
1544 5583 1822 5649 Ecclesia,
1857 5585 1913 5638 in

327 5683 525 5753 quibus
557 5692 712 5738 erant
739 5680 880 5737 beati
913 5680 1174 5751 lugentes.
1228 5677 1529 5746 Quatriduo
1557 5685 1736 5732 autem
1785 5676 1915 5748 ﬁgu-

331 5785 449 5830 rata
474 5772 704 5843 est'cjus
732 5771 1055 5827 universitas
1084 5778 1306 5841 propter
1344 5775 1581 5840 quatuor
1600 5778 1797 5841 partes
1825 5784 1915 5825 or-

2008 4669 2248 4732 venisset,
2284 4677 2331 4720 et
2356 4682 2460 4737 quo
2482 4664 2690 4719 nomine
2718 4673 3010 4727 vocaretur,
3049 4661 3217 4719 noluit
3239 4663 3367 4717 mihi
3404 4663 3593 4719 dicere.

2010 4756 2163 4825 Quod
2194 4754 2369 4825 mater
2418 4754 2648 4811 Samson
2688 4755 2806 4810 viro
2842 4768 2942 4810 suo
2973 4754 3218 4811 indicans
3252 4757 3598 4824 quemadmo-

2014 4852 2139 4905 dum
2164 4849 2239 4903 illi
2274 4847 2496 4919 angelus
2524 4846 3117 4903 annuntiaverit’ﬁlium
3156 4846 3396 4903 futurum
3420 4849 3593 4904 dixit:

2016 4939 2084 4995 Et
2110 4940 2493 5011 interrogabam
2517 4955 2637 4994 eum
2682 4938 2819 4993 unde
2841 4948 2996 5005 esset,
3027 4950 3078 4994 et
3101 4956 3289 4995 nomen
3317 4959 3470 4996 suum
3495 4960 3596 4995 non

2014 5032 2345 5086 annuntiavit
2371 5030 2519 5097 mihi,
2552 5029 2722 5100 quaeri
2749 5037 2930 5101 potest
2961 5038 3142 5085 utrum
3169 5047 3356 5087 verum
3379 5029 3593 5093 dixerit,

2016 5124 2272 5197 quoniam
2309 5138 2415 5178 non
2450 5122 2668 5194 legitur,
2725 5116 2847 5176 cum
2878 5121 2929 5176 ei
2975 5122 3198 5193 angelus
3248 5121 3597 5190 loqueretur?

2010 5215 2125 5271 'Sed
2160 5212 2565 5286 intelligendum
2598 5221 2682 5269 est
2714 5211 2818 5269 hoc
2856 5212 2931 5268 ibi
2961 5210 3297 5282 Scripturam
3342 5210 3590 5269 tacuisse.

2017 5307 2107 5363 hic
2135 5316 2314 5375 autem
2345 5320 2800 5362 commemorasse
2846 5303 2990 5376 quod
3037 5304 3110 5358 ibi
3156 5308 3417 5355 tacuerat.
3463 5299 3596 5355 Illud

2016 5402 2181 5457 etiam
2208 5400 2352 5472 quod
2378 5415 2485 5456 non
2515 5400 2591 5456 ait
2616 5418 2628 5454 :
2662 5390 2992 5468 Interrogavi
3021 5410 3137 5450 eum
3159 5392 3285 5465 quid
3308 5403 3595 5457 vocaretur,

2021 5502 2069 5547 et
2098 5508 2285 5547 nomen
2310 5507 2464 5546 suum
2492 5507 2595 5545 non
2618 5488 2948 5546 annuntiavit
2971 5485 3117 5549 mihi,
3151 5482 3243 5538 sed
3269 5484 3346 5538 ait
3372 5500 3385 5536 :
3425 5481 3601 5536 Inter-

2019 5583 2195 5655 rogavi
2220 5582 2357 5638 unde
2384 5591 2534 5649 esset,
2579 5582 2792 5637 videtur
2816 5579 3209 5644 inconsequens
3237 5573 3381 5645 quod
3411 5572 3595 5627 addit:

2017 5675 2084 5732 Et
2107 5692 2294 5731 nomen
2313 5691 2467 5729 suum
2496 5691 2598 5728 non
2619 5668 2947 5733 annuntiarit
2979 5666 3139 5732 mihi;
3178 5664 3295 5721 non
3322 5664 3465 5720 enim
3504 5681 3602 5720 no-

2018 5784 2141 5825 men
2168 5768 2286 5839 ejus
2325 5767 2782 5833 interrogaverat,
2815 5766 2937 5815 cum
2963 5754 3233 5832 quzcrerct
3274 5750 3414 5810 unde
3455 5749 3599 5814 chet
