4000 6186
342 157 481 213 “93

1263 143 1613 204 COMMENT.
1653 139 1720 195 IN
1759 137 1886 193 LIB.
1924 134 2243 193 JUDICUM.
2279 163 2349 175 —
2385 134 2513 190 LIB.
2554 134 2613 190 II.

3445 125 3579 183 1191

338 271 501 333 ritus,
533 267 624 336 qui
670 279 735 321 ea
764 278 886 334 quae
932 276 1162 333 superna
1203 268 1329 315 sunt
1373 258 1525 328 prior
1561 253 1735 316 vidit;
1789 250 1914 320 quia
1945 253 1988 309 Δ
2019 263 2218 302 uersum
2257 246 2659 336 mercurSed
2688 245 2803 336 haec
2838 256 3089 336 eum,_ne
3117 241 3198 336 ab
3244 241 3327 336 his
3374 240 3581 297 interli-

338 374 467 414 eum
510 357 701 411 altiora
748 361 1079 409 secretorum
1106 349 1404 405 ctelestium
1431 344 1708 402 sublevate
1761 355 1915 396 mens

339 447 628 517 conspicit,
658 453 856 501 cuncta
881 444 1239 498 humanarum
1273 437 1471 492 virium
1499 433 1744 489 soliditas
1787 445 1917 485 con-

343 535 627 591 tremiscit.

922 619 1145 676 CAPUT
1178 617 1341 673 XVII.

345 719 425 772 De
449 717 646 771 ultione
685 729 840 784 quant
868 712 987 781 fecit
1015 711 1272 784 Sampson
1289 709 1353 784 in
1373 705 1675 770 Philistteis,
1712 710 1921 773 propter

813 778 1056 853 sponsam
1100 778 1199 833 sibi
1246 778 1497 831 ablatam.

421 874 623 943 (Caru'r
657 871 771 939 xv.)
815 869 1266 936 Ascenderuntque
1298 863 1581 917 Philistiim
1616 869 1664 915 et
1687 860 1924 914 combus—

346 972 526 1019 serunt
568 971 675 1014 tam
706 958 973 1012 mulierem
1009 971 1167 1024 quam
1210 963 1408 1024 patrem
1444 952 1595 1021 ejus;
1631 948 1815 1021 quibus
1849 947 1935 998 ait

349 1051 610 1119 Sampson
636 1065 654 1102 :
690 1048 830 1100 Licet
869 1046 967 1099 hoc
990 1044 1236 1114 feceritis,
1284 1052 1458 1095 tamen
1481 1040 1652 1093 adhuc
1692 1053 1757 1091 ea:
1784 1035 1925 1089 vobis

347 1151 589 1210 expetam
641 1138 923 1201 ultionem,
971 1144 1019 1189 et
1060 1144 1184 1188 tunc
1221 1133 1504 1204 quiescam.
1564 1127 1928 1196 Percussitque

349 1248 441 1284 eos
489 1229 682 1300 ingenti
705 1227 861 1297 plaga
894 1228 968 1279 ita
992 1234 1048 1279 ut
1083 1234 1345 1294 stupentes
1385 1237 1565 1275 suram
1596 1216 1780 1288 [emori
1826 1218 1927 1269 im-

349 1328 620 1388 ponerent.
673 1316 737 1370 Et
768 1314 1081 1368 descendens
1105 1313 1355 1366 habitavit
1394 1311 1447 1365 in
1481 1307 1726 1378 spelunca
1771 1313 1930 1375 petra:

356 1408 570 1460 Etltam.
602 1405 713 1460 Iloc
739 1406 791 1458 in
829 1404 1063 1458 editione
1103 1401 1243 1456 LXX
1293 1401 1647 1468 interpretum
1686 1395 1882 1465 legitur
1914 1411 1926 1445 :

357 1500 628 1554 Percussit
665 1498 984 1566 alienigenas
1029 1495 1293 1565 Sampson
1318 1493 1498 1547 tibiam
1539 1504 1694 1560 super
1740 1487 1929 1557 femur.

2016 342 2231 391 ceretur
2249 335 2471 398 dixisse,
2495 335 2623 388 illud
2648 334 2849 388 indicat
2868 331 3008 402 quod
3035 332 3089 385 in
3117 329 3254 384 libro
3277 330 3580 400 Regnorum

2017 430 2276 499 scriptum
2300 434 2415 496 est,
2458 427 2682 496 jubente
2718 425 3025 489 Salomone,
3084 434 3146 478 ut
3174 426 3335 479 homo
3374 423 3587 478 occide-

2017 527 2187 584 retur,
2223 528 2278 572 el
2321 518 2533 571 dicente
2564 536 2576 571 :
2616 517 2784 581 Vade,
2832 533 3045 570 occurre
3074 515 3152 567 illi
3180 514 3297 585 (111
3329 514 3456 586 Reg.
3500 513 3587 588 tt),

2018 609 2160 678 quod
2205 607 2325 661 ideo
2355 621 2457 671 non
2494 606 2833 676 intelligitur,
2882 604 3005 671 quia
3037 621 3141 658 non
3173 612 3255 658 est
3302 614 3590 659 consuetu-

2021 697 2163 752 dinis
2212 697 2353 765 apud
2382 711 2482 751 nos
2532 696 2605 749 ita
2630 695 2755 749 dici.
2810 693 2903 747 Sic
2949 695 3092 748 enim
3136 695 3275 760 quod
3331 694 3595 749 militares

2021 792 2314 855 potestates
2355 785 2584 838 dicunt:
2626 781 2785 845 Vade,
2826 781 2990 835 alleva
3014 781 3185 843 illum,
3227 789 3280 834 et
3303 781 3591 850 significat,

2024 875 2197 927 occide
2226 872 2400 936 illum,
2424 873 2547 941 quis
2577 872 2859 941 intelligat,
2892 870 2993 925 nisi
3026 869 3115 938 qui
3146 869 3288 923 illius
3312 869 3599 925 locutionis

2025 968 2459 1023 consuetudinem
2484 965 2672 1019 novit?
2702 964 2852 1019 Solet
2890 974 2943 1018 et
2971 977 3131 1032 vulgo
3176 964 3315 1031 apud
3347 977 3446 1016 nos
3470 963 3597 1025 diei,

2025 1057 2404 1128 compendiabit
2450 1055 2550 1120 illi,
2596 1055 2738 1124 quod
2784 1062 2885 1117 est,
2923 1054 3114 1107 occidet
3170 1052 3343 1118 illum,
3388 1060 3444 1105 et
3499 1052 3602 1106 hoc

2028 1163 2188 1203 nemo
2230 1146 2479 1217 intelligit
2523 1146 2625 1200 nisi
2653 1146 2743 1215 qui
2775 1144 2963 1197 audire
2993 1144 3289 1199 consuevit.
3347 1142 3474 1197 Haec
3517 1150 3603 1197 est

2029 1239 2175 1292 enim
2215 1237 2298 1291 vis
2332 1236 2595 1306 generalis
2639 1234 2879 1287 omnium
2909 1233 3269 1292 locutionum,
3313 1240 3372 1285 ut
3413 1247 3603 1300 quem-

2030 1328 2316 1384 admodum
2333 1328 2460 1398 ipsa:
2475 1327 2687 1396 lingutc,
2704 1341 2808 1380 non
2823 1325 3211 1396 intelligantur;
3223 1325 3323 1380 nisi
3337 1324 3603 1380 audiendo

2031 1420 2115 1474 vel
2151 1419 2375 1490 legendo
2424 1419 2720 1474 discantur.
2773 1417 3144 1487 lucentemque
3190 1416 3498 1483 maxillam,
3551 1416 3606 1471 i.l

2032 1519 2137 1575 est,
2167 1509 2550 1573 mandibulam,
2608 1508 2766 1572 asini,
2807 1523 2921 1578 qua:
2938 1508 3164 1576 jacebat,
3215 1508 3469 1577 arripiens
3515 1508 3602 1560 in-

354 1590 497 1657 Qnid
524 1597 607 1643 est
633 1587 773 1656 quod
789 1587 989 1641 dictum
1015 1595 1117 1647 est,
1139 1584 1282 1653 quod
1308 1581 1573 1652 percussit
1598 1577 1928 1647 alienigenas
1956 1604 2003 1662 Β
2030 1600 2227 1668 terfecit
2255 1600 2312 1652 in
2348 1615 2410 1652 ea
2439 1598 2582 1652 mille
2611 1599 2766 1664 viros,
2802 1577 2848 1652 et
2877 1598 2949 1650 ait
2974 1614 2992 1651 :
3024 1597 3087 1651 In
3118 1597 3334 1651 maxilla
3364 1598 3521 1663 asini,
3551 1601 3603 1652 in

356 1682 622 1750 Sampson
653 1679 835 1733 tibiam
873 1690 1034 1746 super
1062 1676 1277 1730 femur?
1312 1673 1443 1740 Quis
1471 1672 1613 1726 enim
1646 1670 1807 1724 habet
1860 1668 1926 1722 ti-

354 1770 504 1824 biam
531 1782 690 1836 super
712 1764 885 1819 femur
906 1780 1029 1819 cum
1065 1765 1192 1819 tibia
1215 1764 1468 1818 deorsum
1496 1774 1683 1815 versus
1704 1773 1810 1813 non
1835 1757 1930 1818 sit,

356 1856 467 1910 nisi
494 1870 524 1909 a
553 1870 692 1927 genu
730 1868 902 1923 usque
930 1853 995 1907 ad
1033 1853 1239 1907 talum?
1275 1851 1477 1906 Deinde
1504 1849 1552 1904 si
1579 1848 1755 1903 locum
1803 1862 1927 1901 cor-

356 1945 510 2015 poris
553 1942 881 2014 siguilicaret
932 1943 1020 1997 ubi
1063 1957 1158 1997 eos
1194 1940 1514 2004 vulneravit,
1566 1937 1933 2006 nunquidnam

357 2048 550 2088 omnes
599 2048 732 2102 quos
765 2031 1053 2102 percussit,
1106 2031 1159 2085 in
1186 2046 1293 2085 uno
1330 2029 1573 2098 corporis
1598 2027 1717 2082 loco
1761 2025 1935 2080 fuerat

360 2121 778 2178 vulneraturus?
808 2121 957 2187 Quod
986 2122 1033 2175 si
1056 2131 1200 2177 esset
1228 2118 1506 2183 credibile,
1531 2132 1811 2188 possemus
1834 2115 1939 2169 lor-

364 2211 507 2265 sitan
529 2211 790 2280 suspicari
814 2226 937 2264 eum
958 2226 1225 2280 pugnasse
1255 2209 1379 2264 tibia
1410 2208 1636 2277 alicujus
1665 2205 1935 2265 animalis,

365 2306 622 2366 tanquam
652 2296 811 2361 fuste,
863 2307 917 2352 et
942 2312 1003 2350 ea
1036 2297 1154 2351 illos
1202 2311 1362 2365 super
1390 2294 1562 2350 femur
1586 2293 1935 2364 percussisso,

365 2387 508 2441 sicut
550 2385 615 2440 de
642 2386 729 2440 illo
768 2386 1027 2455 scriptum
1049 2393 1149 2449 est,
1195 2384 1336 2453 quod
1378 2384 1595 2439 maxilla
1626 2383 1766 2438 asini
1796 2382 1940 2436 mille

365 2475 644 2531 occiderit.
674 2473 781 2527 Sed
806 2488 978 2541 neque
1001 2473 1149 2537 illud,
1174 2481 1232 2525 ut
1257 2472 1390 2537 dixi,
1418 2470 1673 2526 credibile
1693 2480 1771 2525 est
1799 2469 1939 2538 quod

368 2579 615 2637 pugnans
664 2579 826 2616 unum
858 2568 1061 2613 tantum
1093 2560 1268 2613 locum
1299 2558 1671 2614 observaverit
1714 2556 1803 2610 ubi
1847 2572 1941 2610 eos

370 2660 694 2724 percuteret.
746 2649 811 2703 Et
834 2664 937 2703 non
962 2648 1037 2701 ait
1067 2647 1364 2716 Scriptura,
1407 2646 1791 2702 Percussiteos
1816 2645 1941 2699 tibia

372 2756 533 2809 super
567 2738 761 2803 femur,
801 2737 891 2790 sed
913 2737 1091 2789 tibiam
1114 2752 1268 2806 super
1293 2735 1480 2805 femur.
1530 2734 1792 2788 Nimirum
1815 2746 1944 2802 ergo

374 2827 630 2881 inusitata
658 2824 852 2878 locutio
875 2822 1001 2879 facit
1027 2823 1407 2877 obscuritatem
1437 2840 1450 2877 :
1482 2824 1555 2877 ita
1579 2823 1722 2876 enim
1744 2822 1943 2875 dictum

374 2924 454 2972 est
505 2931 566 2970 ac
594 2917 639 2969 si
668 2915 955 2980 diceretur,
1006 2912 1279 2967 Percussit
1306 2928 1400 2967 eos
1428 2911 1580 2966 valde
1609 2910 1943 2971 mirabiliter,
1974 2935 2018 2993 C

377 3006 431 3060 id
463 3014 562 3068 est,
595 3013 653 3059 ut
688 3004 1003 3058 admirando
1029 3011 1308 3073 stupentes
1356 3003 1543 3055 tibiam
1584 3015 1745 3070 super
1773 2999 1948 3054 leinur

375 3102 659 3166 ponerent,
691 3094 874 3148 tibiam
902 3093 1108 3148 scilicet
1129 3091 1286 3145 unius
1310 3092 1461 3161 pedis
1490 3105 1650 3161 super
1679 3090 1853 3145 femur
1880 3089 1953 3143 al-

380 3186 568 3250 terius,
595 3185 733 3238 sicut
753 3184 927 3238 solent
950 3183 1137 3238 sedere
1161 3181 1250 3251 qui
1276 3181 1519 3235 mirando
1547 3186 1763 3249 stupent
1788 3197 1800 3232 :
1828 3188 1950 3232 tan-

379 3293 541 3346 quam
557 3278 604 3332 si
624 3276 911 3339 diceretur,
932 3277 1206 3331 Percussit
1219 3290 1311 3331 eos
1336 3292 1553 3330 manum
1567 3277 1635 3331 ad
1654 3275 1949 3341 n'naxillam,

382 3368 434 3420 id
456 3375 556 3431 est,
592 3374 739 3419 tanta
763 3365 929 3430 caede,
957 3373 1014 3419 ut
1046 3379 1261 3418 manum
1290 3365 1356 3418 ad
1382 3365 1657 3418 maxillam
1688 3367 1824 3419 tristi
1863 3366 1954 3418 ad-

382 3459 669 3512 miratione
719 3466 1011 3525 ponerent.
1062 3456 1217 3511 Hunc
1253 3472 1470 3511 sensum
1525 3456 1597 3509 ita
1650 3472 1710 3510 se
1755 3455 1955 3509 habere

381 3550 542 3602 etiam
569 3549 960 3615 interpretatio,
985 3563 1104 3616 quae
1122 3558 1287 3601 estex
1308 3546 1553 3604 Hebrzeo.
1576 3546 1712 3600 satis
1731 3535 1950 3611 edocet;

386 3651 511 3689 nam
556 3635 631 3688 ita
663 3634 860 3703 legitur
889 3648 903 3686 :
932 3632 1196 3688 Percussit
1219 3651 1303 3687 eos
1338 3634 1532 3703 ingenti
1569 3631 1743 3703 plaga,
1795 3634 1870 3686 ita
1900 3642 1956 3686 ut

383 3735 640 3796 stupentes
664 3740 843 3778 suram
873 3723 1059 3793 femori
1094 3724 1443 3793 imponerent;
1477 3722 1582 3777 tale
1615 3731 1699 3778 est
1723 3722 1865 3776 enim
1892 3737 1955 3776 ac

385 3815 429 3870 si
461 3817 680 3878 diceret,
713 3813 921 3867 Tibiam
950 3811 1138 3866 femori
1163 3812 1525 3880 imponerent;
1550 3812 1804 3880 quoniam
1828 3826 1955 3865 sura

385 3909 570 3977 utique
599 3916 870 3962 retrorsus
904 3921 1026 3960 cum
1063 3906 1191 3961 tibia
1226 3918 1328 3961 est.

951 4012 1177 4068 CAPUT
1212 4012 1395 4068 XVIII.

391 4104 543 4173 Quod
571 4107 671 4159 tria
694 4104 860 4159 millia
881 4105 1107 4174 virorum
1130 4105 1193 4158 de
1213 4105 1358 4159 Juda
1404 4102 1658 4174 Sampson
1683 4104 1955 4159 uoluerunt

460 4176 663 4227 tradere
703 4176 756 4228 in
779 4172 1416 4245 manus_Pltilistinorum,
1451 4172 1638 4245 quibus
1665 4175 1749 4228 ille
1786 4176 1954 4245 tradi-

2032 1687 2336 1741 mandibula
2384 1686 2517 1758 pulli
2574 1688 2843 1741 asinorum
2890 1685 3052 1740 delevi
3103 1702 3220 1750 eos,
3275 1695 3321 1738 et
3378 1686 3609 1757 percussi

2032 1778 2174 1833 mille
2213 1778 2371 1843 viros,
2423 1785 2477 1832 et
2509 1777 2733 1847 reliqua.
2783 1776 3021 1843 Quorum
3064 1776 3152 1830 hic
3201 1791 3297 1845 per
3332 1776 3607 1832 maxillam

2035 1871 2205 1936 asini,
2272 1870 2375 1924 nisi
2445 1869 2857 1940 pnudieatorum
2914 1867 3167 1923 Ecclesiae
3237 1883 3480 1937 petsonm
3536 1871 3610 1923 si-

2036 1962 2313 2032 gnantur?
2348 1960 2673 2030 Redemptor
2699 1960 2843 2015 enim
2875 1969 3058 2014 noster
3084 1960 3481 2029 simplicitatem
3524 1969 3609 2014 at-

2037 2066 2141 2119 que
2191 2050 2506 2119 patientiam
2559 2048 2966 2119 prmdicantiuzn
3020 2063 3130 2101 sum
3185 2063 3346 2101 manu
3395 2048 3611 2102 virtutis

2038 2150 2227 2195 tenens
2268 2154 2297 2193 a
2346 2139 2488 2193 vitiis
2518 2139 2629 2193 suis
2664 2137 2969 2191 carnalibus
3003 2137 3271 2191 interfecit
3300 2179 3314 2202 ,
3365 2145 3441 2202 et,
3495 2152 3611 2191 ma-

2041 2232 2163 2285 xilla
2202 2219 2259 2284 in
2293 2238 2490 2283 terram
2543 2229 2800 2299 projects,
2857 2230 3198 2297 postmodum
3244 2243 3413 2299 aquas
3458 2227 3610 2291 ludit,

2039 2320 2163 2388 quia
2210 2319 2333 2373 data
2364 2317 2522 2372 morti
2550 2317 2961 2386 praedicatorum
2997 2331 3246 2385 corpora,
3298 2332 3489 2387 magna
3520 2332 3617 2387 pu-

2041 2412 2180 2482 pulis
2208 2418 2577 2465 monstravere
2605 2407 2883 2461 miracula.

2628 2519 2854 2574 CAPUT
2892 2518 3036 2572 XIX.

2046 2591 2199 2668 Quod
2242 2589 2664 2668 Sampson-[ores
2696 2598 2857 2668 porta,
2880 2589 3023 2642 urbis
3058 2588 3213 2644 Gaza
3243 2605 3359 2668 cum
3387 2588 3618 2668 postibus

2114 2661 2220 2714 suis
2254 2658 2401 2728 nocte
2439 2658 2760 2728 tulitLatque
2804 2658 2858 2710 in
2895 2668 3118 2711 montem
3143 2658 3387 2728 portarit;
3409 2666 3457 2711 et
3479 2658 3617 2723 quod

2116 2727 2401 2795 concupivit
2452 2728 2506 2780 in
2557 2726 2702 2779 Casu
2741 2727 3006 2779 mulierem
3052 2727 3400 2791 meretricem,
3428 2740 3473 2780 ‘a
3512 2742 3618 2795 qua

2115 2798 2221 2866 ipse
2247 2813 2339 2866 per
2378 2796 2721 2864 proditionem
2752 2795 2993 2864 deceptus
3025 2806 3118 2848 est.

2119 2883 2321 2955 (CAPUT
2354 2880 2488 2950 xvi.)
2524 2880 2664 2934 Abiit
2707 2896 2908 2951 quoque
2944 2881 2999 2933 in
3040 2879 3271 2945 Gazam,
3310 2891 3358 2935 et
3387 2881 3511 2936 vidit
3547 2882 3622 2937 ibi

2050 2970 2315 3026 mulierem
2343 2970 2685 3033 meretricem,
2712 2970 3075 3039 ingressusque
3101 2980 3176 3024 est
3200 2971 3269 3024 ad
3289 2988 3424 3025 eam.
3469 2972 3623 3038 Quod

2053 3076 2169 3113 cum
2207 3059 2469 3112 audissent
2502 3056 2807 3121 Pliilistiim,
2847 3067 2896 3112 et
2934 3059 3301 3129 percrebuisset
3356 3062 3498 3132 apud
3533 3078 3623 3118 eos

2050 3149 2273 3201 intrasse
2308 3146 2486 3201 urbem
2525 3145 2803 3217 Sampson,
2853 3146 3302 3204 circumdederunt
3331 3167 3472 3218 eum,
3524 3152 3623 3207 im-

2052 3238 2231 3306 positis
2273 3238 2329 3289 in
2357 3245 2509 3305 porta
2534 3238 2757 3291 civitatis
2782 3236 3101 3303 custodibus,
3151 3248 3197 3292 et
3224 3239 3295 3293 ibi
3328 3219 3447 3295 tota
3478 3251 3626 3296 nocte

2052 3344 2171 3381 cum
2209 3326 2414 3381 silentio
2457 3326 2814 3397 pra'stolantes
2879 3337 2935 3380 ut
2968 3328 3110 3398 fac:o
3156 3345 3310 3385 mane
3353 3342 3626 3386 exeuntem

2053 3416 2362 3469 occiderent.
2401 3415 2657 3468 Dormivit
2682 3424 2858 3468 autem
2885 3417 3144 3486 Sampson
3176 3436 3335 3491 usque
3359 3422 3427 3475 ad
3462 3423 3626 3476 noctis

2054 3505 2300 3559 medium.
2320 3504 2388 3557 Et
2410 3505 2529 3558 inde
2550 3520 2882 3573 consurgens,
2908 3508 3242 3575 apprehendit
3264 3511 3443 3565 ambas
3465 3523 3630 3582 portae

2054 3594 2191 3662 fores
2212 3609 2330 3647 cum
2353 3593 2583 3663 postibus
2605 3594 2714 3647 suis
2737 3602 2785 3648 et
2817 3611 2955 3659 sera,
2986 3594 3357 3669 impositosque
3395 3599 3627 3653 humeris

2054 3682 2164 3736 suis
2193 3682 2415 3751 portavit
2434 3682 2504 3735 ad
2530 3683 2770 3735 verticem
2806 3684 3019 3748 montis,
3048 3684 3138 3754 qui
3164 3686 3366 3755 respicit
3393 3684 3628 3749 Πρω-οη,

2054 3779 2108 3824 et
2142 3770 2370 3839 reliqua.
2419 3769 2588 3837 Quem
2639 3770 2692 3825 in
2720 3771 2822 3826 hoc
2848 3770 3013 3837 facto,
3065 3774 3169 3828 nisi
3215 3774 3631 3846 Redemptorcm

2054 3868 2319 3925 nostrum,
2353 3859 2618 3930 Sampson
2649 3860 2736 3915 ille
2769 3862 3069 3933 signiﬁcat?
3096 3863 3233 3930 Quid
3248 3863 3390 3920 Gaza
3418 3866 3629 3929 civitas,

2055 3949 2158 4004 nisi
2182 3949 2470 4014 infernum,
2514 3953 2881 4022 signat?Quid
2907 3968 3005 4023 per
3031 3955 3347 4020 l‘hilistaeos,
3388 3955 3491 4010 nisi
3538 3955 3632 4010 Ju-

2055 4042 2291 4097 dteorum
2333 4043 2578 4112 perﬁdia,
2608 4042 3051 4099 demonstratur?
3077 4045 3168 4116 qui
3207 4060 3329 4101 cum
3360 4055 3633 4103 mortuum

2055 4133 2341 4188 Dominum
2376 4134 2640 4199 viderent,
2687 4134 2909 4205 ejusque
2942 4150 3139 4204 corpus
3162 4136 3215 4191 in
3242 4135 3488 4207 sepulcro
3514 4134 3631 4204 jam

459 4222 1235 4323 minus};"nisainsa
1245 4222 1636 4298 nutanti;
1657 4222 1799 4298 asini
1811 4222 1944 4296 na.

2056 4225 2312 4292 positum,
2359 4227 2609 4279 custodes
2654 4225 2796 4281 illico
2825 4222 3215 4296 deputaverunt
3261 4234 3316 4281 et
3347 4241 3491 4292 eum,
3541 4227 3634 4296 qui

460 4328 616 4366 υινοι.

397 4397 401 4400 ’
462 4401 633 4472 (1310.)
661 4402 1044 4457 Descenderam
1092 4420 1214 4473 ergo
1255 4405 1358 4458 tria
1396 4404 1564 4458 millia
1616 4404 1844 4458 virorum
1893 4403 1958 4457 de

389 4488 534 4543 Juda
558 4490 626 4542 ad
651 4506 857 4559 specum
878 4490 1039 4544 silicis
1072 4491 1286 4556 Etltam,
1336 4492 1681 4562 dixeruntque
1709 4492 1779 4544 ad
1803 4491 1958 4546 Sam-

388 4595 517 4647 pson
546 4595 559 4631 :
593 4575 798 4643 Nescis,
829 4580 968 4649 quod
992 4578 1277 4633 Philistiim
1300 4581 1546 4651 imperent
1568 4580 1757 4634 nobis?
1783 4579 1959 4644 Quare

388 4669 484 4721 hoc
527 4668 699 4736 facere
725 4668 982 4722 coluisti?
1019 4668 1220 4734 Quibus
1260 4668 1349 4722 ille
1382 4670 1497 4723 ait:
1529 4667 1674 4723 Sicut
1722 4669 1955 4738 fecerunt

389 4758 515 4810 ini/ti
549 4758 649 4827 feci
692 4759 787 4812 eis.
818 4758 1025 4828 Ligure,
1051 4760 1314 4830 inquiunt,
1338 4770 1388 4813 te
1409 4760 1657 4822 venimus,
1683 4769 1732 4813 et
1755 4761 1961 4813 tradere

388 4851 441 4905 in
494 4867 680 4904 manus
736 4850 1154 4905 Pliilistinorum.
1214 4850 1493 4921 Respondit
1533 4864 1552 4902 :
1594 4850 1781 4905 Jurate
1812 4850 1960 4914 mihi,

387 4938 523 5008 quod
562 4955 641 4993 me
669 4954 773 4992 non
797 4939 1069 5003 occidatis,
1120 4947 1173 4992 et
1204 4939 1432 5009 reliqua.
1469 4938 1819 5009 Septuaginta
1849 4952 1868 4990 :
1894 4938 1963 4991 Et

389 5029 461 5081 ait
497 5028 759 5099 Sampson
784 5028 904 5082 viris
930 5028 1073 5081 Iuda
1106 5044 1124 5081 :
1151 5027 1339 5083 Jurate
1383 5029 1531 5092 mihi,
1587 5044 1649 5082 ne
1671 5028 1963 5096 interﬁcia-

389 5120 455 5173 tis
482 5136 563 5173 me
588 5136 697 5185 vos,
741 5130 788 5175 et
815 5118 1003 5174 tradite
1054 5120 1252 5183 meeis,
1287 5136 1350 5173 ne
1389 5120 1524 5188 forte
1578 5120 1864 5174 occurratis
1901 5120 1958 5173 in

388 5227 469 5265 me
511 5228 621 5266 vos.
675 5212 812 5279 Quid
839 5222 942 5278 est,
987 5210 1130 5281 quod
1182 5212 1257 5265 ait
1293 5210 1555 5281 Sampson
1607 5211 1740 5266 viris
1778 5209 1955 5266 Juda:

387 5302 575 5358 Jurate
608 5306 757 5370 mihi,
803 5322 865 5360 ne
905 5304 1231 5374 interﬁcietis
1270 5321 1351 5358 me
1388 5322 1499 5370 eos,
1561 5314 1608 5359 et
1650 5305 1839 5358 tradite
1878 5318 1960 5356 me

388 5395 484 5461 eis,
514 5412 576 5451 ne
603 5395 738 5466 forte
765 5396 1139 5481 occurratisjn
1165 5413 1245 5451 me
1269 5412 1355 5450 vos
1380 5398 1404 5449 .9
1432 5396 1604 5462 Quam
1637 5393 1957 5449 locutionem

394 5489 466 5544 ita
502 5489 743 5545 nonnulli
789 5490 1123 5561 interpretati
1162 5501 1310 5554 sunt,
1344 5507 1405 5544 ne
1428 5489 1562 5559 forte
1608 5486 1824 5541 veniatis
1862 5485 1959 5538 ad—

830 5584 1091 5645 Prruoc.
1125 5586 1251 5647 CVI
1266 5588 1339 5646 ll.

2059 4324 2248 4369 auctor
2275 4314 2397 4367 vitm
2423 4313 2710 4375 claruerat,
2753 4315 2806 4368 in
2832 4313 3025 4369 inferni
3054 4315 3307 4370 claustris
3340 4323 3626 4378 retentum,

2058 4404 2209 4472 quasi
2262 4402 2523 4472 Sampson
2571 4403 2625 4455 in
2664 4402 2830 4467 Gaza,
2877 4417 2938 4458 se
2978 4404 3392 4473 deprehendisse
3436 4401 3629 4472 jactati

2058 4503 2203 4549 sunt.
2253 4493 2515 4564 Sampson
2560 4508 2689 4547 vero
2735 4501 2890 4548 nocte
2915 4494 3093 4548 media
3133 4509 3237 4549 non
3264 4490 3436 4549 Solum
3476 4497 3630 4561 exiit,

2057 4587 2151 4641 sed
2180 4586 2340 4640 etiam
2369 4593 2553 4655 portas
2581 4584 2814 4638 civitatis
2842 4584 2991 4647 tulit;
3030 4585 3154 4654 quia
3182 4585 3507 4655 Redemptor
3536 4604 3634 4642 no-

2058 4685 2170 4731 ster
2196 4674 2441 4730 videlicet
2463 4682 2588 4728 ante
2613 4674 2783 4728 lucem
2815 4688 3124 4745 resurgens,
3174 4690 3278 4729 non
3306 4676 3474 4731 solum
3496 4677 3634 4732 liber

2057 4764 2122 4818 de
2149 4763 2357 4817 inferno
2381 4762 2533 4826 exiit,
2578 4763 2671 4816 sed
2704 4763 2818 4832 ipsi
2848 4762 3010 4816 ctiam
3040 4763 3236 4817 inferni
3264 4762 3498 4820 claustra
3542 4767 3633 4820 de-

2057 4853 2273 4917 struxit,
2299 4862 2483 4921 portas
2502 4851 2641 4915 tulit,
2680 4861 2734 4906 et
2763 4852 2961 4905 montis
2993 4853 3250 4908 verticem
3276 4855 3462 4921 subiit,
3505 4854 3631 4923 quia

2059 4943 2326 5011 surgendo
2380 4941 2616 4996 claustra
2666 4940 2862 4996 inferni
2902 4942 3142 5006 abstulit,
3199 4953 3253 4997 et
3295 4926 3631 4999 ascendendo

2060 5031 2318 5086 ctelorum
2346 5046 2504 5101 regna
2534 5031 2854 5100 penetravit.
2907 5029 3169 5102 Sampson
3200 5032 3378 5086 divina
3403 5030 3633 5099 promis-

2062 5120 2214 5175 sione
2241 5130 2550 5192 generatur,
2595 5122 2840 5191 spiritum
2869 5123 3214 5177 comitantem
3240 5120 3488 5174 habebat.
3540 5118 3633 5173 Sic

2060 5212 2203 5265 enim
2232 5212 2454 5283 legimus
2483 5212 2610 5282 quia
2635 5213 2908 5268 benedixit
2930 5228 3053 5268 eum
3087 5210 3363 5273 Dominus,
3389 5217 3445 5262 et
3471 5211 3636 5277 coepit

2061 5303 2282 5371 spiritus
2321 5303 2531 5358 Domini
2561 5303 2810 5358 comitari
2857 5319 2979 5358 cum
3004 5316 3068 5356 eo
3119 5300 3172 5353 iu
3194 5304 3371 5352 castra
3392 5313 3407 5364 ;
3430 5306 3485 5352 et
3507 5298 3630 5353 ideo

2062 5392 2302 5447 futurum
2328 5393 2629 5464 praevidens
2657 5399 3071 5451 sacramentum,
3100 5404 3166 5442 ex
3194 5386 3507 5461 alienigenis
3529 5403 3632 5459 po-

2061 5482 2245 5538 scebat
2272 5499 2515 5549 usorcm,
2564 5483 2705 5551 quoi
2735 5488 2890 5551 pater
2919 5480 3033 5548 ejus
3069 5492 3132 5532 ac
3159 5483 3357 5539 mater,
3388 5484 3445 5531 ut
3496 5479 3634 5535 scri-

3097 5569 3175 5630 38
