4000 6186
321 108 458 168 1195

963 106 1022 163 Β.
1064 106 1317 163 RABANI
1355 105 1574 163 MAURI
1610 104 1928 162 ARCHIEP.
1971 103 2277 161 MOGUNT.
2319 103 2602 162 OPERUM
2640 103 2820 159 PARS
2856 103 2877 159 Ῑ

3434 102 3460 154 1
3480 100 3580 157 l9“)

318 236 471 299 mum
498 232 602 289 est,
642 223 987 294 ignorabant,
1012 224 1268 295 quoniam
1291 237 1327 277 a
1352 221 1582 278 Domino
1602 228 1706 283 est,
1735 217 1896 273 meri—
1928 223 1969 280 Α
2002 215 2088 271 ille
2119 215 2392 270 Nazarens
2420 217 2475 271 in
2498 215 2635 285 lege.
2669 214 2909 269 Invictus
2946 225 3076 283 ergo
3100 210 3389 282 Sampson,
3416 221 3583 286 atqiic

318 325 480 385 tuque
523 312 713 369 fortior
739 312 950 368 caeteris
989 313 1310 377 habebatur,
1367 310 1493 380 quia
1517 324 1640 364 eum
1671 308 1896 376 spiritus

319 405 530 461 Domini
547 405 830 474 dirigebat,
854 420 961 474 quo
983 404 1119 459 duce
1135 404 1280 459 solus
1301 417 1447 458 nunc
1470 400 1894 471 alienigenarum

318 494 536 565 fugabat
562 493 807 564 populos,
842 509 984 548 nunc
1014 493 1246 557 leonem,
1272 490 1588 546 fortitudine
1616 489 1898 557 insupera-

316 567 458 649 bilis,
512 586 842 653 discerptum
877 583 1126 643 manibus
1170 580 1462 636 dividebat.
1519 577 1737 633 Utinam
1785 585 1895 630 tam

316 680 508 728 cautus
533 672 597 726 ad
627 672 946 726 servandam
969 670 1221 739 gratiam,
1277 683 1437 736 quam
1460 665 1618 721 fortis
1646 665 1709 719 ad
1741 679 1897 733 supe-

316 761 543 817 randam
563 760 822 815 bestiam!
850 760 915 814 Et
940 759 1170 815 fortasse
1190 759 1293 813 hoc
1320 772 1425 811 non
1454 757 1630 810 solum
1678 755 1898 810 virtutis

314 850 633 906 miraculum
644 891 657 913 ,
673 851 767 905 sed
781 850 942 904 etiam
959 848 1234 917 sapientia:
1248 847 1586 918 mysterium,
1600 843 1899 914 prophetiae

214 988 217 991 .
315 939 596 994 oraculum
640 939 760 993 fuit.
817 939 1000 1007 Neque
1021 939 1166 992 enim
1186 938 1415 992 otiosum
1441 936 1673 999 videtur,
1730 932 1893 1002 quod,

314 1044 437 1083 cum
469 1030 819 1084 contenderet
867 1029 932 1082 ad
958 1028 1271 1099 mysterium
1302 1027 1631 1097 nuptiarum,
1688 1023 1772 1079 leo
1807 1039 1897 1076 ru-

314 1117 465 1187 giens
488 1118 726 1173 occurrit
758 1118 828 1182 ei,
878 1133 1038 1187 quem
1069 1117 1317 1173 manibus
1366 1116 1456 1172 ille
1486 1116 1808 1184 discerpsit;
1840 1115 1895 1168 in

314 1207 467 1275 unjus
497 1222 721 1277 corpore
757 1207 1027 1264 connubio
1049 1207 1320 1277 petiturus
1344 1214 1550 1276 Optato,
1597 1220 1895 1276 congrega-

314 1298 516 1353 tionem
561 1313 722 1368 apum
752 1299 976 1369 reperit,
1027 1305 1083 1353 et
1109 1297 1213 1352 mel
1265 1295 1482 1352 sustulit
1536 1296 1603 1351 de
1627 1309 1723 1350 ore
1757 1294 1892 1363 ejus,

314 1386 455 1454 quod
480 1386 621 1455 patri
633 1386 898 1442 edendum
916 1386 1171 1441 tribuitet
1187 1384 1368 1439 matri.
1399 1384 1645 1439 Habebat
1669 1383 1898 1454 populus

313 1473 554 1543 gentium
606 1475 786 1540 mella,
838 1475 965 1544 quia
992 1475 1238 1540 credidit,
1292 1474 1386 1543 qui
1427 1488 1626 1543 corpus
1667 1473 1897 1529 feritatis

1997 304 2071 358 ita
2093 303 2490 374 insuperabilis,
2524 312 2585 358 ut
2614 303 2668 357 in
2697 301 2916 357 maxilla
2945 301 3083 355 asini
3119 301 3263 356 viros
3287 302 3432 356 mille
3456 316 3587 375 per-

1995 402 2225 458 cuteret,
2258 394 2330 446 ita
2360 391 2553 463 plenus
2587 392 2775 462 gratiae
2801 391 3061 454 ctelestis,
3100 391 3352 445 utetiam
3380 406 3578 463 aquam

1996 486 2049 541 in
2078 484 2295 539 maxilla
2324 485 2461 539 asini
2484 484 2676 539 sitiens
2701 483 2967 552 reperiret
2998 482 3111 536 sive
3141 482 3245 537 hoc
3269 483 3588 541 admiracu-

2010 579 2118 635 lum
2165 575 2450 641 conferas,
2498 576 2611 630 sive
2660 575 2728 628 ad
2778 573 3095 644 mysterium
3155 582 3368 640 vertas,
3434 577 3585 646 quod

1996 666 2051 719 in
2099 662 2280 735 populi
2330 661 2469 716 foret
2535 661 2841 716 humilitate
2891 659 3109 731 gentilis
3161 669 3219 716 et
3267 664 3485 731 requies
3523 675 3582 721 es

1995 752 2323 821 triumphus,
2344 751 2500 822 juxta
2527 750 2669 819 quod
2696 749 2955 817 scriptum
2982 757 3102 803 est:
3138 748 3244 813 Qui
3275 759 3325 803 te
3364 766 3586 819 percus-

1993 840 2118 892 serit
2163 841 2217 893 in
2253 838 2519 892 dexteram
2568 836 2866 901 maxillam,
2924 837 3098 908 pra'be
3136 837 3216 891 illi
3262 848 3311 892 et
3354 838 3583 894 alterum

1995 928 2209 1000 (Matth.
2234 927 2309 1000 v).
2338 928 2443 983 Per
2462 928 2601 983 hanc
2629 926 2774 982 enim
2798 925 3007 995 injuria:
3040 926 3381 997 patientiam,
3410 944 3580 999 quam

1995 1020 2251 1074 erudiunt
2278 1027 2618 1074 sacramenta
2644 1016 3011 1086 baptismatis,
3043 1016 3110 1071 de
3131 1016 3452 1087 quibusdam
3475 1017 3581 1073 sti-

1994 1109 2460 1165 mulisiracundiae
2491 1108 2908 1177 triumphamus,
2931 1115 2991 1161 ut
3018 1114 3195 1161 morte
3220 1108 3366 1162 obita
3395 1122 3585 1164 resur-

1997 1202 2255 1256 rectionis
2284 1200 2524 1270 requiem
2561 1213 2979 1264 consequamur.
3003 1197 3097 1254 llle
3128 1213 3260 1269 ergo
3282 1197 3578 1270 Sampson.

1995 1291 2088 1360 qui
2133 1289 2288 1345 funes
2328 1291 2566 1345 intextas
2601 1289 2803 1355 nervis,
2840 1289 2933 1358 qui
2976 1303 3145 1344 novas
3191 1299 3384 1355 restes,
3439 1290 3579 1347 sicui

1995 1380 2177 1435 mollia
2209 1379 2321 1446 ﬁla,
2352 1379 2627 1445 dissolvit;
2654 1379 2743 1435 ille
2767 1378 3059 1448 Sampson,
3079 1379 3171 1450 qui
3196 1380 3427 1435 crinium
3453 1395 3581 1436 suo-

1996 1485 2116 1524 rum
2142 1470 2267 1541 palo
2294 1475 2603 1540 conscripta
2625 1469 2802 1526 deﬁxo
2828 1469 3044 1524 vincula
3073 1485 3182 1525 non
3204 1472 3580 1542 sensit,quan-

312 1573 431 1618 erat
459 1574 603 1630 ante,
634 1582 778 1621 nunc
806 1566 1007 1621 Christi
1035 1574 1139 1621 est.
1183 1566 1297 1621 Nec
1317 1566 1430 1635 ipsa
1468 1573 1625 1620 vacat
1664 1564 1891 1635 quaestio
1919 1558 1967 1617 B
1993 1562 2309 1618 diu.habuit
2336 1561 2564 1632 gratiam
2614 1561 2944 1632 spiritalem;
2980 1561 3049 1626 is,
3071 1561 3313 1631 inquam,
3365 1572 3583 1634 postea-

314 1656 689 1722 sacramentis,
740 1671 903 1725 quam
948 1656 1228 1727 proposuit
1272 1655 1593 1711 satellitibus
1637 1656 1770 1721 suis,
1817 1656 1893 1710 di-

312 1761 443 1800 cens
468 1761 483 1800 :
514 1745 593 1801 De
619 1747 790 1801 edenti
808 1748 963 1802 exivit
991 1764 1130 1814 esca,
1153 1757 1201 1803 et
1220 1747 1285 1803 de
1309 1758 1514 1819 potente
1532 1749 1689 1803 exivit
1716 1747 1888 1804 dulce.

312 1832 554 1905 Denique
575 1849 641 1889 eo
666 1850 836 1905 usque
864 1837 1115 1906 mystica,
1147 1845 1207 1890 ut
1235 1836 1411 1892 tribus
1446 1836 1638 1892 diebus
1663 1835 1781 1906 ejus
1806 1852 1890 1892 re-

309 1925 507 1981 velatio
546 1936 909 1996 quaereretur,
934 1944 1055 1998 qua:
1091 1944 1195 1984 non
1233 1928 1428 1998 potuit,
1465 1929 1569 1985 nisi
1598 1944 1698 1999 per
1729 1930 1890 1985 ﬁdem

310 2015 587 2082 Ecclesiae,
616 2016 703 2072 die
725 2018 976 2088 septima,
999 2019 1267 2090 completo
1299 2019 1434 2089 legis
1467 2028 1729 2091 tempore,
1767 2030 1891 2091 post

311 2106 617 2175 passionem
645 2107 856 2161 Domini
890 2108 1138 2162 revelari.
1174 2107 1265 2163 Sic
1283 2109 1429 2163 enim
1460 2110 1648 2176 habes,
1679 2112 1806 2181 quia
1836 2122 1892 2169 et

312 2195 544 2266 apostoli
585 2196 707 2252 ideo
732 2212 838 2252 non
870 2197 1258 2268 intelligebant,
1306 2198 1432 2268 quia
1458 2197 1615 2254 Jesus
1650 2202 1888 2258 nondum

313 2286 491 2341 fuerat
514 2287 919 2342 bonoriﬁcatus.
967 2288 1125 2354 Quid,
1152 2289 1350 2359 inquit,
1390 2288 1598 2343 dulcius
1628 2288 1817 2345 melle?
1841 2301 1891 2347 et

308 2374 435 2446 quid
470 2376 657 2445 [artius
695 2375 880 2431 leone?
904 2376 985 2431 Ad
1029 2392 1151 2447 qum
1196 2378 1283 2431 ille
1314 2378 1593 2447 respondit
1631 2392 1647 2432 :
1694 2377 1752 2433 Si
1785 2396 1891 2434 non

309 2464 641 2518 domuissetis
670 2464 886 2518 vitulam
916 2482 1102 2529 meam,
1153 2482 1255 2520 non
1275 2466 1597 2521 invenissetis
1644 2468 1892 2538 questio-

310 2572 426 2610 nem
453 2572 643 2609 meam.
672 2556 716 2612 Ο
737 2557 977 2611 divinum
1003 2558 1351 2629 mysterium!
1386 2555 1431 2614 Ο
1462 2559 1684 2614 evidens
1700 2574 1889 2615 sacra-

311 2648 586 2701 mentum!
617 2647 902 2703 Evasimus
929 2648 1395 2718 interemptorem,
1443 2658 1716 2719 potentem
1763 2651 1896 2729 vici;

310 2752 452 2791 mus.
490 2737 566 2791 lbi
599 2754 742 2794 nunc
781 2739 933 2794 cibus
959 2739 1081 2793 vitae
1114 2747 1214 2802 cst,
1266 2739 1356 2794 ubi
1387 2750 1507 2795 erat
1538 2749 1666 2799 ante
1691 2743 1889 2798 misera

1992 1670 2154 1725 quam
2183 1655 2403 1726 spiritus
2429 1654 2526 1711 Dei
2545 1655 2792 1710 discessit
2824 1655 2893 1710 ab
2916 1669 3003 1719 eo,
3047 1653 3207 1725 longe
3231 1662 3464 1711 mutatus
3505 1665 3573 1714 ab

1991 1745 2083 1801 illo
2119 1742 2436 1816 Sampsone,
2464 1744 2556 1815 qui
2581 1743 2744 1800 rediit
2764 1743 3171 1815 Allophylorum
3204 1743 3418 1798 indutus
3440 1759 3582 1800 exu-

1988 1836 2127 1901 vias,
2159 1834 2214 1890 in
2247 1834 2488 1890 mulieris
2513 1834 2741 1905 genibus
2770 1835 2989 1889 virtutis
3017 1849 3130 1889 suae.
3168 1834 3403 1907 degener
3425 1834 3579 1890 colli-

1990 1934 2148 1997 gatus
2197 1934 2254 1982 et
2281 1934 2472 1995 captus
2517 1926 2571 1981 in
2597 1926 2744 1997 justo
2764 1926 2915 1981 crine
2945 1927 3214 1982 tondetur.
3275 1925 3581 1981 Tantumne

1989 2029 2121 2086 ergo
2148 2015 2402 2069 momenti
2425 2014 2604 2070 crines
2633 2014 2869 2070 habuere
2896 2016 3111 2084 capitis,
3155 2023 3214 2070 ut
3234 2017 3581 2072 manentibus

1990 2105 2096 2169 his,
2119 2106 2294 2160 virtus
2318 2104 2519 2160 invicta
2566 2106 2823 2161 duraret:
2858 2113 3015 2162 tonso
3049 2114 3226 2161 autem
3262 2106 3439 2175 capite
3468 2105 3581 2161 for-

1992 2192 2165 2247 titudo
2194 2195 2371 2248 omnis
2404 2194 2508 2249 viri
2554 2195 2734 2250 subito
2761 2194 3095 2250 solveretur?
3120 2193 3236 2251 Non
3265 2196 3339 2250 ita
3368 2204 3472 2261 est,
3517 2204 3578 2253 ut

1991 2290 2195 2338 tantam
2241 2284 2350 2337 vim
2397 2284 2756 2354 corporalium
2801 2284 3123 2354 capillorum
3178 2293 3385 2354 putem.
3435 2283 3576 2342 Sunt

1988 2374 2209 2443 quidam
2234 2375 2415 2431 crines
2444 2376 2718 2446 religionis
2764 2384 2820 2431 et
2847 2375 2994 2441 ﬁdei,
3044 2376 3225 2431 crines
3247 2375 3489 2432 Nazarei
3513 2378 3574 2433 in

1990 2466 2111 2534 lege
2162 2466 2411 2536 perfecti,
2464 2468 2517 2522 in
2551 2468 2889 2538 parcimonia
2933 2477 2987 2524 et
3023 2469 3348 2524 abstinentia
3386 2470 3576 2527 conse-

1988 2555 2146 2621 crati,
2175 2556 2371 2624 quibus
2395 2556 2486 2611 illa
2516 2557 2569 2612 in
2599 2565 2726 2629 typo
2753 2558 3015 2623 Ecclesia,
3038 2574 3159 2628 quae
3178 2560 3342 2630 pedes
3358 2560 3573 2618 Domini

1986 2645 2109 2701 oleo
2145 2645 2478 2716 perfuderat,
2527 2650 2681 2703 verbi
2706 2647 2944 2703 caelestis
2986 2650 3212 2718 vestigia
3241 2650 3571 2720 detergebat,

1989 2750 2116 2796 tunc
2149 2757 2272 2796 eum
2310 2750 2365 2797 et
2410 2742 2707 2797 secundum
2734 2757 2954 2798 carnem
3006 2752 3233 2799 noverat
3275 2745 3569 2807 Christum,

312 2825 482 2882 fames
532 2830 745 2895 mortis,
801 2829 854 2883 in
885 2829 1112 2884 stzlutem
1164 2830 1423 2900 pericula,
1477 2832 1530 2886 in
1558 2832 1884 2888 suavitatem
1918 2892 1955 2907 Λ
1982 2832 2136 2902 juxta
2174 2833 2422 2899 videlicet
2446 2832 2626 2889 crines
2649 2832 2738 2907 (de
2757 2835 2956 2905 quibus
2977 2837 3177 2892 dicitur
3202 2854 3217 2890 :
3245 2837 3572 2904 (Iapillatura

311 2918 614 2973 amaritudo
642 2922 1001 2984 convertitur,
1033 2921 1204 2991 gratia
1239 2936 1306 2976 ex
1335 2920 1633 2977 oll‘ensione
1668 2939 1887 2993 proces-
1913 2892 1957 2954 δ
2006 2931 2115 2988 tua,
2137 2932 2192 2975 ut
2228 2939 2406 2992 greges
2434 2892 2856 2989 capraru‘in),-ex
2894 2921 2983 2974 illo
3012 2918 3188 2987 capite
3214 2916 3564 2989 pullulantes,

313 3009 407 3074 sit,
453 3010 692 3079 polentia
718 3025 784 3065 ex
813 3010 1149 3077 infirmitate,
1173 3012 1282 3066 vita
1314 3012 1381 3067 de
1404 3022 1601 3068 morte.
1644 3013 1784 3068 Sunt
1808 3022 1890 3068 ta-

314 3114 435 3163 men
464 3101 557 3170 qui
580 3100 855 3156 contrario
882 3109 1075 3171 putent
1105 3101 1316 3156 fundari
1348 3119 1454 3156 nun
1474 3104 1716 3172 potuisse
1756 3118 1888 3158 con-

311 3187 544 3259 jugium,
590 3191 697 3246 nisi
725 3192 907 3247 occiso
942 3191 1096 3247 leone
1125 3192 1193 3247 de
1220 3192 1360 3246 tribu
1385 3190 1521 3247 Juda
1552 3212 1564 3246 :
1596 3202 1653 3247 et
1686 3195 1805 3248 ideo
1835 3194 1889 3247 in

311 3292 538 3346 corpore
567 3277 702 3346 ejus,
738 3281 840 3334 hoc
865 3288 951 3334 est
977 3280 1240 3344 Ecclesia,
1297 3295 1426 3349 apes
1454 3290 1720 3349 repertas,
1770 3296 1893 3351 qua}

312 3373 554 3427 condunt
597 3373 754 3428 mella
786 3374 1085 3444 sapientiae,
1123 3374 1248 3443 quia
1296 3382 1417 3444 post
1453 3374 1666 3430 Domini
1692 3376 1894 3445 passio-

314 3478 434 3517 nem
464 3464 637 3535 magis
666 3465 893 3536 apostoli
920 3465 1285 3520 crediderunt.
1312 3465 1465 3520 Hunc
1488 3466 1655 3537 igitur
1679 3467 1890 3523 leonem

316 3552 583 3624 Sampson
625 3556 780 3625 quasi
819 3554 1038 3611 Judaius
1083 3556 1366 3621 occiderit,
1418 3558 1512 3612 sed
1568 3558 1622 3611 in
1676 3572 1743 3612 eo
1785 3559 1890 3614 mel

310 3646 464 3713 quasi
510 3646 564 3701 in
607 3645 777 3718 ﬁgura
834 3647 1159 3703 redimendae
1203 3647 1535 3702 haereditatis
1591 3648 1889 3716 invenerit,

319 3745 375 3789 ut
440 3736 684 3805 reliquiae
760 3736 921 3792 salva:
972 3736 1167 3793 ﬁerent
1224 3738 1517 3793 secundum
1573 3737 1888 3795 electionem

309 3821 500 3889 gratia!
527 3819 706 3891 (Rom.
758 3821 857 3890 xi).

382 3909 451 3963 Et
476 3909 681 3976 cecidit,
731 3911 928 3980 inquit,
978 3929 1135 3985 super
1162 3930 1279 3967 eum
1308 3914 1524 3983 spiritus
1552 3913 1782 3979 Domini,
1841 3925 1889 3969 et

307 3998 571 4052 descendit
611 3999 666 4052 in
715 4000 1056 4066 Ascalonem,
1114 4012 1163 4056 et
1201 4004 1454 4073 percussit
1497 4005 1618 4058 inde
1673 4006 1890 4076 triginta

308 4088 466 4141 uiros.
499 4086 681 4157 Neque
711 4089 855 4144 enim
881 4098 1099 4161 poterat
1119 4091 1400 4147 victoriam
1428 4108 1534 4148 non
1563 4103 1767 4161 tenere,
1792 4095 1885 4164 qui

305 4185 644 4231 sacramenta
690 4179 967 4233 cernebat.
1023 4179 1309 4250 Accipiunt
1365 4181 1546 4255 itaque
1593 4182 1646 4237 in
1690 4184 1889 4239 scholis

306 4266 540 4336 primum
590 4268 867 4338 sapientia:
889 4271 1315 4326 conversationis
1342 4271 1549 4342 insigne
1592 4273 1684 4343 qui
1712 4273 1889 4327 absol-

304 4364 440 4408 vunt
478 4363 532 4408 et
561 4358 871 4413 renuntiant
911 4360 1282 4428 quaistionem,
1314 4377 1500 4416 rursus
1527 4361 1616 4417 hic
1643 4363 1749 4417 alio
1788 4364 1890 4419 ob-

306 4455 471 4499 ruunt
496 4448 773 4517 mysterio,
799 4447 940 4518 quod
959 4464 1095 4504 uxor
1120 4447 1237 4516 ejus
1261 4449 1521 4506 aufertur.
1548 4453 1614 4506 Et
1635 4453 1755 4507 ideo
1773 4453 1891 4507 vul-

305 4548 398 4605 pes
417 4535 710 4591 incendunt
725 4538 1026 4608 manipulos
1045 4539 1499 4612 alienigenarum;
1528 4559 1621 4598 eos
1640 4544 1782 4597 enim
1796 4543 1888 4611 qui

272 4618 562 4679 adversus
603 4627 780 4681 divina
830 4640 1167 4685 sacramenta
1222 4632 1577 4698 contendunt,
1634 4634 1889 4703 decipere

303 4726 399 4765 sua
435 4716 715 4768 consuevit
737 4718 954 4772 astutia.
997 4718 1149 4774 Unde
1175 4720 1371 4775 iterum
1400 4722 1532 4776 dicit
1564 4722 1615 4775 in
1644 4722 1885 4779 Canticis

303 4804 639 4859 canticorum
666 4820 679 4860 :
717 4808 1027 4865 Preltendite
1052 4812 1198 4866 nobis
1224 4813 1424 4883 vulpes,
1473 4812 1693 4883 pusillas
1715 4824 1887 4869 exter—

304 4898 560 4951 minantes
588 4898 784 4961 vineas,
832 4911 886 4953 ut
911 4902 1071 4956 vineta
1098 4913 1289 4958 nostra:
1308 4906 1531 4974 ﬂoreant
1579 4902 1757 4974 (Cant.
1796 4906 1879 4977 ll).

302 4986 446 5042 Bene
477 4986 702 5059 pusillas
729 4988 915 5045 vineas
942 4992 1096 5058 dixit,
1132 4996 1258 5063 quia
1291 4995 1524 5066 majores
1551 4995 1736 5050 vineas
1787 5010 1884 5049 ex-

304 5079 598 5135 terminare
638 5095 742 5134 non
766 5087 1040 5150 poterant,
1091 5083 1216 5138 licet
1246 5083 1499 5150 fortibus,
1552 5094 1607 5141 et
1636 5086 1882 5140 diabolus

304 5170 374 5225 sit
401 5170 657 5241 pusillus;
692 5185 821 5242 ergo
874 5170 963 5227 illc
989 5171 1070 5244 (ut
1089 5175 1467 5244 compendium
1508 5175 1769 5231 faciamus
1799 5176 1881 5231 lii-

305 5262 506 5337 storjie,
555 5277 654 5318 suo
698 5264 841 5318 enim
887 5264 1116 5333 tempori
1164 5264 1327 5319 totius
1361 5265 1607 5321 lectionis
1653 5266 1881 5338 digestio

310 5355 631 5408 reservanda
679 5355 793 5425 est)
846 5354 1076 5411 invictus
1129 5356 1366 5427 quandiu
1414 5357 1603 5412 habuit
1649 5359 1878 5429 gratiam

309 5443 625 5511 spiritalem,
674 5446 816 5505 sicut
856 5445 951 5503 Dei
974 5447 1199 5518 populus
1225 5447 1315 5503 illc
1339 5448 1542 5505 electus
1568 5465 1597 5504 a
1627 5449 1870 5518 Domino,

2002 3017 2071 3071 de
2101 3033 2207 3083 quo
2228 3015 2428 3069 dictum
2451 3022 2571 3069 est:
2607 3012 2775 3082 Caput
2796 3011 2935 3066 enim
2969 3012 3068 3065 viri
3099 3009 3344 3066 Christus
3366 3009 3411 3079 (ῐ
3438 3008 3563 3064 Cor.

2001 3111 2104 3177 XI).
2136 3106 2199 3160 Et
2236 3106 2365 3161 alibi
2397 3122 2413 3159 :
2450 3106 2625 3175 Caput
2654 3113 2704 3159 et
2731 3120 2922 3158 aurum
2954 3102 3124 3172 θεῖαι,
3149 3103 3327 3157 crines
3358 3104 3466 3171 ejus
3497 3116 3563 3154 ac

1997 3199 2283 3265 seternigri
2301 3208 2351 3251 et
2378 3197 2500 3252 boni
2540 3197 2722 3266 (Cant.
2759 3212 2831 3254 tv.
2854 3199 2931 3266 v).
2960 3197 3181 3250 Abietes
3211 3197 3361 3249 navis
3391 3193 3570 3248 Thar-

1990 3282 2085 3347 sis,
2117 3297 2236 3351 qua:
2276 3279 2530 3337 ﬂuctibus
2551 3290 2917 3352 supernatent,
2967 3280 3154 3334 mundi
3192 3288 3362 3333 tutum
3414 3280 3575 3330 remi-

1990 3370 2138 3442 gium
2164 3371 2355 3426 salutis
2383 3372 2694 3426 exhibeant.
2745 3370 2894 3426 Unde
2916 3371 2968 3424 in
2998 3369 3283 3441 Evangelia
3309 3368 3579 3423 Dominus

1990 3472 2176 3517 noster
2198 3462 2425 3517 visibilis
2446 3463 2643 3532 capitis
2672 3469 2726 3517 et
2753 3460 3118 3532 intelligibiles
3143 3459 3363 3531 capillos
3408 3475 3577 3530 quos-

1989 3554 2112 3609 dam
2135 3569 2254 3609 esse
2279 3554 2592 3625 signiﬁcans
2623 3555 2701 3608 ait
2732 3572 2745 3607 :
2778 3554 2884 3610 Sed
2923 3566 2970 3609 e:
2993 3554 3172 3626 capilli
3211 3554 3398 3624 capitis
3420 3553 3576 3608 uestri

1989 3645 2153 3700 aDeo
2202 3662 2381 3700 omnes
2424 3645 2688 3699 numerati
2708 3653 2830 3699 sunt
2882 3643 3097 3716 (Matth.
3120 3644 3201 3715 ι),
3249 3642 3568 3713 spiritalium

1989 3735 2238 3791 videlicet
2273 3735 2585 3807 signiﬁcans
2630 3734 2771 3789 facta
2791 3735 3082 3800 virtutum;
3110 3749 3288 3805 neque
3315 3734 3459 3790 enim
3500 3733 3568 3788 de

1989 3829 2199 3897 capillis
2227 3828 2428 3882 nostris
2450 3843 2580 3883 cura
2601 3834 2686 3881 est
2718 3828 2828 3882 Deo
2858 3844 2871 3880 :
2900 3841 3207 3896 quanquam
3238 3834 3295 3880 et
3313 3825 3443 3880 illud
3465 3840 3571 3879 non

1991 3921 2252 3975 absonum
2276 3919 2347 3973 sit
2389 3917 2713 3983 existimari,
2767 3918 2894 3988 quia
2925 3933 3025 3988 pro
3056 3916 3343 3984 majestate
3391 3916 3571 3971 divina

1991 4024 2112 4063 eum
2162 4009 2328 4064 latere
2375 4008 2509 4063 nihil
2534 4008 2723 4079 possit.
2774 4007 2878 4063 Sed
2915 4007 3045 4076 quid
3074 4007 3206 4061 mihi
3244 4006 3482 4076 prodest,
3523 4002 3569 4058 si

1990 4100 2133 4154 Deus
2179 4100 2522 4168 omnipotens
2570 4113 2720 4153 meos
2769 4097 2918 4153 novit
2965 4096 3230 4167 capillos?
3262 4095 3395 4151 Illud
3435 4095 3567 4149 mibi

1994 4190 2255 4246 redundat
2299 4198 2355 4245 et
2390 4189 2626 4260 proﬁcit,
2677 4189 2723 4244 si
2762 4189 3025 4243 bonorum
3077 4202 3300 4257 cperam
3345 4184 3569 4256 pervigil

1994 4281 2147 4336 testis
2168 4281 2663 4336 remunerationem
2685 4278 2869 4350 gloria:
2887 4279 3049 4332 donet
3073 4286 3306 4332 aeterna
3328 4276 3568 4345 Denique

1990 4382 2046 4428 et
2071 4373 2184 4442 ipse
2204 4387 2301 4442 per
2322 4371 2586 4442 Sampson
2603 4387 2709 4426 non
2737 4369 3064 4440 corporales,
3093 4370 3186 4425 sed
3209 4366 3571 4438 intelligibiles

1991 4462 2091 4516 bos
2133 4461 2355 4531 capillos
2407 4460 2689 4517 declarans
2734 4459 2952 4517 aitzEt
2973 4460 3020 4514 si
3041 4470 3225 4513 tonsus
3246 4459 3417 4528 fuero,
3460 4458 3570 4512 dis-

1991 4551 2133 4605 cedet
2159 4569 2190 4605 a
2214 4568 2293 4606 me
2313 4551 2478 4605 virtus
2505 4567 2641 4605 mea.
2685 4549 2800 4605 Hoc
2847 4551 2915 4606 de
2938 4549 3199 4620 mysterio
3256 4557 3362 4604 est.
3417 4546 3571 4602 Nunc

1991 4656 2091 4695 nos
2144 4641 2391 4696 lcctionis
2437 4639 2632 4695 seriem
2679 4641 3105 4696 consideremus.
3160 4639 3335 4710 Supra
3380 4640 3566 4704 babes,

1987 4732 2114 4800 quia
2142 4730 2405 4785 benedixit
2449 4747 2566 4785 eum
2592 4731 2870 4796 Dominus,
2914 4740 2960 4786 et
2985 4731 3373 4802 cmpitspiritus
3409 4732 3569 4786 conti-

1986 4823 2095 4876 tari
2128 4839 2249 4877 cum
2271 4840 2352 4877 eo.
2393 4822 2536 4877 Infra
2561 4823 2638 4877 ait
2669 4840 2682 4876 :
2717 4822 2784 4877 Et
2804 4822 3001 4877 cecidit
3019 4837 3179 4891 super
3197 4838 3315 4876 eum
3348 4822 3565 4890 spiritus

1986 4912 2219 4968 Domini.
2264 4913 2458 4969 lterum
2502 4915 2620 4970 ait:
2652 4913 2718 4967 Et
2759 4913 3010 4967 sitonsus
3047 4912 3219 4982 fuero,
3265 4910 3494 4965 discedet
3530 4928 3565 4966 a

1984 5021 2067 5058 me
2088 5005 2253 5060 virtus
2279 5022 2414 5059 mea.
2464 5006 2824 5074 Posteaquam
2856 5013 3042 5060 tonsus
3062 5011 3170 5068 est,
3219 5002 3340 5056 vide
3381 5000 3567 5072 Scrip.

1987 5101 2105 5147 tura
2149 5095 2279 5163 quid
2322 5094 2508 5151 dicat:
2541 5094 2824 5161 Dominus,
2870 5094 3067 5164 inquit,
3107 5092 3343 5147 discessit
3383 5110 3418 5147 a
3459 5110 3559 5148 me.

1985 5183 2146 5240 Vides
2163 5199 2316 5257 ergo,
2337 5186 2462 5256 quia
2489 5186 2598 5251 ille,
2622 5186 2716 5257 qui
2745 5184 3131 5249 comitabatur,
3158 5183 3272 5253 ipse
3285 5182 3559 5238 discessit.

1982 5274 2125 5331 Idem
2158 5285 2243 5331 est
2277 5291 2407 5349 ergo
2436 5278 2715 5342 Dominus,
2764 5277 2856 5346 qui
2898 5274 3121 5347 spiritus
3170 5273 3409 5338 Domini,
3462 5273 3567 5328 hoc

1982 5374 2085 5432 est,
2110 5365 2286 5436 ipsum
2316 5367 2565 5438 spiritum
2588 5368 2704 5432 Dei,
2732 5367 3018 5423 Dominum
3048 5364 3400 5434 nuncupavit,
3421 5363 3563 5418 sicut

1982 5466 2037 5511 et
2087 5457 2374 5530 Apostolus
2422 5457 2536 5513 ait;
2581 5455 2834 5513 Dominus
2866 5456 3003 5511 enim
3056 5454 3272 5525 spiritus
3317 5464 3436 5519 est;
3469 5455 3561 5511 tt'u'
