3996 6176
517 74 649 130 H97

1487 70 1839 126 COlIMENT.
1882 70 1946 124 1N
1988 69 2113 124 LIB.
2156 69 2473 128 JUDICUM.
2518 103 2581 112 -
2622 72 2748 127 LIB.
2792 72 2856 127 ll.

3638 72 3770 132 H98

505 189 645 243 enim
670 184 885 256 spiritus
914 182 1143 249 Domini,
1173 183 1245 237 ibi
1267 181 1477 239 libertas
1503 181 1586 253 (11
1617 180 1739 236 Cor.
1774 180 1881 253 ιιι).
1908 180 2085 236 [labes
2113 186 2164 243 Α
2191 181 2522 249 innumeros,
2554 199 2677 238 cum
2719 190 3042 250 moreretur,
3072 183 3293 239 occidit.
3340 182 3477 251 Quia
3514 183 3770 240 nimirum

506 294 638 349 ergo
674 277 983 331 Dominum.
1016 276 1156 330 Dicit
1178 275 1344 330 etiam
1372 273 1633 344 Spiritum
1662 282 1947 338 sanctum;
1977 287 2084 326 non

504 370 652 424 enim
684 382 844 432 unus,
871 366 963 421 sed
985 382 1149 421 unum
1166 373 1292 421 sunt
1311 363 1545 433 Spiritus
1571 371 1791 417 sanctus
1821 371 1875 415 et
1897 362 2083 416 Filius.

508 461 623 516 Hoc
644 475 858 530 quoque
890 459 1010 514 loco
1038 459 1292 513 virtutem
1322 457 1475 519 dixit,
1505 464 1561 510 et
1595 454 1852 524 Spiritum
1884 454 2087 525 signiﬁ-

509 552 670 606 cavit.
695 550 849 605 Sicut
869 549 1013 603 enim
1033 548 1197 603 Pater
1220 547 1413 609 virtus,
1445 546 1518 599 ita
1546 554 1600 599 et
1628 544 1796 599 Filius
1821 543 2011 606 virtus,
2034 552 2089 597 et

508 640 744 710 Spiritus
767 649 988 696 sanctus
1008 640 1180 695 virtus
1205 648 1309 693 est.
1338 640 1413 693 De
1430 638 1564 692 Filio
1583 636 1781 708 legisti,
1812 636 2087 691 Christum

509 734 605 789 Dei
628 733 885 787 virtutem
907 745 1029 786 esse
1075 739 1237 800 atque
1263 730 1580 800 sapientiam
1607 728 1657 800 (1
1680 728 1800 782 Cor.
1831 727 1891 797 l).
1930 726 2087 797 Legi-

509 839 629 878 mus
650 824 814 878 etiam
843 823 985 891 quod
1004 821 1177 875 virtus
1199 829 1282 875 est
1310 821 1490 883 Pater,
1522 820 1663 873 sicut
1686 817 1945 888 scriptum
1967 825 2051 870 est
2071 834 2084 868 :

521 913 776 967 Videbitis
819 911 865 965 F
869 912 1015 966 ilium
1059 912 1283 966 hominis
1311 912 1569 966 sedentem
1599 911 1669 963 ad
1690 910 1958 963 dexteram
1987 910 2093 962 vir-

508 1003 633 1055 tutis
656 1000 871 1072 (Matth.
901 1000 1070 1069 x-xvt).
1101 999 1201 1055 Hic
1224 1001 1409 1071 utique
1427 1000 1680 1054 virtutem
1708 998 1920 1053 Patrem
1936 999 2089 1063 dixit,

508 1088 662 1157 cujus
708 1090 774 1144 ad
809 1090 1086 1143 dexteram
1130 1089 1300 1144 Filius
1334 1090 1486 1143 sedet
1528 1087 1669 1143 sicut
1705 1088 1868 1142 habet
1898 1105 1910 1140 :
1943 1087 2092 1141 Dixit

508 1180 766 1234 Dominus
792 1180 1013 1234 Domino
1029 1198 1173 1235 meo:
1197 1180 1331 1236 Sede
1344 1180 1412 1233 ad
1436 1179 1703 1233 dexteram
1728 1194 1897 1232 meam
1915 1176 2087 1249 (Psal.

507 1269 638 1339 oux).
672 1271 937 1325 Virtutem
965 1273 1128 1327 etiam
1180 1270 1438 1341 Spiritum
1471 1276 1720 1325 sanctum
1757 1269 1872 1338 ipse
1910 1268 2093 1322 Domi-

508 1374 610 1414 nus
632 1361 980 1432 nuncupavit,
1006 1362 1218 1416 dicens:
1246 1359 1523 1430 Accipietis
1549 1358 1786 1412 virtutem
1815 1357 2092 1412 advenien-

507 1460 608 1503 tem
636 1450 692 1505 in
714 1466 801 1505 vos
827 1450 1027 1521 Spiritu
1050 1459 1232 1504 sancto
1260 1468 1279 1505 :
1310 1449 1424 1519 ipse
1468 1447 1614 1502 enim
1652 1445 1887 1516 Spiritus
1914 1445 2089 1499 virtus

506 1549 592 1596 est
618 1541 756 1611 (Act.
794 1541 858 1608 ι).

577 1629 833 1700 Sampson
852 1640 1026 1685 autem
1044 1647 1162 1685 cum
1181 1631 1633 1701 apprehendissent
1658 1627 1958 1691 Philistiim,
1985 1636 2090 1682 sta-

503 1719 597 1771 tim
613 1728 869 1773 eruerunt
895 1718 1072 1773 oculos
1098 1720 1232 1789 ejus,
1260 1729 1306 1774 et
1338 1720 1600 1774 duxerunt
1632 1718 1833 1774 Gazam
1861 1719 2089 1771 vinctum

506 1810 723 1874 catenis,
764 1819 812 1863 et
848 1809 1086 1864 clausum
1127 1812 1183 1863 in
1224 1826 1432 1864 carcere
1472 1809 1667 1863 molere
1695 1809 1946 1879 fecerunt.
1993 1806 2088 1861 Se-

506 1900 742 1953 cundum
769 1907 853 1953 est
878 1901 1022 1969 quod
1043 1899 1336 1970 aliquando
1360 1900 1512 1970 prius
1532 1899 1722 1954 oculus
1749 1897 2088 1962 obtenditur,

506 1996 563 2042 et
584 1989 930 2057 postmodum
953 1998 1143 2058 captus
1168 1989 1384 2044 animus
1409 2004 1507 2059 per
1529 1989 1800 2043 exteriora
1823 1986 2089 2041 desideria

468 2148 475 2155 _
506 2087 753 2148 vagatur,
785 2087 844 2134 ut
868 2079 1011 2135 caesa
1041 2096 1216 2146 mens,
1253 2096 1361 2151 quo
1385 2081 1615 2136 ducatur
1642 2080 1868 2142 nesciat,
1894 2086 1950 2133 et
1971 2092 2092 2131 car-

506 2168 595 2223 nis
635 2184 747 2224 sua:
788 2170 1058 2227 illecebris
1097 2187 1216 2228 sese
1256 2173 1489 2227 libenter
1526 2172 1742 2227 subdat.
1787 2170 2090 2239 Aliquando

505 2273 637 2315 vero
671 2261 825 2331 prius
865 2262 1128 2318 desideria
1160 2264 1341 2319 carnis
1370 2262 1665 2328 ebulliunt,
1709 2269 1765 2316 et
1803 2268 1925 2331 post
1969 2260 2089 2314 lon-

506 2368 633 2421 gum
676 2369 833 2409 usum
878 2354 1051 2409 illiciti
1102 2356 1281 2425 operis
1326 2354 1539 2410 oculum
1588 2353 1767 2408 cordis
1812 2351 2086 2406 claudunt.

506 2444 642 2500 Nam
671 2461 814 2516 smpe
850 2462 1003 2502 mens
1028 2456 1175 2502 recta
1213 2448 1418 2511 cernit,
1465 2460 1565 2500 nec
1608 2454 1788 2499 tamen
1831 2443 2093 2498 audenter

506 2543 697 2591 contra
729 2551 987 2607 perversa
1011 2552 1070 2592 se
1104 2538 1285 2609 erigit,
1316 2543 1371 2591 et
1403 2536 1645 2592 renitens
1673 2535 1928 2600 vincitur,
1961 2535 2092 2589 dum

506 2623 611 2679 hoe
650 2625 856 2693 ipsum,
895 2627 1037 2696 quod
1066 2628 1210 2696 agit,
1251 2626 1569 2696 dijudicans,
1604 2627 1783 2680 carnis
1811 2641 1922 2681 sua:
1950 2625 2093 2681 dele-

504 2714 746 2769 ctatione
779 2725 1085 2785 superatur.
1110 2717 1244 2785 Quia
1275 2719 1421 2773 enim
1447 2718 1767 2788 plerumque
1793 2717 1943 2786 prius
1964 2733 2092 2772 ocu-

506 2801 592 2857 lus
619 2804 1090 2873 contemplationis
1114 2807 1400 2872 amittitur,
1438 2814 1493 2862 et
1516 2813 1639 2876 post
1664 2820 1762 2875 per
1787 2804 1971 2859 carnis
1999 2804 2093 2860 de-

505 2893 705 2949 sideria
744 2894 905 2964 hujus
948 2896 1131 2950 mundi
1178 2896 1453 2951 laboribus
1492 2896 1706 2950 animus
1750 2895 2087 2965 suhjugatur,

507 2992 735 3038 testatur
757 2984 1019 3055 Sampson
1040 2986 1107 3038 ab
1128 2985 1426 3056 Allophylis
1450 2994 1658 3056 captus,
1682 2985 1773 3054 qui
1803 2994 2088 3054 postquam

504 3072 691 3128 oculos
718 3074 973 3144 perdidit,
1004 3076 1073 3129 ad
1098 3076 1297 3129 molam
1325 3076 1614 3145 deputatus
1640 3083 1744 3139 est,
1772 3074 1898 3143 quia
1925 3073 2088 3127 nimi-

511 3174 632 3217 rum
666 3165 888 3236 maligni
911 3165 1132 3234 spiritus
1160 3176 1443 3236 postquam
1472 3167 1827 3220 tentationum
1856 3165 2090 3220 stimulis

509 3251 653 3307 intus
692 3255 863 3309 aciem
895 3256 1365 3324 e0ntemplationis
1399 3255 1689 3321 eﬂ'odiunt,
1732 3256 1865 3311 foris
1894 3257 1948 3310 in
1976 3257 2087 3311 cir-

508 3344 710 3406 cuitum
738 3345 983 3401 laborum
1013 3346 1319 3400 tnittuntur.

1106 3460 1332 3516 CAPUT
1371 3461 1489 3514 XX.

511 3567 662 3640 Quod
698 3568 951 3640 Sampson
980 3588 1145 3625 ca'cus
1186 3574 1238 3625 in
1275 3572 1556 3625 convivium
1589 3569 1985 3625 Pliilistinorum
2020 3570 2089 3623 ad

579 3639 936 3693 instillandum
968 3642 1249 3702 adductus,
1280 3641 1413 3694 duas
1440 3642 1707 3694 columnas
1745 3640 1928 3693 domus
1959 3657 2086 3692 con-

528 3758 535 3763 .
577 3712 756 3787 cassit,
778 3720 824 3789 et
849 3721 1026 3764 ruente
1045 3722 1155 3764 tota
1179 3711 1379 3779 l'abt'ica
1399 3726 1573 3764 secum
1590 3711 1842 3780 plurimos
1862 3709 2089 3762 hostium

576 3785 851 3846 interfecit.

579 3878 754 3949 (ιω.)
807 3877 873 3932 Et
894 3881 1281 3949 apprehendens
1307 3881 1487 3934 ambas
1509 3896 1569 3933 co
1594 3896 1782 3934 umnas
1803 3880 1989 3951 quibus
2013 3881 2091 3934 in-

506 3968 768 4022 nitebatur
788 3969 997 4033 domus,
1020 3969 1342 4041 alteramque
1364 3987 1545 4024 earum
1568 3969 1773 4036 dextra,
1794 3980 1843 4024 et
1868 3970 2090 4025 alteram

506 4059 635 4113 lteva
671 4070 869 4125 tenens,
912 4061 984 4114 ait
1022 4075 1039 4112 :
1081 4060 1344 4115 Moriatur
1376 4046 1561 4115 anima
1600 4078 1715 4115 mea
1754 4077 1871 4114 cum
1913 4059 2087 4115 Phili-

506 4154 666 4207 stiim.
705 4153 1082 4226 Concussisque
1116 4155 1322 4224 fortiter
1358 4155 1634 4221 columnis,
1678 4154 1860 4208 cecidit
1899 4153 2085 4207 domus

507 4264 663 4316 super
690 4264 866 4302 omnes
900 4249 1158 4319 principes
1180 4258 1226 4302 et
1255 4259 1498 4303 eceteram
1525 4247 1928 4307 multitudinem,
1967 4262 2083 4315 qua:

508 4342 579 4394 ibi
617 4353 759 4406 erat,
800 4343 1091 4413 multosque
1129 4343 1302 4413 plures
1344 4343 1600 4411 interfecit
1642 4341 1891 4402 moriens,
1928 4354 2087 4408 quam

511 4442 660 4484 antea
691 4434 828 4487 vivus
854 4434 1137 4498 occiderat,
1173 4441 1230 4487 et
1265 4432 1490 4501 reliqua.
1523 4430 1688 4497 Cujus
1719 4432 1821 4484 hoc
1846 4429 1964 4483 loco
1992 4440 2088 4496 per

511 4522 796 4592 Sampson,
818 4524 919 4578 nisi
949 4525 1322 4595 Redemptoris
1344 4524 1534 4587 nostri,
1560 4537 1790 4593 persona
1810 4520 2087 4591 signatur?

511 4614 772 4684 Sampson
798 4617 939 4671 enim
971 4618 1097 4673 dum
1130 4619 1367 4683 viveret,
1403 4630 1601 4685 paucos
1632 4614 1861 4679 occidit;
1893 4626 2084 4668 everso

508 4722 637 4761 vero
669 4708 883 4778 templo,
916 4711 1205 4763 maximam
1238 4707 1671 4763 adversariorum
1699 4720 1917 4760 suorum
1947 4702 2083 4757 mul-

509 4800 795 4855 titudinem
838 4802 1001 4856 etiam
1044 4802 1158 4872 ipse
1198 4801 1435 4855 moriens
1475 4799 1685 4854 stravit.
1726 4798 1823 4861 Et,
1856 4797 2082 4850 Domino

507 4901 693 4946 nostro
717 4893 1063 4962 prmdicante,
1095 4892 1252 4962 pauci
1281 4908 1346 4946 ex
1387 4891 1545 4978 plebe
1574 4889 1864 4945 Israelitica
1906 4887 2082 4942 credi-

506 4983 730 5046 derunt;
762 4983 1029 5037 innumeri
1052 4998 1182 5037 vero
1203 4977 1443 5053 gentium
1471 4981 1651 5053 populi
1679 4980 1818 5034 viam
1843 4979 1965 5033 vita:
1993 4977 2082 5033 illo

507 5074 768 5127 moriente
796 5074 966 5129 secuti
997 5082 1142 5129 sunt.
1168 5073 1441 5143 Superbos
1469 5088 1721 5142 namque,
1750 5072 1876 5127 dum
1905 5070 2083 5125 adhuc

508 5164 777 5231 passibilis
799 5166 1022 5229 viveret,
1047 5165 1294 5235 pertulit;
1328 5181 1358 5219 a
1383 5166 1623 5235 passibili
1651 5179 1780 5218 vero
1800 5164 1907 5216 vita
1935 5177 2082 5216 mor-

510 5259 653 5313 tuus,
676 5255 886 5308 stravit.
937 5254 1089 5308 Hunc
1118 5269 1245 5309 vero
1274 5252 1534 5324 Sampson
1581 5254 1632 5307 in
1664 5254 1952 5321 semetipso
1980 5253 2080 5306 du-

509 5343 635 5395 t'uzn
680 5343 972 5412 ﬁguraliter
997 5345 1293 5416 expressit,
1324 5346 1416 5415 qui
1461 5359 1661 5414 paucos
1701 5344 1917 5413 quidem
1953 5344 2079 5396 dum

513 5434 715 5491 Vi.'eret
762 5437 1060 5503 interemit;
1109 5441 1383 5495 destructo
1425 5447 1602 5492 autem
1635 5437 1848 5508 templo,
1898 5437 2079 5491 hostes

2112 4212 2161 4267 D

2191 271 2450 326 Dominus
2477 273 2546 327 ab
2572 273 2803 329 elatione
2836 273 3103 345 superbiae
3145 289 3345 343 paucos
3386 290 3508 330 cum
3547 276 3770 340 viveret,

2188 360 2370 431 plures
2411 378 2560 426 vero,
2603 366 2724 417 cum
2765 364 3021 434 templum
3052 365 3136 420 sui
3167 367 3412 436 corporis
3451 367 3770 432 solveretur,

2189 453 2471 518 exstinxit,
2498 461 2682 522 atque
2722 453 2924 509 electos
2966 470 3033 509 ex
3078 456 3351 525 gentibus,
3378 473 3514 526 quos
3544 457 3775 512 vivendo

2189 536 2474 601 sustinuit,
2519 538 2678 592 simul
2722 553 2909 594 omnes
2952 542 3233 596 moriendo
3275 544 3587 612 prostravit.
3618 543 3685 597 Et
3716 552 3776 597 ut

2192 628 2429 682 breviter
2471 627 2631 682 simul
2670 630 2851 683 omnia
2890 645 3010 699 quae
3050 631 3115 686 de
3159 630 3425 701 Sampson
3464 633 3608 690 dicta
3649 644 3775 689 sunt

2190 719 2460 789 colligam,
2491 719 2777 788 allegorice
2807 719 3095 791 Sampson,
3123 725 3396 792 quondam
3429 724 3642 780 Domini
3668 725 3775 780 Na-

2192 824 2434 874 zaneus,
2480 808 2640 864 habet
2684 811 2903 880 quidem
2948 813 3002 865 in
3056 820 3238 883 typum
3286 813 3487 870 Christi
3537 825 3770 888 gestum.

2192 899 2451 966 Primum,
2490 902 2634 970 quod
2662 902 2731 956 ab
2753 901 2943 973 angelo
2966 904 3222 960 nativitas
3250 903 3367 973 ejus
3403 908 3772 962 annuntiatur.

2193 990 2474 1060 Deinceps,
2508 992 2764 1060 quoniam
2788 991 3077 1048 Nazarzeus
3105 995 3324 1061 dicitur,
3356 1003 3411 1051 et
3440 997 3554 1067 ipse
3582 997 3777 1053 liberat

2191 1080 2356 1135 Israel
2381 1081 2446 1135 de
2475 1082 2739 1137 hostibus.
2770 1082 3071 1151 Postremo,
3100 1087 3245 1155 quod
3276 1088 3536 1158 templum
3565 1088 3777 1145 illorum

2191 1171 2479 1236 subvertit,
2524 1180 2580 1227 et
2622 1172 2900 1241 perierunt
2941 1174 3109 1228 multa
3140 1175 3310 1230 millia
3352 1177 3652 1243 hominum,
3685 1179 3778 1248 qui

2192 1262 2340 1316 illum
2382 1262 2682 1317 illuserunt.
2730 1262 2996 1319 Nativitas
3032 1265 3134 1320 ista
3180 1266 3478 1337 Sampson,
3519 1284 3641 1338 quae
3682 1283 3781 1338 per

2192 1352 2440 1423 angelum
2483 1354 2858 1416 annuntiatur.
2899 1354 3307 1411 similitudinem
3342 1357 3508 1413 habet
3543 1358 3780 1429 primum

2191 1444 2599 1514 prophetarum,
2624 1445 2717 1514 qui
2744 1445 3079 1500 nativitatem
3107 1446 3316 1502 Domini
3338 1448 3633 1503 secundum
3660 1463 3784 1503 car-

2114 1528 2162 1586 B
2191 1551 2313 1590 nem
2338 1534 2828 1601 annuntiaverunt;
2866 1534 3119 1606 deinceps
3149 1539 3313 1592 etiam
3343 1539 3551 1610 angeli,
3588 1538 3680 1609 qui
3711 1540 3781 1593 ad

2187 1625 2412 1679 Mariam
2456 1626 2723 1694 loquitur,
2770 1627 2997 1681 dicens:
3029 1626 3227 1688 Maria,
3279 1629 3518 1683 invenisti
3552 1630 3781 1699 gratiam

2187 1724 2307 1766 ante
2334 1723 2663 1784 conspectuin
2696 1714 2925 1780 Domini,
2963 1726 3011 1769 et
3053 1718 3298 1781 accepisti
3325 1718 3380 1771 in
3408 1728 3577 1781 utero,
3606 1727 3655 1772 et
3685 1734 3777 1788 pa-

2188 1807 2289 1859 ries
2326 1804 2529 1874 lilium,
2568 1815 2614 1859 et
2650 1807 2921 1859 vocabitur
2944 1823 3129 1860 nomen
3157 1809 3270 1878 ejus
3307 1808 3656 1875 Emmanuel;
3694 1810 3781 1863 hic

2186 1897 2322 1950 enim
2345 1895 2544 1950 salvum
2571 1896 2726 1965 faciet
2746 1896 2994 1967 papulum
3021 1915 3053 1950 a
3074 1898 3300 1967 peccatis
3322 1916 3502 1953 eorum
3531 1899 3682 1970 (Luc.
3712 1899 3776 1970 ι).

2189 1983 2453 2052 Sampson
2484 1992 2664 2037 autem
2707 1984 3115 2053 interpretatur,
3147 1984 3245 2039 sol.
3286 1985 3393 2042 Sed
3424 1987 3554 2058 quia
3584 1996 3641 2043 et
3668 1988 3781 2043 Re-

2188 2078 2437 2148 demptor
2463 2088 2648 2132 noster
2674 2075 2752 2130 sol
2780 2076 3101 2146 appellatur,
3135 2077 3257 2133 audi
3289 2077 3462 2148 ipsum
3491 2078 3781 2133 Dominum

2187 2166 2368 2223 Jesum
2404 2181 2501 2237 per
2542 2168 2861 2236 prophetam
2904 2182 2970 2222 eo
3012 2168 3232 2222 nomine
3274 2168 3456 2223 vocari
3504 2187 3515 2199 ο
3565 2168 3783 2223 Orietur

2188 2258 2331 2313 vobis
2354 2257 2433 2312 sol
2453 2257 2700 2328 justitite,
2724 2267 2770 2310 et
2796 2258 2997 2311 sanitas
3021 2256 3076 2311 in
3098 2257 3280 2327 pennis
3302 2257 3417 2326 ejus
3439 2256 3597 2328 (Mal.
3682 2266 3778 2328 Iv).

2190 2350 2328 2405 Vere
2358 2350 2503 2404 enim
2534 2350 2622 2403 hic
2652 2346 2733 2402 sol
2759 2344 2988 2415 iustitia:
3015 2356 3119 2413 est,
3151 2348 3242 2416 qui
3274 2347 3519 2402 omnium
3548 2349 3780 2402 creden-

2192 2442 2322 2497 tium
2350 2449 2563 2496 meutes
2587 2439 2794 2495 ctelesti
2833 2438 3037 2494 lumine
3064 2438 3365 2504 clariﬁcat;
3404 2440 3492 2494 hic
3516 2454 3644 2495 rere
3669 2438 3779 2493 Na-

2191 2550 2400 2589 zarazus
2436 2542 2492 2589 et
2527 2541 2747 2587 sanctus
2784 2531 2903 2598 Dei,
2944 2531 3099 2600 cujus
3138 2531 3193 2585 in
3240 2530 3649 2586 similitudinem
3692 2530 3782 2587 ille

2191 2623 2477 2677 Nazaraaus
2502 2631 2587 2677 est
2612 2631 2972 2693 nuncupatus.
3001 2622 3107 2677 lste
3133 2637 3267 2692 ergo
3294 2638 3416 2676 cum
3446 2623 3688 2676 tenderet
3712 2622 3781 2677 ad

2191 2716 2506 2787 mysterium
2541 2715 2874 2785 nuptiarum,
2901 2716 2985 2769 leo
3040 2714 3260 2783 rugiens
3302 2714 3540 2769 occurrit
3567 2715 3637 2769 ei.
3672 2713 3781 2770 Sed

2192 2807 2317 2877 quis
2357 2807 2590 2876 primum
2617 2813 2736 2859 erat
2778 2805 2831 2858 in
2864 2804 3162 2875 Sampson,
3192 2804 3410 2858 obvium
3441 2803 3650 2859 leonem
3682 2820 3779 2859 ne-

2193 2912 2346 2962 cans,
2376 2911 2498 2951 cum
2524 2894 2768 2965 petendas
2797 2895 2985 2949 uxoris
3011 2909 3172 2948 causa
3204 2894 3271 2948 ad
3301 2894 3634 2965 alienigenas
3663 2902 3783 2949 teu-

2193 2991 2365 3053 deret,
2388 2987 2492 3041 nisi
2514 2985 2785 3051 Christus,
2807 2985 2897 3055 qui
2924 2984 3222 3038 Ecclesium
3246 2994 3536 3039 vocaturus
3556 3000 3621 3039 ex
3649 3000 3782 3054 gen-

2192 3079 2335 3133 tibus
2352 3077 2510 3131 dicit:
2533 3074 2789 3141 Gaudete,
2802 3076 2927 3147 quia
2943 3091 3036 3145 ego
3056 3075 3151 3129 vici
3174 3074 3427 3129 mundum
3441 3072 3624 3146 (Joan.
3641 3074 3776 3143 xw).

2191 3168 2332 3235 Quid
2368 3166 2471 3222 sibi
2501 3166 2613 3220 vult
2638 3181 2705 3220 ex
2734 3181 2829 3220 ore
2862 3163 2979 3233 ejus
3010 3164 3182 3219 leonis
3207 3164 3373 3219 occisi
3407 3163 3560 3219 favus
3589 3173 3775 3219 extra-

2191 3267 2338 3323 ctus,
2369 3257 2503 3322 nisi,
2541 3256 2700 3325 quia,
2736 3263 2797 3309 ut
2825 3255 3219 3324 conspicimus,
3250 3263 3439 3325 gentes
3467 3254 3597 3325 ipsa
3626 3258 3780 3325 regni

2192 3344 2423 3407 terreni,
2467 3359 2587 3414 quae
2618 3344 2878 3398 adversus
2917 3343 3195 3398 Christum
3239 3350 3367 3397 ante
3410 3341 3776 3403 fremuerant.

2191 3449 2334 3487 nunc
2377 3434 2488 3502 jam
2537 3442 2816 3502 perempta
2862 3431 3078 3487 feritate
3124 3433 3408 3488 dulcedine
3453 3434 3778 3505 evangelica:

2189 3523 2588 3593 praedicationis
2612 3524 2776 3577 etiam
2802 3533 3146 3578 monumenta
3170 3524 3449 3593 pmbent?
3472 3525 3605 3579 Item
3631 3527 3775 3595 quoi

2190 3613 2243 3666 iu
2285 3613 2576 3683 semetipso
2613 3613 2910 3682 expressit,
2953 3613 3094 3681 quod
3133 3627 3335 3681 paucos
3363 3614 3580 3683 quidem
3603 3654 3617 3678 ,
3646 3614 3774 3667 dum

2189 3702 2429 3768 viveret,
2466 3702 2771 3767 interemit;
2810 3702 3084 3758 destructo
3123 3710 3302 3756 autem
3339 3702 3556 3772 templo,
3592 3702 3776 3756 hostes

2190 3793 2523 3859 innumeros,
2554 3809 2676 3849 cum
2710 3802 3034 3858 moreretur,
3075 3793 3274 3848 occidit
3306 3807 3321 3846 :
3352 3792 3477 3863 quia
3515 3793 3770 3847 nimirum

2190 3882 2449 3937 Dominus
2474 3884 2543 3938 ab
2562 3882 2799 3938 elatione
2821 3882 3156 3937 inﬁdelitatis
3178 3898 3381 3953 paucos
3401 3899 3522 3938 cum
3544 3884 3768 3949 viveret,

2188 3971 2369 4040 plures
2396 3987 2524 4026 vero
2562 3987 2685 4027 cum
2728 3973 2983 4041 templum
3027 3974 3111 4028 sui
3156 3974 3399 4042 corporis
3445 3973 3769 4040 solveretur,

2188 4062 2471 4127 exstinxit,
2495 4072 2657 4132 atque
2682 4062 2852 4118 elatos
2875 4079 2941 4118 ex
2967 4064 3233 4135 gentibus,
3260 4079 3396 4133 quos
3419 4063 3646 4120 vivendo
3673 4081 3768 4120 su-

2189 4152 2394 4217 stinuit,
2426 4152 2586 4207 simul
2614 4168 2803 4207 omnes
2830 4153 3109 4208 moriendo
3135 4154 3445 4223 prostravit.
3485 4153 3604 4208 Jam
3639 4169 3770 4212 vero

2188 4244 2389 4312 reliqua
2416 4244 2553 4314 ejus,
2584 4243 2727 4314 quod
2757 4244 2807 4297 ei
2846 4243 3042 4298 mulier
3078 4243 3301 4299 subdola
3333 4252 3495 4314 caput
3550 4247 3765 4311 raserit,

2186 4347 2240 4392 et
2273 4337 2571 4408 Allophylis
2610 4337 2937 4392 illudeudum
2972 4337 3273 4400 tradiderit,
3298 4339 3440 4407 quod
3463 4340 3770 4408 captivatus

2185 4438 2291 4490 est,
2313 4425 2456 4496 quod
2476 4435 2707 4480 emeatus
2729 4434 2832 4491 est,
2857 4427 3000 4495 quod
3028 4426 3096 4480 ad
3120 4427 3315 4481 molam
3340 4428 3628 4497 deputatus
3648 4442 3764 4486 est:

2186 4516 2240 4570 in
2266 4517 2353 4570 bis
2384 4532 2489 4571 non
2516 4517 2785 4583 Christus,
2817 4520 2909 4572 sel
2947 4518 3020 4572 illi
3054 4518 3356 4587 ﬁgurantur
3381 4521 3472 4589 qui
3502 4522 3620 4577 solo
3650 4531 3769 4577 tan-

2187 4620 2300 4664 tum
2336 4609 2388 4663 in
2432 4608 2674 4664 Ecclesia
2700 4608 2899 4665 Christi
2936 4613 3150 4666 nomine
3177 4612 3496 4682 gloriantur,
3524 4625 3580 4670 et
3611 4617 3767 4674 malis

2188 4707 2397 4762 actibus
2429 4707 2632 4777 jugitcr
2667 4707 3031 4777 implicantur.
3067 4708 3159 4764 Vir
3195 4712 3336 4765 enim
3372 4712 3425 4767 in
3455 4714 3611 4769 nobis
3635 4730 3761 4769 sen-

2188 4813 2281 4852 sus
2305 4798 2583 4852 rationalis
2618 4798 2949 4869 intelligitur,
2985 4816 3113 4855 caro
3153 4812 3332 4857 autem
3366 4806 3520 4875 quasi
3552 4804 3606 4859 in
3639 4815 3764 4874 typo

2187 4888 2429 4943 mulieris
2462 4888 2743 4957 accipitur.
2794 4889 2851 4944 Si
2897 4893 3040 4946 enim
3089 4893 3322 4957 mulieri,
3368 4895 3419 4947 id
3460 4904 3563 4957 est,
3609 4896 3762 4950 carni

2187 4985 2383 5031 nostrm
2413 4976 2719 5032 blandiente
2755 4977 2975 5034 libidine
3013 4980 3097 5035 vel
3137 4982 3357 5051 reliquis
3395 4980 3550 5035 malis
3584 4982 3764 5050 operi-

2181 5066 2280 5122 bus
2307 5068 2648 5132 cesserimus,
2676 5069 2848 5140 gratia
2894 5071 3141 5141 spiritus,
3183 5087 3303 5141 qua:
3344 5070 3582 5125 Nazartei
3609 5072 3762 5128 crine

2182 5155 2536 5225 significatur,
2556 5158 2740 5212 nudati
2764 5159 3130 5228 exspoliamur
3153 5170 3313 5226 atque
3337 5159 3762 5229 decipimurzita

2180 5251 2323 5303 enim
2352 5250 2597 5318 superbis
2620 5259 2674 5304 et
2698 5252 3092 5320 peccatoribus,
3120 5247 3314 5301 violata
3336 5248 3533 5303 Christi
3561 5253 3756 5320 gratia,

2180 5341 2319 5395 sicut
2366 5338 2628 5410 Sampson
2678 5342 2848 5397 incisa
2895 5356 3070 5405 coma,
3120 5338 3365 5394 diabolus
3408 5339 3598 5397 illudit.
3648 5341 3757 5397 Sed

2181 5431 2306 5502 quid
2347 5443 2427 5487 est
2460 5426 2611 5503 'quod
2653 5432 2914 5503 Sampson
2961 5430 3047 5485 ille
3089 5430 3157 5485 ab
3200 5428 3493 5502 Allophylis
3541 5441 3751 5503 captus,
