4000 6186
228 153 365 209 1199

904 147 962 201 Β.
1006 144 1253 201 ΙῖΑῐὶᾹΝΙ
1296 140 1509 196 ΜᾹΚῚΗ
1550 138 1786 193 ARCIIIE

1910 138 2214 193 MOGUNT.
2252 139 2533 194 OPERUM
2573 138 2749 193 PARS
2787 139 2829 193 I.

3334 142 3470 198 1200

218 280 569 342 posteaquam
612 266 795 320 oculos
846 262 1079 334 perdidit
1102 302 1118 321 ,
1162 260 1229 313 ad
1277 257 1471 312 molam
1512 255 1798 324 deputatus
1828 256 1873 314 Α
1901 254 2230 307 conscientia
2271 254 2591 308 innocentia:
2621 253 2851 322 propria:
2875 253 3073 306 nullam
3102 253 3290 322 judicii
3319 270 3470 325 regn-

217 369 321 419 est.
347 358 450 413 nisi
471 355 612 426 quod
637 355 856 424 maligni
885 353 1104 423 spiritus
1126 359 1414 421 postquam
1442 346 1795 401 tentationum

219 450 454 506 stimulis
481 450 626 503 intus
650 448 819 502 aciem
846 444 1314 513 contemplationis
1339 440 1627 503 ell‘odiunt,
1665 437 1798 492 foris

221 543 493 597 liotnincm
532 542 586 598 in
623 540 906 596 circuitum
938 537 1179 591 laborum
1216 533 1470 588 mittunt?
1511 531 1649 585 sicut
1682 530 1792 599 jam

217 647 381 701 supra
435 632 635 687 dictum
681 638 784 684 est.
829 628 981 696 Quod
1022 627 1067 681 si
1114 626 1401 695 aliquando
1446 623 1586 677 idem
1632 622 1794 675 homo

217 724 424 793 agendo
458 723 831 792 pmnitentiam
870 720 1081 782 redeat,
1116 719 1205 773 ille
1232 716 1374 770 velut
1400 730 1552 769 coma
1583 714 1794 769 reduci-

218 825 324 878 tur,
370 815 422 870 id
453 823 565 877 est,
597 815 769 885 gratia
815 812 1188 867 reﬂorescente
1214 816 1497 876 reparatur
1525 806 1590 859 ad
1624 805 1794 858 virtu-

216 913 355 967 tem;
410 904 624 967 deinde,
666 902 974 972 cupiditatis
1014 915 1076 954 ac
1121 898 1347 951 luxuria:
1386 895 1657 950 subversis
1696 909 1790 948 co-

216 995 433 1059 lumnis,
459 995 691 1049 victores
712 995 896 1048 hostes
917 992 1117 1061 dejicit,
1145 998 1201 1043 et
1225 996 1474 1058 reparato
1499 986 1790 1041 certamine

216 1085 269 1137 in
302 1084 461 1138 tinem
492 1084 783 1139 fortissime
814 1083 877 1137 de
905 1081 1155 1137 omnibus
1187 1078 1557 1147 triumplzabit.

798 1211 1022 1267 CAPUT
1064 1209 1202 1263 XXI.

214 1324 289 1378 De
321 1324 512 1377 ultione
539 1332 703 1392 stupri
733 1338 785 1375 m
815 1319 1198 1389 Benjaminitas
1228 1316 1291 1369 ab
1329 1312 1497 1368 Israel
1532 1312 1785 1379 confecta.

284 1434 432 1505 (CAP.
467 1434 580 1503 xx.)
613 1432 824 1502 Egressi
851 1441 970 1485 sum
1000 1431 1172 1499 itaque
1208 1443 1383 1481 omnes
1412 1424 1510 1493 β’ἑὶ
1538 1422 1706 1477 Israel
1738 1432 1785 1475 et

210 1525 406 1595 pariter
431 1522 750 1592 congregati,
777 1521 929 1591 quasi
954 1520 1029 1573 vir
1053 1532 1208 1580 unus,
1238 1516 1300 1568 de
1330 1515 1447 1567 Dan
1476 1528 1637 1582 usque
1658 1510 1786 1565 Ber-

1896 341 2000 395 lam
2031 343 2253 411 pmebet.
2287 342 2421 397 llinc
2457 350 2543 396 est
2576 343 2715 411 quo]
2748 356 2871 396 cum
2903 342 3073 396 tribus
3110 342 3388 413 Benjamin
3419 346 3477 401 in

1894 432 2072 485 carnis
2103 432 2306 487 scelere
2334 432 2525 487 luisset
2550 434 2767 496 obruta,
2809 432 3069 489 collectus
3096 436 3274 491 omnis
3310 436 3481 493 Israel

1892 520 2076 576 ulcisci
2105 521 2443 591 iniquitatem
2467 523 2651 587 voluit,
2677 523 2769 578 sed
2797 534 2975 578 tamen
3003 524 3171 579 semel
3196 536 3251 580 et
3275 527 3477 585 iterum

1893 612 1945 665 in
1978 613 2103 667 belli
2146 615 2446 668 certamine
2488 616 2603 684 ipse
2633 624 2940 686 prostratus
2976 626 3078 672 est.
3117 618 3189 674 At
3227 624 3476 687 consulto

1892 701 2118 754 Domino
2164 705 2208 756 si
2255 704 2321 757 ad
2368 704 2732 759 ulciscenbun
2779 705 2859 758 ire
2888 706 3218 772 debuissent,
3257 706 3475 776 jussum
3520 695 3545 718 κ

1889 798 1973 844 est
2012 790 2138 859 quia
2179 789 2330 858 juxta
2378 792 2573 848 divin-.e
2612 794 2761 848 vocis
2801 795 3084 864 imperium
3123 799 3387 866 perrexit,
3417 809 3476 856 et

1889 879 2076 943 semel,
2108 887 2162 935 et
2191 882 2483 936 secundum
2516 883 2769 951 perdidit,
2808 891 2864 937 et
2906 891 3037 939 tunc
3076 885 3312 951 demum,
3345 905 3474 958 pec-

1891 972 2148 1025 catricem
2178 972 2377 1025 tribum
2408 972 2562 1027 valde
2589 971 2805 1037 feriens,
2839 988 2975 1042 pene
3004 972 3244 1029 funditus
3269 977 3474 1032 exstin-

1890 1061 1986 1113 xit.
2037 1060 2176 1127 Quid
2218 1070 2305 1115 est
2345 1077 2496 1132 ergo,
2544 1063 2688 1131 quod
2730 1062 2785 1116 in
2829 1062 3089 1118 ultionem
3126 1065 3351 1120 sceleris
3388 1066 3473 1121 in-

1890 1149 2214 1216 ﬂammatur,
2259 1161 2315 1206 et
2356 1160 2536 1207 tamen
2582 1153 2733 1222 prius
2777 1153 2892 1222 ipse
2933 1155 3313 1222 prosternitur,
3364 1157 3469 1211 nisi

1887 1240 2030 1310 quod
2069 1242 2220 1310 prius
2266 1242 2367 1311 ipsi
2417 1242 2682 1312 purgandi
2726 1251 2869 1308 sunt,
2919 1258 3017 1312 per
3059 1243 3195 1298 duos
3237 1244 3467 1301 aliorum

1888 1330 2057 1399 culp-te
2084 1328 2371 1395 feriuntur,
2400 1341 2455 1385 et
2483 1330 2580 1399 ipsi
2609 1331 2721 1400 jam
2753 1331 2937 1385 mundi
2966 1346 3064 1400 per
3088 1331 3343 1388 ultionem
3370 1350 3467 1389 ve-

1887 1421 2062 1485 niant,
2090 1421 2180 1490 qni
2209 1420 2437 1475 aliorum
2464 1422 2591 1475 vitia
2616 1421 2888 1492 corrigere
2916 1420 3207 1476 festinant?
3237 1421 3387 1477 Unde
3412 1434 3469 1478 et

1888 1512 2265 1567 insidiantibus
2308 1511 2627 1582 quibusdam
2678 1520 2733 1566 et
2782 1511 3108 1582 puniendam
3160 1512 3462 1567 adulteram

209 1615 359 1669 sabee
387 1624 431 1668 et
472 1622 611 1667 terra
643 1609 846 1664 Galaad
882 1610 951 1663 ad
987 1609 1267 1662 Dominum
1305 1607 1361 1657 iu
1394 1603 1634 1672 Maspha,
1670 1618 1782 1654 om-
1814 1600 1859 1657 B
1888 1607 2277 1660 deducentibus
2312 1606 2511 1660 dicitur
2538 1623 2551 1659 :
2585 1605 2690 1670 Qui
2718 1607 2828 1660 sine
2863 1616 3072 1672 peccato
3105 1616 3182 1661 est
3215 1615 3463 1671 vestrum,

210 1723 400 1776 aesque
432 1703 610 1775 anguli
651 1703 988 1773 populorum,
1022 1711 1068 1754 et
1100 1710 1299 1753 cunetw
1329 1696 1493 1750 tribus
1530 1694 1697 1749 Israel
1728 1696 1782 1748 in

212 1794 501 1848 Ecclestam
530 1792 708 1863 populi
733 1791 852 1856 Dei,
878 1797 1218 1843 convenerunt
1241 1786 1589 1855 quadraginta
1615 1783 1781 1837 milia

207 1887 437 1955 peditum
472 1893 850 1953 pugnatorum,
882 1888 938 1934 ct
969 1878 1192 1947 reliqua.
1230 1876 1383 1942 Quod
1413 1876 1609 1929 tribum
1640 1874 1781 1927 Ben-

204 1976 375 2044 jamin
412 1975 464 2028 in
495 1972 674 2027 carnis
702 1970 907 2026 scelere
935 1969 1194 2039 dejectam
1226 1968 1349 2021 dum
1379 1965 1634 2020 collectus
1665 1980 1776 2018 om-

210 2069 295 2122 nis
320 2065 482 2122 Israel
508 2065 692 2121 ulcisci
725 2063 999 2127 voluisset,
1026 2062 1178 2132 prius
1204 2062 1316 2129 ipse
1343 2066 1646 2127 prostratus
1674 2064 1777 2121 est,

206 2167 263 2213 et
296 2167 421 2213 tunc
454 2157 809 2228 peccatricem
850 2155 1045 2209 tribum
1089 2152 1328 2207 funditus
1369 2149 1668 2204 exstinxit:
1710 2148 1782 2202 si-

208 2249 426 2318 gniﬁcat
452 2250 592 2317 quod
633 2248 677 2303 is
720 2247 809 2316 qui
841 2244 1187 2313 semetipsum
1214 2242 1365 2310 prius
1408 2256 1513 2294 non
1551 2238 1779 2309 judicat,

207 2338 336 2407 quid
366 2339 420 2392 in
449 2339 553 2393 alio
577 2347 782 2393 rectum
805 2337 1029 2407 judicct,
1055 2335 1297 2402 ignorat;
1327 2339 1382 2385 et
1415 2331 1461 2386 si
1491 2330 1638 2384 novit
1666 2326 1780 2382 for-

212 2438 351 2481 tasse
386 2443 482 2497 per
526 2429 797 2491 auditum,
841 2426 984 2496 quod
1032 2434 1235 2479 rectum
1275 2422 1519 2491 judicare
1566 2421 1778 2484 debeat,

209 2526 357 2572 recte
387 2526 565 2572 tamen
606 2519 849 2587 judicare
884 2517 1057 2571 aliena
1107 2515 1298 2569 merita
1339 2530 1444 2568 non
1474 2512 1649 2577 valet,
1692 2510 1775 2565 cui

206 2659 911 2686 ψ.

1885 1701 2085 1768 primus
2119 1701 2174 1752 in
2211 1699 2357 1752 illam
2396 1699 2621 1769 lapidem
2662 1702 2832 1754 mittat
2872 1699 3459 1771 (Joan.VItl);adaliena

1887 1786 2083 1856 quippe
2108 1787 2257 1841 ibant
2282 1796 2499 1856 peccata
2541 1789 2837 1857 punienda,
2865 1796 2922 1842 et
2959 1803 3056 1843 sua
3099 1787 3456 1858 reliquerant;

1887 1886 2210 1932 revocentur
2250 1878 2431 1947 itaque
2476 1878 2620 1932 intus
2663 1879 2731 1933 ad
2759 1878 3169 1941 conscientiam,
3211 1886 3270 1932 ut
3308 1878 3462 1946 prius

1887 1969 2100 2036 propria
2151 1968 2454 2037 corrigant,
2505 1978 2560 2023 et
2604 1976 2730 2024 tunc
2781 1969 2956 2023 aliena
3006 1967 3401 2040 reprehendant
3440 1984 3457 2022 :

1885 2061 2028 2115 unde
2072 2075 2291 2115 necesse
2333 2068 2416 2114 cst
2461 2068 2552 2124 ut,
2588 2076 2713 2115 cum
2758 2069 2945 2114 contra
2992 2074 3092 2114 nos
3132 2058 3265 2112 ultio
3291 2057 3459 2113 divini

1882 2150 2148 2204 examinis
2185 2159 2383 2216 cessat,
2429 2160 2610 2206 nostra
2640 2166 2699 2205 se
2735 2149 3070 2205 conscientia
3118 2148 3233 2218 ipsa
3276 2162 3462 2217 repre-

1882 2241 2100 2302 hendat,
2127 2248 2289 2309 atque
2318 2242 2384 2295 ad
2410 2240 2646 2296 lamenta
2682 2240 3013 2311 pmnitentia:
3041 2239 3156 2309 ipsa
3181 2254 3240 2294 se
3268 2246 3462 2293 contra

1882 2332 2228 2401 scmetipsam
2268 2332 2470 2402 erigat,
2519 2348 2619 2388 nec
2647 2340 2835 2387 contra
2878 2330 3050 2386 honos
3082 2330 3246 2395 elata,
3273 2340 3329 2384 et
3353 2328 3461 2384 sibi

1882 2422 2130 2487 humilis;
2161 2422 2255 2476 sed
2280 2430 2469 2477 contra
2497 2438 2557 2478 se
2595 2423 2766 2492 rigida
2802 2421 2904 2487 sit,
2942 2420 3101 2478 bonis
3126 2434 3260 2476 vero
3283 2417 3460 2476 omni-

1882 2513 1984 2568 bus
2012 2513 2295 2568 submissa.

921 2644 3448 2672 ____._——————-———————————————-—————-——.

1695 2738 1985 2799 INCIPIT

665 2896 1719 3009 COMMENTARIUM
1795 2896 1929 3000 ΙΝ
2013 2896 2502 3003 LIBRUM
2581 2895 2966 3001 BUTH.

723 3167 947 3225 CAPUT
983 3164 1270 3221 PBlMUM.

206 3297 483 3349 Transitus
506 3282 787 3339 Elimelecu
815 3290 862 3334 et
884 3278 1082 3349 _Noemi
1112 3277 1290 3329 uxoris
1311 3290 1419 3349 sua:
1441 3289 1555 3349 cum
1575 3272 1776 3325 duobus

278 3341 453 3413 libraris
487 3356 549 3407 de
585 3351 843 3404 Bethleem
869 3346 902 3399 J
907 3347 1013 3399 uda
1045 3348 1099 3398 in
1128 3356 1319 3397 terram
1348 3341 1527 3405 Moab,
1553 3352 1607 3393 ut
1635 3357 1780 3409 pere-

277 3428 611 3497 grinarentur
634 3420 723 3473 ibi.

281 3532 660 3591 Scrutantibus
693 3543 822 3597 ergo
855 3523 1134 3580 historiam
1173 3521 1339 3585 Ruth,
1379 3518 1780 3589 supplicandum

212 3627 365 3682 nobis
392 3638 515 3678 cum
555 3635 675 3675 esse
705 3631 1004 3680 censemus,
1043 3613 1135 3682 qui
1161 3613 1227 3667 de
1267 3609 1382 3679 ejus
1423 3611 1593 3678 stirpe
1630 3609 1781 3665 nasci

211 3715 397 3777 voluit,
430 3719 483 3765 et
511 3710 672 3763 homo
700 3707 839 3760 inter
866 3703 1110 3758 homines
1142 3698 1480 3765 conversari,
1518 3699 1608 3768 qui
1639 3699 1779 3753 idem

209 3815 265 3858 ct
301 3803 444 3856 Deus
484 3808 584 3862 est,
631 3804 690 3851 ut
729 3810 826 3850 sua
866 3793 1036 3864 gratia
1081 3806 1179 3845 nos
1212 3790 1480 3844 illustrare
1513 3790 1781 3859 dignetur,

210 3901 479 3963 quatenus
517 3888 696 3956 aliqua
731 3886 797 3940 de
838 3884 954 3953 ipsa
995 3880 1219 3935 historia
1258 3893 1418 3933 sensu
1457 3878 1683 3948 mystico
1717 3878 1785 3932 ad

210 3983 423 4038 laudem
461 3979 576 4049 ejus
613 3985 668 4031 et
687 3975 752 4029 ad
784 3974 1067 4028 utilitatem
1089 3978 1287 4026 sancta:
1317 3968 1567 4023 Ecclesiae
1592 3983 1788 4038 oppor-

214 4084 340 4128 tune
367 4086 466 4125 nos
492 4067 735 4139 proferre
760 4064 1021 4119 concedat
1052 4080 1064 4114 :
1096 4069 1157 4114 ut
1180 4067 1352 4114 totum
1378 4059 1451 4112 sit
1474 4058 1640 4128 ipsius
1669 4074 1785 4111 mn-

213 4164 376 4228 neris,
400 4169 456 4215 et
482 4158 624 4229 quod
654 4155 951 4224 alienigena
980 4150 1177 4223 p0pulo
1209 4151 1305 4205 Dei
1331 4152 1612 4220 dignanter
1637 4164 1785 4204 asso-

1807 3166 1851 3228 C
1885 3164 2324 3231 interpretatione
2361 3161 2584 3216 confusa
2631 3169 2774 3216 sunt.
2818 3161 2959 3216 Abiit
2995 3162 3171 3234 itaque
3207 3166 3356 3221 homo
3382 3167 3450 3223 de

1882 3251 2144 3303 Bethleem
2188 3249 2368 3315 Iuda,
2411 3260 2468 3303 ut
2510 3252 2929 3323 peregrinaretur
2964 3254 3019 3307 in
3059 3255 3263 3324 regione
3300 3256 3452 3313 Hoc-

1883 3338 2040 3391 bitide
2107 3354 2224 3391 eum
2281 3354 2444 3393 uxore
2505 3355 2603 3393 sua
2667 3350 2716 3394 et
2769 3341 2972 3396 duobus
3028 3341 3223 3398 liberie.
3301 3345 3452 3402 Hunc

1886 3426 2156 3481 hominem
2205 3426 2421 3496 quidam
2466 3427 2789 3498 Decalogum
2836 3430 2973 3500 legis
3016 3431 3240 3503 intelligi
3275 3434 3451 3490 volue-

1886 3525 2034 3579 runt,
2058 3528 2283 3569 uxorem
2312 3522 2493 3570 autem
2518 3514 2637 3585 ejus
2666 3514 3025 3587 Synagogam,
3056 3528 3113 3574 et
3136 3519 3271 3575 duos
3295 3520 3450 3587 ﬁlios,

1887 3604 2020 3660 duos
2045 3605 2278 3660 honores
2314 3607 2427 3660 sive
2454 3607 2672 3663 ordines
2701 3608 3052 3679 dignitatum,
3083 3611 3175 3681 qui
3204 3614 3457 3684 tempori-

1885 3696 1988 3750 bus
2002 3694 2210 3750 Veteris
2233 3694 2560 3750 Tcstamenti
2588 3697 2865 3767 regiminis
2881 3697 3000 3753 loco
3023 3701 3290 3756 dominari
3311 3703 3457 3758 vide-

1885 3787 2102 3850 bantur,
2148 3787 2253 3841 hoc
2294 3793 2399 3851 est,
2437 3787 2633 3854 regalis
2674 3788 2851 3842 honor
2884 3797 3047 3859 atque
3081 3792 3454 3848 sacerdotalis.

1884 3876 1974 3930 lsti
2003 3876 2199 3945 quippe
2226 3876 2444 3931 ordines
2484 3892 2590 3932 non
2620 3880 2794 3932 solum
2833 3878 2888 3932 in
2927 3887 3085 3950 gente
3125 3878 3457 3949 Iudaeorum,

1885 3966 1979 4021 sed
2008 3974 2063 4019 et
2103 3965 2157 4019 in
2200 3966 2409 4020 caeteris
2432 3965 2737 4021 nationibus
2772 3967 2895 4037 jure
2918 3970 3202 4037 potestatis
3228 3973 3461 4028 excelle-

1885 4055 2048 4121 bant,
2089 4066 2251 4125 atque
2281 4057 2400 4110 ideo
2425 4057 2650 4111 duarum
2677 4057 2911 4127 plebium
2930 4099 2946 4124 ,
2986 4059 3350 4117 lsraelitarum
3379 4063 3459 4118 vi-

1886 4144 2079 4198 delicet
2111 4152 2167 4197 et
2201 4144 2591 4215 proselytorum
2611 4186 2626 4211 ,
2655 4148 3050 4215 quodammodo
3077 4150 3177 4205 sibi
3209 4151 3455 4221 copulam

211 4221 373 4309 ciata'
392 4221 517 4315 est;
542 4259 597 4305 et
631 4248 772 4318 quod
799 4221 1026 4316 elinguis
1053 4221 1344 4298 bonitatem
1384 4257 1449 4296 ac
1478 4241 1782 4296 misericor-
1806 4221 1858 4281 Ι)
1884 4238 2267 4306 acquircbant,
2303 4237 2442 4291 sicut
2477 4238 2809 4307 temporibus
2839 4240 3028 4306 David,
3059 4251 3114 4297 et
3153 4241 3458 4299 Salomonis

213 4348 357 4401 diam
397 4344 491 4398 Dei
535 4341 832 4413 praedicare
876 4336 1173 4407 permissus
1213 4342 1315 4389 est.
1360 4334 1511 4390 Unde
1548 4334 1780 4403 primum

215 4434 618 4490 consideremus
664 4428 793 4499 quid
837 4425 967 4482 illud
1011 4422 1292 4495 signiticet,
1334 4424 1475 4493 quod
1512 4424 1565 4477 in
1608 4424 1784 4493 capite

218 4527 383 4595 ipsius
409 4524 645 4580 historia:
674 4521 933 4591 scriptum
964 4527 1048 4573 est
1075 4536 1089 4571 :

290 4623 438 4694 (CAP.
470 4621 534 4693 ι.)
587 4620 650 4675 In
681 4620 862 4673 diebus
899 4619 1054 4672 unius
1087 4615 1309 4686 judicia,
1350 4612 1556 4685 quando
1579 4612 1785 4682 judices

216 4719 500 4783 pra’erant,
543 4708 682 4777 facta
724 4717 797 4762 est
840 4707 1003 4777 fames
1048 4706 1104 4758 in
1144 4715 1301 4757 terra.
1346 4702 1482 4768 Quid
1526 4701 1667 4756 enim
1712 4700 1786 4753 si—

219 4798 438 4873 gnificat
465 4798 636 4851 fames
664 4797 765 4851 ista
794 4798 847 4851 in
888 4805 1031 4851 terra
1067 4795 1122 4849 in
1151 4793 1342 4849 diebus
1366 4790 1564 4860 judicis
1599 4789 1789 4844 unius?

221 4890 323 4945 nisi
359 4885 500 4959 quod
533 4886 603 4940 θ’)
632 4886 905 4940 raritatem
935 4883 1256 4955 spiritalium
1287 4883 1565 4937 doctorum
1592 4888 1646 4933 ct
1672 4893 1789 4932 ma—

220 4981 512 5051 gistrorum
537 4973 716 5045 populi
737 4974 854 5039 Dei,
878 4975 1072 5042 quibus
1093 4971 1367 5041 jadicandi
1392 4968 1686 5024 auctoritas
1711 4975 1792 5022 est

223 5071 485 5142 delegata,
534 5067 704 5121 fames
745 5080 851 5119 non
887 5066 1042 5135 panis
1086 5079 1184 5119 nec
1229 5064 1359 5128 cibi,
1407 5062 1501 5117 sed
1544 5059 1792 5115 audiendi

223 5162 448 5215 verbum
472 5159 564 5214 Dei
595 5159 648 5213 in
676 5165 820 5213 terra
848 5162 973 5209 nata
1000 5162 1117 5209 erat
1141 5168 1443 5225 synagogae,
1471 5150 1684 5222 quando
1711 5149 1794 5202 lex

224 5253 340 5323 ipsa
362 5266 456 5321 per
475 5246 728 5305 Iudaicus
747 5245 1063 5303 traditiones
1083 5252 1335 5313 corrupta
1356 5250 1440 5296 est
1457 5242 1635 5314 (Amos
1652 5248 1794 5305 vm),

224 5357 289 5397 ac
320 5340 513 5411 psalmi
548 5348 709 5409 atque
747 5337 1040 5409 prophetae,
1077 5348 1178 5388 nec
1211 5348 1316 5387 non
1348 5340 1402 5386 et
1439 5332 1678 5387 historiae
1712 5329 1796 5384 di-

226 5431 365 5485 vina:
409 5444 514 5485 non
558 5428 851 5485 secundum
906 5439 1059 5483 suam
1107 5421 1489 5495 proprietatem
1533 5418 1800 5473 veraciter

229 5519 547 5586 intellectae,
588 5521 683 5579 sed
724 5519 1017 5576 secundum
1061 5515 1333 5574 carnalem
1381 5529 1595 5571 sensum
1634 5512 1798 5568 stulta

1886 4337 2046 4395 atque
2072 4327 2302 4381 aliorum
2332 4341 2517 4397 regum
2547 4326 2746 4383 factum
2784 4338 2885 4385 est.
2926 4329 3033 4385 Alii
3066 4341 3247 4388 autem
3280 4334 3451 4404 ipsum

1888 4419 2158 4474 hominem
2206 4418 2273 4471 ad
2320 4418 2604 4472 Dominum
2647 4418 2833 4474 Jesum
2873 4418 3149 4475 Christum
3193 4421 3456 4487 referunt,

1887 4508 1979 4577 qui
2008 4524 2103 4578 per
2130 4508 2389 4578 virginem
2425 4517 2583 4562 natus
2618 4507 2672 4563 in
2711 4508 2983 4564 Bethleem
3006 4508 3176 4577 Iuda,
3216 4512 3463 4583 peregri-

1889 4600 2159 4653 nationem
2210 4596 2368 4666 hujus
2412 4598 2595 4653 mundi
2646 4599 2868 4655 visitare
2915 4599 3082 4655 voluit
3121 4615 3246 4656 cum
3292 4615 3464 4657 uxore

1890 4706 2008 4754 sua,
2030 4697 2216 4745 sancta
2233 4689 2477 4744 videlicet
2497 4688 2754 4755 Ecclesia,
2779 4706 2938 4760 quam
2961 4691 3205 4746 exhibuit
3223 4692 3325 4747 sibi
3356 4691 3464 4748 for-

1890 4797 2118 4843 mosam,
2141 4795 2247 4836 non
2272 4781 2557 4835 habentem
2581 4780 2843 4836 maculam
2868 4792 2965 4838 aut
2991 4799 3176 4854 rugam
3197 4782 3359 4855 (Eph.
3380 4783 3461 4854 ν),

1891 4880 1947 4927 et
1989 4887 2113 4928 cum
2158 4872 2364 4926 duobus
2408 4871 2610 4936 liberis,
2657 4887 2793 4941 quos
2836 4872 3133 4943 intelligere
3177 4888 3465 4944 possumus

1893 4964 2027 5018 duos
2048 4963 2290 5026 ordines,
2317 4963 2420 5018 hoc
2447 4971 2554 5028 est,
2582 4964 2970 5033 prophetarum
2997 4972 3051 5019 et
3075 4964 3462 5034 apostolorum,

1893 5055 1983 5123 qui
2028 5055 2166 5109 bene
2201 5054 2355 5109 liberi
2400 5054 2673 5120 dicuntur,
2716 5056 2841 5124 quia
2884 5054 3259 5125 Redemptoris
3293 5056 3465 5111 nostri

1895 5147 2155 5216 sanguine
2189 5160 2221 5199 a
2249 5147 2455 5215 peccati
2480 5145 2610 5217 jugo
2638 5154 2693 5201 et
2723 5154 2933 5201 vetusta
2967 5147 3226 5201 servitute
3253 5145 3468 5201 liberati

1895 5250 2015 5291 CSSG
2042 5246 2354 5291 noscuntur.

1968 5328 2089 5399 Ipse
2115 5329 2396 5383 vocabatur
2421 5328 2729 5394 Elimeleeh,
2755 5343 2892 5382 uxor
2914 5337 3087 5382 autem
3114 5327 3230 5398 ejus
3256 5325 3471 5391 Naenu',

1897 5429 1944 5473 et
1974 5418 2078 5472 duo
2106 5417 2227 5485 ﬁlii,
2253 5417 2390 5472 alter
2416 5417 2655 5482 Maalon,
2685 5426 2732 5472 et
2761 5415 2895 5471 alter
2918 5415 3152 5481 Cltelion,
3184 5415 3470 5486 Ephratltei

1898 5511 1962 5563 de
2002 5507 2261 5563 Bethleem
2299 5506 2463 5561 Iuda.
2499 5506 2788 5564 Elimelech
2822 5506 3020 5578 quippe
3058 5506 3467 5577 interpretatur,
