4000 6186
462 462 593 519 teut
1108 447 1123 479 ’

455 667 763 724 nominatus
784 679 945 733 quant
967 662 1219 718 Salvator
1235 662 1452 718 noster?
1477 662 1545 717 ad
1560 675 1719 731 quem
1744 659 2031 715 Psalmista

453 757 569 812 ait:
601 754 823 808 Intende
860 755 969 807 voci
1009 752 1261 806 orationis
1301 767 1452 817 mete,
1492 767 1585 806 rea:
1618 766 1762 804 meus
1802 760 1853 804 et
1891 749 2033 803 Deus

452 864 598 902 meus
632 844 805 917 (Psal.
835 846 912 913 v).
959 844 1027 898 Et
1056 844 1343 913 Apostolus
1380 861 1394 896 :
1442 841 1679 908 Quorum
1710 851 1904 911 patres,
1946 844 2029 895 in-

453 939 594 1008 quit,
627 946 676 991 et
701 953 766 990 ex
793 935 979 1006 quibus
1008 934 1246 990 Christus
1271 941 1555 990 secundum
1581 951 1813 999 carnem,
1840 935 1932 1005 qui
1957 938 2033 988 est

453 1044 611 1097 super
652 1027 829 1080 omnia
875 1025 1016 1080 Deus
1062 1025 1354 1080 benedictus
1396 1026 1453 1079 in
1494 1024 1688 1080 swcula
1719 1025 1897 1097 (Rom.
1930 1029 2027 1095 ιιι).

456 1116 605 1171 Uxor
645 1123 826 1171 autem
872 1115 990 1184 ejus
1028 1116 1327 1171 vocabatur
1368 1115 1587 1180 Noemi,
1629 1117 1731 1171 hoc
1757 1125 1873 1182 est,
1918 1116 2033 1186 pul-

453 1208 600 1272 chra,
641 1206 728 1262 cui
770 1220 998 1274 sponsus
1040 1205 1095 1260 iu
1128 1204 1350 1261 Cantico
1388 1206 2062 1286 canticommait(vt):pu(.

455 1297 580 1349 citra
596 1312 672 1360 es,
695 1296 864 1349 amica
880 1311 1017 1359 mea,
1042 1296 1217 1349 suavis
1241 1303 1290 1349 et
1310 1295 1497 1349 decora
1519 1297 1656 1350 sicut
1679 1294 2029 1359 Hierusalem,

454 1383 701 1437 terribilis
734 1392 789 1437 ut
815 1393 1106 1437 castrorum
1132 1384 1269 1437 acies
1305 1383 1570 1437 ordinata.
1600 1385 1715 1438 Duo
1735 1393 1916 1438 autem
1938 1383 2031 1438 lilii

453 1470 742 1528 Elimclccb
773 1480 921 1528 erant
963 1471 1171 1526 Maalon
1216 1480 1272 1527 et
1312 1471 1562 1537 Chelion;
1612 1489 1839 1541 quorum
1885 1474 2013 1543 prio:

453 1563 842 1632 interpretatur
867 1562 932 1615 de
959 1561 1205 1630 fenestra,
1239 1561 1354 1616 sive
1381 1578 1413 1613 a
1442 1561 1730 1632 principio;
1769 1561 1906 1615 alter
1932 1577 2029 1616 au-

453 1660 583 1717 tem,
615 1652 1011 1706 consummatio.
1049 1650 1155 1706 Sed
1182 1651 1332 1721 prior
1358 1650 1498 1706 bene
1524 1660 1699 1721 potest
1729 1666 1825 1721 per
1848 1659 2030 1722 typum

452 1742 742 1811 prophetas
767 1741 1102 1810 exprimere;
1144 1741 1270 1810 quia
1312 1755 1409 1809 per
1451 1741 1618 1810 ipsos,
1648 1741 1803 1811 quasi
1846 1741 1915 1795 de
1958 1740 2033 1795 fe-

1588 452 1938 510 COMMENT.
1974 450 2041 506 iN
2078 450 2337 509 LIBRUM
2376 451 2584 508 RU'I'H.

354 590 358 597 ‘
455 578 598 635 Dens
623 590 787 629 meus.
813 573 878 629 Et
897 573 1020 642 quis
1044 572 1148 628 hoc
1171 571 1387 628 nomine
1410 570 1602 627 melius
1622 571 1829 627 censeri
1854 578 2032 641 potest
2058 569 2105 629 Α
2132 567 2598 632 circumcisionem,
2623 574 2681 623 et
2701 573 2897 623 uetera
2924 567 3067 638 (Gal.
3103 567 3184 637 ιι).
3218 566 3369 635 Quod
3410 569 3542 622 bene
3589 568 3705 637 ipsa

3558 437 3698 506 sane

2131 656 2351 712 nomina
2375 657 2661 713 mulierum
2686 657 3028 727 exprimunt;
3059 657 3239 726 Orpha
3263 658 3407 712 enim
3437 658 3706 727 interpre-

2134 755 2279 802 tatur
2295 746 2467 801 cervix
2492 746 2630 816 ejus.
2671 746 2816 801 Ruth
2864 761 3013 811 vero,
3060 746 3269 811 videns,
3302 747 3381 801 vel
3432 746 3706 816 festinans,

2131 837 2245 892 sive
2267 837 2540 905 definiens.
2567 835 2633 890 Et
2653 837 2782 906 quid
2806 851 2905 905 per
2924 834 3185 906 Orpham,
3208 837 3309 891 nisi
3330 838 3610 893 credentes
3637 850 3705 893 ex

2130 925 2329 982 Iudaeis
2370 927 2759 998 designantur?
2784 927 2877 997 qui
2920 927 3147 982 cervicis
3177 928 3393 982 nomine
3424 928 3524 983 rite
3570 946 3709 985 nunc

2130 1027 2428 1085 eupantur;
2485 1019 2613 1087 quia
2645 1019 2814 1071 robur
2859 1017 3005 1082 ﬁdei,
3035 1025 3091 1071 et
3136 1016 3505 1072 fortitudinem
3553 1019 3709 1075 boum

2130 1107 2458 1175 operationis
2503 1116 2626 1178 post
2660 1108 3112 1163 resurrectionem
3161 1108 3373 1162 Domini
3408 1109 3507 1177 ipsi
3546 1111 3706 1181 primi

2131 1211 2477 1269 acceperunt,
2504 1203 2644 1257 unde
2669 1211 2724 1257 et
2748 1203 2814 1258 de
2839 1203 3108 1273 primitiva
3138 1203 3191 1257 in
3233 1203 3569 1261 Hierusalem
3602 1206 3705 1261 Ec-

2129 1289 2291 1344 clesia
2339 1292 2598 1361 scriptum
2632 1303 2717 1347 est
2755 1313 2768 1348 :
2807 1295 2947 1360 Quia
2996 1294 3345 1348 multitudinis
3387 1296 3706 1351 credentium

2128 1387 2240 1431 erat
2280 1396 2372 1433 cor
2394 1396 2578 1445 unum,
2606 1391 2655 1436 et
2703 1385 2881 1436 anima
2921 1401 3051 1449 una,
3085 1401 3177 1438 nec
3211 1385 3483 1456 quisquam
3525 1403 3705 1441 eorum

2128 1484 2245 1536 qua)
2288 1470 2587 1538 possidebat
2634 1471 2836 1542 aliquid
2863 1489 3018 1526 suum
3049 1489 3159 1527 esse
3196 1474 3416 1539 dicebat,
3444 1475 3534 1529 sed
3559 1488 3707 1530 erant

2128 1556 2234 1612 illis
2282 1559 2459 1612 omnia
2513 1562 2808 1614 communia
2854 1560 3010 1631 (Act.
3050 1561 3159 1631 tv).
3201 1561 3338 1628 Quid
3379 1570 3557 1617 autem
3612 1581 3708 1634 per

2132 1643 2296 1713 Ruth,
2351 1665 2473 1719 quae
2517 1650 2751 1705 videntis
2805 1650 2888 1705 vel
2931 1650 3237 1707 festinantis
3275 1653 3356 1708 vel
3403 1653 3709 1709 deﬁnientis

2129 1740 2347 1796 nomine
2372 1743 2680 1806 decoratur,
2703 1743 2809 1797 nisi
2847 1744 3154 1798 obedientia
3177 1753 3233 1799 et
3257 1745 3547 1800 credulitas
3579 1760 3707 1814 gen-

453 1843 657 1898 ncstra,
688 1833 921 1901 primum
953 1832 1076 1888 ﬁdei
1114 1833 1293 1887 lumen
1330 1834 1383 1887 in
1427 1834 1612 1888 orbem
1655 1833 1939 1902 processit,
1967 1848 2032 1887 ac
2131 1827 2267 1882 tium
2312 1831 2687 1885 monstratur?
2724 1831 2791 1886 de
2819 1845 2924 1900 qua
2950 1831 3207 1887 Dominus
3231 1848 3328 1903 per
3364 1832 3706 1888 Psalmistam

452 1922 550 1991 ipsi
585 1924 694 1977 veri
720 1921 961 1987 luminis,
992 1924 1134 1993 quod
1161 1933 1245 1979 est
1265 1922 1530 1988 Christus,
1570 1923 1728 1993 primi
1769 1923 2030 1991 praedica-
2060 1903 2106 1961 Β
2133 1918 2240 1973 ait:
2268 1917 2521 1990 Populus,
2549 1938 2701 1992 quem
2723 1938 2825 1976 non
2854 1924 3086 1992 cognovi,
3116 1924 3323 1978 servivit
3348 1925 3494 1977 mihi.
3514 1926 3588 1977 Ab
3610 1941 3698 1978 au-

453 2021 594 2067 tores
622 2011 792 2066 l'uere.
828 2011 1070 2081 Sequens
1103 2028 1228 2068 vero
1255 2013 1347 2083 qui
1377 2013 1761 2082 interpretatur
1785 2029 2029 2067 consum-

450 2102 634 2167 matio,
662 2103 995 2157 demonstrat
1017 2102 1328 2172 Apostolos,
1358 2103 1448 2174 qui
1473 2103 1576 2157 hoc
1599 2103 1738 2171 quod
1760 2102 2031 2172 propheta:

448 2206 547 2261 per
568 2192 792 2262 tenigtna
821 2192 1260 2263 designaverunt,
1292 2193 1493 2262 apertis
1520 2193 1743 2247 vocibus
1770 2192 2028 2262 explana-

451 2290 662 2348 verunt,
705 2290 866 2351 atque
897 2284 963 2337 ad
992 2283 1512 2338 consummationem
1549 2282 1692 2352 pleni
1732 2283 2032 2338 intellectus

449 2374 842 2444 perduxerunt;
871 2375 938 2428 ad
967 2390 1101 2443 quos
1130 2376 1245 2443 ipsa
1268 2376 1482 2430 Veritas
1511 2375 1562 2428 in
1596 2374 1881 2445 Evangelio
1909 2375 1985 2429 ait
2012 2392 2025 2428 :

451 2465 601 2519 Beati
640 2466 779 2520 oculi
805 2466 894 2535 qui
930 2465 1100 2519 vident
1137 2482 1254 2535 qua:
1286 2482 1370 2520 vos
1405 2464 1607 2530 videtis,
1642 2476 1687 2519 et
1726 2482 1878 2518 aures
1914 2481 2032 2533 quae

451 2555 675 2609 audiunt
708 2572 825 2626 qua:
851 2572 938 2610 vos
967 2557 1184 2610 auditis.
1217 2557 1344 2612 Dico
1373 2558 1509 2612 enim
1545 2557 1687 2610 vobis
1712 2556 1851 2626 quod
1880 2556 2032 2610 multi

449 2644 713 2713 propheta:
749 2654 795 2698 et
828 2644 965 2714 justi
995 2644 1268 2698 voluerunt
1297 2646 1470 2700 videre
1492 2662 1610 2716 quae
1634 2663 1722 2700 vos
1750 2645 1950 2711 videtis,
1982 2654 2032 2700 et

452 2748 556 2784 non
592 2732 865 2798 viderunt;
888 2742 937 2787 et
962 2734 1147 2787 audire
1170 2750 1287 2803 qua:
1307 2735 1524 2800 auditis,
1551 2744 1598 2789 et
1626 2752 1728 2789 non
1750 2735 2026 2791 audierunt

453 2817 608 2876 (Luc.
635 2820 712 2890 ιι).
739 2821 829 2876 lsti
852 2838 980 2892 ergo
1006 2824 1199 2879 merito
1236 2824 1528 2895 Ephrathei
1563 2833 1619 2880 et
1653 2826 1719 2881 de
1755 2825 2028 2882 Bethleem

450 2905 588 2960 .luda
617 2909 793 2963 exorti
827 2922 1219 2979 memorantur,
1259 2914 1386 2983 quia
1428 2929 1567 2983 pane
1607 2915 1810 2970 caelesti
1846 2916 2030 2972 satiati

450 3007 549 3063 per
572 2996 1003 3063 praedicationem
1031 2999 1306 3071 Evangelii
1337 3001 1542 3058 fructus
1565 3004 1882 3075 colligebant
1913 3019 2030 3059 ere-

449 3080 692 3136 dentium
714 3085 1053 3153 populorum.
1076 3088 1417 3158 Ephratheus
1440 3106 1568 3162 ergo
1595 3092 1905 3162 frugifer,et
1923 3093 2026 3147 Be-

452 3167 651 3223 thleem
685 3171 870 3225 domus
913 3174 1086 3241 panis,
1128 3182 1289 3243 atque
1330 3175 1465 3231 Juda
1506 3179 1759 3247 confessio
1802 3182 2020 3237 dicitur.

452 3257 714 3330 Prmcepit
743 3279 864 3334 ergo
901 3264 1160 3320 Dominus
1186 3241 1464 3337 discipulis
1491 3241 1614 3324 suis
1634 3271 1685 3325 iu
1715 3271 2021 3342 Evangelio,
2055 3241 2101 3304 ο

452 3356 512 3403 ιιι
548 3352 734 3406 turbas
768 3351 868 3421 ipsi
901 3353 1217 3419 reﬁcerent,
1256 3355 1440 3410 dicens
1468 3357 1548 3412 eis
1581 3376 1595 3412 :
1638 3357 1736 3412 Vos
1772 3360 1893 3414 date
1924 3360 2031 3416 illis

451 3438 771 3493 manducare
801 3439 950 3511 (Luc.
976 3440 1075 3513 ιιι).
1113 3441 1180 3497 Et
1206 3443 1333 3498 item
1368 3463 1381 3498 :
1412 3445 1636 3510 Euntes,
1666 3447 1861 3517 inquit,
1888 3468 2029 3520 pra:-

450 3525 619 3580 dicate
652 3526 991 3598 Evangelium
1018 3532 1161 3600 regni
1204 3530 1396 3603 (Marc.
1428 3534 1559 3603 xvr).
1592 3534 1659 3587 Et
1683 3537 1811 3590 item
1845 3557 1858 3591 :
1889 3538 2029 3609 Ego,

451 3615 550 3677 ait,
578 3613 703 3683 elegi
728 3632 815 3668 vos
843 3618 905 3670 de
929 3619 1142 3681 mundo,
1170 3629 1225 3673 ut
1253 3622 1407 3686 eatis,
1428 3632 1475 3677 et
1502 3622 1734 3691 fructum
1758 3624 2026 3695 deferatis,

449 3711 497 3753 ct
525 3700 727 3769 fructus
756 3713 921 3757 vester
949 3716 1156 3760 maneat
1186 3706 1366 3778 (Joan.
1399 3709 1511 3780 xv).

530 3788 888 3862 Ingressisque
947 3794 1204 3863 regionem
1257 3795 1631 3864 Moabitidem,
1688 3801 2031 3855 morabantur

447 3877 557 3940 ibi;
597 3886 646 3931 et
676 3889 913 3935 mortuus
939 3892 1014 3936 est
1052 3883 1337 3939 Elimeleclt
1368 3888 1587 3941 maritus
1620 3888 1828 3943 Noemi.
1872 3889 2027 3945 Ordi-

447 3966 589 4020 natis
621 3982 744 4036 ergo
772 3968 841 4022 ab
876 3969 991 4037 ipso
1016 3971 1240 4028 Domino
1268 3975 1576 4031 doctoribus
1603 3986 1655 4032 et
1684 3979 1752 4032 ad
1800 3980 2028 4035 salutem

451 4055 731 4110 hominum
763 4059 1067 4126 destinatis,
1099 4063 1189 4131 qui
1239 4065 1293 4119 in
1323 4064 1506 4121 Judaea
1538 4068 1805 4137 primitus,
1838 4086 2027 4127 secun-

449 4143 575 4197 dum
603 4159 929 4216 praeceptum
977 4150 1211 4218 Domini,
1232 4169 1359 4210 oves
1396 4172 1515 4227 quae
1541 4158 1815 4227 perierant
1838 4162 2028 4217 domus

448 4230 633 4298 Israel,
666 4238 941 4305 requirere
983 4241 1295 4309 certabant,
1323 4246 1501 4301 subito
1529 4249 1710 4316 passio
1744 4250 2028 4306 intervenit

450 4322 845 4395 Redemptoris,
863 4331 951 4398 qui
968 4340 1316 4402 posteaquam
1348 4340 1703 4393 resurrexerit
1724 4356 1754 4393 a
1776 4342 2022 4406 mortuis,

447 4427 571 4465 eum
594 4428 757 4469 carne
788 4432 951 4485 quam
996 4423 1288 4491 assumpsit
1314 4424 1380 4479 de
1407 4426 1623 4481 homine
1663 4445 1761 4497 pro
1796 4430 2026 4483 homini-

446 4500 568 4564 bus,
594 4503 834 4558 ascendit
863 4505 917 4559 in
956 4507 1172 4574 cmlum,
1204 4520 1261 4564 et
1300 4512 1437 4565 sedit
1462 4513 1513 4567 in
1550 4515 1766 4570 dextera
1795 4516 1913 4581 Dei,
1940 4534 2026 4574 re-

448 4590 749 4662 tnansitque
774 4608 969 4663 sponsa
997 4596 1195 4665 ipsius,
1225 4600 1325 4654 hoc
1349 4610 1431 4655 est
1461 4612 1647 4658 sancta
1698 4575 2022 4670 Ecclesia,in
2049 4575 2102 4634 Β

449 4677 679 4733 incolatu
706 4681 862 4736 istius
897 4686 1100 4759 mundi,
1128 4703 1250 4740 cum
1282 4688 1406 4744 ﬁliis
1439 4692 1551 4746 suis
1590 4696 1792 4750 sanctis
1837 4697 2023 4765 utique

446 4765 775 4833 doctoribus,
804 4772 894 4840 qui
943 4785 1267 4844 acceperunt
1296 4793 1492 4834 uxores
1524 4778 1863 4851 Moabitides,
1894 4802 2024 4855 qna-

447 4869 565 4907 ruzn
592 4872 696 4910 una
721 4861 1014 4915 vocabatur
1051 4862 1251 4934 Orpha,
1279 4875 1333 4920 et
1355 4867 1522 4923 altera
1558 4869 1714 4937 ΠαιΙι,
1752 4889 1874 4928 cum
1895 4890 2023 4945 apo-

444 4944 566 4999 stoli
594 4954 649 5000 ct
672 4949 1051 5026 prtedicatores
1072 4956 1245 5010 sancti
1282 4957 1510 5013 duarum
1542 4960 1777 5030 plebium
1803 4964 1904 5018 sibi
1934 4944 2023 5020 as-

445 5037 728 5094 sociabant
751 5045 1105 5110 consortium,
1139 5046 1266 5118 quia
1298 5050 1390 5105 alii
1420 5066 1489 5106 ex
1530 5055 1662 5124 ipsis
1684 5055 1875 5111 directi
1904 5062 2030 5113 sunt

445 5127 511 5180 ad
559 5130 961 5197 praedicandum
1004 5135 1058 5190 in
1090 5139 1557 5198 circumcisionem
1583 5186 1598 5208 ,
1656 5146 1745 5202 alii
1794 5165 1923 5204 vero
1960 5152 2028 5206 ad

445 5226 634 5309 gentes
662 5225 1036 5281 convocandas
1062 5226 1115 5281 in
1136 5231 1448 5287 societatem
1475 5234 1618 5290 ﬁdei.
1639 5236 1791 5293 Unde
1816 5251 2030 5309 aposto-

444 5303 529 5361 lus
548 5305 748 5367 Paulus
773 5312 839 5367 ad
861 5312 1081 5373 Galatas
1108 5319 1373 5386 scribens,
1394 5322 1470 5377 ait
1502 5342 1514 5376 :
1542 5323 1647 5388 Qui
1678 5328 1814 5380 enim
1846 5303 2025 5398 opera-

446 5406 531 5454 tus
578 5411 653 5457 est
698 5402 856 5459 Petro
903 5407 958 5461 in
985 5409 1280 5480 apostolatu
1313 5413 1749 5481 circumcisionis,
1785 5428 2025 5488 operatus

440 5497 589 5545 estet
609 5493 739 5546 mihi
765 5495 900 5548 inter
918 5509 1110 5565 gentes.
1142 5500 1211 5555 Et
1245 5519 1362 5556 cum
1397 5506 1750 5574 cognovissent
1772 5511 2020 5577 gratiam,

444 5595 562 5648 qua:
588 5582 716 5638 data
744 5594 819 5638 est
840 5587 986 5650 mihi,
1012 5586 1198 5646 Petrus
1220 5602 1268 5647 et
1289 5593 1518 5649 Iacobus
1542 5605 1589 5649 et
1618 5597 1904 5664 Iohannes,
1933 5604 2024 5670 qui

447 5670 755 5728 ridebantur
781 5676 1037 5733 columna:
1074 5697 1216 5747 esse,
1246 5684 1457 5741 dextras
1502 5686 1753 5741 dederunt
1799 5690 1925 5745 mihi
1974 5703 2022 5747 et

448 5759 708 5820 Barnabas
769 5767 1050 5837 societatis,
1092 5781 1147 5825 ut
1180 5789 1273 5827 nos
1302 5774 1355 5826 in
1379 5785 1579 5844 gentes,
1620 5776 1718 5844 ipsi
1754 5788 1928 5833 autem
1966 5782 2018 5835 in

2130 2007 2246 2061 ditu
2273 2009 2418 2062 auris
2442 2009 2687 2065 obediunt
2708 2012 3023 2081 mihi(Psal.
3042 2013 3198 2084 xvu).
3215 2014 3283 2069 Et
3303 2015 3432 2069 item
3463 2013 3706 2069 τᾸίιΙιίο-

2130 2095 2238 2165 pia,
2280 2095 2476 2165 inquit,
2523 2098 2787 2168 festinavit
2823 2117 3012 2156 manus
3041 2102 3156 2172 ejus
3205 2103 3333 2157 dare
3374 2103 3483 2158 Deo
3522 2103 3705 2175 (Psal.

2130 2185 2321 2258 van).
2355 2186 2806 2244 Couvocabantur
2837 2206 2968 2260 ergo
2998 2192 3081 2247 ha:
3118 2192 3238 2248 dua:
3280 2193 3464 2262 plebes
3490 2208 3589 2265 per
3612 2196 3709 2248 do-

2129 2281 2310 2330 ctores
2359 2284 2579 2332 sanctos
2625 2277 2694 2332 ad
2728 2274 3058 2334 consortium
3088 2280 3232 2346 ﬁdei,
3275 2289 3330 2337 et
3371 2284 3438 2337 ad
3475 2283 3708 2337 societa-

2132 2371 2239 2418 tem
2303 2365 2599 2421 electorum
2658 2381 2758 2435 per
2820 2368 3166 2440 Evangelium
3225 2378 3350 2425 sunt
3403 2370 3666 2440 copulata!
3692 2414 3706 2435 ,

2130 2464 2395 2524 quatenus
2428 2473 2495 2512 ex
2545 2457 2775 2514 diversis
2820 2461 3105 2532 gregibus,
3150 2462 3446 2517 secundum
3497 2471 3712 2517 sentcn-

2133 2548 2262 2601 tiam
2310 2544 2566 2617 Domini,
2614 2566 2783 2606 unum
2834 2550 2993 2607 ﬁeret
3044 2553 3186 2608 ovile
3228 2562 3284 2609 et
3336 2570 3481 2609 unus
3526 2564 3713 2624 pastor

2132 2638 2315 2709 (Joan.
2360 2640 2439 2712 ι).

2723 2733 2951 2791 CAPUT
2999 2736 3062 2788 ll.

2132 2841 2285 2908 Quod
2326 2845 2400 2898 ibi
2446 2846 2522 2901 eis
2562 2850 2889 2903 morantibus
2943 2851 3117 2904 decem
3163 2854 3316 2905 annis
3366 2854 3517 2906 ambo
3563 2853 3712 2906 liberi

2199 2930 2379 2968 eorum
2426 2917 2621 2969 mortui
2662 2927 2805 2984 sunt,
2854 2919 3110 2974 Mahalon
3138 2922 3372 2975 videlicet
3414 2932 3462 2975 ct
3506 2920 3708 2985 Gelion,

2200 2985 2550 3064 remansitque
2588 2984 2777 3040 mulier
2814 2988 2997 3043 orbata
3037 2991 3239 3045 duobus
3283 2991 3461 3046 liberis
3495 3003 3543 3046 et
3595 2984 3711 3046 mu?-

2201 3063 2323 3106 ντιο.

2201 3179 2374 3253 (Imm)
2401 3182 2810 3256 Hauseruntque
2829 3185 2902 3240 ibi
2935 3186 3109 3241 decem
3129 3190 3303 3253 annis,
3331 3198 3379 3243 et
3396 3190 3548 3244 ambo
3576 3207 3713 3244 mor-

2130 3271 2208 3322 tui
2238 3283 2380 3336 sunt,
2410 3273 2663 3329 Hahalon
2699 3276 2937 3331 videlicet
2979 3287 3029 3332 et
3068 3278 3304 3333 Chelion.
3344 3278 3712 3351 Remansitqne

2130 3356 2320 3411 mulier
2348 3362 2529 3416 orbata
2556 3362 2761 3419 duobus
2803 3364 2981 3421 liberis
3009 3377 3058 3421 et
3105 3369 3318 3422 marito.
3365 3368 3433 3422 Et
3479 3371 3708 3424 surrexit

2131 3457 2188 3499 ut
2215 3449 2269 3500 in
2292 3451 2518 3515 patriam
2548 3463 2780 3520 pergeret
2815 3471 2935 3506 cum
2975 3466 3196 3525 utraque
3220 3473 3357 3510 nuru
3398 3474 3496 3511 sua
3531 3459 3596 3512 de
3625 3475 3709 3513 re-

2129 3538 2280 3605 gione
2301 3538 2605 3596 Moabitide.
2639 3545 2894 3600 Audierat
2936 3549 3073 3601 enim
3102 3551 3244 3619 quod
3274 3553 3576 3621 respexisset
3596 3553 3713 3608 Do»

2130 3624 2301 3678 minns
2344 3627 2592 3696 populum
2619 3648 2798 3697 suum,
2829 3644 2879 3688 et
2916 3635 3139 3690 dedisset
3169 3638 3244 3692 eis
3285 3655 3450 3695 escas.
3500 3641 3711 3697 Mense-

2130 3722 2257 3768 runt
2280 3731 2408 3786 ergo
2445 3718 2551 3774 duo
2581 3721 2672 3775 lilii
2704 3723 2994 3781 Elimelech
3038 3727 3095 3781 in
3131 3735 3273 3782 terra
3320 3731 3710 3801 peregrinatio-

2130 3805 2215 3860 nis
2235 3822 2347 3861 sua:
2372 3809 2559 3864 decem
2595 3815 2772 3880 annis,
2819 3823 2874 3871 et
2917 3818 3116 3872 mortui
3146 3828 3292 3883 sunt,
3328 3835 3450 3875 cum
3479 3824 3707 3892 apostoli

2128 3904 2184 3951 et
2215 3898 2489 3967 propheta:
2540 3911 2660 3970 post
2706 3905 3090 3984 perfectionem
3142 3910 3215 3980 pii
3273 3911 3494 3978 laboris,
3545 3929 3707 3984 quem

2128 3985 2403 4044 habebant
2433 3990 2488 4044 in
2515 3978 2761 4048 doctriiia
2792 3996 3024 4063 plebium
3049 4008 3106 4055 et
3127 3978 3390 4058 exercitio
3418 3978 3703 4073 virtu-tum,

2129 4077 2196 4131 de
2233 4078 2468 4135 incolatu
2506 4082 2664 4140 istius
2687 4088 2872 4143 mundi
2897 4090 2963 4143 ad
2992 4092 3214 4147 cteleste
3252 4110 3478 4165 regnum
3507 4097 3710 4168 migra-

2129 4175 2276 4233 runt,
2304 4176 2365 4223 ut
2390 4185 2487 4238 pm
2532 4173 2748 4242 expleto
2793 4177 3061 4248 Decalogo
3102 4182 3478 4238 mandatorum
3499 4225 3513 4248 ,
3541 4185 3708 4241 dena-

2130 4256 2282 4333 rium
2316 4261 2625 4329 acciperent
2662 4272 2877 4321 aeternas
2922 4269 3284 4325 beatitudinis.
3321 4273 3705 4345 Rcmansitqne

2128 4349 2322 4403 mulier
2345 4351 2535 4405 orbata
2565 4354 2774 4410 duobus
2802 4356 2989 4413 liberis
3013 4374 3076 4415 ac
3103 4362 3319 4428 marito,
3350 4380 3473 4419 cum
3519 4379 3706 4423 sancta

2127 4436 2369 4491 Ecclesia
2405 4439 2459 4492 in
2505 4445 2940 4514 peregrinatione
2967 4447 3129 4517 hujus
3170 4454 3352 4507 mundi
3384 4458 3703 4525 persistens,

2127 4534 2247 4594 post
2293 4530 2667 4587 ascensionem
2718 4534 3055 4591 Dominicam
3107 4539 3160 4594 in
3194 4542 3384 4607 caelos,
3434 4548 3705 4617 corporali

2130 4617 2416 4684 prmsentia
2454 4621 2676 4675 carebat
2724 4622 3042 4691 Salvatoris,
3080 4629 3204 4684 licet
3261 4631 3542 4701 majestate
3571 4638 3705 4693 divi-

2131 4706 2315 4763 nitatis
2337 4720 2461 4764 cum
2483 4711 2600 4781 ipsa
2630 4714 2701 4769 sit
2729 4731 2962 4786 semper.
2990 4719 3096 4774 Sed
3133 4737 3306 4792 neque
3337 4725 3437 4795 ipsi
3476 4731 3701 4797 apostoli

2129 4803 2186 4849 et
2220 4798 2499 4868 prophetae
2532 4811 2659 4871 post
2699 4806 2905 4861 obitum
2948 4813 3228 4877 praesentis
3255 4814 3409 4880 vitae,
3438 4818 3700 4887 corporali

2128 4890 2561 4957 conversatione,
2589 4909 2711 4949 cum
2735 4912 2799 4951 ea
2828 4912 2947 4953 esse
2971 4909 3253 4968 poterant,
3283 4904 3410 4960 licet
3447 4908 3701 4960 orationi-

2127 4976 2229 5032 bus
2257 4992 2446 5034 eorum
2488 4990 2544 5036 et
2573 4985 2788 5054 scriptis
2825 4990 3068 5057 quotidie
3099 4990 3398 5059 adjuvetur.
3453 4995 3707 5048 Surrexit»

2130 5067 2346 5135 quidem
2369 5072 2583 5139 mulier,
2609 5083 2669 5129 ut
2696 5076 2750 5129 in
2772 5079 2998 5147 patriam
3028 5091 3278 5152 pergeret
3316 5096 3438 5134 eum
3469 5089 3696 5150 utraque

2128 5173 2267 5213 nuru
2299 5175 2412 5225 sua,
2441 5177 2507 5218 eo
2538 5166 2681 5233 quod
2716 5168 2961 5224 audierat
2988 5173 3131 5241 quod
3162 5171 3491 5240 respexisset
3515 5170 3696 5227 Domi-

2128 5261 2230 5302 nus
2268 5251 2525 5320 populum
2562 5269 2895 5312 suum:cum
2943 5261 3179 5314 maximo
3226 5260 3405 5314 studio
3455 5260 3557 5315 hoc
3585 5262 3696 5331 agit

2127 5346 2300 5393 mater
2320 5341 2581 5408 Ecclesia,
2607 5354 2666 5399 ut
2690 5346 2871 5414 plebes
2896 5362 3031 5416 quas
3066 5346 3290 5415 apostoli
3321 5354 3377 5401 et
3417 5351 3693 5418 prophetae

2130 5434 2369 5497 tempore
2390 5445 2491 5486 suo
2519 5432 2878 5500 instruebant,
2917 5434 2983 5489 ad
3023 5435 3283 5488 unitatem
3326 5435 3470 5501 lidei,
3507 5445 3565 5491 et
3600 5452 3690 5492 so-

2127 5517 2378 5573 cietatem
2416 5522 2692 5590 religionis
2739 5524 3056 5578 Christiana:
3104 5524 3396 5592 perducat;
3448 5527 3575 5595 quia
3602 5542 3695 5582 ve—

2125 5608 2326 5663 raciter
2374 5609 2653 5678 Scriptura
2713 5612 3001 5679 referente,
3053 5614 3263 5680 didicit,
3317 5618 3463 5686 quod
3512 5615 3695 5687 justus

2125 5711 2399 5765 nunquam
2447 5699 2519 5752 sit
2543 5699 2829 5753 derelictus
2874 5698 3057 5769 (Psal.
3105 5706 3332 5777 xxxvi),
3377 5721 3479 5762 nec
3508 5722 3693 5763 semen

2122 5784 2237 5854 ejus
2266 5787 2476 5856 cguerit
2512 5801 2669 5854 pane,
2705 5786 2795 5841 illo
2820 5788 3067 5846 videlicet
3095 5808 3261 5862 pane,
3304 5798 3395 5865 qui
3442 5799 3508 5852 de
3555 5800 3692 5852 coelo
