4000 6186
264 367 405 426 £203
953 366 1011 422 Β.
1052 366 1305 423 RABANI
1347 368 1565 428 MAURI
1604 371 1922 429 ARCHIEP.
1961 373 2267 433 MOGUNT.
2304 376 2588 437 OPERUM
2619 378 2802 437 PARS
2833 368 2876 436 Ι.
3377 384 3526 442 εξοι

262 480 573 544 descendit,
621 478 723 536 hoc
771 486 889 545 est,
929 494 1069 550 pane
1104 481 1261 545 vitae,
1298 497 1457 551 quem
1498 483 1588 551 qui
1631 482 1839 538 veraci-
1868 489 1918 547 Α
1943 485 2178 542 osculata
2234 498 2310 543 est
2347 504 2553 543 socrum
2576 529 2590 552 ,
2640 503 2705 543 ac
2740 504 2943 545 reversa
2986 488 3123 545 Ruth
3175 492 3394 547 adhtesit
3430 512 3532 550 so.

262 581 349 626 ter
384 568 809 634 manducaverit,
841 582 947 625 non
974 578 1236 625 morietur
1259 572 1312 625 in
1346 580 1612 626 .eternum
1641 571 1836 641 (Joan.
1942 580 2058 633 erui
2083 596 2215 634 sua’.
2254 579 2352 635 Cui
2376 581 2511 635 dixit
2541 579 2732 636 Noemi
2773 598 2792 637 :
2824 582 2907 636 En
2949 599 3151 637 reversa
3194 595 3267 638 est
3295 598 3525 656 cognata

262 676 315 715 τι
622 706 631 713 .
1942 681 2036 726 tua
2060 670 2130 725 ad
2148 672 2393 743 populum
2423 684 2570 727 tuum
2591 684 2640 727 et
2668 673 2737 727 ad
2771 674 2894 729 deos
2921 691 3072 740 suos,
3114 677 3241 731 vade
3269 696 3387 731 cum
3430 698 3520 734 ea.

878 747 1104 803 CAPUT
1145 747 1229 802 ΙΙΙ.
1945 758 2077 825 Quae
2112 763 2373 831 respondit
2405 776 2422 814 :
2456 762 2536 816 Ne
2576 764 2861 844 adverseris
2918 765 3079 829 mihi,
3122 776 3180 819 ut
3226 768 3519 839 relinquam

264 859 418 927 Quod
458 876 663 929 egressa
710 857 898 912 Noemi
938 858 1003 912 de
1051 856 1166 913 loco
1210 859 1652 929 peregrinationis
1695 876 1805 913 sum
1942 861 2023 916 τε,
2074 861 2120 905 et
2169 852 2383 910 abeam:
2415 869 2725 924 quocunque
2788 856 3079 921 porrexeris
3132 871 3382 926 pergam;
3426 860 3518 912 8⁸νὲ

333 946 451 984 cum
474 928 692 999 utraque
716 945 874 992 nuru,
891 928 944 981 in
967 938 1160 1015 terrism
1186 928 1331 982 Juda
1354 930 1537 1010 reverti
1554 930 1840 1011 disposuit,

1942 950 2145 994 morata
2194 940 2384 1009 [ueris,
2443 951 2491 994 et
2545 958 2639 1012 ego
2690 943 2889 1010 pariter
2935 944 3180 998 morabor
3222 959 3241 995 :
3291 948 3518 1015 populus

333 1016 598 1100 {ignisque
643 1015 765 1052 suas
822 998 1022 1068 regredi
1066 1014 1123 1050 in
1165 1008 1359 1052 terram
1403 1008 1689 1052 nativitatis
1731 1014 1842 1052 sua:
1876 1056 1883 1061 _
1942 1039 2093 1091 mus,
2133 1030 2353 1099 populi"
2383 1046 2561 1091 meus,
2601 1040 2649 1083 et
2681 1030 2820 1084 Dem
2843 1040 2984 1095 “ms,
3019 1032 3159 1087 Deus
3192 1051 3355 1088 meus.
3382 1035 3520 1100 oue

2048 1080 2093 1091 κ,
2133 1080 2151 1098 ,
2178 1080 2245 1099 7,”
2548 1080 2561 1091 ,
2603 1080 2641 1083 ρ
2681 1080 2709 1083 _
3019 1080 3157 1087 --η
3193 1080 3355 1088 νην.-.
3384 1080 3512 1100 κη.-

331 1080 522 1122 8mm"
1941 1128 1989 1172 te
2040 1120 2343 1172 morientem
2390 1129 2529 1172 terra
2566 1121 2884 1189 susceperit.
2915 1122 2971 1175 in
3021 1139 3083 1175 ea
3133 1124 3358 1184 moriar,
3411 1125 3518 1178 ib:-

333 1202 510 1275 ([31]).)
526 1201 751 1272 Egressa
766 1210 838 1255 est
862 1202 1035 1270 itaque
1060 1200 1252 1255 deloco
1272 1202 1704 1271 peregrinationis
1730 1217 1840 1255 sua:
1941 1225 2042 1279 que
2064 1208 2234 1262 locum
2258 1209 2507 1279 accipiam
2529 1207 2832 1276 sepulturw.
2858 1210 2989 1267 [Iazc
3020 1212 3144 1266 mihi
3166 1214 3327 1283 faciat
3351 1214 3516 1278 Deus,

263 1309 381 1347 cum
430 1302 648 1363 utraque
697 1308 855 1356 ιιιινυν
892 1301 939 1345 εί
960 1291 1078 1360 jam
1117 1292 1171 1345 ίη
1213 1292 1294 1345 vi“
1332 1292 1502 1360 Ροείία
1551 1292 1839 1344 “vellendi
1941 1310 1988 1354 et
2026 1302 2137 1354 ha’c
2182 1300 2367 1364 addat,
2410 1301 2456 1354 si
2488 1318 2591 1355 non
2617 1300 2730 1355 sola
2759 1319 2899 1357 mors
2926 1320 3007 1358 me
3032 1322 3065 1357 a
3098 1315 3148 1359 te
3177 1308 3514 1376 separarerit.

260 1386 529 1447 ἱλιτενναηι
572 1381 736 1445 Ιηάαι
772 1382 902 1435 dixit
929 1382 997 1435 αά
1025 1398 1114 1435 εαε
1140 1395 1159 1433 -'
1201 1380 1282 1436 Ῐιε
1314 1383 1369 1435 in
1400 1382 1612 1435 domum
1657 1384 1839 1436 matris
1942 1389 2047 1443 Per
2073 1390 2167 1443 has
2204 1390 2339 1444 duas
2365 1390 2639 1454 mulieres,
2675 1407 2902 1461 quarum
2944 1410 3048 1448 una
3101 1395 3226 1449 licet
3273 1397 3516 1452 dolorem

260 1482 460 1537 restria,
489 1472 649 1542 faciat
671 1471 927 1526 Dominus
959 1471 1221 1527 vobiscum
1241 1471 1673 1535 misericordiam,
1701 1472 1839 1525 sicut

1942 1481 2296 1548 separationis
2322 1480 2375 1534 in
2406 1480 2548 1535 luctu
2576 1483 2889 1549 ostenderit,
2905 1491 3085 1539 tamen
3105 1501 3133 1539 a
3155 1500 3309 1540 socru
3337 1502 3519 1543 seces-

262 1563 458 1632 fecistis
487 1578 605 1616 cum
632 1564 850 1616 mortuis
874 1570 923 1616 et
951 1578 1184 1628 mecum;
1228 1568 1313 1616 det
1341 1564 1477 1617 vobis
1500 1564 1730 1616 invenire
1761 1579 1840 1616 re-
1942 1570 2045 1635 sit;
2072 1571 2241 1624 altera
2287 1571 2557 1626 destinato
2605 1574 2787 1627 animo
2824 1588 2945 1627 cum
2988 1573 3077 1628 ma
3124 1577 3516 1645 perseveravit,

258 1654 431 1725 quiem
452 1654 507 1706 in
527 1652 766 1709 domibus
788 1654 1038 1719 virorum,
1053 1669 1181 1723 quos
1202 1653 1467 1706 sortitum:
1480 1652 1666 1717 estis,et
1691 1668 1838 1705 oscu-

1941 1661 2280 1732 signiﬁcatur
2308 1663 2556 1717 distantia
2581 1664 2935 1718 credentium.
2963 1663 3097 1717 Nam
3128 1664 3218 1719 alii
3250 1675 3369 1736 post
3395 1680 3520 1735 per-

261 1743 373 1797 lata
394 1752 471 1798 est
493 1759 602 1807 eos,
621 1750 675 1797 et
701 1752 916 1797 cetera.
948 1742 1088 1809 Quid
1119 1750 1204 1796 est
1221 1742 1362 1812 quod
1393 1743 1509 1796 haec
1527 1741 1721 1797 mulier
1744 1742 1837 1798 ad-

1946 1761 2155 1822 ceptam
2179 1753 2408 1823 gratiam
2444 1753 2692 1823 baptismi
2718 1762 2773 1808 et
2793 1754 3102 1808 societatem
3132 1753 3253 1808 ﬁdei
3281 1764 3427 1810 retro
3450 1756 3520 1810 ad

264 1832 532 1888 versando
555 1832 782 1889 nuribus
804 1834 922 1887 suis
945 1832 1199 1887 resistere
1222 1832 1458 1897 videtur,
1480 1846 1549 1886 ne
1575 1846 1757 1886 secum
1786 1831 1839 1885 in
1869 1823 1917 1882 Β
1944 1858 2157 1897 errores
2181 1843 2438 1913 pristinos
2467 1844 2823 1898 mimum“;
2864 1858 3092 1926 quorum
3121 1851 3306 1914 typum
3354 1845 3522 1915 gessi;

263 1936 463 1981 terram
486 1924 651 1981 Israel
677 1924 935 1996 pergant?
965 1922 1078 1979 Nisi
1102 1923 1244 1994 quod
1268 1930 1454 1977 sancta
1475 1921 1717 1977 Ecclesia
1735 1935 1841 1974 non
1941 1931 2146 2002 ονριη,
2175 1947 2295 2001 qua,
2329 1934 2395 1987 ad
2436 1934 2565 1988 deos
2614 1948 2741 1988 5mg
2771 1942 2824 1986 ει
2853 1934 2917 1987 ad
2946 1921 3199 2004 p'npulum
3249 1949 3402 1988 suum
3437 1951 3520 1989 re.

262 2016 586 2081 indiscrete,
632 2015 726 2070 sed
782 2013 1175 2069 rationabiliter
1200 2026 1263 2067 ea
1298 2026 1417 2080 quae
1448 2010 1653 2081 agenda
1693 2017 1839 2072 sunt,

1940 2040 2097 2080 versa
2121 2032 2233 2091 est;
2260 2025 2348 2079 alii
2378 2040 2508 2079 vero
2545 2025 2771 2080 diﬁinito
2810 2026 3038 2080 consilio
3066 2036 3120 2080 et
3151 2025 3370 2079 instanti
3401 2035 3519 2080 stn-

261 2106 394 2176 agit,
435 2114 493 2161 et
520 2120 641 2176 qua:
669 2104 978 2174 recipienda
1028 2102 1260 2172 recipit:
1289 2101 1431 2156 sicut
1473 2108 1528 2155 et
1565 2098 1841 2170 apostolus

1940 2116 2029 2169 dio
2059 2123 2360 2185 sequuntur
2388 2115 2619 2186 gratiam
2666 2132 2828 2185 quam
2865 2124 3253 2186 perceperunt;
3287 2132 3517 2186 quorum

259 2198 496 2254 Joannes
545 2197 599 2251 ίη
641 2212 738 2253 sua
773 2197 1000 2266 "P351013
1049 2196 1303 2249 admonet
1327 2233 1342 2258 ν
1395 2192 1580 2248 dicens
1613 2208 1626 2244 ³
1662 2188 1842 2243 Nam“
1941 2206 2167 2278 ﬁguram
2201 2206 2342 2260 Ruth
2373 2207 2661 2276 expressit.
2700 2206 2825 2261 llaec
2867 2222 2996 2277 ergo
3022 2208 3271 2262 suadenti
3315 2208 3515 2268 socrui.

261 2291 403 2344 omni
445 2291 654 2360 spiritui
677 2289 908 2355 credere,
936 2287 1027 2343 sed
1055 2286 1271 2358 probate
1296 2286 1514 2354 spiritus
1549 2283 1595 2336 si
1625 2299 1689 2337 ex
1732 2281 1841 2335 Deo

1941 2304 2003 2351 ut
2024 2296 2225 2351 rediret
2262 2310 2385 2350 cum
2414 2297 2561 2351 socia
2605 2298 2658 2350 in
2688 2299 2917 2368 patriam
2948 2313 3122 2362 suam,
3170 2300 3282 2353 ait:
3312 2298 3393 2352 Ne
3421 2299 3517 2352 ad-

261 2383 366 2437 sint
387 2381 439 2450 (Ι
451 2381 612 2437 Joan.
634 2380 742 2453 iv);
764 2389 821 2436 et
843 2388 900 2434 ut
927 2381 1140 2450 probet,
1168 2380 1312 2449 quod
1334 2380 1471 2433 dona
1493 2376 1610 2440 Dei,
1639 2388 1759 2444 quae
1786 2374 1841 2428 in

1941 2387 2159 2442 versaris
2179 2386 2341 2451 mihi;
2370 2402 2676 2457 quocunque
2704 2388 3016 2456 perrexeris,
3039 2387 3128 2439 ubi
3164 2396 3367 2440 morata
3405 2386 3521 2455 fue-

262 2474 458 2529 divinis
495 2472 913 2528 charismatibus
946 2470 1281 2535 consistunt,
1328 2484 1434 2524 non
1477 2466 1660 2522 invitis
1681 2506 1696 2531 ,
1747 2464 1841 2520 sed
1943 2478 2038 2541 ris,
2072 2485 2119 2530 ει
2146 2492 2240 2547 ego
2265 2476 2462 2546 pariter
2489 2476 2756 2540 morabor,
2786 2483 2893 2530 etc,
2925 2476 3055 2542 Qua;
3082 2491 3184 2531 vox
3211 2476 3330 2531 sine
3358 2477 3520 2531 dubio

260 2563 581 2619 voluntariis
622 2561 939 2617 offeruntur.
966 2559 1155 2616 Gratia
1180 2559 1325 2615 enim
1361 2558 1583 2623 Christi.
1610 2572 1731 2628 quae
1756 2555 1840 2609 111-
1942 2576 2126 2639 typum
2153 2567 2464 2622 manifestat
2497 2566 2619 2621 ﬁdei
2645 2568 2924 2638 gentium:
2960 2568 3039 2622 sic
3076 2568 3223 2622 enim
3277 2568 3517 2623 Ecclesia

262 2662 349 2709 lI‘O
378 2652 605 2708 οσθΐιυν
629 2652 975 2717 hominibus.
1002 2659 1329 2721 εβοηιθηθοε
1361 2650 1555 2720 (ιιιτετίι
1594 2655 1843 2716 acceptor
1941 2672 2008 2713 ex
2034 2658 2302 2729 gentibus,
2327 2658 2394 2711 ad
2437 2656 2725 2712 Dominum
2774 2664 3088 2720 convocata,
3124 2656 3309 2711 relicta
3341 2657 3516 2726 patria

261 2762 372 2811 res,
410 2762 510 2802 nec
535 2745 768 2818 placebit
800 2746 908 2799 Deo
935 2759 1071 2815 opus
1113 2744 1227 2798 sive
1254 2742 1476 2806 donum.
1517 2740 1659 2812 quod
1700 2737 1843 2794 malo
1941 2764 2057 2813 sua,
2083 2750 2224 2806 quod
2263 2757 2347 2804 est
2372 2748 2702 2812 idololatria,
2747 2756 2803 2804 et
2826 2750 3029 2804 omissa
3056 2748 3261 2803 carnali
3291 2763 3518 2804 convcr-

261 2838 585 2909 expenditul‘
622 2837 824 2892 animo.
869 2834 1024 2892 Unde
1068 2835 1182 2906 ἱιιεθ
1208 2834 1469 2890 Dominus
1514 2833 1571 2888 in
1617 2831 1736 2901 lege
1773 2831 1843 2886 ab
1943 2843 2155 2897 satione
2206 2856 2272 2896 ac
2324 2841 2647 2906 desideriis,
2702 2841 2989 2912 proﬁtetur
3030 2842 3315 2896 Dominum
3360 2857 3517 2897 suum

261 2930 430 2987 Israel
480 2932 751 3002 primitias
792 2939 1070 3001 expetens,
1101 2929 1314 2985 locutus
1355 2935 1441 2983 est
1492 2927 1561 2982 ad
1599 2924 1841 2997 Moysen,

1942 2950 2086 3001 esse,
2111 2935 2166 2989 in
2191 2949 2350 3004 quem
2376 2935 2549 2990 sancti
2575 2935 2943 2998 crediderunt,
2975 2941 3031 2988 et
3056 2932 3181 2987 illuc
3210 2948 3269 2988 se
3297 2933 3515 2996 ituram,

264 3023 488 3079 dicens:
516 3021 751 3093 Loquere
776 3022 904 3091 ﬁliis
939 3020 1137 3087 Israel,
1167 3030 1228 3076 ut
1273 3019 1460 3075 tollant
1490 3019 1617 3073 mihi
1658 3018 1844 3088 primi-
1942 3025 2034 3080 ubi
2081 3038 2209 3080 caro
2250 3022 2452 3079 Christi
2479 3030 2603 3093 post
2649 3023 2955 3093 passionem
3002 3022 3264 3085 ascendit,
3314 3030 3368 3076 et
3412 3036 3514 3091 pro

263 3114 365 3169 tias
389 3127 409 3165 :
435 3112 499 3167 ab
526 3112 666 3166 omni
696 3111 923 3177 homine,
952 3110 1044 3182 qui
1070 3111 1220 3180 oﬂ'ert
1248 3111 1539 3175 ultroneus,
1579 3107 1842 3177 accipietis

1946 3114 2064 3182 ejus
2104 3115 2323 3169 nomine
2356 3115 2411 3169 in
2442 3116 2545 3170 hoc
2573 3115 2769 3170 saeculo
2794 3115 2905 3184 pati
2955 3129 3125 3184 usque
3163 3112 3226 3168 ad
3256 3124 3515 3178 mortem,

263 3221 350 3258 eas
378 3201 576 3274 (Emit.
610 3200 761 3271 xxv).
794 3201 930 3256 Hinc
954 3160 1009 3256 et
1031 3160 1146 3269 ipse
1174 3199 1426 3255 Salvator
1452 3200 1507 3253 in
1552 3195 1844 3266 Evangelia
1871 3160 1916 3222 Ο
1946 3162 2001 3259 ei
2044 3218 2168 3259 cum
2208 3211 2518 3258 sanctorum
2555 3204 2772 3275 populo,
2797 3160 3151 3275 rpatriarbbis
3194 3202 3401 3259 scilicet
3447 3160 3514 3259 at;

262 3292 575 3363 legisperito
610 3290 839 3345 tentanti
883 3289 1161 3359 respondit
1206 3307 1219 3342 :
1252 3287 1312 3342 Si
1354 3289 1430 3343 vis
1465 3285 1536 3340 ad
1564 3287 1723 3340 vitam
1761 3285 1846 3341 iu-
1944 3293 2243 3364 prophetis,
2273 3294 2794 3358 consociandum,de
2818 3309 3049 3364 quorum
3072 3293 3348 3358 societate,
3370 3294 3513 3361 quod

264 3381 431 3451 gredi,
455 3395 605 3433 serva
625 3378 895 3433 mandata.
924 3376 993 3432 Et
1034 3377 1161 3432 item
1193 3395 1207 3431 :
1243 3375 1302 3432 Si
1338 3377 1412 3432 vis
1450 3375 1708 3447 perfectus
1732 3390 1843 3429 me
1944 3383 2147 3437 sanctis
2171 3398 2235 3437 ex
2267 3383 2436 3453 stirpe
2468 3381 2699 3438 Abrahae
2726 3384 3067 3438 venientibus
3089 3383 3505 3447 consociaretur,

264 3472 413 3537 vade,
437 3471 596 3526 vende
626 3469 823 3536 omnia,
866 3484 983 3541 qua:
1008 3467 1189 3533 habes,
1228 3476 1277 3522 et
1305 3466 1376 3521 da
1415 3464 1755 3538 pauperibus,
1793 3473 1843 3519 et

1943 3471 2152 3542 Moyses
2180 3471 2233 3525 in
2263 3471 2475 3526 cantico
2500 3472 2754 3537 ostendit,
2772 3472 2984 3527 dicens:
3001 3469 3298 3536 Ltrtamini,
3319 3480 3509 3541 gentes,

264 3564 478 3619 habebis
532 3564 835 3619 thesaurum
886 3564 943 3617 in
994 3562 1142 3628 ctelo,
1193 3571 1242 3617 et
1299 3562 1430 3624 veni,
1491 3575 1703 3631 sequere
1759 3576 1843 3615 me
1944 3580 2062 3618 cum
2084 3562 2275 3634 populo
2296 3562 2414 3633 ejus
2438 3562 2615 3634 (Deut.
2639 3562 2845 3634 χχιιι),
2880 3563 2933 3618 id
2959 3570 3059 3628 est,
3086 3562 3141 3617 bi
3172 3561 3266 3631 qui
3294 3577 3362 3617 ex
3388 3576 3515 3633 gen-

264 3654 480 3725 (Matth.
514 3655 651 3724 vix).
699 3653 801 3709 Ubi
848 3653 994 3708 enim
1032 3650 1293 3722 cujusque
1318 3651 1566 3707 voluntas
1606 3651 1841 3721 requiri-
1943 3654 2088 3709 tibus
2115 3652 2269 3720 estis,
2298 3653 2556 3709 credituri
2578 3669 2700 3709 cum
2727 3653 2833 3709 illis
2867 3653 2958 3723 qui
2986 3651 3147 3723 primi
3187 3651 3343 3707 electi
3369 3658 3512 3716 sunt,

262 3755 375 3809 tur,
400 3745 510 3814 jam
558 3760 664 3799 non
690 3745 989 3800 necessitas
1013 3744 1341 3813 imponitur,
1370 3744 1466 3799 sed
1493 3743 1685 3799 electio
1729 3756 1842 3796 me-
1940 3749 2143 3798 aeterna
2181 3741 2366 3799 laetitia
2387 3742 2672 3799 exsultate.

263 3833 415 3888 lioris
441 3832 662 3902 proprio
713 3833 938 3888 arbitrio
978 3833 1320 3903 relinquitur.
1366 3832 1632 3889 Caeterum
1684 3832 1730 3887 si
1771 3832 1838 3886 ad
2551 3850 2778 3910 CAPUT
2824 3851 2911 3908 ιγ,

265 3922 603 3996 Synagogam
627 3922 881 3992 prredicta
910 3924 1073 3978 verba
1104 3922 1407 3985 reﬁexeris,
1432 3928 1612 3992 potest
1636 3921 1687 3976 ei
1713 3935 1843 3976 con-

1943 3945 2096 4013 Quod
2127 3944 2305 4017 Orpha
2334 3953 2630 4017 reuertente,
2676 3943 2817 4017 R_uth
2856 3959 2975 3998 cum
3018 3942 3207 4017 Noemi
3233 3942 3516 4013 permansit

264 4014 471 4078 venire,
505 4014 629 4083 quia
655 4012 884 4068 retrahit
911 4027 1006 4068 cos
1043 4012 1135 4082 qui
1180 4012 1248 4067 ad
1276 4011 1436 4066 ﬁdem
1478 4012 1678 4067 Christi
1704 4026 1837 4067 con-
1964 4011 1979 4013 “
2201 4011 2213 4017 ’
2278 4032 2341 4068 ac
2368 4016 2422 4068 in
2462 4024 2654 4068 terram
2691 4012 2892 4066 Iudam
2933 4014 3181 4083 pervenit.

263 4105 452 4160 venire
498 4104 755 4173 cupiunt,
814 4110 872 4158 et
918 4102 1154 4157 maxime
1217 4100 1387 4168 illud,
1435 4102 1526 4157 ubi
1587 4109 1839 4173 superata
2023 4106 2209 4161 Videas
2256 4122 2377 4177 ergo
2419 4105 2606 4160 Noemi
2660 4106 2803 4177 quod
2847 4105 3105 4158 obstinato
3151 4103 3289 4158 Ruth
3336 4103 3510 4157 animo

264 4197 519 4260 veritate,
552 4194 826 4249 inﬁrmum
855 4209 913 4250 se
952 4194 1213 4262 agnoscit.
1257 4204 1312 4249 et
1359 4192 1593 4259 eﬂ'etam,
1621 4193 1837 4248 dicens:

1940 4198 2241 4252 decrevisset
2269 4213 2445 4251 secum
2470 4212 2702 4266 pergere,
2743 4195 3012 4249 adversari
3053 4194 3220 4248 noluit
3251 4209 3342 4247 nec
3368 4192 3509 4245 ultra

266 4285 628 4349 Revertimini,
643 4283 769 4352 ﬁlia:
790 4300 939 4348 meat,
954 4298 1049 4337 cur
1068 4283 1245 4337 venitis
1270 4299 1471 4337 mecum
1485 4282 1512 4336 .9
1532 4281 1585 4336 Ν
1590 4298 1678 4337 um
1700 4282 1841 4336 ultra

1941 4287 2011 4342 ad
2033 4303 2157 4341 suos
2179 4287 2402 4341 reditum
2428 4289 2759 4357 persuadere.
2786 4282 3147 4354 Profectteque
3172 4291 3291 4337 sunt
3326 4280 3508 4346 simul,

265 4376 459 4431 habebo
485 4376 624 4445 ﬁlios
652 4376 709 4429 in
734 4385 877 4430 utero
908 4383 1109 4439 meo‘,ut
1131 4374 1265 4429 viros
1289 4390 1355 4428 ex
1382 4389 1464 4427 me
1487 4389 1696 4443 sperare
1720 4388 1839 4444 pos-

1939 4386 1989 4432 et
2014 4385 2257 4431 venerunt
2284 4376 2340 4429 in
2358 4374 2825 4450 Bethleemquibus
2862 4372 3037 4428 urbem
3067 4372 3332 4443 ingressis,
3366 4369 3514 4425 velo:

266 4456 420 4521 sitis?
453 4465 811 4532 Revertimini,
840 4465 965 4534 [ilice
985 4463 1253 4519 Moabitae.
1278 4461 1405 4517 lam
1427 4462 1563 4517 enim
1580 4470 1842 4516 senectute
1867 4489 1918 4548 D
1943 4467 2083 4537 apud
2123 4476 2335 4520 cunctos
2384 4465 2527 4536 fama
2569 4465 2878 4536 percrebuit.
2942 4464 3296 4534 Dicebantque
3326 4461 3512 4516 mulie-

268 4559 503 4628 confecta
547 4576 683 4624 sum,
732 4575 825 4613 nec
855 4567 977 4628 apta
1023 4554 1229 4612 vinculo
1275 4554 1561 4625 conjugali.
1614 4553 1839 4607 Etiamsi
1944 4571 2066 4612 res:
2091 4556 2221 4612 Haec
2243 4566 2317 4611 est
2354 4555 2449 4610 illa
2480 4555 2692 4620 Noemi,
2726 4554 2912 4625 quibus
2950 4554 3022 4607 ait
3057 4569 3075 4608 :
3104 4552 3189 4607 Ne
3212 4551 3402 4606 vocetis
3431 4567 3512 4604 me

267 4649 462 4718 possim
490 4648 588 4703 hac
628 4658 774 4704 nocte
807 4648 1075 4715 concipere
1099 4657 1147 4702 et
1173 4662 1354 4719 parere
1382 4645 1540 4715 ﬁlios,
1573 4645 1618 4699 si
1642 4660 1729 4699 eos
1756 4659 1844 4698 ea:-
1946 4647 2158 4713 Noemi,
2188 4647 2239 4702 id
2266 4656 2367 4710 est,
2399 4646 2705 4716 pulchram.
2733 4645 2825 4700 sed
2856 4652 3032 4699 vocate
3071 4659 3152 4695 me
3199 4640 3377 4705 Mora,
3411 4639 3514 4695 hoc

269 4751 502 4813 rpectare
530 4742 730 4806 velitis,
774 4740 937 4796 donec
983 4749 1251 4805 crescant,
1296 4748 1345 4793 et
1382 4753 1550 4791 annos
1595 4734 1843 4806 impleant
1943 4746 2045 4803 est,
2108 4753 2379 4801 amaram,
2429 4738 2555 4807 quia
2592 4735 2742 4790 valde
2792 4751 2871 4789 me
2912 4732 3263 4788 amaritudine
3304 4729 3511 4802 replevit

268 4833 559 4907 pubertatis
586 4870 601 4897 ,
649 4841 768 4885 ante
821 4834 965 4886 eritis
1018 4830 1205 4886 vetulae
1248 4845 1408 4899 quam
1447 4829 1676 4883 nubatis.
1729 4826 1843 4881 No-
1946 4828 2300 4899 Omnipotens.
2348 4827 2625 4882 Destinato
2670 4838 2800 4893 ergo
2850 4824 3031 4877 animo
3071 4821 3223 4892 plebs
3271 4819 3510 4890 gentium

268 4928 381 4992 tite,
409 4938 609 4998 qua'so,
630 4920 757 4991 ﬁlia:
798 4937 947 4987 mete,
984 4923 1110 4993 quia
1146 4931 1315 4976 vestra
1342 4920 1587 4991 angustia
1625 4935 1706 4973 me
1733 4935 1845 4973 ma-
1948 4928 2129 4975 secuta
2156 4927 2239 4973 est
2267 4927 2480 4973 sanctos
2507 4916 2884 4986 praedicatores
2914 4914 2967 4967 in
3005 4921 3204 4967 terram
3242 4917 3509 4973 sanctam,

269 5025 348 5095 gis
369 5020 576 5093 premit,
614 5025 664 5071 et
690 5026 898 5084 egressa
923 5022 995 5067 est
1037 5028 1223 5066 manus
1260 5011 1473 5064 Domini
1521 5019 1703 5064 contra
1734 5026 1835 5063 me.
1947 5017 2003 5064 et
2031 5009 2084 5063 in
2113 5009 2384 5062 civitatem
2431 5005 2527 5061 Dei
2572 5004 2869 5069 Bethleem,
2912 5011 2973 5057 ut
2998 5001 3072 5057 ibi
3101 5002 3323 5095 educata

269 5088 405 5174 :Vide
436 5126 763 5187 synagogam
792 5106 1138 5164 conﬁtentem
1164 5105 1472 5167 veritatem,
1511 5112 1567 5156 et
1590 5114 1845 5171 superve—
1945 5107 2230 5171 pararetur
2255 5096 2322 5150 ad
2362 5094 2760 5165 suscipiendum
2788 5107 3078 5187 spopsum,
3250 5089 3316 5144 de
3342 5088 3513 5158 stirpe

270 5180 483 5262 nientes
509 5180 669 5258 in'se
696 5200 882 5269 culpas
911 5210 1016 5251 non
1063 5200 1355 5257 tacentem,
1397 5207 1429 5246 a
1454 5191 1574 5246 viro
1611 5194 1672 5244 a‘c
1717 5187 1843 5243 ﬁliis
1942 5188 2173 5243 Abrahae
2199 5194 2354 5240 natus
2380 5193 2492 5249 est;
2524 5198 2707 5239 semen
2750 5183 2999 5237 videlicet
3025 5181 3174 5247 illud,
3200 5180 3253 5235 in
3276 5195 3384 5251 quo
3418 5194 3515 5235 oe-

270 5297 543 5360 relictam,
586 5294 691 5348 hoc
734 5268 846 5355 est,
898 5303 929 5342 a
963 5286 1074 5341 Deo
1102 5284 1394 5347 desertam,
1427 5290 1482 5337 et
1509 5281 1724 5351 regibus
1773 5295 1839 5335 ac
1942 5278 2257 5333 nedicentur
2296 5289 2485 5330 omnes
2514 5275 2760 5329 nationes
2785 5280 2944 5360 terra:
2979 5271 3133 5342 (Cen.
3168 5270 3327 5360 san).
3358 5268 3512 5360 Quod

271 5356 643 5445 sacerdotibus
691 5381 803 5435 suis
845 5379 1130 5448 privatam,
1176 5383 1230 5429 et
1261 5374 1375 5443 jam
1410 5373 1648 5428 sterilem
1678 5380 1840 5442 atque
1942 5376 2124 5423 autem
2166 5365 2466 5421 dicentibus
2507 5360 2820 5416 mulieribus
2848 5358 3036 5415 Noemi
3076 5359 3396 5429 respondit:
3430 5356 3513 5411 Ne

272 5477 541 5532 inﬁrmam
572 5474 639 5527 ad
688 5469 1065 5540 concipiendos
1117 5474 1281 5535 atque
1328 5463 1617 5534 pariendos
1667 5463 1837 5528 ﬁlios,
1942 5458 2131 5514 vocetis
2160 5473 2240 5511 me
2289 5454 2495 5518 Noemi,
2536 5453 2590 5507 id
2620 5462 2715 5516 est,
2746 5450 3036 5521 pulchram,
3085 5451 3176 5505 sed
3224 5459 3399 5504 vocate
3427 5465 3510 5502 me

273 5572 428 5633 aptos
463 5564 529 5615 ad
580 5560 859 5615 servitium
890 5560 1020 5623 Dei,
1048 5557 1176 5627 quia
1206 5555 1309 5611 hoc
1355 5552 1689 5608 solummodo
1721 5560 1844 5621 post
1945 5550 2119 5614 Mora,
2142 5550 2237 5603 hoc
2263 5557 2357 5612 est,
2388 5562 2644 5609 amaram,
2692 5554 2820 5609 etc.,
2848 5542 3115 5612 signiﬁcat
3153 5540 3296 5610 quod
3327 5547 3510 5595 sancta

278 5654 564 5705 adventum
595 5650 793 5702 Christi
838 5659 1036 5703 sancta:
1084 5648 1335 5703 Ecclesiae
1364 5653 1698 5699 reservatum
1735 5651 1839 5696 est.
1944 5639 2211 5701 Ecclesia,
2260 5634 2605 5689 tribulatione
2651 5633 3081 5703 persecutionum
3134 5645 3338 5700 pressa,
3374 5643 3512 5697 pne-

349 5736 565 5789 Elevata
597 5737 754 5803 igitur
797 5752 913 5788 voce
946 5753 1153 5789 rursum
1180 5738 1303 5803 flere
1338 5742 1631 5802 coeperunt;
1661 5732 1843 5801 Orpha
1945 5728 2111 5782 scutis
2139 5725 2319 5780 mundi
2342 5724 2533 5794 gaudia
2561 5738 2666 5777 non
2696 5732 2861 5788 amat,
2887 5721 2981 5775 sed
3008 5720 3241 5774 futuram
3282 5715 3502 5785 gloriarn
