4000 6186
445 375 583 433 1205

1559 359 1910 419 COMMENT.
1950 358 2019 414 1N
2053 358 2316 416 LIBRUM
2354 357 2565 417 BUTH.

3558 358 3698 418 1906

439 488 633 560 qu.erit
664 484 719 540 in
740 482 913 540 ctelis.
938 481 1093 539 Unde
1113 479 1168 536 in
1190 479 1414 535 Cantico
1433 477 1771 532 canticorum
1811 454 2009 545 sponsa
2039 475 2089 535 Α
2113 491 2271 544 quam
2297 478 2549 547 meipsum
2572 475 2796 531 audietis
2838 475 3015 547 (Deut.
3046 475 3223 549 xvm).
3256 476 3427 533 ﬂetno
3471 475 3559 532 hic
3600 490 3699 547 po-

344 562 353 570 ’
440 580 572 636 dicit
603 596 619 633 :
654 575 826 647 Nigra
869 591 1004 640 sum,
1035 573 1125 629 sed
1166 574 1419 644 formosa,
1470 569 1600 640 filia:
1655 565 2015 630 Hierusalem,

436 672 573 729 sicut
592 667 983 725 tabernaculum
1004 665 1198 730 Cedar,
1226 666 1358 719 sicut
1377 661 1526 733 pellis
1550 658 1867 714 Salomonis.
1905 655 2017 709 No-

440 763 530 818 lite
554 778 638 816 me
659 759 1013 823 considerare,
1038 756 1177 828 quod
1207 755 1355 823 fusca
1393 755 1511 815 sim,
1535 752 1660 823 quia
1696 747 2017 803 decoloravit

439 871 524 908 me
564 853 664 909 sol.
708 850 838 905 Filii
887 849 1069 904 matris
1117 863 1246 902 mea:
1297 851 1655 917 pugnaverunt
1701 849 1888 895 contra
1936 853 2017 893 me

442 942 632 1017 (Cant.
660 943 734 1009 1).
776 941 833 996 Si
879 948 1056 995 autem
1086 937 1155 993 ad
1185 949 1511 1008 synagogam
1543 931 1751 987 referre
1777 928 2019 985 volueris

439 1033 696 1103 praedicta
738 1033 904 1087 verba
933 1028 1140 1094 Noemi,
1172 1027 1446 1082 invenitur
1480 1023 1761 1095 agnovisse
1796 1020 2020 1077 calami-

441 1133 606 1179 tatem
650 1137 834 1187 suam,
888 1135 1047 1191 quam
1074 1125 1197 1189 post
1248 1119 1539 1172 adventum
1589 1112 1794 1169 Christi
1822 1111 2017 1166 merito

440 1207 818 1279 perversitatis
841 1221 952 1261 sua:
972 1217 1227 1275 perpessa
1254 1209 1370 1263 est;
1400 1208 1562 1269 atque
1586 1199 1656 1254 ob
1687 1199 1791 1252 hoc
1819 1197 2019 1265 refugit

441 1312 501 1352 se
518 1296 935 1366 pulcherrimam
966 1292 1170 1358 vocari,
1202 1291 1329 1362 quia
1366 1298 1609 1360 tempora
1638 1289 2018 1358 prosperitatis

442 1401 553 1442 sua:
588 1384 853 1455 conspicit
898 1383 1059 1437 (iniri.

1054 1471 1280 1529 CAPUT
1329 1468 1396 1524 ν.

444 1580 607 1654 Quod
640 1603 819 1642 messis
866 1585 1161 1640 hordeariae
1211 1594 1413 1654 tempus
1468 1582 1566 1636 hoc
1611 1589 1774 1654 erat,
1803 1580 2016 1654 qu_ando

514 1657 701 1710 Noemi
727 1672 845 1711 cum
874 1655 1009 1709 Ruth
1026 1695 1041 1719 ,
1068 1671 1205 1708 nuru
1232 1648 1328 1708 sua
1349 1694 1365 1719 ,
1412 1666 1616 1706 reversa
1647 1659 1723 1705 est
1756 1648 1824 1704 in
1849 1648 2015 1704 Beth-

514 1726 665 1781 leem.

2118 575 2237 623 tens
2281 583 2346 623 ac
2390 581 2702 637 magnaram
2755 580 2916 637 opum
2965 581 3086 621 esse
3118 567 3459 622 describitur.
3496 565 3699 626 Potens

2116 660 2322 728 utique,
2357 659 2482 728 quia
2512 657 2696 713 mundi
2722 657 3019 728 principem
3048 657 3335 712 debellavit
3366 665 3529 727 atque
3574 658 3698 711 uni-

2117 764 2330 804 versum
2359 750 2545 804 orbem
2575 763 2674 803 suo
2718 746 2947 816 imperio
2988 746 3314 815 subiugavit.
3360 746 3479 816 ipse
3506 754 3563 801 et
3584 762 3700 800 ma-

2117 853 2340 909 gnarum
2369 853 2552 907 opum,
2588 836 2714 907 quia
2739 836 2864 892 coeli
2897 844 3168 904 ternaque
3200 848 3478 904 possessor
3511 843 3617 901 est,
3641 836 3697 889 iu

2115 944 2216 999 quo
2244 937 2364 983 sunt
2390 944 2566 982 omnes
2597 926 2830 981 thesauri
2852 925 3118 996 sapientia:
3140 934 3186 978 et
3209 924 3439 978 scientiw
3480 924 3698 978 abscon-

2116 1021 2249 1085 diti;
2276 1021 2343 1074 ad
2363 1018 2517 1087 cujus
2539 1034 2669 1089 opes
2698 1019 2861 1073 etiam
2884 1016 3123 1071 omnium
3146 1016 3405 1070 virtutum
3435 1015 3696 1069 bonarum

2117 1112 2269 1180 copia
2308 1111 2571 1181 pertinet;
2620 1110 2782 1179 quia,
2837 1110 3133 1163 secundum
3182 1108 3497 1179 Apostolum
3525 1149 3540 1174 ,
3591 1108 3698 1178 ipse

2116 1215 2190 1259 est
2212 1204 2309 1257 Dei
2341 1206 2528 1268 virtus,
2554 1212 2602 1256 et
2638 1201 2735 1256 Dei
2771 1201 3050 1271 sapientia.
3088 1200 3315 1254 Nomine
3351 1200 3517 1253 Booz.
3550 1198 3694 1253 Booz

2116 1295 2258 1349 enim
2294 1294 2546 1364 fortitudo
2573 1293 2676 1346 Dei
2718 1293 3045 1347 nominatur.
3082 1291 3235 1348 Unde
3263 1300 3318 1348 et
3361 1292 3544 1355 Isaias,
3574 1306 3703 1361 par:

2114 1385 2296 1438 vulum
2328 1384 2493 1438 lilium
2522 1391 2707 1437 natum
2738 1397 3202 1446 commemorans,
3247 1383 3314 1438 de
3341 1381 3457 1451 ejus
3486 1382 3695 1451 magni—

2118 1474 2299 1528 tudine
2319 1474 2616 1544 subjunxit,
2639 1474 2854 1528 dicens:
2874 1472 3072 1527 Factus
3100 1483 3173 1526 est
3193 1473 3517 1542 principatus
3542 1489 3699 1542 super

2114 1562 2389 1615 humerum
2417 1562 2551 1631 ejus,
2582 1572 2630 1616 et
2652 1572 2867 1616 vocatur
2916 1579 3103 1616 nomen
3148 1562 3282 1631 ejus,
3320 1560 3694 1625 Admirabilis,

2116 1648 2461 1704 Consiliarius
2479 1691 2494 1716 ,
2519 1651 2675 1716 Deus,
2706 1649 2909 1715 Fortis,
2937 1648 3099 1704 Pater
3117 1649 3285 1720 futuri
3305 1650 3507 1717 saeculi,
3546 1648 3698 1704 Prin-

2115 1753 2231 1807 ceps
2257 1741 2421 1807 pacis,
2443 1748 2500 1793 et
2522 1739 2738 1809 reliqua
2755 1740 2913 1811 (Isai.
2943 1741 3041 1808 Ix).

514 1836 686 1909 (Imm)
739 1833 892 1889 Venit
945 1850 1067 1904 ergo
1121 1831 1311 1888 Noemi
1363 1848 1480 1886 cum
1535 1830 1677 1885 Ruth
1725 1828 2012 1884 Moabitide
2044 1810 2092 1869 Β
2187 1826 2437 1899 Dixitque
2465 1827 2603 1883 Ruth
2644 1810 2892 1884 Moabitis
2921 1829 2990 1883 ad
3031 1844 3241 1883 socrum
3270 1845 3421 1883 suam
3452 1843 3469 1880 :
3506 1827 3569 1884 Si
3603 1830 3696 1901 ju-

440 1943 576 1980 nuru
605 1942 704 1979 sua
740 1926 805 1977 de
825 1933 965 1978 terra
994 1921 1425 1993 peregrinationis
1447 1936 1590 1984 suat,
1615 1934 1678 1973 ac
1706 1934 1911 1972 reversa
1935 1926 2009 1971 est

438 2014 495 2067 in
527 2011 804 2076 Bethleem,
826 2012 1036 2082 quando
1060 2011 1255 2065 hordea
1278 2012 1504 2081 primum
1536 2011 1880 2064 metebantur.
1907 2007 2013 2063 Re-

437 2104 536 2158 diit
563 2103 760 2173 quippe
807 2101 995 2157 Noemi
1034 2102 1100 2156 de
1134 2102 1570 2172 peregrinatione
1600 2116 1697 2156 sua
1746 2100 1814 2155 ad
1842 2114 2012 2170 popu-

439 2193 548 2246 lum
594 2208 751 2247 suum
790 2206 855 2245 ac
880 2190 1067 2245 urbem
1110 2189 1410 2255 Bethleem,
1449 2191 1666 2260 quando
1692 2189 1778 2244 lex
1806 2189 1874 2243 de
1917 2189 2011 2244 do-

436 2283 610 2338 ctrina
641 2282 957 2352 populorum
994 2281 1322 2336 narrationis
1365 2296 1477 2335 sua:
1521 2280 1768 2335 ordinem
1796 2279 1863 2333 ad
1893 2293 2012 2349 my-

435 2374 657 2429 sterium
684 2374 954 2427 convertit
995 2371 1384 2426 incarnationis
1411 2370 1636 2437 Christi,
1673 2377 1732 2425 ut
1769 2384 1889 2425 eam
1915 2384 2011 2423 au-

434 2465 701 2521 ditoribus
729 2464 844 2519 suis
881 2470 1114 2533 exponat
1157 2464 1707 2532 atquec’ommendet,
1738 2470 1794 2517 et
1821 2463 1925 2517 hoc
1955 2462 2008 2516 in

436 2562 678 2625 tempore
716 2553 909 2608 messis
952 2552 1270 2606 hordeariae.
1317 2552 1455 2619 Quid
1483 2551 1627 2606 enim
1658 2551 1852 2606 messis
1885 2552 2012 2605 hor-

433 2645 618 2701 dearia
661 2644 944 2713 exprimit,
987 2643 1088 2697 nisi
1132 2651 1343 2712 tempus
1388 2641 1682 2696 Dominica:
1724 2640 2007 2711 passionis,

433 2749 555 2804 qua:
574 2750 759 2789 mense
787 2749 1069 2798 novorum,
1091 2734 1193 2788 hoc
1220 2741 1321 2798 est,
1349 2733 1527 2803 primo
1556 2747 1743 2787 mense
1764 2730 2010 2787 confecta

434 2825 551 2878 est?
584 2823 730 2878 Bene
763 2839 893 2895 ergo
930 2824 1128 2879 dicitur
1163 2825 1307 2893 quod
1336 2824 1524 2878 Noemi
1570 2838 1693 2879 cum
1744 2838 1885 2878 nuru
1912 2838 2009 2878 sua

435 2929 611 2969 messe
636 2915 920 2969 hordearia
964 2914 1031 2968 ad
1064 2913 1340 2968 Bethleem
1389 2913 1620 2976 veniret,
1664 2913 1881 2985 quando
1924 2912 2007 2965 lex

434 3006 717 3061 Dominum
743 3005 1101 3070 Salvatorem,
1142 3019 1302 3075 quem
1329 3004 1487 3059 docet
1516 3005 1571 3058 in
1597 3003 1874 3059 Bethleem
1913 3018 2012 3057 na-

433 3106 570 3161 tum,
617 3100 669 3152 in
699 3096 901 3151 Pascha
922 3136 937 3162 ,
964 3096 1070 3151 hoc
1099 3104 1184 3151 est
1211 3109 1397 3149 mense
1441 3110 1703 3150 novorum
1748 3094 2005 3166 praedicat

433 3189 691 3243 occisum.
718 3187 981 3241 Similiter
1007 3193 1063 3242 et
1098 3193 1285 3242 sancta
1328 3185 1574 3241 Ecclesia
1602 3186 1707 3240 hoc
1731 3193 1844 3239 toto
1886 3185 2004 3239 nisu

434 3277 567 3345 agit,
595 3284 656 3329 ut
682 3275 894 3345 plebes,
921 3290 1056 3345 quas
1091 3274 1159 3329 ad
1202 3274 1362 3329 ﬁdem
1409 3281 1702 3338 convocat,
1751 3275 2007 3347 mysterio

434 3366 640 3421 imbuat
670 3366 960 3421 Dominicte
989 3365 1395 3430 incarnationis,
1418 3364 1688 3434 passionis
1715 3381 1780 3420 ac
1825 3381 2008 3420 resur-

434 3471 509 3509 rea
531 3456 708 3510 tionis.
742 3455 931 3510 Potest
963 3461 1020 3510 et
1056 3454 1248 3509 messis
1293 3454 1577 3510 hordearia
1608 3469 1715 3508 non
1759 3455 2009 3509 inconve-

432 3545 644 3599 nicuter
666 3542 904 3600 Judaicte
924 3533 1104 3615 plebis
1118 3544 1420 3615 exprimere
1444 3544 1822 3599 credulitatem
1840 3584 1862 3609 ,
1886 3560 2007 3615 quae

432 3642 654 3704 peracto
676 3643 1015 3689 sacramento
1041 3635 1308 3704 passionis
1332 3635 1556 3700 Christi,
1587 3635 2007 3706 praedicantibus

434 3724 690 3794 apostolis
706 3725 772 3779 ad
790 3724 945 3780 ﬁdem
960 3726 1192 3795 primum
1209 3726 1479 3781 convenit.
1496 3725 1627 3793 Qtue
1644 3734 1699 3780 et
1713 3726 1840 3781 alibi
1857 3727 2009 3796 quin-

433 3828 538 3883 que
579 3814 815 3883 panibus
847 3814 1163 3870 hordeaceis
1197 3822 1351 3885 pasta
1397 3814 1465 3868 ab
1502 3815 1619 3885 ipso
1652 3813 1884 3871 Domino
1936 3816 2007 3871 le-

432 3901 580 3973 gitur
616 3900 800 3974 (Joan.
837 3902 933 3975 Vl).
965 3903 1119 3959 Unde
1151 3913 1208 3959 et
1244 3905 1296 3958 in
1335 3902 1561 3959 Actibus
1607 3905 1997 3975 apostolorum,

431 3992 648 4063 quando
717 3991 949 4063 Spiritus
994 4000 1218 4049 sanctus
1270 4009 1435 4064 super
1492 3994 1766 4063 apostolos
1813 3995 1867 4049 in
1917 3995 2004 4051 die

431 4079 780 4137 Pentecostes
818 4082 966 4136 venit
1017 4081 1155 4153 (Act.
1203 4081 1299 4153 ιι),
1350 4084 1681 4155 praedicante
1717 4083 1902 4150 Petro,
1951 4091 2003 4140 et

429 4171 737 4225 testimonio
783 4171 916 4241 legis
959 4185 1024 4225 ae
1066 4173 1451 4241 prophetarum
1497 4173 1724 4230 eﬂ‘usam
1774 4175 2005 4246 gratiam

433 4259 665 4331 Spiritus
698 4263 869 4317 sancti
893 4276 1057 4332 super
1073 4272 1289 4319 centum
1311 4265 1501 4336 viginti
1528 4267 1813 4322 credentes
1850 4281 2002 4321 com-

429 4353 709 4422 probante,
740 4355 842 4407 tria
895 4354 1061 4407 millia
1095 4352 1400 4409 Judaeorum
1428 4357 1496 4411 ad
1538 4355 1700 4411 fidem
1739 4363 2002 4412 cunversa

429 4441 838 4512 baptizabantur
861 4443 916 4497 in
942 4444 1158 4497 nomine
1186 4445 1397 4498 Domini
1418 4442 1564 4499 Iesu.

835 4561 871 4609 Ι
1026 4552 1254 4609 CAPUT
1301 4553 1389 4609 Vl.

430 4639 508 4696 De
545 4624 769 4715 ecquod
798 4641 959 4710 Booz,
1000 4655 1252 4715 cognatus
1296 4634 1610 4710 Elimeleclt,
1656 4646 1837 4700 videns
1862 4645 1999 4702 Ruth

500 4711 821 4784 colligentem
864 4716 1034 4782 spicas
1064 4711 1386 4769 remanentes
1426 4724 1540 4784 post
1569 4731 1819 4771 messores
1850 4733 1997 4782 suos,

501 4782 793 4835 sciscitatus
820 4793 895 4836 est
919 4799 1036 4853 quae
1064 4794 1193 4837 esset
1230 4784 1341 4839 lucc
1367 4782 1575 4838 mulier.

501 4888 651 4958 (CAP.
695 4888 792 4959 11.)
824 4890 954 4944 Erat
998 4901 1170 4946 autem
1225 4892 1504 4948 Elimelech
1559 4897 2003 4966 consanguineus,

427 4982 580 5035 homo
618 4992 823 5053 potens,
853 5000 916 5037 ac
967 5000 1277 5055 magnarum
1332 5004 1525 5057 opum,
1581 4989 1789 5043 nomine
1835 4988 1998 5045 Booz.

330 5114 341 5149 λ
427 5073 575 5136 Erat,
620 5074 812 5143 inquit,
838 5074 921 5127 vir
948 5074 1238 5132 Elimelech
1269 5079 1718 5149 consanguineus.
1747 5079 1880 5148 Quis
1920 5089 2005 5137 est

328 5163 339 5236 ξ
427 5163 530 5217 iste
579 5163 684 5226 vir,
733 5166 824 5235 qui
883 5167 1312 5236 consanguineus
1350 5177 1465 5222 erat
1510 5168 1842 5225 Elimelech?
1893 5170 1997 5225 nisi

329 5251 338 5311 Ξ
427 5251 756 5324 Redemptor
798 5265 1000 5321 noster,
1047 5257 1136 5326 qui
1195 5268 1456 5327 cognatus
1506 5268 1623 5313 erat
1661 5259 1795 5330 legis
1838 5269 2007 5331 atque.

328 5418 333 5426 '
426 5346 769 5416 legislatoris,
798 5348 923 5416 quia
965 5364 1065 5420 per
1100 5348 1270 5419 legem
1311 5350 1609 5418 promissus
1653 5351 1721 5405 de
1766 5351 1999 5420 patriar-

425 5437 652 5493 charum
694 5438 861 5506 stirpe
880 5445 967 5492 cst
1000 5445 1178 5504 natus,
1206 5446 1261 5491 et
1285 5438 1548 5509 originem
1588 5439 1772 5495 habuit
1804 5456 1999 5496 secun-

425 5531 552 5582 dum
606 5544 823 5582 carnem
869 5529 936 5585 de
976 5538 1133 5597 gente
1179 5527 1526 5595 Judteorum,
1572 5530 1640 5585 de
1693 5547 1801 5601 quo
1833 5532 1996 5586 etiam

425 5618 638 5689 Moyses
666 5619 779 5688 ipse
823 5620 890 5673 ad
935 5619 1208 5675 lsraclitas
1245 5620 1468 5692 loquens
1514 5621 1634 5675 ait:
1681 5619 1998 5694 Prophetam

426 5711 693 5766 suscitabit
739 5714 879 5767 vobis
933 5711 1187 5767 Dominus
1238 5713 1301 5766 de
1333 5712 1586 5782 fratribus
1630 5713 1831 5779 vestris,
1885 5722 1998 5766 tan-

2116 1918 2224 1983 bes,
2248 1917 2437 1973 vadum
2455 1918 2509 1973 in
2543 1935 2753 1988 agrum,
2784 1928 2832 1972 et
2868 1917 3110 1989 colligam
3154 1918 3324 1988 spicas
3352 1934 3469 1988 qua:
3497 1928 3693 1972 meten-

2113 2011 2246 2064 tium
2275 2008 2522 2079 fugerant
2548 2026 2756 2074 manus,
2786 2008 3078 2080 ubicunque
3098 2007 3362 2063 clementis
3393 2008 3448 2061 in
3490 2024 3572 2062 me
3604 2025 3697 2077 pa-

2112 2096 2442 2168 trisfamilias
2469 2113 2703 2167 reperero
2735 2097 2981 2167 gratiam.
2999 2094 3099 2150 Cui
3117 2095 3212 2150 illa
3228 2096 3523 2166 respondit:
3551 2095 3716 2163 Vade,

2130 2187 2246 2257 filia
2272 2206 2407 2244 mea.
2437 2188 2577 2243 Abiit
2606 2189 2801 2260 itaque,
2834 2198 2883 2241 et
2906 2186 3180 2259 colligebat
3204 2189 3374 2259 spicas
3406 2198 3518 2258 post
3548 2196 3694 2259 terga

2111 2280 2432 2334 metentium.
2456 2278 2659 2349 Agrum
2702 2277 2791 2333 hic
2820 2277 3115 2333 Ecclesiam
3162 2276 3397 2332 ﬁdelium
3449 2276 3697 2346 accipere

2110 2389 2426 2444 possumus;
2460 2386 2690 2427 messem
2717 2380 2899 2427 autem
2924 2370 3173 2425 homines
3198 2377 3439 2432 sanctos,
3477 2370 3570 2439 qui
3613 2369 3695 2423 di-

2111 2466 2202 2537 gni
2225 2473 2351 2521 sunt
2374 2464 2693 2535 recolligere
2717 2462 2773 2517 in
2801 2463 2995 2517 horrea
3020 2461 3265 2525 Domini;
3299 2475 3568 2517 messores
3595 2477 3695 2515 an-

2111 2560 2260 2628 gelos
2285 2561 2484 2625 bonos;
2509 2559 2687 2628 spicas
2710 2564 3073 2622 remanentes,
3101 2557 3361 2626 quosdam
3386 2557 3692 2624 credentes,

2110 2650 2204 2720 qui
2233 2649 2512 2704 translatis
2537 2648 2862 2718 quibusdam
2906 2646 3110 2701 sanctis
3147 2657 3269 2717 post
3294 2646 3496 2702 electos
3532 2662 3693 2718 ange—

2110 2738 2193 2794 los
2221 2739 2286 2793 ad
2314 2752 2539 2808 regnum
2566 2737 2789 2791 caeleste
2821 2735 2995 2790 relicti
3023 2745 3150 2789 sunt
3187 2736 3256 2789 ad
3285 2735 3592 2806 exemplum
3636 2736 3689 2790 in

2108 2827 2360 2898 praesenti
2396 2826 2508 2880 vita
2531 2824 2860 2896 degentium.
2890 2823 3022 2878 item
3047 2839 3175 2894 ager
3204 2824 3543 2893 disciplinam
3582 2834 3694 2879 stu-

2110 2916 2185 2973 dii
2216 2916 2453 2971 cmlestis
2478 2914 2786 2986 signiﬁcem
2807 2922 3020 2983 potest;
3052 2915 3242 2968 messis
3277 2915 3685 2986 intelligentiam

2111 3008 2439 3079 spiritalem;
2492 3022 2759 3063 messores
2799 3005 3186 3077 przedicatores
3234 3017 3482 3073 sanctos;
3527 3008 3691 3078 spicae

2112 3106 2458 3154 remanentes
2474 3097 2772 3153 sententias
2788 3105 3112 3152 sanctarum
3128 3095 3551 3166 Scripturarum,
3567 3113 3690 3169 qua:

2111 3187 2293 3243 multis
2326 3202 2425 3257 per
2465 3186 2782 3258 mysterium
2804 3185 3091 3243 occultatis
3116 3186 3270 3257 quasi
3299 3185 3569 3256 planiores
3600 3202 3688 3251 re,—

2109 3294 2331 3335 manere
2355 3280 2607 3336 videntur
2646 3280 2720 3336 ad
2735 3278 3056 3335 exercitium
3101 3278 3494 3334 meditantium.
3528 3278 3688 3335 Plebs

2107 3384 2237 3441 ergo
2264 3369 2506 3439 gentium
2558 3369 2827 3425 inhianter
2871 3369 3292 3425 ecclesiasticam
3346 3369 3685 3440 disciplinam

2108 3458 2332 3526 appetit,
2374 3465 2435 3510 ut
2458 3457 2524 3511 ad
2550 3458 2955 3512 meditationem
2998 3458 3195 3513 divinas
3220 3459 3373 3530 legis,
3401 3466 3456 3514 et
3483 3460 3550 3514 ad
3595 3474 3684 3516 so-

2106 3548 2356 3603 cietatem
2404 3556 2711 3603 sanctorum
2740 3549 3081 3614 admittatur,
3111 3557 3171 3603 ut.
3202 3550 3317 3604 sive
3352 3549 3689 3619 spiritalibus

2108 3638 2489 3705 documentis,
2543 3638 2659 3693 sive
2705 3646 3015 3694 sanctorum
3062 3639 3326 3710 exemplis
3363 3640 3681 3695 reﬁciatur:

2107 3750 2176 3790 ne
2219 3733 2359 3790 forte
2412 3749 2584 3789 vacua
2635 3733 2926 3790 virtutibus
2972 3735 3207 3790 esuriem
3265 3734 3450 3788 anima
3491 3748 3687 3803 perpe-

2107 3835 2256 3881 tuam
2304 3825 2546 3891 sentiat,
2596 3825 2692 3881 sed
2741 3824 2994 3880 alimenta
3043 3823 3305 3895 spiritalia
3361 3839 3473 3880 sua:
3524 3823 3685 3879 saluti

2106 3917 2465 3988 competentia
2516 3916 2797 3987 acquirat,
2848 3924 2910 3970 ut
2961 3915 3161 3972 habeat
3225 3917 3367 3971 unde
3418 3915 3686 3971 veraciter

2105 4009 2274 4064 vivat.
3479 4059 3485 4066 .

2176 4098 2380 4154 Accidit
2430 4107 2628 4165 autem,
2670 4108 2730 4153 ut
2758 4115 2885 4170 ager
2907 4097 2997 4154 ille
3027 4097 3238 4152 haberet
3286 4096 3556 4153 dominum
3587 4113 3682 4151 no-

2102 4193 2244 4248 mine
2282 4191 2453 4256 Booz,
2473 4192 2564 4262 qui
2609 4200 2721 4245 erat
2754 4190 2820 4244 de
2846 4188 3154 4260 cognatione
3186 4185 3495 4241 Elimelech.
3548 4186 3684 4241 Ecce

2100 4282 2211 4353 ipse
2230 4281 2466 4338 veniebat
2493 4282 2558 4335 de
2580 4280 2849 4336 Bethleem
2870 4280 3106 4351 dixitque
3119 4279 3435 4334 messoribus
3455 4291 3475 4330 :
3499 4276 3683 4333 Domi-

2103 4387 2202 4425 nus
2224 4369 2505 4424 vobiscum.
2526 4368 2629 4435 Qui
2652 4369 3027 4437 responderunt
3053 4369 3103 4422 ei
3124 4383 3144 4421 :
3166 4367 3448 4424 Benedicat
3466 4368 3562 4424 tibi
3578 4367 3685 4424 D0-

2026 4491 2081 4551 D
2105 4459 2457 4528 minus.Ager
2481 4459 2571 4513 ille
2595 4458 2737 4513 Booz
2769 4472 2889 4513 esse
2914 4457 3258 4520 describitur,
3295 4457 3386 4527 qui
3434 4465 3556 4513 erat
3591 4473 3679 4513 co-

2107 4557 2303 4620 gnatus
2340 4547 2634 4603 Elimelech
2659 4587 2674 4611 ,
2727 4547 2853 4618 quia
2883 4558 3071 4602 sancta
3108 4546 3349 4602 Ecclesia
3376 4546 3445 4601 ad
3473 4544 3680 4602 nullum

2107 4639 2269 4694 alium
2300 4638 2557 4709 pertinet,
2582 4638 2684 4693 nisi
2701 4639 2767 4693 ad
2792 4639 3077 4693 Dominum
3094 4638 3268 4694 solum
3292 4637 3499 4703 Iesum,
3522 4638 3677 4709 cujus

2107 4728 2443 4784 solummodo
2470 4741 2667 4796 sponsa
2686 4735 2741 4782 et
2758 4742 2955 4798 corpus
2978 4736 3082 4793 est,
3101 4729 3166 4784 de
3186 4744 3301 4798 quo
3316 4738 3379 4783 et
3394 4728 3679 4784 Psalmista

2106 4817 2183 4872 ait
2208 4834 2221 4870 :
2251 4815 2529 4871 Fortitudo
2559 4832 2674 4870 mea
2705 4824 2753 4871 et
2789 4815 3026 4872 laudatio
3060 4833 3176 4871 mea
3221 4816 3473 4872 Dominus
3503 4814 3676 4888 (Psal.

2102 4907 2302 4979 cxvu).
2337 4907 2402 4962 Et
2432 4907 2557 4961 item
2584 4924 2596 4960 :
2631 4905 2885 4961 Dominus
2913 4907 3087 4976 fortis,
3128 4907 3383 4962 Dominus
3408 4917 3590 4978 potens
3623 4904 3679 4960 in

2101 4997 2283 5067 pratia
2329 4996 2500 5068 (Psal.
2528 4994 2708 5067 χχιιι),
2757 4995 2836 5051 De
2864 5011 2971 5066 quo
2996 5004 3053 5052 et
3090 4996 3392 5053 Hieremias
3419 4995 3495 5049 ait
3523 5010 3537 5047 :
3567 4992 3679 5059 Da

2105 5085 2277 5140 minus
2315 5101 2518 5139 mecum
2561 5094 2658 5150 est,
2684 5094 2933 5157 tanquam
2966 5085 3187 5142 bellator
3212 5087 3365 5156 fortis
3392 5084 3527 5153 (Jer.
3557 5088 3674 5155 xx).

2103 5175 2220 5247 Ipse
2244 5183 2501 5246 cognatus
2524 5183 2645 5231 erat
2679 5175 2992 5244 Elimelech,
3040 5178 3166 5248 quia
3208 5176 3275 5230 de
3321 5174 3591 5229 Bethleem
3619 5182 3677 5231 et

2105 5266 2172 5321 de
2196 5266 2364 5336 stirpe
2394 5265 2559 5321 David
2602 5274 2796 5332 natus,
2823 5267 3127 5322 testimonia
3173 5263 3363 5319 habuit
3400 5278 3432 5318 a
3471 5262 3588 5334 lege
3619 5270 3677 5320 et

2103 5357 2417 5427 prophetis;
2471 5357 2562 5427 qui
2614 5357 2809 5412 salutis
2835 5355 2999 5422 verba
3047 5368 3157 5408 suae
3199 5350 3418 5408 familia:
3452 5353 3673 5423 attulit,

2103 5447 2228 5515 quia
2250 5446 2303 5500 iu
2333 5444 2449 5514 ejus
2472 5446 2751 5501 nativitate
2770 5443 3054 5500 multitudo
3078 5443 3285 5499 militiae
3320 5444 3557 5502 caelestis
3580 5461 3673 5502 ca-

2103 5535 2285 5598 nebat,
2327 5535 2513 5589 dicens
2555 5552 2568 5586 :
2606 5532 2791 5589 Gloria
2842 5532 2899 5585 in
2944 5529 3159 5586 excelsis
3188 5532 3318 5598 Deo,
3346 5543 3396 5588 et
3425 5534 3482 5588 in
3531 5543 3673 5591 terra

2102 5640 2208 5694 pax
2229 5624 2524 5678 hominibus
2553 5623 2701 5678 bona:
2734 5620 3032 5676 voluntatis.
3075 5621 3174 5678 Cui
3200 5625 3365 5680 etiam
3390 5634 3520 5682 ante
3555 5640 3680 5697 pas-

2106 5713 2310 5769 sionem
2333 5726 2484 5767 suam
2512 5711 2581 5766 ad
2610 5708 2948 5765 Hierusalem
2971 5710 3318 5771 descendenti
3346 5715 3524 5774 turba.
3551 5734 3674 5789 qua:
