4000 6186
344 352 478 409 Ιίὕῖ

1016 348 1077 402 Β.
1118 347 1369 403 ΒΑΒΔΝΙ
1406 345 1621 402 ΜΑυῐιι
1659 345 1915 403 ΔΒΕ-ΒΙΕέ

2014 344 2316 401 MOGUNT.
2358 344 2636 402 OPERUM
2675 344 2854 399 PARS
2888 345 2907 399 l

3423 347 3576 408 nos

340 472 669 524 convenerat
690 461 757 517 ad
786 463 926 517 diem
954 462 1150 518 festum
1182 463 1397 519 obviam
1420 478 1541 517 cum
1574 462 1824 516 laudibus
1843 468 1899 513 et
1927 460 1972 518 A
2001 460 2197 516 dicavit
2231 461 2443 531 placere
2479 462 2583 517 sibi
2620 464 2762 530 quod
2791 472 2914 532 post
2940 471 3168 517 mortem
3196 462 3397 533 prioris
3426 462 3535 519 viri
3554 502 3575 530 ,

341 555 507 612 ramis
542 553 841 624 palmarum
883 552 1162 622 processit,
1204 551 1425 607 dicens:
1455 548 1764 605 Benedictus
1811 549 1900 619 qui

234 654 245 662 ί
341 647 477 701 venit
504 644 559 699 in
590 642 794 698 nomine
826 641 1035 696 Domini
1067 640 1292 710 (Matth.
1316 640 1452 709 χχι).

421 732 667 803 Dixitque
718 731 862 784 Boos
890 730 1108 799 juveni,
1152 729 1240 799 qui
1290 741 1510 800 praeerat
1547 731 1856 785 messoribus
1881 747 1899 784 .'

342 820 508 893 Cujus
556 830 630 875 est
693 822 802 873 lucc
859 818 1076 888 puella?
1129 818 1232 883 Qui
1291 819 1549 890 respondit
1596 836 1614 873 :
1657 819 1785 873 Haec
1829 829 1902 873 est

342 911 754 980 Moabitis,qua:
805 910 939 963 venit
988 925 1105 962 cum
1155 908 1341 963 Noemi
1391 910 1455 963 de
1500 911 1704 980 regione
1750 909 1902 963 Moa-

342 1002 530 1066 bitide,
574 1009 621 1054 et
670 1000 870 1070 rogavit
924 1008 978 1052 ut
1021 1000 1191 1067 spicas
1235 999 1494 1070 colligeret
1538 1012 1862 1071 remanentes
1887 1040 1900 1065 ,

339 1107 556 1162 sequens
596 1105 881 1143 messorum
908 1090 1156 1159 vestigia;
1193 1099 1242 1144 et
1272 1090 1336 1144 de
1366 1108 1519 1145 mane
1560 1108 1721 1161 usque
1765 1108 1903 1146 nunc

339 1189 443 1235 stat
479 1181 536 1233 in
579 1195 740 1250 agro,
774 1188 914 1232 etne
970 1178 1038 1232 ad
1082 1187 1396 1233 momentum
1440 1180 1646 1249 quidem
1692 1180 1906 1234 domum

340 1285 543 1323 reuersa
580 1277 674 1322 est.
720 1266 855 1333 Quid
902 1277 986 1322 est
1034 1269 1175 1336 quod
1219 1267 1366 1339 Βυοῃ
1412 1269 1710 1340 interrogat
1763 1271 1905 1340 prio-

342 1374 455 1414 rem
502 1371 799 1415 messorum
840 1356 906 1410 de
950 1355 1093 1411 Ruth
1119 1396 1134 1422 ,
1189 1357 1330 1412 unde
1382 1360 1567 1413 esset?
1610 1359 1711 1413 nisi
1763 1359 1907 1429 quod

341 1448 666 1517 Redemptor
716 1454 901 1500 noster
936 1445 1226 1515 quemlibet
1268 1447 1333 1501 de
1386 1447 1661 1517 apostolis,
1704 1462 1800 1502 seu
1840 1447 1906 1502 de

339 1538 626 1609 pnecipuis
656 1537 966 1592 doctoribus
1005 1536 1095 1604 qui
1126 1537 1323 1592 minori
1351 1538 1540 1607 gradui
1566 1539 1905 1594 sacerdotum

340 1637 553 1700 praeest,
576 1627 730 1697 quasi
772 1628 1045 1697 ignorans,
1074 1629 1140 1682 de
1178 1626 1280 1681 ﬁde
1317 1627 1553 1698 gentium
1580 1628 1903 1693 sciscitatur,

340 1734 460 1773 cum
488 1724 744 1788 provocat
779 1731 903 1771 eum
949 1716 1017 1770 ad
1067 1716 1489 1770 annuntiandum
1544 1716 1905 1771 testimonium

1999 552 2105 606 hoc
2139 559 2223 607 est
2266 552 2469 606 erroris
2507 559 2668 621 atque
2710 551 2906 606 diaboli
2927 591 2942 613 .
2992 550 3269 620 reliquerit
3314 560 3579 622 parentes

2000 656 2126 697 suos
2166 641 2478 697 idololatras
2504 650 2558 696 et
2587 650 2785 696 terram
2819 641 3117 696 nativitatis
3145 657 3287 706 suae,
3326 642 3579 697 carnalia

2000 733 2187 802 utique
2211 732 2511 796 desideria,
2561 740 2617 787 et
2662 732 2933 787 associare
2980 748 3039 787 se
3088 733 3344 803 appetivit
3370 733 3580 803 populo

2000 833 2329 889 sanctorum,
2357 824 2449 892 qui
2477 823 2580 878 sibi
2606 831 2764 878 antea
2791 824 3008 893 ignotus
3032 822 3166 888 fuit,
3206 839 3330 879 cum
3365 824 3577 879 veteris

2002 912 2233 967 hominis
2259 912 2607 982 cupiditatem
2647 920 2702 967 et
2741 921 2893 967 actus
2926 914 3269 982 sequebatur.
3320 913 3570 976 Reddat.

2001 1001 2196 1070 inquit,
2224 1000 2319 1055 tibi
2343 1000 2598 1055 Dominus
2626 1018 2719 1071 pro
2749 1018 2900 1071 opere
2927 1011 3034 1065 tuo,
3068 1011 3115 1056 et
3136 999 3345 1068 plenam
3372 1018 3577 1057 merce-

2001 1090 2118 1144 dem
2158 1090 2375 1159 recipias
2417 1107 2451 1143 a
2486 1090 2705 1145 Domino
2745 1091 2852 1145 Deo
2893 1090 3085 1145 Israel.
3134 1091 3280 1162 Opus
3315 1092 3577 1149 Ecclesiae

2001 1187 2086 1234 est
2110 1178 2242 1234 ﬁdes
2261 1179 2492 1245 Christi;
2518 1180 2660 1234 unde
2683 1181 2798 1249 ipsa
2819 1181 3033 1237 Veritas
3056 1181 3111 1235 in
3137 1181 3421 1253 Evangelia
3448 1181 3529 1236 ait
3553 1196 3575 1237 :

2003 1269 2121 1324 Hoc
2144 1279 2220 1325 est
2245 1287 2373 1340 opus
2398 1269 2517 1336 Dei,
2556 1280 2613 1324 ut
2652 1271 2877 1324 credatis
2906 1273 2961 1325 in
2988 1288 3105 1326 eum
3129 1288 3278 1344 quem
3315 1272 3453 1327 misit
3477 1270 3580 1326 ille

2004 1359 2184 1431 (Joan.
2211 1360 2309 1428 vi).
2361 1358 2485 1414 Herc
2521 1359 2733 1428 plenam
2780 1362 3080 1416 mercedem
3125 1361 3353 1431 accipiet
3387 1377 3418 1415 a
3457 1361 3577 1417 Do-

2004 1451 2180 1512 mino,
2231 1451 2356 1519 quia
2405 1459 2526 1520 post
2575 1450 2784 1504 finitum
2829 1451 3112 1520 praesentis
3154 1452 3279 1505 vita:
3327 1451 3573 1509 laborem

2003 1549 2203 1594 aeterna
2236 1538 2329 1593 Dei
2357 1538 2563 1592 visione
2602 1537 2805 1608 perfrui
2843 1539 3138 1593 merebitur
3171 1539 3224 1592 in
3264 1538 3432 1607 gloria
3460 1552 3576 1593 cm-

2005 1628 2155 1693 lesti;
2206 1628 2347 1683 unde
2383 1627 2638 1681 Dominus
2675 1626 2932 1696 apostolis
2973 1626 3086 1680 suis
3130 1626 3245 1679 ait:
3288 1623 3483 1688 Petite,
3519 1634 3573 1679 et

2004 1717 2289 1788 accipietis,
2312 1726 2366 1769 ut
2389 1717 2637 1787 gaudium
2660 1729 2884 1770 oestrum
2907 1717 2972 1769 sit
2997 1715 3205 1786 plenum
3228 1714 3405 1785 (Joan.
3434 1715 3570 1787 xvi).

345 1808 466 1864 ﬁdei
511 1816 560 1861 et
592 1807 843 1877 operibus
884 1805 1137 1861 Ecclesiae
1179 1806 1438 1875 gentium.
1475 1805 1740 1860 lnstanter
1779 1822 1907 1877 ergo
1939 1792 1982 1851 Β
2012 1806 2135 1860 Hmc
2174 1819 2383 1860 merces
2418 1805 2671 1859 reddetur
2702 1804 2952 1859 Ecclesiae
2992 1819 3024 1858 a
3070 1804 3180 1860 Deo
3226 1804 3387 1859 Israel
3409 1844 3424 1868 ,
3473 1806 3576 1859 sub

341 1906 463 1967 post
491 1905 776 1959 metentes,
806 1897 909 1950 hoc
936 1903 1019 1949 est
1045 1895 1428 1964 praedicatores
1459 1898 1712 1966 mysteria
1757 1896 1908 1952 Scri-

340 1996 619 2057 pturarum
657 1986 970 2056 colligentes
1021 1995 1207 2041 sancta
1238 1985 1475 2041 Ecclesia
1517 1997 1826 2056 perseverat
1855 1988 1910 2042 in

348 2088 479 2145 agro
527 2075 773 2130 lectionis
823 2074 1052 2140 divinae,
1107 2082 1375 2145 quatenus
1415 2075 1691 2146 recolligat
1735 2076 1787 2129 in
1834 2076 1906 2131 si-

347 2181 472 2220 num
515 2167 711 2220 mentis
739 2180 849 2221 suae
885 2166 1190 2220 testimonia
1212 2175 1373 2236 atque
1396 2168 1637 2237 exempla
1653 2168 1909 2223 virtutum

346 2271 457 2310 sua:
472 2256 630 2310 saluti
654 2255 999 2324 sufﬁcientia;
1030 2259 1206 2313 ethoc
1234 2259 1347 2329 agit
1370 2272 1402 2312 a
1427 2274 1586 2314 mane
1602 2260 1912 2315 illucescen-

345 2349 418 2402 tis
447 2346 569 2401 fidei
592 2362 760 2416 usque
790 2348 856 2402 ad
878 2348 1264 2417 perfectionem
1296 2351 1379 2405 sui
1410 2350 1590 2420 operis
1623 2350 1779 2414 boni;
1815 2365 1912 2406 nec

349 2436 417 2490 ad
447 2436 665 2491 domum
697 2439 1095 2505 superstitionis
1120 2440 1371 2510 antiquae,
1402 2440 1543 2495 unde
1570 2455 1784 2512 egressa
1808 2448 1912 2506 est,

344 2542 580 2595 unquam
624 2530 945 2595 revertitur;
990 2530 1116 2598 quia
1157 2546 1221 2586 ea
1252 2546 1371 2600 quae
1403 2538 1551 2587 retro
1577 2541 1703 2587 sunt
1723 2532 1916 2587 oblivi-

348 2628 530 2679 scens,
556 2613 607 2667 in
652 2614 922 2668 anteriora
951 2630 1009 2669 se
1035 2617 1292 2679 extendit,
1323 2618 1368 2672 si
1412 2634 1518 2687 quo
1544 2619 1702 2675 modo
1733 2635 1916 2690 perve-

347 2703 458 2758 niat
489 2702 557 2757 ad
576 2701 821 2756 brat-ium
852 2718 1096 2773 superna:
1121 2705 1441 2760 vocationis.

929 2815 1156 2871 CAPUT
1209 2817 1317 2874 VII.

351 2902 675 2976 Qudeooz
694 2904 841 2976 jubet
881 2902 1019 2976 Ruth
1059 2904 1115 2959 in
1136 2921 1263 2976 agro
1301 2923 1398 2961 suo
1427 2908 1539 2963 sine
1563 2908 1798 2963 molestia
1829 2926 1918 2963 cu-

408 2972 625 3095 juslilbet
654 2972 823 3044 spicas
866 2974 1125 3043 colligere,
1155 2972 1369 3047 eamque
1418 2976 1486 3031 ad
1520 2979 1798 3047 prandium
1836 2995 1918 3032 ro—

419 3058 530 3095 cavt
559 3081 573 3095 .

419 3058 573 3096 οαυιι.

418 3151 595 3221 (1⁸11).)
629 3149 777 3206 Unde
813 3163 861 3206 et
892 3152 1038 3208 Boos
1067 3136 1145 3208 ad)
1162 3153 1300 3209 Ruth
1337 3156 1411 3209 ait
1438 3168 1455 3208 :
1481 3156 1640 3222 Audi,
1668 3156 1812 3225 ﬁlia,
1857 3174 1919 3212 ne
1945 3114 1989 3175 Ο

349 3241 510 3295 vadas
548 3241 616 3295 ad
660 3241 1003 3325 calligendum
1054 3244 1109 3297 in
1145 3243 1366 3297 alterum
1413 3260 1634 3314 agrum,
1691 3262 1782 3298 nec
1840 3262 1919 3299 re-

349 3330 504 3384 cedas
539 3331 603 3383 ab
631 3331 726 3382 hoc
750 3330 883 3383 loco.
910 3331 1137 3399 Iungere
1167 3331 1352 3399 puellis
1381 3334 1507 3384 meis
1526 3370 1540 3395 ,
1591 3342 1638 3384 et
1667 3333 1755 3384 ubi
1788 3349 1918 3385 mes-

353 3415 571 3475 suerint,
603 3427 829 3481 sequere.
866 3411 1118 3465 Mandavi
1155 3414 1291 3465 enim
1320 3414 1493 3484 pueris
1519 3414 1645 3468 meis
1672 3425 1727 3468 ut
1768 3433 1916 3470 nemo

350 3496 442 3557 tibi
498 3502 744 3557 molestus
793 3504 881 3556 sit.
942 3500 1045 3557 Sed
1098 3503 1254 3558 etiam
1305 3505 1350 3558 si
1394 3507 1620 3572 sitieris,
1676 3509 1803 3562 vade
1851 3511 1919 3563 ad

349 3593 673 3658 sarcinulas,
726 3602 772 3647 et
814 3593 926 3647 bibe
978 3610 1179 3664 aquas,
1231 3595 1295 3649 de
1328 3596 1513 3667 quibus
1560 3608 1607 3651 et
1644 3601 1793 3668 pueri
1845 3601 1921 3654 bi-

350 3684 497 3740 bunt.
549 3683 674 3740 [hec
712 3685 905 3756 quippe
952 3686 1116 3741 verba
1166 3686 1298 3741 nulli
1358 3689 1549 3745 melius
1598 3692 1921 3747 conveniunt

349 3791 509 3845 quam
557 3776 901 3846 Redemptori
942 3785 1146 3843 nostro,
1186 3779 1277 3847 qui
1307 3779 1447 3849 plebi
1492 3781 1558 3837 de
1614 3783 1920 3838 nationibus

350 3866 418 3918 ad
471 3880 529 3918 se
573 3866 909 3920 convenienti
963 3867 1194 3923 suadens
1248 3870 1520 3941 praecipit,
1568 3887 1635 3926 ne
1689 3874 1756 3927 ad
1812 3888 1921 3927 mo-

351 3960 591 4007 mentum
642 3955 855 4021 quidem
908 3971 938 4008 a
991 3964 1136 4010 statu
1191 3967 1352 4013 recta:
1396 3958 1520 4017 ﬁdei
1581 3962 1811 4018 declinet
1866 3964 1918 4017 in

353 4055 566 4096 errores
614 4042 1011 4106 haereticorum,
1066 4052 1228 4110 atque
1272 4047 1775 4115 schismaticorum,
1827 4051 1920 4105 sed

354 4132 526 4198 magis
550 4130 741 4200 jungat
779 4145 837 4185 se
880 4131 1083 4186 sanctis
1110 4118 1412 4201 animabus,
1458 4152 1591 4205 quas
1616 4138 1921 4209 signiﬁcant

355 4223 545 4292 puellm
568 4223 726 4286 Bouz,
755 4231 814 4275 ut
834 4222 905 4276 ibi
928 4223 1353 4280 metantubiillre
1373 4228 1714 4294 messucrint,
1737 4230 1920 4298 utique

355 4314 661 4383 Seripturas
706 4329 889 4368 sacras
916 4313 1222 4368 meditando
1250 4323 1304 4369 et
1333 4317 1487 4371 bonis
1530 4318 1784 4386 operibus
1827 4335 1920 4376 eas

355 4406 657 4474 implendo,
713 4406 900 4474 sicque
946 4404 1196 4459 haustum
1259 4407 1534 4475 sapientiae
1594 4411 1788 4467 divina)
1852 4429 1918 4467 ex

351 4492 502 4548 libris
519 4495 746 4550 duorum
762 4494 1248 4559 Testamentorum,
1262 4497 1402 4551 unde
1424 4499 1573 4568 pueri
1597 4500 1675 4554 Sui
1706 4501 1913 4569 bibunt,

355 4587 526 4640 sancti
549 4585 798 4640 videlicet
821 4585 1085 4649 doctores,
1104 4592 1158 4639 et
1182 4585 1299 4654 ipsa
1326 4586 1611 4642 salubriter
1644 4589 1812 4644 bibat.

427 4672 557 4738 Qua:
583 4675 773 4728 cadens
800 4675 854 4728 in
882 4674 1066 4743 faciem
1095 4691 1267 4740 suam,
1303 4687 1351 4730 et
1378 4677 1605 4733 adorans
1636 4697 1791 4750 super
1818 4690 1920 4736 ter-

355 4778 491 4827 ram,
534 4762 667 4816 dixit
708 4763 775 4816 ad
815 4777 971 4816 eum:
1003 4761 1149 4818 Unde
1194 4764 1289 4818 hoc
1333 4766 1495 4831 mihi,
1546 4777 1599 4819 ut
1640 4770 1919 4823 invenirem

353 4853 579 4924 gratiam
606 4862 724 4905 ante
748 4852 923 4907 oculos
951 4863 1086 4920 tuos,
1109 4865 1157 4908 et
1184 4871 1332 4909 nosse
1360 4872 1438 4909 me
1461 4857 1751 4926 dignareris
1776 4876 1921 4928 pere-

354 4945 559 5015 grinam
588 4941 896 4996 mulierem?
927 4944 1023 4997 Cui
1053 4944 1141 4998 ille
1166 4946 1443 5016 respondit
1468 4964 1479 4999 :
1516 4946 1772 5001 Nuntiata
1797 4959 1917 5003 sunt

354 5033 483 5088 mihi
510 5032 706 5096 omnia,
738 5046 853 5100 qua:
881 5030 1061 5098 feceris
1087 5035 1257 5086 socrui
1298 5042 1403 5086 tua:
1435 5042 1549 5103 post
1578 5044 1792 5089 mortem
1822 5036 1919 5088 viri

353 5126 456 5189 tui,
494 5133 542 5179 et
579 5122 717 5194 quod
748 5119 1080 5190 dereliqueris
1107 5133 1344 5191 parentes
1385 5133 1502 5177 tuos
1547 5132 1594 5177 et
1636 5134 1825 5178 terram
1864 5128 1919 5182 in

354 5231 459 5283 qua
484 5223 608 5268 nata
631 5230 707 5277 es,
734 5222 779 5266 et
802 5210 999 5266 ueneris
1023 5210 1092 5264 ad
1115 5212 1360 5280 populum
1384 5229 1533 5282 quem
1556 5223 1705 5267 antea
1729 5217 1922 5269 nescie-

357 5302 468 5357 bas.
516 5301 719 5357 Reddat
748 5303 840 5356 tibi
864 5301 1121 5355 Dominus
1162 5317 1254 5369 pro
1295 5318 1444 5371 opere
1471 5312 1581 5368 tuo,
1627 5315 1673 5358 et
1713 5304 1916 5374 plenam

354 5395 640 5450 mercedem
688 5395 906 5464 recipias
952 5410 985 5447 a
1028 5391 1248 5445 Domino
1288 5390 1395 5445 Deo
1444 5392 1612 5447 Israel
1659 5395 1727 5448 ad
1770 5413 1919 5465 quem

355 5490 562 5554 uenisti,
600 5498 648 5541 et
675 5488 769 5541 sub
805 5487 955 5555 cujus
990 5484 1268 5554 confugisti
1304 5484 1437 5538 alas.
1492 5486 1712 5541 Gratias
1757 5491 1922 5545 refert

356 5580 595 5636 Ecclesia
643 5577 883 5647 gentium
930 5574 1199 5629 Salvatori
1225 5617 1239 5640 ,
1293 5576 1437 5644 quod
1483 5591 1600 5630 eam
1653 5579 1919 5647 respicere

363 5667 741 5721 misericordia:
778 5678 888 5719 sate
913 5664 1109 5718 intuitu
1140 5665 1390 5736 dignatus
1415 5673 1535 5719 est:
1580 5666 1665 5719 cui
1705 5666 1789 5719 ille
1833 5668 1915 5720 in-

2010 1900 2162 1966 cnjus
2198 1898 2311 1968 ipsa
2347 1896 2590 1967 confugit
2622 1896 2754 1951 alas.
2805 1896 2917 1951 Ala:
2946 1896 3142 1966 quippe
3176 1896 3270 1951 Dei
3303 1905 3429 1951 sunt
3465 1896 3580 1951 duo

2011 1987 2374 2051 Tesmmenta,
2404 1987 2503 2041 sub
2532 1986 2727 2054 quibus
2760 1986 2995 2055 protegit
3026 2000 3214 2041 omnes
3263 1986 3354 2056 qui
3384 1985 3577 2041 confu—

2011 2076 2163 2146 giunt
2187 2076 2253 2131 ad
2281 2091 2339 2131 se
2364 2075 2612 2131 Christus
2638 2076 2944 2146 unigenitus
2971 2076 3068 2130 Dei
3094 2076 3281 2141 Filius,
3315 2077 3383 2131 ad
3412 2092 3577 2146 quem

2010 2166 2293 2222 Psalmista
2312 2167 2681 2223 desideranter
2700 2167 2777 2222 ait
2800 2184 2813 2221 :
2844 2166 2910 2222 In
2930 2168 3117 2221 umbra
3139 2166 3344 2222 alarum
3366 2178 3579 2222 tuarum

2011 2271 2179 2325 spero,
2207 2255 2370 2310 donec
2380 2265 2627 2311 .transeat
2654 2257 2904 2327 iniquitas
2927 2254 3100 2329 (Psal.
3123 2257 3257 2328 xu).

2084 2340 2214 2407 Qua:
2239 2343 2311 2396 ait
2334 2355 2354 2395 :
2384 2342 2567 2397 Inueni
2594 2344 2819 2413 gratiam
2847 2353 2966 2399 ante
2996 2344 3174 2399 oculos
3202 2354 3338 2410 tuos,
3361 2345 3578 2400 Domine

2012 2435 2107 2499 mi,
2132 2435 2220 2504 qui
2248 2433 2544 2488 consolatus
2574 2451 2626 2488 es
2653 2451 2753 2498 me,
2781 2444 2829 2487 et
2860 2433 3063 2488 locutus
3076 2450 3129 2487 es
3159 2436 3228 2487 ad
3257 2452 3347 2488 cor
3371 2435 3580 2491 ancilla:

2014 2534 2137 2587 tute,
2177 2539 2294 2595 qum
2332 2539 2433 2577 non
2462 2540 2579 2578 sum
2606 2523 2792 2577 similis
2827 2525 2983 2577 unius
3018 2522 3314 2592 puellarum
3344 2534 3575 2577 tuarum.

2015 2612 2110 2667 His
2135 2613 2310 2668 verbis
2350 2612 2623 2668 humilitas
2663 2613 2913 2668 Ecclesiae
2951 2628 3016 2668 ex
3052 2614 3305 2683 gentibus
3340 2614 3579 2669 declam-

2016 2710 2121 2766 tur,
2148 2717 2267 2771 quae
2293 2717 2351 2757 se
2382 2705 2642 2770 imparem
2674 2709 2837 2756 tanta:
2863 2702 3049 2773 gratia:
3076 2710 3371 2765 asseverat,
3402 2717 3502 2757 nec
3523 2715 3580 2756 se

2013 2792 2268 2847 Ecclesiae
2306 2792 2590 2861 primitivis
2624 2791 2690 2845 de
2720 2788 2921 2846 Iudaeis
2946 2790 3125 2860 aliquo
3153 2791 3311 2845 modo
3338 2790 3576 2860 aequipa-

2017 2897 2139 2936 rare
2183 2881 2362 2936 audet.
2414 2880 2566 2936 Unde
2592 2880 2645 2934 in
2675 2880 2962 2951 Evangelia
2989 2881 3089 2936 sub
3118 2888 3243 2950 typo
3270 2879 3581 2936 Cbanantete

2019 2972 2259 3028 mulieris
2304 2971 2534 3026 Domino
2579 2971 2796 3026 dicent:
2844 2970 2969 3025 Non
3020 2980 3094 3027 est
3142 2972 3333 3026 bonum
3379 2986 3582 3026 sumere

2019 3078 2205 3132 panem
2225 3061 2476 3130 ﬁliorum,
2494 3070 2541 3115 et
2561 3062 2761 3115 mttere
2778 3061 3027 3127 canibus;
3050 3063 3343 3131 respondit,
3362 3063 3576 3118 dicens:

2024 3150 2219 3214 Etiam,
2257 3151 2498 3215 Domine,
2543 3167 2665 3205 nam
2706 3160 2755 3204 et
2800 3150 2971 3205 catelli
3012 3152 3174 3206 edunt
3200 3153 3266 3206 de
3294 3154 3438 3208 micis
3462 3171 3581 3224 qua

2018 3238 2210 3289 cadunt
2251 3237 2315 3290 de
2357 3253 2537 3316 mensa
2577 3239 2908 3294 dominorum
2953 3257 3173 3295 suorum
3216 3241 3427 3313 (Matth.
3468 3243 3579 3311 xv).

2020 3323 2153 3377 liine
2176 3331 2228 3377 et
2248 3327 2489 3380 centurio
2508 3328 2851 3395 prmsentiam
2866 3328 3076 3384 Domini
3096 3330 3165 3384 ad
3184 3345 3242 3386 se
3262 3330 3339 3384 ire
3355 3331 3582 3386 volentis

2021 3416 2390 3480 reverebantur,
2438 3417 2663 3472 dicens:
2710 3418 2952 3485 Domine,
2996 3437 3098 3474 non
3139 3437 3256 3475 sum
3294 3422 3480 3490 dignus
3522 3431 3580 3475 ut

2018 3504 2177 3557 intres
2217 3504 2312 3558 sub
2343 3514 2532 3559 tectum
2571 3521 2779 3561 meum:
2814 3509 2906 3562 sed
2943 3517 3150 3563 tantum
3184 3503 3271 3562 dic
3308 3510 3486 3573 uerbo,
3531 3518 3582 3564 et

2018 3593 2291 3647 sanabitur
2315 3611 2444 3665 puer
2469 3612 2613 3651 meus
2640 3596 2854 3665 (Matth.
2877 3598 3019 3669 vm).

2090 3681 2335 3753 Dixitque
2361 3685 2431 3737 ad
2461 3702 2571 3739 :am
2597 3684 2741 3740 Booz
2760 3699 2779 3738 :
2810 3686 3033 3753 Quando
3059 3689 3188 3743 liora
3209 3690 3447 3743 vescendi
3471 3690 3585 3757 [ue-

2021 3772 2106 3836 rit,
2137 3775 2248 3827 veni
2274 3775 2397 3839 huc,
2427 3784 2474 3828 et
2503 3775 2710 3830 comede
2737 3792 2944 3845 panem,
2970 3787 3020 3831 et
3045 3778 3279 3847 intingue
3303 3777 3584 3831 buccellam

2021 3870 2168 3914 tuam
2196 3863 2251 3915 in
2277 3873 2443 3917 aceto.
2488 3861 2629 3918 Hora
2654 3865 2849 3935 quippe
2875 3867 3122 3922 vescendi
3147 3866 3346 3932 fuerat,
3373 3866 3586 3937 quando

2018 3960 2141 4023 post
2185 3953 2636 4010 resurrectionem
2679 3971 2831 4010 suam
2868 3956 3127 4013 Dominus
3160 3958 3440 4027 discipulis
3474 3958 3585 4013 suis

2019 4042 2296 4111 praecepit,
2318 4042 2502 4097 dicens
2524 4060 2536 4097 :
2571 4042 2673 4109 Ite,
2697 4045 2874 4119 docete
2900 4061 3074 4099 omnes
3098 4054 3296 4115 gentes,
3319 4046 3586 4116 baptizan-

2020 4140 2093 4184 tes
2129 4147 2217 4184 eas
2252 4132 2308 4184 in
2338 4133 2544 4186 nomine
2575 4133 2777 4199 Patris,
2805 4142 2853 4188 et
2882 4132 3031 4199 Filii,
3062 4145 3111 4190 et
3142 4134 3370 4205 Spiritus
3395 4134 3582 4198 sancti,

2020 4221 2259 4275 docentes
2284 4238 2368 4275 eos
2394 4239 2596 4276 servare
2621 4224 2795 4277 omnia
2820 4238 3147 4293 qutrcunque
3178 4223 3421 4277 mandaui
3445 4224 3583 4276 vobis

2022 4309 2234 4382 (Matth.
2264 4312 2475 4380 xxvut).
2507 4311 2679 4364 Antea
2707 4326 2834 4381 ergo
2863 4311 3063 4365 dictum
3096 4319 3183 4366 est
3206 4311 3287 4365 eis
3312 4328 3325 4363 :
3354 4309 3422 4363 In
3446 4309 3583 4363 uiam

2021 4401 2250 4469 gentium
2290 4416 2352 4453 ne
2390 4400 2642 4464 abieritis,
2685 4411 2729 4453 et
2768 4400 2823 4453 in
2858 4400 3089 4454 civitates
3124 4399 3586 4454 Samaritanorum

2024 4508 2086 4546 ne
2114 4492 2417 4545 introieritis
2450 4490 2664 4562 (Matth.
2691 4491 2768 4561 χ).
2786 4491 3048 4560 lntingue,
3068 4491 3261 4558 inquit,
3291 4489 3584 4544 buccellam

2025 4589 2172 4635 tuam
2199 4581 2252 4634 in
2275 4588 2446 4635 aceto.
2480 4580 2618 4646 Quid
2643 4592 2770 4652 ergo
2793 4595 2890 4648 per
2910 4589 3142 4647 acetum,
3174 4580 3277 4634 nisi
3302 4579 3390 4634 lex
3412 4587 3585 4640 vetus,

2024 4669 2365 4740 exprimitur,
2401 4684 2520 4738 qua:
2549 4669 2639 4723 diu
2678 4669 2732 4723 in
2770 4668 2965 4739 populo
2998 4669 3179 4738 priore
3213 4682 3583 4738 perseverans,

2024 4760 2418 4815 Pharisaeorum
2450 4757 2824 4814 traditionibus
2847 4764 3133 4826 corrupta,
3162 4757 3403 4811 nativum
3431 4770 3588 4825 sapo-

2028 4863 2141 4903 rem
2169 4863 2388 4903 servare
2413 4863 2520 4901 non
2550 4846 2763 4915 potuit?
2807 4844 3036 4899 Jubetur
3063 4859 3192 4914 ergo
3220 4843 3497 4907 Ecclesiae,
3525 4851 3588 4895 ut

2024 4938 2292 5008 intinguat
2339 4936 2630 4992 buccellam
2682 4950 2831 4989 suam
2881 4934 2934 4987 in
2984 4943 3168 4998 aceto,
3223 4933 3323 4985 hoc
3363 4938 3475 4993 est,
3525 4940 3591 4983 ui.

2024 5031 2338 5100 mysterium
2391 5028 2778 5083 incarnationis
2828 5026 3026 5082 Christi
3077 5026 3252 5081 discat
3297 5025 3350 5078 in
3400 5023 3587 5077 Veteri

2025 5120 2369 5174 Testamento
2397 5133 2516 5173 esse
2548 5118 2960 5188 prmuuntiatum
2982 5157 2996 5182 ,
3037 5126 3093 5171 et
3130 5131 3197 5170 eo
3232 5113 3425 5169 fortius
3457 5112 3588 5166 illud

2026 5208 2128 5263 ﬁde
2159 5216 2372 5271 teneat,
2403 5223 2509 5278 quo
2540 5217 2650 5262 tam
2683 5207 2837 5277 longe
2864 5214 3019 5261 antea
3048 5204 3451 5275 prteﬁguratum
3478 5217 3590 5259 non

2027 5303 2252 5373 ignorat.

2098 5389 2243 5444 Sedit
2268 5391 2442 5459 itaque
2465 5387 2533 5440 ad
2556 5404 2839 5441 messorum
2856 5386 3015 5451 latus,
3034 5395 3081 5439 et
3105 5384 3359 5454 congessit
3381 5379 3587 5453 polenta

2024 5480 2143 5543 sibi,
2176 5480 2511 5549 comeditque,
2548 5488 2593 5530 et
2627 5487 2863 5530 saturata
2888 5486 2983 5538 est,
3019 5486 3065 5528 et
3093 5474 3211 5527 tulit
3238 5471 3482 5541 reliquias
3506 5477 3588 5523 at-

2024 5591 2123 5645 que
2159 5575 2406 5637 surrexit,
2447 5582 2501 5625 ut
2541 5571 2710 5639 spicas
2743 5586 2807 5624 ex
2840 5585 2980 5622 more
3007 5567 3286 5638 colligeret.
3323 5564 3403 5618 Ad
3448 5562 3586 5615 latus

2028 5680 2154 5732 ergo
2193 5677 2489 5718 messorum
2524 5660 2669 5715 Ruth
2707 5659 2881 5725 sedit,
2932 5674 3053 5713 cum
3084 5656 3355 5729 gentilitas
3384 5650 3582 5710 sanctis
