4000 6186
232 494 244 504 ,
336 434 475 492 1209

1446 423 1794 480 COMMENT.
1837 420 1903 476 IN
1944 420 2201 479 LIBRUM
2243 424 2452 483 RUTH.

3427 423 3566 478 1210

331 546 776 624 ριέιιίαηοιιὶιπιε
795 557 891 614 pcr
914 541 1071 596 (idem
1092 555 1150 595 se
1170 536 1477 605 conjunxit;
1508 533 1781 603 congessit
1800 530 1898 584 sibi
1931 534 1978 592 Α
2005 533 2323 602 manipulos,
2366 534 2560 603 quibus
2595 532 2820 597 viveret,
2860 533 3157 601 colligebat,
3181 547 3317 602 quos
3340 533 3570 588 venie'th

334 620 572 713 polenta,
602 651 728 691 cum
754 632 964 704 singula
992 630 1155 685 verba
1184 645 1303 699 qua:
1329 626 1555 689 audivit,
1590 621 1770 679 subtili
1799 620 1908 675 dis—

337 728 575 786 cretione
610 725 863 788 rimavit;
920 721 1186 785 comedit,
1240 726 1294 773 et
1339 721 1580 771 saturata
1624 720 1739 775 est,
1785 722 1908 763 cum

339 816 618 874 scientiam
648 813 842 868 divinae
868 810 1001 880 legis
1025 810 1215 863 devota
1243 812 1423 860 mente
1448 814 1739 871 capescens
1766 796 1910 851 salu-

336 911 510 966 hriter
546 905 747 962 refecta
782 912 903 958 est:
955 901 1078 955 tulit
1123 898 1399 966 reliquias,
1450 903 1608 962 atque
1656 890 1801 952 inde,
1848 888 1909 941 ut

338 1002 517 1073 spicas
556 1011 623 1052 ex
663 1007 815 1049 more
844 992 1149 1061 colligeret,
1192 985 1459 1047 surrexit,
1490 982 1614 1052 quia
1654 980 1710 1033 in
1747 976 1911 1031 corde

338 1068 580 1144 retinens
606 1082 767 1136 verba
798 1095 917 1151 qua:
958 1077 1163 1133 audivit
1190 1116 1205 1139 ,
1252 1083 1312 1128 ut
1361 1072 1566 1142 majora
1608 1068 1910 1139 perciperet

339 1181 609 1236 instanter
634 1172 940 1229 meditando
964 1168 1247 1223 laboravit.

414 1264 670 1334 Prterepit
699 1270 872 1315 autem
898 1258 1045 1311 Boos
1067 1256 1243 1326 pueris
1269 1254 1401 1317 suis,
1431 1252 1609 1305 dicens
1633 1262 1651 1300 :
1683 1247 1907 1302 Etiamsi

339 1356 605 1410 vobiscum
638 1359 826 1404 metere
853 1346 1179 1408 voluerit,ne
1215 1341 1531 1414 prohibeatis
1560 1353 1716 1403 eam;
1759 1348 1805 1391 et
1844 1337 1909 1390 de

338 1446 523 1502 uestris
564 1458 767 1514 quoque
802 1435 1086 1507 manipulis
1129 1434 1368 1505 projicite
1409 1431 1474 1485 de
1520 1429 1815 1492 industria,
1861 1436 1910 1481 et

340 1549 606 1592 remanere
642 1529 952 1603 permittite,
992 1534 1052 1581 ut
1098 1525 1290 1593 absque
1337 1522 1527 1575 rubore
1573 1518 1815 1588 colligat,
1861 1526 1909 1571 et

339 1623 665 1693 colligentem
693 1634 840 1672 nemo
865 1613 1131 1684 corripiat.
1164 1610 1488 1681 Agnoscitur
1513 1608 1689 1676 pietas
1713 1605 1910 1675 patris-

340 1712 598 1775 familias,
620 1710 712 1779 qui
741 1706 1115 1761 advenientem
1142 1703 1209 1755 ad
1238 1716 1298 1755 se
1323 1699 1605 1769 mysticam
1632 1696 1772 1750 Ruth
1801 1711 1908 1749 non

341 1802 512 1857 solum
556 1798 773 1854 relictas
812 1794 990 1863 spicas
1029 1790 1459 1845 testimoniorum
1496 1786 1749 1855 colligere
1785 1800 1908 1854 per-

342 1888 529 1951 misit,
575 1884 705 1955 quin
733 1860 896 1935 etiam
933 1875 1235 1946 manipulos
1263 1874 1501 1930 scientiae
1526 1874 1814 1942 insperatae
1838 1886 1904 1926 ex
1933 1860 1979 1918 Β

341 1976 592 2047 largitate
628 1987 725 2027 sua
762 1971 981 2038 insuper
1006 1965 1151 2020 ultro
1187 1963 1458 2033 expendit.
1508 1962 1576 2016 Et
1610 1969 1735 2015 nota
1766 1959 1907 2029 quod

341 2069 547 2135 absque
566 2063 763 2131 rubore
784 2074 902 2114 eam
924 2056 1176 2126 colligere
1200 2052 1474 2123 praecepit,
1498 2061 1553 2105 et
1577 2059 1636 2104 ut
1657 2050 1909 2118 colligen-

342 2165 450 2211 tem
487 2168 646 2209 nemo
679 2156 931 2221 spernat;
979 2146 1106 2215 quia
1151 2144 1301 2199 rudis
1339 2143 1511 2212 plebis
1541 2140 1907 2195 infirmitatem

343 2259 450 2299 non
478 2241 728 2311 despicit,
757 2253 858 2293 nec
885 2235 1133 2308 pristina:
1158 2233 1284 2287 vitae
1310 2246 1524 2286 errores
1556 2231 1605 2285 ei
1639 2230 1906 2298 impmpe-

341 2347 469 2387 rare
496 2343 770 2385 conversae
793 2323 1090 2397 permittit;
1129 2320 1225 2377 sed
1254 2320 1419 2376 studii
1446 2319 1531 2375 sui
1561 2318 1909 2389 sagacitatem

342 2421 636 2478 efﬁcaciam
663 2419 864 2474 habere
890 2413 1156 2471 concedit.

927 2548 1155 2605 CAPUT
1191 2546 1324 2603 Vill.

345 2647 424 2701 De
450 2663 508 2701 eo
534 2643 671 2716 quod
699 2642 837 2696 Ruth
868 2656 1028 2716 usque
1056 2639 1123 2691 ad
1151 2653 1417 2716 vesperam
1448 2637 1502 2689 in
1529 2652 1656 2716 agro
1685 2653 1781 2716 suo
1806 2653 1910 2716 mo-

418 2706 563 2778 rans,
613 2723 660 2766 et
706 2726 823 2781 qua:
870 2706 1143 2777 collegerat
1186 2708 1331 2775 virga
1377 2707 1671 2781 excutiens,
1720 2706 1912 2757 im-enit

417 2794 518 2838 tres
552 2775 760 2835 modios
802 2794 935 2849 quos
971 2775 1184 2847 portans
1228 2791 1432 2829 reuersa
1477 2785 1551 2828 est
1595 2775 1664 2826 ad
1708 2790 1912 2827 socrum

416 2867 566 2906 suam
573 2889 587 2903 .

422 2960 597 3033 (iam)
633 2957 851 3028 Collegit
879 2972 1000 3027 ergo
1032 2955 1091 3010 in
1124 2972 1251 3027 agro
1276 2972 1439 3026 usque
1464 2954 1531 3009 ad
1559 2970 1839 3023 vesperam,
1866 2963 1915 3007 et

346 3067 464 3122 qua:
478 3048 755 3118 collegerat
772 3046 915 3115 virga
937 3046 1140 3100 credens
1162 3055 1212 3099 et
1232 3045 1517 3110 excutiens,
1532 3044 1716 3098 invenit
1735 3043 1914 3095 hordei

345 3139 497 3210 quasi
527 3138 641 3208 ephi
671 3150 987 3198 mensuram,
1022 3134 1076 3187 id
1110 3143 1206 3198 est,
1237 3142 1340 3187 tres
1367 3133 1590 3196 modios,
1627 3148 1756 3202 quos
1788 3148 1912 3200 por-

350 3237 466 3280 tans
492 3241 697 3279 reuersa
721 3232 796 3277 est
826 3223 883 3276 in
908 3223 1190 3286 ciuitatem,
1229 3230 1275 3274 et
1315 3220 1537 3274 ostendit
1573 3222 1749 3273 socrui
1779 3237 1909 3272 sum.
1941 3197 1984 3259 Ο

350 3315 575 3385 Insuper
599 3312 813 3384 protulit
850 3322 897 3366 et
935 3312 1076 3365 dedit
1104 3312 1151 3363 ei
1178 3311 1242 3363 de
1272 3309 1501 3379 reliquiis
1539 3308 1638 3361 cibi
1675 3308 1774 3371 sui,
1811 3323 1914 3377 quo

349 3411 589 3457 saturata
614 3399 830 3470 fuerat.‘
856 3399 1070 3454 Excutit
1110 3398 1255 3452 Ruth
1296 3399 1363 3451 de
1403 3396 1689 3466 manipulis
1720 3412 1912 3465 grana,

353 3506 474 3545 cum
515 3498 700 3545 sancta
739 3488 977 3544 Ecclesia
1000 3488 1152 3558 virga
1191 3486 1535 3542 discretionis
1569 3500 1782 3539 sensum
1809 3484 1918 3553 spi-

355 3577 564 3633 ritalcm
610 3578 677 3631 de
721 3577 855 3647 legis
899 3577 1048 3631 elicit
1094 3577 1316 3640 littera;
1378 3576 1688 3642 invenitque
1730 3573 1918 3626 hordei

352 3668 505 3736 quasi
551 3666 673 3735 ephi
717 3680 1023 3719 mensuram
1048 3705 1064 3731 ,
1129 3681 1249 3719 cum
1296 3666 1350 3719 in
1396 3665 1509 3733 ipsa
1554 3664 1781 3719 lectione
1824 3679 1921 3732 per

354 3763 555 3810 sancta:
594 3753 875 3808 Trinitatis
916 3754 1307 3808 confessionem
1352 3753 1508 3808 fidem
1553 3752 1709 3807 discit
1735 3753 1921 3807 catho-

354 3844 535 3898 licam.
577 3841 721 3897 Nihil
765 3841 909 3917 aliud
947 3857 1076 3913 ergo
1116 3843 1168 3896 in
1211 3844 1333 3911 ephi
1371 3857 1637 3907 mensura,
1664 3856 1783 3910 qua:
1810 3848 1920 3895 tres

356 3933 566 3989 modios
602 3933 785 3997 habet,
824 3932 1095 4003 designari
1134 3942 1286 4002 puto,
1330 3934 1434 3988 nisi
1467 3934 1520 3987 in
1555 3949 1659 3987 una
1695 3932 1797 3986 ﬁde
1826 3933 1920 3986 tri-

357 4039 484 4078 nam
523 4022 938 4088 confessionem,
961 4024 1085 4094 quia
1127 4025 1181 4079 in
1219 4039 1323 4079 una
1363 4025 1578 4079 deitatis
1618 4025 1918 4078 substantia

359 4116 520 4169 trium
552 4123 636 4169 est
662 4129 1013 4184 personarum
1040 4115 1358 4185 proprietas.
1401 4114 1525 4169 Haec
1547 4130 1675 4185 ergo
1697 4124 1920 4184 portans

360 4204 414 4259 in
452 4205 722 4260 civitatem
760 4205 995 4260 ostendit
1029 4206 1206 4260 socrui
1243 4221 1374 4271 sum,
1401 4221 1519 4261 cum
1556 4206 1705 4275 plebs
1744 4208 1918 4278 grnti-

360 4290 427 4347 lis
462 4292 832 4348 credulitatem
858 4309 1009 4348 suam
1041 4295 1303 4363 integram
1338 4303 1539 4349 sanctae
1562 4296 1719 4349 matri
1742 4304 1922 4349 osten-

363 4382 443 4436 dit
480 4382 754 4437 Ecclesiae.
803 4382 895 4438 Vel
934 4383 1229 4437 secundum
1287 4382 1453 4436 alium
1511 4397 1765 4446 sensum,
1815 4383 1918 4436 Ec-

361 4470 523 4528 clesia
563 4472 811 4542 gratiam,
861 4487 1021 4540 quam
1062 4471 1243 4540 sponsi
1283 4471 1364 4525 sui
1403 4486 1625 4524 munere
1659 4472 1914 4540 percepit,

364 4552 659 4632 Synagogie
700 4559 949 4631 genitrici
990 4566 1309 4629 prmsentat,
1354 4568 1621 4627 quatenus
1647 4574 1765 4613 eam
1797 4575 1920 4628 pro-

362 4657 520 4703 vocet
561 4649 629 4704 ad
669 4649 843 4710 fidem,
870 4655 925 4701 et
948 4649 1013 4701 de
1036 4662 1292 4701 concesso
1314 4663 1496 4702 secum
1522 4647 1733 4702 laetetur
1758 4648 1918 4703 dono.

366 4738 524 4793 Solus
562 4754 691 4807 ergo
727 4738 975 4792 Christus
1016 4748 1099 4791 est
1141 4753 1399 4806 sponsus,
1447 4738 1532 4791 cui
1577 4737 1663 4791 illa
1706 4739 1925 4791 veniens

366 4844 433 4884 ex
472 4829 719 4901 gentibus
757 4842 972 4897 sponsa,
1016 4835 1141 4880 ante
1182 4826 1337 4894 inops
1378 4836 1539 4896 atque
1575 4826 1788 4897 jejuna;
1830 4827 1923 4880 sed

359 4921 471 4990 jam
513 4921 729 4977 Christo
770 4934 946 4973 messe
991 4920 1141 4973 diviti
1186 4920 1415 4983 innuba,
1465 4937 1584 4991 quas
1627 4922 1926 4991 manipulos

366 5011 604 5065 fecundae
652 5010 891 5077 segetis,
939 5011 1191 5078 verbique
1239 5011 1497 5079 reliquias
1546 5013 1752 5081 gremio
1797 5012 1928 5081 ligat

365 5099 563 5153 mentis
603 5100 834 5163 interno,
873 5105 935 5152 ut
972 5099 1290 5153 exhaustam
1331 5100 1476 5154 illam
1517 5102 1730 5155 viduam
1759 5110 1929 5157 morte

334 5188 503 5254 .ﬂlii,
552 5197 714 5258 atque
754 5190 968 5259 inopem
1009 5188 1245 5244 defuncti
1288 5191 1467 5260 populi
1510 5200 1733 5246 matrem
1778 5194 1929 5247 novis

365 5288 550 5350 pascat
578 5278 867 5344 alimentis,
895 5294 1000 5333 non
1026 5278 1335 5347 relinquens
1356 5279 1926 5350 destitutantviduam,

364 5378 420 5423 et
453 5384 622 5424 novos
651 5384 916 5438 quaerens.
961 5368 1120 5425 Solus
1152 5384 1279 5439 ergo
1304 5384 1532 5439 sponsus
1554 5379 1637 5425 est
1658 5347 1925 5436 Christus,

366 5459 457 5527 qui
505 5474 607 5513 nec
645 5474 927 5528 synagoga:
966 5460 1069 5528 ipsi
1112 5460 1413 5528 manipulos
1457 5476 1566 5514 suae
1611 5460 1803 5514 messis
1848 5460 1927 5514 in-

369 5549 571 5612 videat,
617 5548 819 5602 utinam
845 5563 904 5602 se
934 5564 1037 5603 non
1064 5549 1179 5619 ipsa
1206 5548 1532 5604 excluderet.
1575 5549 1772 5603 llabuit
1795 5564 1928 5617 quo-

368 5651 612 5706 queper
651 5651 709 5690 se
760 5636 1008 5706 colligere
1034 5677 1049 5701 ,
1108 5640 1201 5693 sed
1244 5639 1370 5708 quia
1421 5638 1644 5708 populus
1688 5637 1802 5705 ejus
1845 5650 1929 5693 cst

372 5734 635 5789 mortuus,
660 5725 811 5794 quasi
854 5724 964 5781 lilio
1004 5741 1172 5796 egena
1209 5728 1480 5793 defuncto,
1508 5744 1603 5797 per
1627 5729 1923 5783 Ecclesiam

2006 632 2088 678 tes
2127 624 2182 677 in
2219 625 2576 679 exsultatione
2617 623 2931 692 portabunt,
2964 624 3105 677 sicut
3144 624 3401 691 scriptum
3442 630 3566 679 est:

2013 714 2284 769 Venientes
2306 724 2478 768 autem
2503 715 2705 767 venient
2732 713 2788 765 in
2807 709 3173 776 exsultatione,
3199 711 3431 766 tollentes
3455 726 3571 767 nta-

2006 803 2210 873 nipulos
2238 820 2360 857 suos
2388 800 2555 873 (Psal.
2582 805 2763 870 cxxv).

2075 893 2321 962 Dixitque
2348 893 2394 945 ei
2419 908 2597 944 socrus
2623 906 2719 944 sua
2742 906 2759 943 :
2798 887 2896 942 Ubi
2923 888 3076 942 hodie
3104 886 3374 956 collegisti,
3404 898 3451 941 et
3480 889 3568 944 ubi

2006 981 2174 1051 fecisti
2218 986 2395 1050 opus?
2431 979 2496 1033 sit
2537 978 2870 1041 benedictus,
2916 977 3005 1046 qui
3052 978 3296 1029 misertus
3343 984 3416 1028 est
3469 977 3566 1031 tui.

2005 1071 2363 1139 Indicavitque
2401 1069 2479 1133 ei,
2523 1069 2663 1137 apud
2703 1084 2855 1138 quem
2890 1067 3070 1136 fuisset
3108 1074 3342 1134 operata,
3384 1074 3433 1117 et
3474 1080 3570 1118 no-

2007 1179 2121 1216 men
2149 1161 2278 1215 dixit
2314 1158 2432 1223 viri,
2470 1158 2607 1229 quod
2645 1157 2789 1210 Booz
2829 1166 3117 1210 uocaretur.
3170 1151 3266 1208 Cui
3309 1152 3572 1221 respondit

2008 1252 2243 1307 Noemi:
2292 1249 2601 1303 Benedictus
2637 1250 2704 1302 sit
2751 1264 2786 1300 a
2836 1247 3088 1315 Domino,
3139 1246 3385 1317 quoniam
3425 1261 3569 1298 eam-

2005 1344 2121 1397 dem
2146 1342 2398 1413 gratiam,
2428 1356 2583 1411 quam
2609 1339 2896 1410 prtebuerat
2921 1338 3067 1401 vivis,
3107 1337 3321 1391 servavit
3358 1344 3406 1388 et
3436 1350 3574 1387 mor-

2007 1435 2131 1487 tuis.
2205 1432 2535 1500 Rursumque
2573 1447 2591 1483 :
2655 1427 2984 1499 Propinquus
3013 1467 3029 1493 ,
3087 1428 3208 1492 ait,
3265 1434 3439 1478 noster
3496 1433 3571 1486 est

2006 1526 2178 1578 homo.
2221 1522 2288 1576 Et
2322 1520 2457 1576 Ruth
2479 1535 2498 1572 :
2539 1519 2653 1573 Hoc
2688 1535 2908 1590 quoque,
2938 1518 3128 1588 inquit,
3155 1516 3394 1586 pra'cepit
3422 1514 3573 1577 mihi,

2007 1626 2063 1669 ut
2115 1615 2301 1669 tandiu
2354 1613 2666 1667 messoribus
2715 1612 2828 1681 ejus
2875 1611 3146 1680 jungercr,
3191 1608 3352 1662 donec
3399 1624 3575 1661 omnes

2006 1714 2198 1776 segetes
2259 1713 2590 1758 meterentur.
2664 1701 2922 1771 Agnoscit
2982 1699 3342 1769 propinquum
3404 1705 3577 1749 mater

2008 1794 2247 1848 Ecclesia
2286 1809 2383 1862 per
2417 1792 2676 1847 beneﬁcia
2716 1790 2967 1860 gratuita,
3010 1804 3128 1857 quae
3167 1788 3339 1857 pietas
3378 1787 3578 1841 summi

2009 1882 2410 1954 patrisfamilias
2455 1880 2680 1935 contulit
2719 1879 2913 1948 populo
2958 1877 3217 1947 gentium,
3256 1886 3311 1929 ct
3345 1874 3578 1929 nominis

2007 1974 2090 2029 sui
2140 1974 2349 2028 ratione
2392 1971 2708 2025 recordatur
2752 1966 3137 2023 beneficiorum
3186 1966 3530 2032 antiquorum
3559 2004 3574 2026 ,

2007 2065 2201 2132 quibus
2240 2062 2433 2131 saepius
2477 2075 2569 2114 usa
2616 2070 2718 2113 est.
2784 2058 2936 2112 Unde
2989 2072 3112 2111 cum
3169 2054 3452 2108 Psalmista
3508 2054 3578 2106 aal

2009 2155 2292 2209 Dominum
2330 2152 2499 2206 dicit:
2552 2149 2749 2203 Memor
2788 2147 2867 2216 fui
2904 2147 3108 2199 dictum
3147 2146 3500 2213 antiquorum,
3528 2150 3577 2195 et

2008 2247 2287 2299 meditatus
2325 2261 2437 2297 sum
2472 2246 2524 2296 in
2560 2242 2798 2296 omnibus
2835 2240 3072 2309 operibus
3111 2238 3235 2300 τιεί,
3264 2245 3311 2290 et
3340 2236 3394 2288 in
3422 2235 3578 2304 [actis

2008 2353 2259 2391 manuum
2300 2347 2508 2389 tuarum
2551 2332 2840 2387 meditabor
2868 2329 3039 2401 (Psal.
3067 2330 3255 2393 exul).
3294 2326 3581 2396 Cognoscit

2009 2428 2171 2482 etiam
2213 2426 2516 2496 Synagoga,
2556 2424 2847 2493 prcedicata
2894 2420 3050 2474 Ecclc
3084 2419 3131 2473 ia
3175 2418 3438 2486 gentium,
3484 2416 3581 2469 bo-

2011 2519 2233 2572 nitatem
2278 2524 2334 2570 et
2375 2515 2665 2584 potentiam
2711 2512 2941 2575 Domini,
2974 2509 3343 2563 fortitudinem
3383 2522 3446 2560 ac
3488 2506 3580 2560 ιω-

2012 2610 2326 2680 nignitatem
2372 2606 2453 2660 sui
2493 2604 2835 2674 protectoris,
2873 2611 2928 2655 et
2967 2600 3204 2662 tandem,
3233 2597 3461 2652 veritate
3488 2610 3582 2651 co-

2013 2706 2191 2767 gente,
2221 2710 2411 2750 nomen
2440 2693 2650 2748 Domini
2694 2690 2985 2755 bcncdicit,
3028 2703 3092 2743 co
3116 2686 3257 2756 quod
3283 2683 3585 2740 servaverit

2014 2785 2243 2855 gratiam
2288 2784 2554 2847 mortuis,
2603 2797 2764 2850 quam
2807 2781 3111 2848 pncbuerat
3152 2776 3307 2829 vivis.
3358 2774 3584 2829 Mortuis

2014 2874 2200 2940 utique
2243 2871 2564 2941 gentilibus,
2621 2870 2711 2937 qui
2759 2868 2998 2936 peccatis
3039 2873 3095 2919 et
3139 2863 3441 2917 idololatria
3485 2863 3586 2917 du-

2013 2962 2140 3017 dum
2161 2960 2352 3031 sepulti
2378 2969 2550 3023 erant,
2577 2959 2802 3029 gratiam
2830 2974 2940 3011 suae
2965 2955 3227 3025 largitatis
3249 2953 3581 3021 impendens,

2013 3067 2174 3132 qnam
2215 3050 2482 3119 quondam
2526 3048 2719 3118 populo
2745 3046 3050 3100 Iudaeorum
3078 3043 3419 3106 exhibuerat,
3461 3057 3585 3095 eum

2019 3143 2292 3197 beneﬁciis
2345 3142 2515 3210 ipsius
2570 3139 2875 3211 largissime
2932 3137 3244 3198 utebantur,
3302 3134 3587 3203 proﬁtetur

2017 3247 2138 3285 eum
2165 3247 2318 3285 suum
2360 3245 2479 3285 esse
2521 3237 2831 3299 cognatum,
2858 3226 2982 3296 quia
3011 3225 3379 3280 reminiscitur
3401 3224 3466 3278 de
3489 3238 3586 3276 sua

2017 3322 2184 3390 stirpe
2219 3319 2553 3374 Salvatorem
2581 3319 2681 3372 sibi
2708 3333 2827 3372 esse
2852 3317 3198 3386 promissum.
3248 3314 3589 3383 Propinquus

2017 3424 2145 3479 ergo
2187 3408 2481 3478 Synagogze
2523 3407 2776 3462 Christus
2819 3413 2903 3460 est
2948 3405 3244 3460 secundum
3283 3403 3464 3458 carnis
3499 3417 3590 3457 co-

2019 3498 2348 3567 gnationem,
2390 3496 2725 3563 propinquus
2768 3495 3025 3548 Ecclesia:
3049 3494 3341 3548 secundum
3368 3494 3590 3562 spiritus

2018 3584 2484 3651 conjunctionem,
2528 3584 2656 3651 quia
2703 3584 2816 3651 ipse
2865 3590 3027 3649 caput
3068 3581 3344 3644 Ecclesiae,
3393 3589 3448 3635 et
3486 3581 3581 3635 Ec-

2020 3674 2185 3728 clesia
2230 3688 2426 3742 corpus
2468 3673 2635 3741 ipsius
2678 3679 2780 3725 est.
2835 3670 2987 3737 Quod
3032 3677 3212 3724 autem
3259 3668 3401 3722 Ruth
3442 3684 3592 3723 com-

2021 3770 2283 3817 memorat
2323 3761 2422 3815 sibi
2464 3761 2604 3814 Booz
2649 3759 2972 3829 prtecepisse
2997 3766 3268 3828 quatenus
3293 3771 3417 3810 cum
3444 3771 3589 3810 mes-

2020 3852 2232 3908 soribus
2273 3850 2389 3922 ejus
2425 3851 2762 3920 jungeretur,
2790 3850 2958 3903 donec
2998 3857 3209 3918 segetes
3249 3862 3437 3901 omnes
3480 3861 3591 3901 me-

2023 3950 2283 4006 terentur,
2331 3940 2611 3995 notissima
2655 3953 2757 3992 vox
2807 3946 2892 3993 est
2934 3938 3102 4007 ipsius
3145 3937 3426 4001 veritatis,
3473 3951 3592 4005 quae

2019 4033 2268 4088 omnibus
2305 4033 2371 4086 ad
2411 4047 2469 4086 se
2502 4030 2839 4085 venientibus
2864 4029 3168 4098 persuadet,
3193 4036 3251 4081 ut
3277 4027 3445 4096 magis
3468 4042 3590 4080 cum

2021 4126 2134 4180 suis
2160 4124 2226 4178 ad
2264 4123 2587 4178 messionem
2613 4120 2870 4190 spiritalis
2893 4120 3087 4189 segetis
3105 4119 3401 4188 junguntur
3426 4132 3592 4186 quam

2022 4231 2143 4271 cum
2197 4215 2406 4269 alienis.
2452 4213 2549 4268 Cui
2589 4212 2926 4282 persuasioni
2966 4211 3126 4264 etiam
3170 4211 3436 4264 consentit
3481 4211 3593 4279 ipsa

2022 4319 2232 4367 socrus,
2274 4303 2460 4357 dicens
2491 4319 2504 4355 :
2542 4300 2731 4354 Melius
2761 4311 2857 4368 est,
2873 4299 2985 4367 ﬁlia
3024 4316 3157 4364 utea,
3185 4310 3238 4351 ut
3265 4316 3380 4352 cum
3406 4299 3592 4369 puellis

2021 4395 2134 4464 ejus
2173 4409 2260 4447 eas
2301 4392 2369 4444 ad
2410 4391 2724 4454 metendum,
2755 4407 2817 4443 ne
2884 4390 2939 4443 in
2974 4388 3143 4442 alieno
3181 4406 3304 4458 agro
3333 4390 3593 4460 quispiam

2023 4485 2227 4536 resistat
2267 4482 2378 4535 tibi.
2425 4480 2561 4547 Quia
2606 4482 2712 4535 hoc
2752 4480 2935 4535 laudat
2965 4480 3229 4544 Ecclesia,
3255 4480 3355 4535 hoc
3379 4489 3595 4535 contra-

2024 4573 2202 4627 dicere
2240 4586 2348 4625 non
2388 4578 2567 4640 potest
2609 4586 2880 4640 synagoga
2904 4610 2917 4630 ,
2969 4570 3110 4638 quod
3154 4570 3399 4624 veritatis
3439 4586 3591 4625 ama-

2025 4670 2170 4714 tores
2211 4658 2467 4728 majorem
2510 4655 2807 4727 profectum
2852 4658 3085 4710 habeant
3126 4657 3179 4709 in
3219 4658 3594 4727 conjunctione

2023 4748 2433 4819 praedicatorum
2476 4746 2782 4817 Evangelii,
2829 4760 2990 4814 quam
3034 4745 3086 4798 in
3130 4745 3386 4799 societate
3425 4747 3595 4802 lucre-

2027 4840 2251 4893 ticorum
2295 4845 2456 4907 atque
2497 4835 2981 4891 schismaticorum.
3027 4835 3170 4904 Ager
3206 4836 3350 4890 cnim
3388 4837 3594 4892 alienus

2025 4937 2109 4984 est
2147 4928 2389 4983 doctrina
2425 4925 2654 4981 nefanda
2690 4926 3088 4991 haereticorum,
3122 4926 3213 4981 ubi
3242 4942 3454 4997 semper
3473 4926 3590 4995 jur-

2028 5020 2113 5091 gia
2150 5028 2205 5073 et
2241 5019 2613 5075 contentiones
2657 5024 2813 5082 sunt,
2858 5024 2914 5071 et
2959 5032 3233 5086 nunquam
3270 5032 3409 5072 verte
3444 5016 3593 5084 pacis

2030 5109 2407 5179 tranquillitas.

2097 5195 2291 5250 Iuncta
2328 5204 2403 5248 est
2440 5195 2599 5265 igitur
2634 5192 2820 5264 puellis
2850 5194 3018 5259 Boos,
3068 5205 3116 5248 et
3160 5192 3341 5247 tandiu
3380 5191 3589 5243 mcssuit

2028 5302 2144 5338 cum
2173 5285 2269 5350 eis,
2313 5285 2474 5338 donec
2512 5283 2706 5337 hordea
2742 5293 2790 5338 et
2825 5285 3055 5337 triticum
3092 5283 3147 5334 in
3171 5279 3369 5333 horreis
3401 5278 3591 5332 conde-

2031 5383 2227 5426 rentur.
2264 5372 2402 5439 Quid
2442 5387 2539 5442 per
2583 5373 2806 5438 hordea,
2848 5388 2968 5442 quae
3006 5368 3203 5438 pabula
3245 5376 3369 5422 sunt
3410 5366 3592 5423 bruto-

2031 5479 2151 5517 rum
2197 5463 2549 5528 animalium,
2608 5464 2712 5518 nisi
2768 5464 2948 5517 littera
2998 5460 3131 5529 legis
3179 5459 3411 5525 veteris,
3471 5474 3593 5530 qum

2028 5553 2245 5618 ludatis,
2289 5562 2543 5623 tanquam
2583 5553 2756 5608 brutis
2793 5560 2846 5605 et
2886 5549 3171 5604 insensatis
3200 5547 3482 5616 jumentis,
3524 5551 3595 5608 ad

2029 5652 2240 5709 pastum
2263 5641 2387 5695 data
2413 5656 2517 5706 est,
2542 5652 2863 5708 exprimitur
2882 5648 2904 5690 τ
2949 5645 3016 5690 L’t
3055 5642 3186 5707 quid
3214 5654 3312 5708 per
3334 5640 3592 5704 triticum.

2031 5732 2130 5787 nisi
2153 5732 2321 5803 gratia
2345 5730 2474 5785 Novi
2497 5727 2841 5795 Tcstamenti,
2867 5743 2985 5799 quae
3010 5730 3163 5801 quasi
3195 5729 3593 5787 rationabilibus
