4000 6186
385 398 517 454 1211

1054 395 1113 450 Β.
1152 389 1403 448 RABANI
1441 386 1661 444 MAURI
1698 384 2016 442 ARCHIEP.
2057 385 2365 444 MOGUNT.
2405 384 2688 442 OPERUM
2725 384 2905 441 PARS
2940 384 2984 439 Ι.

3497 387 3642 445 1219.

381 514 747 574 animantibus
770 512 839 568 ad
864 511 1213 567 refectionem
1238 508 1432 565 collata
1460 513 1576 571 est,
1605 500 1958 573 des'gnatur?
1984 502 2033 562 Α
2063 503 2452 559 Dormitionem
2492 502 2665 557 somni
2705 519 2809 558 non
2851 502 3012 556 aliam
3051 500 3139 556 th
3176 501 3474 574 signiﬁcari
3508 519 3639 574 puto

388 611 488 667 Ubi
529 624 635 663 non
679 604 796 675 jam
839 614 1152 666 taurorum,
1198 601 1430 655 arietum
1473 606 1635 665 atque
1680 595 1957 666 hircorum

382 715 575 758 carnes
619 698 685 753 ad
728 698 902 752 altare
941 694 1274 755 offeruntur;
1323 691 1418 746 sed
1462 688 1586 758 agni
1628 684 1957 741 immaculati

380 806 512 847 caro
544 797 601 845 et
634 788 852 859 sanguis
892 786 947 840 in
985 784 1141 855 panis
1182 797 1248 836 ac
1278 780 1387 834 vini
1429 778 1611 849 specie
1650 775 1890 846 quotidie
1926 789 1958 828 a

382 883 628 940 ﬁdelibus
663 882 717 936 in
747 894 843 934 ara
874 876 1105 949 mystica
1139 872 1466 928 immolatur.
1502 869 1696 924 Iuncta
1724 873 1807 922 est
1829 879 1959 936 ergo

384 972 642 1045 spiritalis
681 970 827 1025 Ruth
866 968 1059 1038 puellis
1095 965 1237 1020 Booz
1262 1004 1276 1028 ,
1337 963 1565 1033 mystice
1617 960 1671 1013 in
1722 956 1959 1014 metendi

371 1064 591 1128 .oﬂicio,
637 1062 807 1117 donec
848 1059 1051 1114 hordea
1094 1066 1151 1111 et
1193 1054 1431 1110 triticum
1474 1052 1528 1108 in
1573 1049 1789 1104 horreis
1829 1063 1961 1103 con-

384 1155 658 1217 dereutur,
691 1151 746 1207 id
776 1157 880 1216 est,
923 1148 1108 1203 tandiu
1145 1143 1374 1199 adhaesit
1408 1141 1716 1196 doctoribus
1757 1139 1809 1192 in
1848 1151 1960 1190 me-

384 1245 641 1301 ditatione
673 1256 950 1297 sacrarum
986 1237 1412 1306 Scripturarum,
1459 1232 1631 1286 donec
1661 1228 1875 1285 Veteris
1905 1233 1959 1281 et

381 1334 516 1390 Novi
549 1331 878 1388 Testamenti
911 1328 1158 1383 notitiam
1191 1324 1422 1395 pleniter
1453 1322 1505 1376 in
1532 1319 1750 1375 cellaria
1778 1318 1961 1373 cordis

381 1425 462 1480 sui
492 1423 825 1485 reconderet,
856 1427 1122 1489 quatenus
1143 1416 1368 1470 haberet
1393 1411 1744 1467 sullicicntem
1768 1410 1962 1463 animae

381 1528 493 1568 sua:
524 1520 763 1581 pastum,
793 1524 893 1564 nec
916 1522 1084 1577 egena
1114 1505 1254 1574 stipe
1279 1503 1420 1557 ultra
1445 1500 1599 1571 juxta
1626 1510 1810 1570 portas
1834 1498 1958 1553 alie-

381 1618 483 1658 nas
521 1600 828 1657 mendicare
866 1596 1175 1667 indiguerit.

984 1703 1210 1760 CAPUT
1259 1700 1350 1756 1X.

382 1800 671 1858 Consilium
699 1797 888 1852 Noemi
913 1796 982 1849 ad
1011 1794 1169 1853 Ruth.
1196 1791 1421 1862 qualiter
1448 1790 1545 1862 sibi
1574 1788 1844 1859 provideat
1870 1800 1961 1855 per

700 1867 961 1937 ingenium
998 1861 1215 1933 futuras,
1233 1862 1442 1931 nuptias
1470 1861 1632 1912 Boos.

454 1959 604 2033 (CAP.
633 1957 740 2028 ιιι.)
780 1954 1065 2025 Postquam
1096 1962 1270 2006 autem
1298 1967 1501 2004 reversa
1532 1958 1605 2003 est
1649 1948 1717 2001 ad
1752 1964 1960 2001 socrum

378 2069 549 2115 suam,
576 2049 771 2105 audivit
797 2048 860 2101 ab
884 2063 945 2100 ea
968 2060 986 2098 :
1018 2043 1162 2098 Filia
1193 2061 1325 2107 mea,
1351 2059 1587 2114 qua’ram
1614 2042 1707 2095 tibi
1724 2042 1959 2112 requiem

379 2153 428 2198 ct
455 2139 729 2213 providebo
758 2146 814 2192 ut
849 2135 972 2191 bene
995 2136 1061 2190 sit
1092 2134 1204 2188 tibi.
1254 2133 1401 2187 Booz
1428 2134 1547 2194 iste,
1584 2132 1738 2202 cujus
1772 2130 1960 2201 puellis

381 2235 435 2288 in
464 2249 591 2303 agro
609 2231 800 2300 juncta
826 2245 903 2293 es,
933 2226 1257 2299 propinquus
1289 2234 1461 2279 noster
1487 2234 1584 2289 est,
1611 2233 1659 2278 et
1689 2223 1788 2277 hac
1816 2232 1963 2278 nocte

380 2339 560 2379 aream
599 2321 782 2375 hordei
818 2318 1054 2373 ventilat.
1109 2316 1311 2370 Lavare
1348 2315 1510 2386 igitur
1554 2323 1603 2368 et
1652 2330 1867 2383 ungere,
1911 2322 1961 2366 et

379 2413 596 2468 induere
620 2407 930 2464 cultioribus
956 2405 1292 2470 vestimentis,
1314 2421 1375 2458 ac
1400 2403 1652 2457 descende
1679 2402 1733 2455 in
1760 2418 1959 2455 aream.

386 2505 494 2560 Dat
537 2501 823 2557 consilium
875 2498 1117 2553 Ecclesia
1170 2495 1442 2566 primitiva
1488 2494 1727 2563 gentium
1777 2491 1959 2563 plebi,

381 2592 615 2663 qualiter
642 2587 923 2660 perveniat
947 2587 1014 2641 ad
1046 2585 1378 2641 consortium
1409 2584 1523 2637 veri
1555 2583 1771 2653 sponsi,
1807 2591 1861 2634 et
1893 2580 1962 2634 ad

379 2683 628 2756 copulam
663 2680 785 2736 Filii
812 2679 928 2733 Dei.
973 2675 1182 2742 Nocte,
1222 2675 1429 2745 inquit,
1476 2674 1575 2727 hac
1607 2673 1755 2726 Boos
1782 2687 1961 2725 aream

378 2774 561 2830 hordei
589 2771 821 2828 ventilat.
877 2769 1017 2823 Area
1044 2776 1225 2823 autem
1270 2767 1387 2821 haec
1439 2764 1673 2829 hordei,
1716 2779 1837 2832 qua:
1879 2769 1965 2817 est

379 2864 519 2930 alia,
567 2862 671 2918 nisi
717 2875 990 2933 synagoga
1020 2857 1361 2922 Iudaeorum,
1411 2856 1501 2911 ubi
1538 2855 1670 2926 legis
1699 2855 1960 2911 hordeum

382 2954 660 3010 conditum
703 2951 833 3007 est?
881 2950 1033 3004 Hanc
1075 2950 1218 3005 Booz
1261 2955 1447 3002 noster
1478 2953 1605 3000 tunc
1638 2943 1960 3007 ventilavit,

380 3046 591 3116 quando
621 3046 673 3100 in
698 3043 880 3101 Judaea
907 3041 1254 3114 Evangelium
1282 3040 1602 3111 praedicans,
1627 3038 1960 3109 singulorum

380 3136 607 3193 consilia
636 3144 692 3192 et
720 3134 1026 3189 Voluntates
1050 3148 1178 3202 erga
1209 3146 1269 3187 se
1297 3130 1570 3186 discussit.
1613 3128 1768 3184 Unde
1796 3129 1861 3184 de
1891 3143 1958 3183 eo

379 3227 641 3295 scriptum
666 3232 748 3281 est
770 3223 826 3278 in
848 3221 1143 3292 Evangelia
1166 3239 1179 3274 :
1212 3219 1372 3276 Iesus
1397 3230 1573 3274 autem
1596 3236 1700 3273 non
1721 3218 1960 3273 credebat

379 3316 714 3384 semetipsum
743 3314 837 3379 eis,
884 3329 943 3367 eo
982 3312 1120 3383 quod
1158 3312 1267 3382 ipse
1307 3322 1478 3366 nosset
1522 3328 1717 3373 omnes.
1767 3321 1814 3365 et
1858 3328 1963 3366 non

382 3420 513 3474 opus
542 3403 590 3457 ei
620 3410 754 3468 erat,
799 3410 858 3456 ut
897 3401 1016 3471 quis
1053 3401 1407 3455 testimonium
1450 3402 1738 3472 perhiberet
1768 3401 1832 3456 de
1863 3403 1962 3456 ho-

383 3493 540 3558 mine,
569 3493 678 3564 ipse
718 3501 893 3546 autem
921 3490 1113 3545 sciebat
1150 3490 1277 3562 quid
1304 3499 1434 3545 esset
1462 3491 1516 3545 in
1544 3491 1753 3545 homine
1777 3489 1960 3563 (Joan.

382 3585 467 3657 ιι).
502 3584 710 3640 Lavare
737 3583 924 3655 igitur,
954 3590 1009 3639 et
1031 3597 1267 3654 ungere,
1304 3593 1360 3638 et
1388 3583 1612 3655 induere
1637 3583 1960 3639 cultioribus

381 3682 742 3748 vestimentis,
772 3697 836 3736 ac
867 3680 1133 3736 descende
1160 3680 1213 3734 in
1245 3694 1446 3734 aream.
1483 3677 1704 3744 Lavarc,
1734 3680 1833 3744 ait,
1859 3680 1965 3734 hoc

380 3782 487 3839 est,
513 3773 713 3829 munda
741 3771 1079 3841 temetipsam
1108 3786 1246 3841 aqua
1276 3769 1639 3841 baptismatis,
1670 3785 1763 3825 seu
1792 3769 1964 3841 pmni-

384 3865 570 3920 tentiae
613 3864 900 3933 laerymis,
952 3871 1008 3917 et
1054 3875 1257 3933 ungere
1301 3861 1423 3917 oleo
1470 3859 1817 3925 chrismatis,
1867 3874 1964 3915 seu

381 3955 610 4025 spiritali
636 3955 887 4009 unctione
908 3953 1146 4025 Spiritus
1167 3953 1362 4008 sancti.
1396 3952 1628 4006 Induere
1655 3950 1962 4006 cultioribus

381 4045 730 4112 vestimentis,
780 4046 882 4101 hoc
917 4055 1034 4110 est,
1081 4053 1402 4100 ornamento
1429 4044 1670 4098 omnium
1702 4044 1959 4098 virtutum

382 4141 726 4210 temetipsam
758 4155 1001 4212 praepara
1027 4156 1043 4206 ;
1092 4156 1156 4194 ac
1194 4137 1447 4193 descende
1479 4137 1534 4192 in
1564 4154 1741 4191 aream
1770 4149 1790 4188 :
1836 4135 1964 4190 illuc

381 4230 567 4300 utique
596 4245 844 4301 propera,
875 4230 962 4286 ubi
993 4229 1276 4302 cognoscis
1303 4228 1497 4283 Filium
1529 4227 1622 4283 Dei
1649 4226 1962 4283 conversari

384 4321 440 4375 in
470 4329 639 4385 terra,
675 4328 731 4375 et
764 4321 1057 4375 humanum
1087 4334 1257 4391 genus
1285 4319 1351 4374 ad
1382 4333 1534 4374 suam
1566 4318 1725 4373 ﬁdem
1749 4326 1805 4374 et
1836 4333 1962 4388 gra-

382 4409 515 4463 tiam
541 4423 863 4465 eonvocare.
905 4409 1165 4481 Sequitur
1189 4428 1203 4464 :
1239 4409 1362 4464 Non
1392 4419 1440 4463 te
1467 4410 1635 4464 videat
1659 4410 1837 4473 homo,
1866 4408 1961 4461 do-

2059 606 2222 660 quam
2261 606 2510 662 soporem
2555 592 2767 656 mortis,
2809 607 2970 661 quem
2997 590 3247 647 Christus
3286 593 3341 647 in
3382 596 3643 663 passione

2059 697 2155 738 sua
2184 698 2284 753 pro
2314 693 2494 738 nostra
2525 683 2699 739 salute
2724 683 2982 752 suscepit,
3010 684 3153 738 unde
3180 685 3424 739 omnium
3456 702 3643 742 rerum

2058 775 2457 845 possessionem
2487 773 2588 829 sibi
2630 773 2937 842 acquisivit.
2988 772 3081 828 Ait
3112 784 3331 829 autem:
3367 773 3436 829 Et
3466 793 3565 846 ego
3599 779 3645 831 si

2058 866 2321 920 excitatus
2358 864 2507 934 fuero
2543 882 2576 918 a
2605 873 2781 928 terra,
2816 865 2992 918 omnia
3028 865 3238 918 traham
3274 866 3345 918 ad
3381 869 3639 936 meipsum

2060 954 2254 1027 (Joan.
2299 953 2432 1026 xu).
2490 953 2741 1023 Praecipit
2785 969 2916 1024 ergo
2962 954 3204 1009 Ecclesia
3251 956 3530 1026 gentium,
3583 966 3644 1011 ut

2058 1054 2212 1101 notet
2237 1046 2411 1102 locum
2443 1047 2712 1117 passionis
2760 1062 2825 1103 ac
2870 1048 3061 1103 mortis
3087 1046 3319 1111 Christi,
3350 1050 3645 1119 veniatque

2059 1146 2113 1192 et
2143 1137 2504 1206 discooperiat
2531 1137 2751 1207 pallium
2778 1154 2885 1207 quo
2909 1139 3155 1208 operitur
3180 1154 3210 1192 a
3241 1147 3392 1209 parte
3416 1141 3639 1210 pedum,

2060 1239 2116 1285 et
2142 1229 2391 1299 projiciat
2417 1245 2499 1295 se,
2546 1238 2600 1284 et
2640 1230 2712 1284 ibi
2746 1229 2959 1298 jaceat;
2996 1245 3061 1285 ac
3088 1231 3131 1285 si
3162 1232 3341 1286 dicat:
3382 1231 3641 1301 Agnosce

2059 1318 2333 1374 Christum
2369 1334 2468 1389 pro
2506 1327 2560 1372 te
2595 1334 2811 1389 passum
2831 1360 2845 1382 ,
2879 1319 3175 1389 veniasque
3202 1330 3383 1389 mente
3407 1322 3604 1377 devota
3625 1364 3642 1386 ,

2059 1418 2116 1465 et
2137 1410 2391 1466 discutias
2411 1411 2809 1480 operimentum
2832 1411 3028 1465 litterae
3047 1411 3259 1465 Veteris
3281 1411 3640 1479 Testamenti,

2060 1501 2115 1555 in
2142 1515 2248 1569 quo
2278 1501 2378 1554 sub
2406 1500 2674 1556 velamine
2703 1500 2997 1571 ﬁgurarum
3028 1499 3226 1569 tegitur
3251 1500 3671 1562 incarnationis

2058 1592 2263 1648 Christi
2293 1600 2723 1657 sacramentum;
2761 1599 2816 1646 et
2844 1606 2972 1646 cum
2999 1590 3319 1661 cognoveris
3347 1591 3471 1645 inde
3497 1591 3647 1646 salu-

2062 1691 2169 1736 tem
2203 1681 2297 1736 tibi
2325 1696 2449 1737 esse
2487 1682 2810 1751 promissam
2834 1721 2850 1745 ,
2902 1680 3207 1735 humilitate
3252 1681 3524 1751 praecipua
3574 1682 3643 1737 ad

2060 1770 2177 1840 ejus
2203 1772 2466 1827 auxilium
2495 1770 2802 1840 confugias,
2845 1770 3030 1839 ibique
3067 1770 3216 1824 omni
3247 1776 3487 1839 tempore
3521 1771 3647 1825 sine

1987 1843 2034 1902 Β
2062 1862 2171 1916 ulla
2197 1862 2402 1916 erroris
2431 1860 2730 1915 mutatione
2760 1873 3102 1929 permaneas.
3153 1856 3273 1930 Ipse
3300 1868 3475 1912 autem
3505 1858 3646 1912 dicet

2066 1951 2162 2004 tibi
2209 1951 2335 2021 quid
2365 1967 2515 2021 agere
2542 1949 2765 2013 debeas;
2801 1949 2928 2018 quia
2959 1965 3181 2005 necesse
3209 1956 3294 2004 est
3321 1950 3443 2014 tibi,
3481 1959 3543 2004 ut
3577 1949 3647 2004 ab

2063 2041 2181 2112 ipso
2221 2041 2539 2096 salvationis
2582 2048 2689 2096 tua:
2733 2039 2982 2096 ordinem
3010 2042 3208 2097 discas.
3264 2040 3323 2096 Si
3360 2051 3543 2096 autem
3577 2043 3647 2097 ad

2062 2147 2395 2203 synagogam
2433 2132 2550 2186 haec
2603 2131 2771 2187 verba
2821 2130 3010 2186 Noemi
3061 2130 3315 2186 retuleris
3337 2172 3352 2197 ,
3402 2132 3647 2201 reperies

2062 2228 2167 2283 hoc
2192 2228 2246 2281 in
2279 2227 2412 2298 legis
2448 2235 2505 2282 et
2538 2227 2929 2297 prophetarum
2961 2225 3204 2280 omnium
3229 2226 3459 2281 vocibus
3497 2241 3645 2281 reso-

2061 2335 2214 2384 nare,
2245 2319 2388 2389 quod
2414 2326 2535 2389 post
2559 2317 2760 2375 Christi
2790 2318 3098 2387 passionem
3128 2327 3355 2374 ventura
3386 2319 3455 2372 ad
3484 2318 3642 2373 fidem

2062 2412 2127 2466 de
2176 2411 2426 2481 gentibus
2477 2410 2629 2464 lieret
2673 2408 2933 2463 Ecclesia.
2992 2408 3144 2463 Unde
3188 2417 3272 2463 est
3314 2409 3445 2464 illud
3490 2410 3645 2465 lsaize

2060 2503 2374 2574 prophetae:
2424 2501 2645 2573 Propter
2676 2500 2844 2557 scelus
2883 2500 3060 2572 populi
3100 2501 3202 2554 mei
3242 2501 3476 2571 percussi
3500 2519 3642 2567 cum,

2062 2605 2109 2651 et
2144 2594 2286 2649 dabit
2321 2595 2508 2665 impios
2543 2610 2638 2664 pro
2673 2591 2965 2663 sepultura,
3006 2600 3054 2645 et
3092 2590 3305 2645 divitem
3347 2607 3441 2660 pro
3479 2601 3646 2647 morte

2060 2704 2187 2751 sua,
2232 2703 2292 2741 eo
2328 2684 2467 2756 quod
2507 2685 2834 2755 iniquitatem
2880 2698 2982 2736 non
3024 2681 3241 2751 fecerit,
3288 2699 3450 2751 neque
3490 2681 3646 2736 dolus

2063 2777 2223 2845 fuerit
2253 2777 2309 2830 in
2339 2792 2429 2829 ore
2461 2774 2596 2845 ejus.
2641 2773 2711 2827 Et
2747 2772 2999 2826 Dominus
3032 2769 3192 2825 voluit
3226 2780 3492 2825 conterere
3520 2787 3641 2825 eum

2061 2867 2117 2922 in
2137 2867 2461 2936 inﬁmitate.
2508 2862 2570 2920 Si
2590 2863 2821 2935 posuerit
2845 2879 2939 2933 pro
2960 2871 3172 2932 peccato
3206 2862 3442 2915 animam
3465 2877 3645 2925 suam,

2061 2957 2251 3012 videbit
2282 2973 2457 3010 semen
2486 2956 2796 3024 longrvvum,
2820 2960 2867 3006 et
2891 2950 3133 3006 voluntas
3163 2951 3376 3005 Domini
3398 2952 3455 3004 in
3480 2967 3638 3004 manu

2061 3047 2177 3118 ejus
2214 3047 2488 3117 dirigetur.
2538 3044 2645 3098 Pro
2689 3060 2749 3098 eo
2789 3041 2929 3113 quod
2974 3041 3232 3095 laboravit
3272 3042 3453 3094 anima
3488 3041 3638 3110 ejus,

2064 3139 2252 3195 videbit
2273 3147 2320 3192 et
2343 3137 2686 3192 saturabitur.
2738 3135 2805 3189 In
2826 3135 3043 3189 scientia
3067 3150 3168 3188 sua
3191 3132 3505 3204 justiﬁcabit
3532 3133 3642 3202 ipse

2056 3231 2237 3301 justus
2270 3245 2448 3282 servus
2479 3243 2625 3281 meus
2660 3225 2872 3291 multos,
2905 3234 2952 3280 et
2986 3226 3287 3297 iniquitates
3321 3240 3503 3278 eorum
3532 3225 3646 3294 ipse

2063 3318 2310 3390 portabit.
2358 3316 2487 3371 Ideo
2518 3316 2823 3388 dispertiam
2861 3304 2911 3371 ei
2946 3314 3201 3387 plurimos
3232 3323 3280 3368 et
3315 3314 3530 3383 fortium
3559 3314 3646 3366 di-

2063 3407 2198 3463 videt
2223 3406 2414 3478 spolia,
2437 3423 2532 3478 pro
2572 3423 2633 3461 eo
2665 3405 2805 3476 quod
2840 3404 3057 3459 tradidit
3099 3405 3155 3459 in
3196 3413 3361 3458 morte
3401 3404 3640 3457 animam

2064 3514 2237 3563 suam,
2279 3505 2327 3551 et
2367 3512 2486 3551 cum
2526 3495 2793 3551 sceleratis
2832 3504 3103 3566 reputatus
3142 3504 3250 3559 est,
3292 3502 3339 3547 et
3374 3494 3487 3563 ipse
3522 3507 3641 3562 pec-

2064 3599 2238 3644 catum
2277 3588 2560 3643 multorum
2598 3587 2741 3654 tulit,
2773 3596 2821 3642 et
2856 3603 2950 3659 pro
2985 3586 3455 3657 transgressoribus
3485 3601 3644 3655 roga-

2064 3683 2134 3736 vit
2163 3680 2314 3751 (Isai.
2335 3679 2469 3753 Lm).
2491 3679 2700 3746 Lauda,
2722 3678 2935 3745 sterilis,
2960 3695 3078 3750 qua:
3099 3694 3202 3732 non
3221 3678 3390 3748 paris,
3416 3676 3641 3730 decaula

2063 3772 2292 3836 laudent,
2335 3782 2382 3828 et
2423 3772 2721 3843 hiuni,qua:
2758 3788 2862 3826 non
2895 3770 3159 3842 pariebas,
3198 3769 3444 3839 quoniam
3487 3767 3646 3821 multi

2060 3865 2161 3935 ﬁlii
2199 3865 2296 3930 tui,
2341 3864 2559 3920 deserta:
2597 3864 2767 3935 magis
2806 3879 2963 3935 quam
3001 3861 3117 3931 ejus
3151 3877 3270 3933 qua:
3309 3860 3529 3916 habebat
3567 3858 3646 3916 vi,-

2062 3973 2195 4021 ram,
2238 3956 2364 4011 dicit
2396 3956 2653 4011 Dominus
2681 3954 2835 4026 (Isai.
2864 3954 2997 4024 Liv).

2685 4069 2911 4127 CAPUT
2948 4069 3018 4125 Χ.

2063 4161 2216 4229 Quod
2252 4161 2388 4217 Ruth
2431 4163 2672 4217 obediens
2714 4161 2932 4216 consilio
2966 4178 3149 4217 socrus
3188 4177 3302 4215 sure
3332 4159 3525 4215 notavit
3554 4160 3647 4215 Io—

2131 4250 2249 4314 cutn
2282 4234 2368 4355 uiltti
2398 4233 2540 4287 Booz
2570 4233 2879 4298 dormiebat,
2911 4241 2959 4286 et
2985 4232 3190 4287 veniens
3211 4231 3374 4301 juxta
3399 4232 3554 4301 pedes
3584 4247 3655 4286 se

2131 4319 2303 4355 uratec
2349 4342 2362 4355 .

2128 4319 2362 4372 prejecrt.

2130 4412 2307 4485 (lmn.)
2348 4411 2479 4478 Qua:
2525 4414 2830 4485 respondit:
2864 4412 3130 4486 Quidquid
3172 4413 3508 4485 perceperis,
3548 4414 3640 4482 fa-

381 4514 476 4553 uce
503 4512 646 4552 esum
672 4508 952 4571 potumque
975 4500 1189 4569 ﬁnierit.
1219 4499 1357 4566 Quid
1380 4506 1464 4554 est
1483 4499 1623 4568 quod
1646 4513 1765 4553 eam
1788 4496 1957 4552 videri
1988 4536 2036 4594 υ
2062 4504 2217 4557 ciam.
2247 4502 2623 4574 Descenditque
2650 4506 2705 4559 in
2731 4521 2930 4570 aream,
2960 4514 3009 4559 et
3038 4504 3159 4574 fecit
3188 4507 3367 4558 omnia
3392 4522 3510 4567 qua:
3536 4507 3647 4560 sibi

381 4588 653 4658 prohibet,
683 4590 853 4645 donec
881 4605 1032 4645 esum
1061 4598 1357 4660 potumque
1384 4589 1546 4643 homo
1574 4588 1811 4652 ﬁnierit;
1856 4588 1959 4642 nisi

383 4680 529 4747 quod
554 4680 808 4736 Ecclesia:
845 4680 1084 4752 gentium
1119 4680 1414 4735 credulitas
1447 4694 1553 4733 non
1591 4688 1749 4733 antea
1783 4677 1957 4731 mani-

382 4765 579 4822 festata
605 4770 871 4838 apparuit,
895 4786 1057 4840 quam
1086 4770 1335 4824 Salvator
1362 4769 1680 4839 mysterium
1709 4764 1961 4823 inearua-

383 4857 549 4913 tionis
579 4873 689 4914 sua:
717 4861 979 4931 implevit,
1011 4864 1226 4932 quando
1258 4863 1397 4917 inter
1428 4862 1672 4916 homines
1700 4876 1958 4929 corpora-

381 4948 509 5003 liter
531 4949 738 5013 vivens,
760 4951 881 5006 cibo
907 4967 971 5005 ac
999 4961 1124 5022 potu
1152 4968 1285 5007 usus
1311 4961 1416 5016 est,
1440 4961 1494 5007 et
1515 4952 1807 5007 novissime
1831 4961 1956 5008 ante

383 5039 692 5111 passionem
731 5054 885 5093 suam
914 5057 1038 5097 cum
1068 5042 1345 5114 discipulis
1380 5044 1493 5099 suis
1520 5057 1744 5099 cmnans
1768 5084 1782 5107 ,
1831 5059 1956 5099 cor-

379 5132 529 5201 poris
557 5140 612 5188 et
638 5132 918 5204 sanguinis
943 5136 1024 5189 sui
1050 5145 1387 5191 sacramenta
1415 5137 1519 5193 illis
1540 5139 1953 5193 commendavit.

382 5218 672 5293 Postquam
713 5223 858 5279 enim
899 5224 1175 5294 impletum
1212 5234 1295 5280 est
1328 5228 1644 5297 mysterium
1680 5228 1957 5297 dispensa-

381 5313 546 5369 tionis
581 5313 811 5381 Christi,
853 5312 966 5384 jam
1010 5315 1248 5370 Ecclesia
1289 5317 1355 5371 de
1394 5319 1642 5389 gentibus
1682 5318 1751 5372 ad
1791 5319 1955 5375 fidem

383 5402 704 5458 catholicam
735 5403 1059 5458 ﬂducialiter
1084 5403 1332 5459 accessit.

455 5489 681 5557 Quando
720 5503 894 5547 autem
933 5494 1052 5548 ierit
1090 5493 1161 5547 ad
1196 5494 1581 5561 dormiendum,
1614 5506 1737 5551 nota
1762 5497 1954 5562 locum,

382 5582 436 5634 in
464 5598 567 5651 quo
600 5582 868 5648 dormiat;
922 5584 1190 5656 veniesque
1231 5592 1281 5638 et
1323 5584 1666 5656 discooperies
1704 5586 1955 5657 pallium,

384 5685 485 5736 quo
515 5673 767 5741 operitur,
813 5690 845 5725 a
888 5684 1035 5741 parte
1072 5675 1282 5743 pedum,
1325 5684 1374 5729 et
1418 5676 1659 5744 projicies
1697 5688 1765 5740 te,
1810 5688 1856 5731 et
1887 5677 1958 5731 ibi

386 5756 619 5827 jacebis;
668 5760 775 5825 ipse
827 5774 999 5815 autem
1056 5765 1187 5818 dicet
1234 5765 1326 5817 tibi
1371 5764 1498 5834 quid
1552 5782 1703 5834 agere
1742 5769 1951 5822 debeas.

2064 4599 2409 4669 imperaverat
2435 4615 2635 4652 socrus.
2686 4597 3004 4654 Oberlientia
3035 4598 3292 4655 Ecclesia:
3322 4598 3518 4654 meruit
3545 4600 3645 4653 tle-

2064 4688 2247 4743 siderii
2276 4688 2357 4741 sui
2385 4686 2668 4754 effectum;
2712 4689 2985 4743 consensit
3013 4689 3181 4743 verbo
3220 4697 3276 4744 et
3314 4688 3496 4743 statim
3537 4687 3642 4747 im—

2064 4779 2301 4849 pleverat
2326 4779 2487 4844 facto,
2508 4789 2565 4835 et
2586 4778 2704 4835 ideo
2722 4779 3054 4849 iustissimus
3069 4780 3235 4848 iudex
3259 4781 3426 4850 ipsius
3448 4781 3642 4834 annuit

2062 4879 2207 4926 voto.
2260 4870 2414 4927 Unde
2457 4878 2513 4926 et
2560 4871 2674 4940 ipse
2702 4870 2983 4935 Dominus,
3024 4869 3249 4925 laudans
3277 4870 3435 4925 ﬁdem
3469 4871 3640 4940 ipsius

2062 4962 2315 5018 Ecclesia?
2343 4963 2394 5016 in
2419 4962 2775 5017 Cbananitide
2797 4963 3036 5025 muliere,
3066 4978 3190 5018 mox
3218 4964 3490 5018 concessit
3517 4980 3647 5035 qua:

2061 5051 2249 5120 petivit
2292 5051 2476 5106 dicens
2523 5051 2635 5105 illi:
2669 5050 2712 5105 0
2742 5051 2948 5116 mulier,
2996 5068 3187 5122 magna
3229 5061 3305 5105 est
3337 5052 3473 5120 fides
3501 5065 3643 5107 ηαξ

2058 5139 2153 5209 ﬁat
2184 5139 2275 5192 tibi
2303 5140 2434 5193 sicut
2464 5140 2539 5193 vis
2566 5138 2782 5207 (Matth.
2807 5139 2883 5210 v).

2131 5227 2364 5301 Cumque
2389 5230 2689 5283 comedisset
2710 5228 2872 5297 Boos,
2904 5238 2952 5284 et
2975 5228 3205 5294 bibisset,
3229 5238 3278 5282 et
3304 5227 3477 5298 factus
3502 5236 3636 5284 esset

2060 5317 2302 5383 hilarior:
2343 5319 2619 5389 ivissetque
2656 5318 2725 5371 ad
2763 5318 3148 5382 dormiendum,
3188 5318 3350 5389 juxta
3392 5332 3635 5371 acervum

2059 5407 2451 5478 manipulorum
2479 5408 2612 5462 venit
2637 5407 2957 5471 abscondite,
2986 5416 3035 5461 et
3064 5407 3393 5476 discooperto
3419 5422 3450 5458 a
3480 5404 3634 5474 pedi-

2058 5495 2152 5551 bus
2176 5497 2289 5562 eius
2326 5496 2488 5568 pallio
2524 5513 2577 5551 sc
2613 5496 2852 5568 projecit.
2885 5495 3132 5551 Comedit
3161 5495 3422 5549 Dominus
3450 5501 3636 5547 noster

2056 5593 2113 5640 et
2138 5586 2296 5649 bibit,
2328 5602 2449 5641 cum
2482 5587 2533 5640 in
2562 5601 2715 5640 coena
2744 5586 2968 5656 mystica
3000 5585 3247 5655 corporis
3275 5593 3330 5639 et
3354 5582 3633 5653 sanguinis

2057 5676 2141 5731 sui
2170 5685 2510 5733 sacramenta
2546 5677 2803 5746 apostolis
2848 5677 2962 5733 suis
3004 5676 3251 5741 tradidit,
3305 5675 3444 5730 unde
3481 5672 3637 5746 pueri

2057 5769 2190 5837 ejus,
2220 5769 2357 5823 sicut
2386 5767 2644 5837 scriptum
2675 5776 2776 5831 cst,
2809 5767 3318 5821 communicaverunt
3348 5764 3556 5835 corpori
3578 5776 3631 5820 ct
