4000 6186
259 467 422 525 1215

1420 469 1775 528 COMMENT.
1815 470 1884 526 IN
1918 472 2183 533 LIBRUM
2220 474 2436 534 RUTH.

3416 485 3555 543 12H

247 586 552 656 sanguini,
596 593 644 640 et
690 583 801 655 ipse
842 544 1084 639 similitgr
1110 585 1445 657 participavit
1480 587 1636 641 idem.
1676 583 1873 639 Factus
1900 588 1951 647 A
1977 596 2026 642 et
2069 591 2335 663 accipietis
2373 590 2557 664 (loan.
2586 594 2722 665 xvi).
2774 594 2840 649 Et
2886 596 3054 653 item:
3104 598 3302 666 Potite,
3343 602 3560 658 dabitur

248 690 335 734 est
366 680 626 746 hilarior,
654 679 780 748 quia
807 686 990 734 certus
1019 686 1137 733 erat
1164 678 1231 733 de
1260 694 1356 734 sua
1388 679 1790 735 resurrectione
1815 688 1871 732 et

249 779 473 826 nostra
505 770 906 841 redemptione;
954 770 1161 841 ivitque
1202 771 1271 825 ad
1312 770 1688 826 dormiendum
1715 769 1871 838 juxta

251 873 542 915 acervum
583 859 1019 930 manipulorum,
1062 876 1186 916 cum
1231 860 1519 930 complevit
1559 861 1866 931 passionem

251 967 432 1010 suam
455 951 612 1022 juxta
634 954 945 1009 testimonia
968 970 1247 1010 sacrarum
1271 953 1695 1025 Seripturarum.
1720 954 1869 1009 Unde

249 1042 315 1097 in
351 1044 563 1101 eadem
602 1052 762 1099 nocte
791 1060 895 1115 qua
928 1046 1261 1111 tradebatur,
1310 1047 1379 1101 ad
1424 1046 1715 1115 discipulos
1749 1047 1863 1100 ait:

253 1130 458 1187 Filius
482 1132 706 1188 hominis
733 1134 892 1199 vadit,
921 1136 1054 1190 sicut
1076 1136 1325 1207 scriptum
1346 1145 1421 1190 est
1443 1136 1506 1190 de
1529 1136 1622 1190 illo
1648 1134 1863 1207 (Matth.

247 1222 454 1293 xxvn).
492 1223 561 1278 Et
586 1223 711 1279 alibi
737 1225 1048 1292 :Quoniam,
1086 1227 1281 1298 inquit,
1316 1244 1519 1281 necesse
1552 1237 1627 1281 est
1663 1224 1869 1295 impleri

248 1313 458 1366 omnia
482 1329 600 1383 quae
625 1313 818 1383 scripta
841 1324 962 1368 sunt
986 1315 1042 1369 in
1064 1314 1174 1387 lege
1201 1326 1250 1370 et
1274 1318 1555 1388 prophetis,
1580 1325 1627 1370 et
1651 1315 1867 1385 psalmis

249 1404 327 1457 de
379 1422 471 1459 me
509 1403 659 1477 (Luc.
704 1404 876 1477 xxxv).
929 1404 1028 1460 Vel
1075 1417 1223 1463 certe
1271 1408 1389 1478 ejus
1433 1408 1673 1463 dormire
1710 1406 1865 1475 juxta

249 1513 537 1554 acervum
566 1499 965 1569 manipulorum
995 1507 1109 1565 est,
1149 1508 1355 1556 turmas
1386 1500 1622 1555 ﬁdelium
1658 1500 1865 1553 anima-

249 1604 393 1643 rum
434 1589 488 1643 in
522 1597 697 1643 morte
727 1604 824 1644 sua
866 1590 933 1644 de
976 1589 1228 1646 claustris
1267 1591 1479 1660 eripere
1522 1590 1859 1655 inferorum;

250 1678 403 1746 quia
435 1678 550 1747 ipse
574 1676 861 1748 postquam
886 1679 940 1733 in
963 1694 1124 1734 cruce
1146 1680 1329 1735 emisit
1349 1681 1621 1749 spiritum,
1644 1680 1866 1736 descen-

250 1767 344 1823 dit
389 1769 464 1823 ad
506 1767 745 1833 inferos,
797 1776 983 1838 portas
1030 1769 1226 1824 mortis
1274 1768 1577 1838 confregit,
1631 1770 1863 1840 indeque

250 1857 617 1927 triumphans
646 1857 946 1912 resurrexit
992 1858 1047 1912 in
1096 1858 1284 1930 gloria.
1341 1859 1422 1912 Ad
1463 1859 1624 1913 istum
1663 1859 1857 1915 lcctmn

1970 679 2147 742 vobis;
2183 683 2421 753 qurerite,
2449 692 2497 737 et
2523 683 2827 749 invenie'is;
2862 687 3066 755 pulsate
3093 699 3139 742 et
3170 694 3435 760 aperietur
3459 710 3556 749 vo-

1971 768 2048 822 bis
2063 768 2279 839 (Matth.
2304 772 2459 844 xvu).
2487 772 2551 827 Et
2576 773 2771 828 iterum
2795 792 2806 828 :
2837 774 2896 830 Si
2922 775 3047 846 quid
3071 779 3320 846 petieritis
3347 781 3558 836 Patrem

1970 860 2025 912 in
2051 861 2258 914 nomine
2282 877 2396 916 meo
2418 864 2562 917 dabit
2591 865 2730 920 vobis
2755 866 2937 937 (loan.
2963 878 3099 935 XVI).
3134 868 3399 940 Quidquid
3426 889 3559 945 ergo

1970 946 2108 1003 ﬁdes
2153 948 2313 1018 plena
2358 952 2594 1018 postulat
2640 953 2931 1009 salubriter
2958 959 3214 1025 petentis,
3255 958 3559 1029 benignitas

1970 1042 2218 1095 concedit
2245 1044 2442 1096 summi
2471 1043 2765 1115 largitoris.

2040 1130 2149 1186 Scit
2197 1133 2336 1188 enim
2378 1136 2544 1188 omnis
2584 1136 2828 1205 populus,
2876 1140 2965 1208 qui
3007 1140 3208 1194 habitat
3256 1142 3395 1196 intra
3436 1161 3559 1214 por-

1967 1229 2049 1276 tas
2105 1222 2250 1275 urbis
2314 1240 2441 1276 mea:
2473 1265 2488 1287 ,
2553 1226 2821 1280 mulierem
2881 1239 2931 1282 te
2990 1247 3100 1284 esse
3150 1232 3403 1299 virtutis;
3466 1251 3560 1289 nec

1967 1311 2141 1366 abnuo
2202 1329 2283 1366 me
2331 1315 2698 1385 propinquum.
2747 1316 2851 1372 Sed
2896 1330 2971 1373 est
3027 1321 3165 1375 alius
3218 1340 3297 1376 me
3340 1327 3575 1395 propin-c

1965 1402 2160 1471 quior;
2204 1403 2409 1473 quiesce
2452 1405 2551 1459 hac
2586 1418 2750 1474 nocte,
2806 1418 2855 1462 et
2910 1410 3051 1478 facto
3098 1428 3250 1466 mane
3292 1415 3339 1467 si
3375 1426 3425 1468 te
3475 1433 3560 1470 vo-

1967 1493 2123 1548 luerit
2164 1497 2566 1565 propinquitatis
2588 1499 2715 1567 jure
2748 1502 2988 1567 retinere,
3020 1502 3144 1556 bene
3184 1520 3264 1558 res
3304 1517 3421 1559 acta
3458 1517 3554 1560 est.

1968 1583 2031 1639 Si
2076 1595 2248 1639 autem
2291 1585 2380 1641 ille
2434 1587 2681 1656 noluerit,
2722 1608 2813 1661 ego
2857 1603 2906 1646 te
2958 1593 3150 1664 absque
3199 1595 3308 1649 ulla
3349 1598 3557 1652 dubita-

1965 1677 2105 1729 tione
2143 1678 2447 1748 suscipiam.
2492 1678 2667 1736 Portae
2702 1682 2851 1737 urbis
2887 1682 3086 1739 Christi
3121 1694 3246 1739 sunt
3279 1688 3556 1758 prophetat

1966 1775 2022 1821 et
2070 1769 2337 1836 apostoli,
2398 1770 2466 1827 de
2510 1772 2705 1841 quibus
2753 1773 3035 1830 Psalmista
3082 1791 3148 1830 ex
3185 1793 3416 1847 persona
3460 1780 3555 1834 Ec-

1965 1857 2144 1913 clesia:
2189 1859 2301 1913 ait:
2332 1860 2464 1915 Mihi
2510 1873 2686 1917 autem
2731 1864 3001 1920 adhterere
3046 1866 3157 1920 Deo
3206 1868 3397 1922 bonum
3442 1880 3550 1935 est,

252 1948 659 2018 Redemptoris
696 1949 868 2003 nostri
910 1951 1221 2020 properavit
1266 1950 1509 2005 Ecclesia
1533 1991 1547 2016 ,
1601 1960 1655 2006 et
1686 1952 1862 2006 disco—
1890 1934 1938 1994 Β
1962 1963 2154 2017 pauere
2198 1949 2253 2002 in
2286 1949 2509 2004 Domino
2550 1952 2658 2006 Deo
2707 1971 2851 2025 spem
2901 1973 3103 2021 meam,
3148 1967 3201 2010 ut
3247 1934 3555 2013 annumiem

248 2048 465 2110 operto
493 2054 522 2093 a
550 2039 778 2108 pedibus
803 2039 920 2109 ejus
948 2039 1132 2109 pallio,
1161 2040 1265 2094 hoc
1291 2048 1395 2105 est,
1424 2040 1662 2095 revelato
1688 2041 1753 2094 de
1781 2041 1864 2095 iu-

247 2136 589 2189 carnatione
611 2134 729 2204 ejus
750 2141 1113 2199 sacramento,
1130 2134 1257 2187 illuc
1274 2149 1332 2188 se
1354 2133 1630 2188 humiliter
1650 2133 1861 2187 veniam

250 2225 616 2296 deprecando
645 2231 700 2279 et
725 2224 951 2280 salutem
980 2225 1272 2295 qumrendo
1297 2222 1610 2294 prostravit.

336 2316 413 2370 Et
443 2333 559 2371 ecce
591 2325 741 2371 nocte
773 2316 884 2385 iam
918 2317 1089 2370 media
1119 2316 1323 2385 expavit
1359 2316 1535 2381 homo,
1567 2324 1613 2368 et
1645 2324 1859 2369 contur-

253 2409 428 2465 batus
453 2419 549 2475 est,
581 2411 807 2481 viditque
836 2410 1106 2464 mulierem
1134 2409 1399 2479 jacentem
1429 2408 1498 2462 ad
1532 2409 1685 2478 pedes
1714 2425 1857 2473 suos,

251 2509 311 2554 et
342 2501 420 2553 ait
449 2499 530 2553 illi
552 2517 569 2554 :
600 2499 732 2565 Quae
752 2501 845 2554 es?
871 2498 1081 2569 Illaque
1107 2498 1374 2568 respondit
1396 2513 1415 2550 :
1441 2498 1554 2569 Ego
1581 2515 1696 2552 sum
1721 2497 1858 2569 Ruth

250 2587 470 2643 ancilla
508 2597 645 2653 tua;
690 2586 930 2658 expende
967 2586 1190 2657 pallium
1230 2596 1378 2639 tuum
1416 2604 1573 2657 super
1602 2587 1858 2656 famulam

252 2687 454 2743 tuam,
488 2679 614 2748 quia
650 2679 977 2748 propinquus
1012 2694 1087 2731 es.
1138 2676 1275 2743 Quid
1305 2684 1389 2731 est
1414 2677 1557 2746 quod
1594 2677 1644 2731 in
1681 2677 1859 2732 media

252 2779 433 2826 nocte
461 2772 624 2825 homo
650 2770 741 2825 hic
763 2771 952 2825 videns
976 2770 1257 2825 mulierem
1284 2770 1531 2839 expavit,
1571 2771 1674 2825 nisi
1715 2770 1857 2840 quod

252 2860 478 2915 mundo
504 2859 742 2914 tenebris
764 2875 1010 2914 errorum
1041 2859 1303 2925 involuto,
1327 2860 1578 2915 Christus
1602 2860 1859 2915 Ecclesiae

251 2958 398 3020 post
424 2950 544 3005 ﬁdei
574 2949 867 3005 adventum
895 2950 1123 3006 celerem
1160 2950 1466 3004 mirandum
1498 2949 1652 3004 nobis
1677 2957 1860 3003 osten-

255 3041 351 3097 dit
376 3058 391 3095 :
426 3041 569 3096 unde
595 3040 794 3111 legitur
818 3041 930 3111 ipse
958 3040 1142 3095 mirari
1171 3041 1222 3095 in
1252 3039 1590 3096 centurionis
1618 3038 1739 3101 ﬁde,
1763 3037 1856 3107 qui

253 3131 638 3204 prteﬁguravit
681 3132 1113 3187 incredulitatem
1159 3131 1341 3201 populi
1384 3130 1602 3201 gentilis
1636 3128 1852 3199 (Matth.

255 3221 427 3291 vm);
472 3238 580 3277 non
611 3223 754 3291 quod
784 3223 898 3292 ipse
925 3222 1079 3292 quasi
1126 3222 1386 3292 ignorans
1419 3221 1621 3290 aliquid
1656 3235 1850 3275 novum

256 3312 696 3381 obstupesceret,
725 3312 818 3369 sed
850 3321 911 3367 ut
935 3313 1116 3368 omnia
1146 3313 1326 3368 sciens
1355 3312 1512 3367 nobis
1543 3312 1850 3367 mirandum

258 3404 581 3459 ostenderet
598 3392 665 3459 'in
696 3403 799 3460 ﬁde
827 3396 1096 3475 gentium,
1135 3405 1277 3474 quod
1311 3405 1451 3473 apud
1485 3419 1609 3458 eum
1639 3420 1853 3474 semper

258 3489 432 3547 (iebat
450 3501 677 3547 certum.
709 3490 851 3547 Vidit
875 3492 1148 3547 mulierem
1161 3502 1421 3563 Jacentem
1443 3493 1513 3546 ad
1533 3493 1686 3563 pedes
1707 3509 1847 3554 suos,

256 3582 395 3652 quia
421 3581 720 3637 Ecclesiam
751 3582 1143 3638 incarnationis
1169 3598 1281 3638 suae
1308 3590 1707 3637 sacramentum
1739 3583 1844 3635 hu-

257 3673 473 3728 militer
509 3673 758 3728 venerari
798 3675 1100 3743 conspexit.
1152 3673 1282 3740 Quae
1327 3681 1511 3737 esset,
1562 3673 1846 3743 qumsivit;

259 3762 395 3834 quia
421 3760 539 3831 ejus
567 3761 957 3832 professionem
987 3764 1268 3833 expetivit.
1298 3763 1367 3817 At
1394 3763 1483 3817 illa
1507 3763 1731 3833 pallium
1761 3779 1853 3817 su-

258 3868 367 3923 per
393 3868 453 3908 se
476 3851 707 3923 expandi
748 3853 964 3923 pustula
1003 3854 1075 3917 it,
1118 3854 1241 3923 quia
1277 3851 1394 3922 ejus
1422 3853 1544 3907 ﬁdei
1573 3868 1637 3907 ac
1666 3860 1844 3923 prote-

261 3942 468 3999 ctionis
492 3942 722 4013 gratiam
749 3951 871 3998 ante
896 3943 1077 3997 omnia
1103 3942 1450 3998 desideravit.

336 4031 407 4086 Et
436 4031 565 4087 ille:
595 4031 909 4097 Benedicta,
949 4032 1154 4102 inquit,
1195 4050 1249 4088 es
1285 4032 1430 4102 ﬁlia,
1470 4033 1595 4104 quia
1623 4032 1850 4102 priorem

259 4124 679 4181 misericordiam
703 4126 987 4194 posteriore
1010 4125 1292 4195 superasti,
1318 4125 1442 4195 quia
1467 4140 1571 4177 non
1594 4141 1646 4177 es
1673 4133 1850 4178 secuta

261 4214 476 4278 iuvenes
506 4228 759 4282 pauperes
786 4213 894 4266 sive
920 4212 1122 4267 divites.
1161 4212 1290 4268 Noli
1317 4230 1440 4283 ergo
1470 4224 1727 4278 metuere;
1757 4213 1848 4267 sed

260 4300 521 4371 quidquid
542 4300 739 4355 dixeris
761 4300 908 4365 mihi,
933 4300 1124 4370 faciam
1144 4302 1256 4356 tibi.
1287 4303 1416 4369 Quae
1440 4303 1659 4372 pallium
1686 4319 1851 4373 super

264 4403 328 4444 se
353 4389 584 4458 expandi
616 4389 944 4458 postulavit,
996 4391 1422 4447 benedictionem
1455 4394 1701 4462 accipere
1731 4410 1847 4451 me-

264 4478 417 4533 ruit:
457 4479 585 4548 quia
621 4479 870 4549 quisquis
906 4480 1135 4550 gratiam
1167 4481 1289 4537 ﬁdei
1318 4482 1553 4551 pleniter
1583 4485 1844 4555 percipit,

1967 2051 2143 2091 omnes
2172 2037 2356 2092 laudes
2392 2049 2510 2093 tuas
2546 2042 2598 2095 in
2627 2044 2790 2112 portis
2822 2044 2948 2100 ﬁlia:
2987 2045 3118 2100 Sion
3144 2044 3315 2118 \Psal.
3357 2047 3550 2118 1.xxn).

1968 2122 2094 2180 Sive
2118 2135 2286 2196 portae
2307 2139 2433 2183 sunt
2464 2129 2630 2199 ipsius
2659 2132 2808 2187 urbis
2830 2132 3000 2188 divini
3033 2135 3178 2200 libri,
3203 2151 3432 2206 quorum
3458 2138 3555 2191 do-

1965 2225 2218 2270 cumento
2269 2217 2336 2269 ad
2384 2216 2541 2272 ﬁdem
2587 2221 2909 2276 catholicam
2957 2221 3300 2278 intravimus.
3361 2225 3553 2280 Sciunt

1963 2318 2093 2374 ergo
2118 2321 2326 2369 omnes,
2369 2311 2461 2380 qui
2488 2309 2642 2377 juxta
2668 2313 2764 2369 has
2803 2323 2988 2384 portas
3036 2315 3363 2382 inhabitant,
3412 2318 3553 2374 hanc

1963 2393 2244 2449 mulierem
2274 2412 2392 2451 esse
2421 2401 2659 2464 virtutis,
2691 2403 2817 2471 quia
2856 2405 3099 2458 omnium
3141 2404 3380 2460 ﬁdelium
3422 2422 3550 2460 cur-

1964 2485 2121 2540 dibus
2173 2487 2275 2543 hoc
2323 2488 2551 2546 ﬁrmiter
2595 2506 2913 2561 persuasum
2964 2502 3066 2559 est,
3117 2497 3259 2566 quod
3304 2496 3552 2552 Ecclesia

1961 2577 2203 2645 gentium
2234 2580 2495 2634 virtutum
2527 2596 2629 2650 ope
2672 2583 2939 2639 ditissima
2966 2586 3143 2649 sit,de
3169 2602 3277 2656 qua
3324 2587 3550 2644 muliere

1963 2663 2016 2716 in
2038 2665 2345 2724 Proverbiis
2376 2669 2451 2723 ita
2480 2671 2741 2741 scriptum
2769 2683 2853 2728 est
2876 2691 2889 2727 :
2916 2673 3194 2729 Mulierem
3216 2675 3404 2744 fortem
3429 2678 3548 2743 quis

1971 2753 2224 2808 inreniet‘l
2246 2752 2445 2809 Procul
2453 2764 2502 2808 et
2520 2757 2583 2811 de
2597 2757 2799 2811 ultimis
2822 2757 3012 2824 finibus
3024 2766 3247 2824 pretium
3274 2769 3410 2823 ejus,
3431 2765 3540 2808 etc.

1980 2850 2160 2921 (Prov.
2193 2851 2367 2906 uti).
2398 2847 2553 2904 Unde
2579 2859 2634 2904 et
2658 2852 2757 2905 doc
2783 2852 2914 2905 tina:
2945 2851 3063 2920 ejus
3087 2848 3333 2912 claritas,
3362 2846 3544 2902 scien-

1979 2945 2066 2997 tiae
2089 2945 2421 3012 magnitudo,
2443 2944 2567 3000 ﬁdei
2585 2946 2806 3005 veritas,
2828 2938 3095 2999 bonorum
3115 2958 3338 3012 operum
3358 2944 3544 3011 copia,

1975 3034 2249 3102 patientiae
2272 3039 2601 3097 constantia,
2632 3045 2684 3088 et
2710 3038 2997 3092 cliaritatis
3028 3039 3292 3105 perfectio
3329 3035 3542 3096 ‘ubiuuo

1958 3111 2301 3184 przedieatur.
2331 3118 2471 3186 Quid
2506 3128 2589 3175 est
2618 3128 2821 3187 autem,
2854 3123 2995 3190 quod
3022 3122 3161 3176 Booz
3192 3121 3282 3177 hic
3306 3135 3410 3175 non
3445 3121 3545 3174 ab-

1959 3208 2098 3271 nuit,
2137 3223 2196 3262 se
2244 3209 2387 3264 Ruth
2433 3225 2552 3266 esse
2591 3211 2973 3282 pmpinquum,
3007 3213 3101 3267 sed
3138 3211 3303 3266 alium
3347 3210 3546 3266 asserit

1880 3277 1926 3340 (ἶ
1958 3293 2060 3348 sibi
2100 3310 2221 3350 esse
2258 3277 2739 3369 propinquioreni?
2780 3277 3060 3369 Quomodo
3087 3317 3228 3372 ergo
3273 3289 3414 3356 alius
3460 3307 3545 3355 est

1952 3387 2307 3457 propinquior
2326 3389 2597 3456 Eeclesiaa,
2622 3408 2787 3462 quam
2809 3394 3057 3449 Christus
3078 3396 3168 3464 qui
3188 3404 3352 3465 caput
3370 3393 3541 3464 ipsius

1954 3477 2070 3529 est?
2098 3475 2206 3530 Sed
2233 3478 2348 3532 hate
2370 3482 2748 3549 propinquitas
2770 3483 3064 3537 secundum
3092 3483 3412 3553 mysterium
3436 3497 3543 3537 non

1954 3569 2020 3621 ad
2061 3569 2438 3638 cognationem
2489 3573 2726 3640 generis,
2763 3574 2857 3627 sed
2904 3575 2972 3628 ad
3014 3591 3222 3628 moram
3264 3577 3543 3644 temporis.

1953 3658 2058 3713 iste
2093 3660 2236 3714 enim
2284 3662 2619 3732 propinquus
2648 3663 2967 3735 intelligitur
3008 3680 3129 3719 esse
3167 3663 3404 3720 Joannes
3443 3667 3544 3720 Ba-

1952 3752 2134 3820 ptista,
2163 3753 2256 3822 qui
2279 3754 2570 3823 putabatur
2591 3769 2622 3807 a
2641 3753 2842 3809 Judaeis
2858 3769 2977 3810 esse
3000 3753 3248 3809 Christus
3272 3754 3455 3826 (Joan.
3475 3757 3538 3826 ι),

1953 3842 2046 3896 sed
2087 3842 2176 3897 ille
2217 3842 2319 3897 sibi
2361 3858 2556 3899 nomen
2608 3844 2793 3915 sponsi
2843 3843 2989 3899 nullo
3032 3844 3192 3898 modo
3228 3845 3539 3913 usurpavit;

1952 3935 2081 4004 quin
2109 3935 2289 4005 potius
2318 3935 2446 3991 illud
2483 3952 2614 3991 vero
2645 3952 2842 4007 sponso
2865 3936 3254 3992 venerabiliter
3291 3952 3538 3991 reserva-

1950 4024 2047 4091 vit,
2064 4024 2276 4081 dicens:
2300 4025 2402 4092 Qui
2421 4025 2573 4080 habet
2593 4043 2860 4095 sponsam,
2878 4044 3099 4098 sponsus
3121 4037 3216 4092 est,
3233 4028 3433 4081 amicus
3452 4044 3544 4080 au-

1952 4125 2055 4169 tem
2085 4117 2284 4186 sponsi,
2324 4116 2413 4187 qui
2441 4125 2543 4170 stat
2582 4126 2631 4170 et
2674 4116 2822 4170 audit
2866 4133 3037 4171 vocem
3064 4134 3179 4182 ejus
3207 4116 3389 4187 (Joan.
3429 4114 3534 4186 Ill).

1950 4205 2311 4276 Propinquior
2339 4207 2482 4259 enim
2514 4214 2631 4260 erat
2663 4205 2908 4270 loannes,
2932 4206 3056 4275 quia
3086 4206 3138 4259 in
3171 4206 3372 4260 mundo
3390 4206 3542 4275 prior

1948 4304 2113 4363 natu;
2144 4298 2258 4361 sed,
2284 4298 2400 4366 ipso
2428 4306 2690 4352 renuente
2716 4298 3050 4352 consortium
3077 4297 3334 4369 conjugii,
3371 4313 3535 4367 spon-

1950 4401 2068 4441 sam
2114 4401 2265 4440 suam
2302 4401 2464 4441 verus
2510 4387 2724 4457 accepit
2760 4402 3010 4456 sponsus.
3065 4386 3204 4441 Sunt
3248 4389 3340 4456 qui
3390 4388 3535 4444 hunc

1949 4478 2313 4547 propinquum
2350 4478 2523 4547 ipsum
2552 4479 2875 4550 Decalogum
2905 4479 3041 4549 legis
3073 4479 3297 4549 intelligi
3324 4480 3534 4548 volunt,

263 4568 697 4625 benedictionem
730 4571 991 4625 virtutum
1021 4571 1344 4641 spiritalium
1374 4573 1578 4642 pariter
1605 4574 1850 4644 posside-
1871 4610 1926 4670 Β
1952 4568 2041 4622 hic
2097 4568 2150 4622 in
2205 4582 2271 4622 ϐο
2324 4568 2610 4622 Videbam?
2659 4569 3017 4639 ρτορίηαυίον
3069 4584 3191 4625 esse
3236 4570 3534 4643 Synasoste

264 4660 366 4715 bit.
421 4657 693 4726 Priorem,
736 4662 944 4732 inquit,
987 4663 1403 4718 misericordiam
1435 4666 1721 4735 posteriore
1750 4683 1842 4720 su-

263 4751 495 4818 perasti,
544 4751 670 4821 quia
720 4767 825 4805 non
870 4768 923 4807 es
965 4761 1143 4807 secuta
1185 4752 1403 4823 juvenes
1445 4772 1696 4825 pauperes
1740 4757 1845 4811 sive

265 4839 470 4893 divites.
523 4839 682 4895 Prior
722 4841 1093 4897 misericordia
1134 4852 1288 4907 erat,
1337 4845 1480 4924 qugd
1520 4828 1841 4915 sibime‘tipsi

267 4928 555 4985 consulens
607 4946 824 4986 errores
876 4932 1195 4988 idololatriae
1251 4936 1507 4989 deseruit.
1566 4935 1846 4992 Posterior

265 5006 636 5073 misericordia
664 5028 749 5075 est
771 5021 913 5089 quod
940 5033 1227 5091 postquam
1260 5023 1325 5078 ad
1355 5022 1629 5078 Christum
1661 5025 1840 5091 venit,

266 5115 584 5163 constanter
609 5109 662 5164 in
691 5109 810 5179 ejus
838 5110 941 5166 ﬁde
966 5112 1355 5180 perseveravit.
1391 5111 1515 5166 Non
1540 5130 1614 5179 es,
1650 5113 1847 5183 inquit,

264 5206 445 5250 secuta
462 5196 680 5267 juvenes
704 5216 956 5271 pauperes
985 5200 1089 5255 sive
1116 5201 1320 5257 divites.
1356 5200 1592 5258 iuvenes
1616 5204 1852 5273 appellat

267 5285 553 5342 haereticos
594 5289 706 5344 sive
744 5290 1143 5356 schismaticos,
1189 5291 1281 5361 qui
1327 5307 1432 5346 non
1480 5294 1848 5349 maturitatem

264 5377 382 5431 veri
425 5378 635 5434 consilii
682 5380 918 5446 habent,
964 5381 1061 5436 sed
1091 5396 1306 5451 semper
1333 5382 1633 5449 instabiles,
1667 5385 1849 5441 varios

266 5482 480 5525 errores
505 5480 823 5540 sequuntur.
855 5472 966 5529 llos
990 5488 1119 5543 ergo
1145 5472 1381 5528 Ecclesia
1413 5474 1558 5529 nullo
1584 5475 1742 5531 modo
1768 5484 1852 5531 est

267 5568 484 5623 secuta,
530 5561 661 5631 quia
687 5576 901 5616 omnem
943 5562 1226 5632 perﬁdiam
1269 5562 1645 5618 luereticorum
1687 5575 1851 5636 atque

268 5644 543 5703 lasciviam
573 5649 920 5718 peccantium
949 5658 1036 5704 est
1060 5651 1389 5705 abominata.
1434 5650 1723 5722 Quidquid,
1753 5653 1850 5717 ait,

267 5735 464 5792 dixeris
500 5740 661 5802 mihi,
708 5741 901 5810 faciam
942 5739 1056 5794 tibi.
1110 5740 1312 5796 Taliter
1359 5750 1415 5796 et
1463 5741 1514 5795 in
1562 5742 1851 5813 Evangelio
1881 5730 1893 5740 ’

272 5823 534 5884 Dominus
562 5830 843 5902 discipulis
871 5830 984 5885 suis
1011 5829 1222 5887 locutus
1249 5840 1359 5898 est,
1399 5832 1621 5888 dicens:
1657 5830 1844 5900 Petite,

1951 4673 2113 4727 quam
2145 4657 2514 4727 Evangelium,
2546 4659 2686 4727 quod
2715 4658 3022 4729 specialiter
3050 4659 3125 4713 illi
3155 4660 3351 4730 populo
3378 4661 3536 4717 datus

1954 4756 2038 4802 est
2068 4764 2164 4818 per
2186 4747 2424 4818 Moysen,
2461 4756 2515 4801 et
2539 4749 2688 4818 prior
2714 4757 2834 4803 erat
2880 4757 3124 4819 tempore
3153 4765 3313 4820 quam
3337 4753 3530 4824 gratia.

1953 4838 2209 4893 Dormivit
2234 4840 2409 4910 itaque
2431 4838 2499 4892 ad
2533 4838 2687 4907 pedes
2717 4838 2831 4907 ejus
2848 4855 3011 4909 usque
3041 4839 3111 4892 ad
3140 4841 3305 4895 noctis
3337 4842 3536 4898 absces-

1949 4946 2100 4995 sum;
2132 4933 2460 5001 surrexitque
2488 4940 2766 5000 antequam
2815 4930 3049 4985 homines
3086 4948 3141 4985 se
3165 4942 3533 5003 cognoscerent

1950 5029 2152 5073 mutuo.
2210 5019 2475 5074 Dormivit
2522 5018 2667 5073 Ruth
2704 5019 2963 5088 spiritalis
3003 5023 3067 5076 ad
3099 5023 3263 5092 pedes
3301 5023 3529 5087 Christi,

1951 5126 2075 5166 cum
2106 5112 2157 5165 in
2191 5128 2285 5180 spe
2318 5111 2705 5166 incarnationis
2736 5109 2870 5180 ejus,
2902 5114 3045 5169 unde
3073 5114 3175 5170 sibi
3206 5124 3410 5169 certam
3440 5128 3531 5167 sa-

1950 5201 2115 5256 lutem
2158 5203 2413 5258 credebat
2454 5218 2575 5258 esse
2621 5211 2929 5268 venturam,
2967 5207 3117 5275 quasi
3161 5204 3526 5272 requiescens,

1950 5294 2216 5363 patienter
2255 5308 2376 5348 eum
2418 5294 2803 5363 exspectabat:
2831 5302 2886 5349 et
2925 5296 3029 5349 hoc
3057 5309 3217 5362 usque
3254 5292 3322 5344 ad
3362 5291 3529 5345 noctis

1950 5382 2261 5445 abscessum,
2295 5380 2503 5435 scilicet
2526 5397 2697 5452 usque
2718 5382 2785 5436 ad
2814 5384 3157 5438 tenebrarum
3198 5377 3530 5432 inﬁdelitatis

1951 5483 2237 5527 remotum.
2265 5472 2506 5527 Surrexit
2530 5484 2808 5541 antequam
2836 5472 3068 5525 homines
3091 5486 3146 5522 se
3171 5479 3349 5522 mutuo
3372 5483 3528 5537 agno-

1950 5570 2148 5616 scerent
2169 5578 2187 5626 ;
2210 5562 2336 5632 quia
2372 5570 2664 5631 antequam
2704 5560 2949 5618 carnales
2984 5558 3177 5623 Judzei,
3205 5573 3303 5627 per
3328 5556 3530 5611 doctri-

1950 5667 2076 5707 nam
2103 5651 2234 5722 legis
2276 5652 2490 5717 imbuti,
2525 5662 2736 5707 natura:
2763 5666 2872 5706 suae
2901 5650 3025 5720 jura
3064 5650 3201 5704 bene
3238 5660 3531 5716 cognosce-

1950 5751 2093 5808 rent,
2142 5742 2379 5798 Ecclesia
2418 5743 2485 5797 de
2537 5742 2788 5813 gentibus
2833 5748 3154 5804 convocata,
3201 5739 3268 5794 de
3316 5737 3529 5793 incrtite

1954 5851 2143 5891 somno
2194 5851 2252 5892 sc
2299 5834 2598 5901 excutiens,
2637 5832 2871 5890 diluculo
2920 5831 3197 5890 nascentis
3241 5830 3364 5887 ﬁdei
3405 5846 3523 5886 sure
