4000 6186
449 422 586 477 12ιό

1079 420 1140 477 Β.
1182 418 1441 478 RABANI
1474 419 1691 476 MAURI
1731 418 2052 475 ARCHIEP.
2095 416 2405 476 MOCUNT.
2446 417 2728 476 OPERUM
2764 417 2943 474 PARS
2981 417 3021 472 l.

3557 417 3697 475 {216

447 535 608 599 rexit,
646 541 807 603 atque
841 532 908 588 ad
952 532 1153 588 Christi
1194 533 1423 603 gratiam
1462 531 1648 587 venire
1682 530 2011 601 properavit.
2043 528 2091 588 Α
2118 542 2212 580 sua
2242 528 2504 597 promissa
2544 527 2770 597 implere
2806 533 3004 589 cesset,
3040 525 3228 579 dicens
3264 524 3391 579 ilan
3427 528 3700 598 evangeli-

450 627 516 681 lft
564 625 695 680 dixit
724 624 868 679 Booz
889 638 907 676 :
930 622 1085 689 Cave,
1112 640 1174 677 ne
1201 624 1318 694 quis
1358 623 1582 685 noverit,
1611 621 1751 692 quod
1796 621 1898 672 huc
1937 636 2017 672 ve-

445 716 605 771 neris.
639 712 917 780 Quomodo
939 729 1066 784 ergo
1093 714 1261 767 latere
1281 711 1455 780 potuit
1483 708 1766 765 conversio
1780 707 2018 777 gentium

454 801 523 856 ad
556 799 718 858 ﬁdem
756 800 981 866 Christi,
1015 816 1138 855 cum
1182 799 1236 854 in
1282 807 1396 853 toto
1441 799 1572 853 orbe
1613 806 1880 850 terrarum
1916 795 2020 849 hoc

447 891 791 964 pmdicatur,
834 891 937 946 hoc
965 890 1235 954 laudatur,
1282 890 1384 944 hoc
1409 887 1751 944 celebratur?
1785 884 1893 940 Sed
1931 900 2023 939 ca-

449 998 576 1040 vere
601 1000 722 1040 eam
749 983 1019 1053 praecepit,
1053 998 1122 1036 ne
1158 982 1280 1051 quis
1307 981 1533 1045 noverit,
1563 980 1665 1033 hoc
1696 987 1800 1044 est,
1844 984 1901 1031 ut
1933 993 2023 1032 ca-

452 1082 596 1139 veat,
627 1089 695 1129 ne
731 1073 797 1127 de
850 1072 1258 1127 conversatione
1303 1085 1402 1123 sua
1446 1069 1658 1124 laudem
1709 1069 2017 1129 humanam,

452 1165 547 1224 $80
584 1165 809 1236 gloriam
849 1164 1084 1218 divinam
1126 1170 1351 1231 quaerat.
1399 1159 1491 1215 Sic
1533 1170 1587 1215 et
1628 1160 1681 1214 in
1734 1158 2024 1229 Evangelio

431 1256 567 1338 .ipse
596 1256 853 1311 Dominus
882 1256 947 1309 de
981 1255 1451 1324 eleemosynarum
1481 1250 1789 1316 donatione,
1822 1257 1876 1303 et
1897 1264 2022 1304 ora-

432 1342 614 1401 tionis
649 1344 979 1400 exhibitione
1020 1344 1295 1413 praecepit,
1324 1343 1510 1397 dicens
1536 1360 1549 1397 :
1573 1338 1704 1395 Cum
1730 1341 1861 1411 facis
1895 1340 2026 1395 elec-

450 1451 741 1505 mosynam,
778 1434 883 1488 noli
933 1434 1057 1487 tuba
1094 1450 1277 1487 canere
1317 1442 1437 1487 ante
1464 1442 1530 1494 te,
1575 1431 1706 1485 sicut
1744 1432 2026 1501 hypocrita:

451 1525 650 1595 faciunt
676 1525 730 1578 in
772 1524 1048 1594 synagogis
1075 1533 1122 1577 et
1166 1525 1221 1577 in
1250 1522 1396 1588 vicis,
1437 1532 1493 1575 ut
1530 1520 1941 1589 honorificentur
1961 1520 2026 1573 ab

452 1613 767 1666 hominibus.
810 1613 973 1667 Amen
1021 1614 1136 1666 dico
1186 1613 1345 1677 vobis,
1394 1621 1690 1682 receperunt
1742 1610 2027 1663 mercedem

451 1717 623 1754 suam.
658 1699 729 1754 Te
754 1711 928 1754 autem
972 1702 1193 1770 faciente
1237 1700 1639 1769 eleemosynam,
1680 1699 1872 1752 nesciat
1901 1699 2029 1751 sini—

452 1801 561 1843 stra
588 1798 677 1843 tua
711 1790 835 1860 quid
865 1790 1025 1858 faciat
1056 1791 1239 1844 dextra
1267 1801 1383 1855 tua,
1410 1800 1464 1842 ut
1491 1790 1555 1843 sit
1584 1788 1906 1858 cleemosgna
1936 1797 2028 1841 tua

454 1879 510 1932 in
539 1880 809 1944 absconso,
835 1890 883 1933 et
914 1880 1073 1934 Pater
1093 1890 1234 1945 tuus,
1262 1881 1351 1951 qui
1382 1880 1513 1934 videt
1538 1880 1590 1932 in
1616 1879 1883 1944 absconso,
1911 1879 2027 1932 red-
2057 1864 2101 1922 Β

454 1968 539 2020 det
575 1968 664 2021 tibi
701 1969 755 2021 in
784 1968 1080 2038 propatulo.
1114 1969 1180 2022 Et
1210 1986 1328 2022 cum
1366 1970 1553 2037 oratis,
1576 1985 1673 2021 non
1703 1968 1867 2031 eritis,
1896 1969 2031 2022 sicut

455 2058 758 2127 hypocriten,
791 2059 879 2128 qui
909 2068 1083 2111 amant
1111 2059 1165 2112 in
1205 2059 1481 2129 synagogis
1511 2069 1558 2112 et
1598 2057 1806 2128 angulis
1834 2057 2033 2128 platea-

457 2164 572 2200 rum
597 2158 791 2203 stantes
821 2166 992 2214 orare,
1026 2161 1080 2202 ut
1121 2150 1395 2204 videantur
1424 2150 1487 2203 ab
1522 2150 1838 2203 hominibus.
1870 2150 2031 2204 Amen

454 2237 571 2290 dico
593 2239 753 2305 vobis,
781 2250 1077 2310 receperunt
1109 2241 1391 2294 mercedem
1417 2258 1587 2294 suam.
1620 2239 1696 2293 Tu
1718 2250 1891 2293 autem
1915 2256 2033 2292 cum

455 2330 705 2395 oraveris,
732 2331 871 2384 intra
900 2331 954 2384 in
981 2330 1276 2385 cubiculum
1308 2341 1477 2395 tuum,
1505 2341 1551 2383 et
1574 2329 1754 2383 clauso
1793 2331 1925 2383 ostio
1945 2338 2033 2382 tuo

457 2436 551 2473 ora
583 2419 791 2474 Patrem
820 2431 965 2474 tuum
996 2422 1051 2475 in
1077 2422 1325 2475 absconso
1343 2438 1362 2486 ;
1395 2431 1443 2474 ct
1479 2418 1645 2474 Pater
1670 2430 1815 2484 tuus,
1844 2420 1932 2489 qui
1962 2418 2035 2472 vi-

459 2508 544 2561 det
571 2509 625 2563 in
664 2510 937 2576 absconso,
968 2511 1143 2564 reddet
1172 2511 1265 2564 tibi
1291 2511 1342 2563 in
1373 2509 1650 2582 propatulo
1683 2509 1900 2582 (Matth.
1933 2510 2031 2580 γι).

1067 2622 1294 2677 CAPUT
1335 2621 1428 2676 Xl.

462 2706 707 2780 licversior
751 2708 893 2763 Ruth
936 2711 1005 2764 ad
1054 2727 1259 2764 socrum
1298 2727 1416 2780 qua:
1453 2712 1674 2780 portavit
1710 2724 1802 2764 sex
1835 2709 2035 2780 modios

529 2779 731 2845 hordei,
782 2796 1004 2834 narrans
1045 2781 1220 2834 socrui
1258 2778 1368 2834 sua:
1408 2778 1583 2835 omnia
1609 2798 1727 2851 qua:
1753 2780 1895 2849 facta
1926 2778 2037 2848 fue-

533 2857 670 2900 rant.

530 2954 707 3027 (1mm)
755 2955 820 3010 Et
867 2975 1075 3013 rursum
1114 2973 1133 3011 :
1162 2959 1416 3031 Expande
1444 3001 1458 3027 ,
1512 2963 1711 3034 inquit,
1761 2965 2035 3036 palliolum

461 3056 628 3113 tuum,
673 3066 773 3120 quo
812 3050 1050 3120 operiris,
1092 3061 1138 3105 et
1168 3061 1280 3105 tene
1328 3062 1547 3123 utraque
1583 3071 1763 3109 manu.
1802 3056 1918 3123 Qua
1947 3075 2037 3112 ex-

460 3139 699 3193 tendente
728 3149 773 3194 et
814 3150 1035 3207 tenente,
1072 3159 1279 3197 mensus
1304 3155 1377 3198 est
1405 3162 1497 3198 sex
1526 3146 1725 3201 modios
1753 3148 1956 3214 hordei,
1984 3160 2033 3203 et

460 3232 631 3301 posuit
685 3250 842 3303 super
894 3251 1029 3288 eam.
1080 3236 1398 3306 Expandere
1429 3238 1585 3310 jubet
1626 3240 1878 3310 pallium,
1932 3242 2035 3296 hoc

460 3331 576 3386 est,
640 3323 865 3378 dilatare
923 3326 1123 3391 ﬁdem,
1177 3337 1233 3381 et
1293 3338 1477 3385 tenere
1547 3341 1777 3401 utraque
1836 3348 2033 3395 manu,

461 3427 626 3480 opere
690 3414 897 3467 scilicet
958 3418 1300 3483 exercendo,
1364 3420 1507 3487 quod
1565 3424 1729 3477 corde
1794 3425 2036 3493 percepit

462 3500 703 3555 credulo.
766 3501 981 3558 Mensus
1033 3513 1117 3558 est
1176 3521 1271 3561 sex
1332 3510 1540 3566 moJios
1592 3512 1779 3567 hordei
1833 3522 1888 3568 et
1942 3530 2038 3585 po-

463 3590 573 3645 sui-t
646 3607 807 3661 super
852 3608 1017 3659 eam,
1084 3611 1205 3650 cum
1254 3596 1409 3667 juxta
1463 3601 1765 3659 intellectus
1826 3607 2038 3674 capaci-

464 3687 630 3734 tatem
684 3681 731 3735 ei
785 3682 972 3737 tribuit
1014 3683 1263 3752 perfecta:
1298 3689 1629 3756 Operationis
1675 3693 1933 3758 modum,
1981 3678 2042 3748 ut

463 3766 609 3822 intus
640 3766 875 3837 lorisque
926 3770 1048 3825 ﬁdei
1091 3780 1253 3841 atque
1306 3775 1565 3830 virtutum
1614 3779 1882 3834 ditaretur
1923 3798 2040 3836 mu-

463 3870 619 3921 nere,
648 3864 701 3910 et
729 3858 958 3928 gloriosa
980 3861 1179 3931 ubique
1207 3875 1492 3933 appareret
1519 3867 1699 3921 divina
1730 3868 2034 3939 largi-.ione.

465 3944 576 4001 Nec
616 3961 720 4001 non
747 3958 803 4002 et
828 3949 954 4004 illud
982 3954 1230 4010 senarius
1273 3972 1529 4013 numerus
1558 3959 1659 4015 hoc
1685 3960 1802 4015 loco
1836 3962 2041 4033 signiﬁ-

466 4050 591 4090 care
618 4044 815 4107 potest,
838 4039 979 4107 quod
1002 4052 1152 4096 sexta
1180 4054 1340 4099 aetate
1362 4047 1621 4102 Dominus
1644 4050 1757 4118 ipse
1780 4051 2040 4108 hordeum

464 4126 601 4198 legis
635 4126 891 4183 Ecclesia:
919 4130 1156 4199 gentium
1196 4134 1260 4187 ad
1307 4135 1555 4203 pabulum
1598 4154 1695 4207 per
1723 4143 2040 4211 mysterium

465 4217 755 4283 concessit,
778 4226 1045 4288 quatenus
1072 4236 1235 4291 egena
1260 4222 1520 4279 hactenus
1549 4227 1669 4281 cibo
1699 4229 1924 4298 spiritali
1947 4248 2044 4302 per

465 4309 693 4380 gratiam
725 4310 891 4378 ipsius
914 4311 1166 4382 deinceps
1198 4314 1481 4369 ditaretur.

541 4397 672 4465 Qua:
702 4410 917 4470 portans
961 4402 1192 4472 ingressa
1230 4415 1302 4457 est
1340 4407 1619 4474 civitatem,
1647 4420 1694 4462 et
1722 4411 1850 4463 venit
1876 4412 1944 4464 ad
1967 4429 2045 4465 so-

2118 630 2240 670 cum
2258 634 2269 669 :
2288 613 2651 671 Paenitentiam
2680 617 2838 685 agite,
2864 614 3295 685 appropinquavit
3318 615 3454 667 enim
3481 632 3697 685 regnum

2120 705 2365 760 calorum
2395 707 2609 776 (Matth.
2640 707 2736 775 tv).
2776 705 2844 759 Et
2883 705 3011 758 item
3038 722 3051 756 :
3078 701 3183 768 Qui
3212 703 3491 757 crediderit
3533 715 3583 757 et
3610 705 3705 759 lm-

2119 797 2345 867 ptizatus
2371 797 2549 867 fuerit,
2587 797 2760 851 salvus
2792 798 2927 858 erit;
2955 795 3048 866 qui
3082 811 3199 848 vero
3248 811 3351 848 non
3392 796 3705 861 crediderit,

2122 885 2549 940 condemnabitur
2588 886 2783 957 (Mare.
2846 886 2977 956 ενι).
3026 885 3095 939 Et
3145 885 3341 939 iterum
3382 884 3516 940 :Sic
3560 887 3708 941 enim

2121 973 2264 1028 Deus
2304 974 2484 1029 dilexit
2533 976 2807 1040 mundum,
2840 985 2899 1029 ut
2940 975 3267 1045 unigenitum
3312 972 3511 1028 Filium
3541 994 3707 1031 suum

2123 1070 2293 1132 daret.
2327 1078 2385 1122 ut
2409 1070 2579 1123 omnis
2615 1069 2705 1139 qui
2740 1069 2901 1121 credit
2943 1068 2997 1121 in
3036 1084 3095 1121 eo
3126 1084 3229 1122 non
3253 1078 3452 1138 pereat,
3475 1069 3567 1122 sed
3606 1069 3712 1123 hac

2126 1156 2238 1211 beat
2264 1157 2421 1211 vitam
2458 1166 2705 1211 wternam
2733 1155 2916 1227 (Joan.
2952 1155 3060 1226 Ill).

2713 1267 2938 1324 CAPUT
2989 1266 3101 1321 xu.
3621 1244 3675 1283 ’κ

2128 1356 2205 1412 De
2228 1375 2444 1413 ascensu
2472 1358 2615 1413 Boos
2640 1358 2710 1411 ad
2733 1368 2937 1428 portam
2963 1358 3262 1428 civitatis.et
3292 1355 3712 1428 collocu'togcjus

2197 1428 2266 1481 ad
2313 1425 2752 1497 consanguineum
2801 1444 2953 1480 suum
3000 1427 3065 1479 de
3104 1428 3409 1497 accipienda
3454 1425 3597 1479 Ruth
3650 1442 3711 1479 ut

2202 1498 2412 1551 suscitet
2443 1496 2616 1552 semen
2639 1497 3010 1566 consanguinei
3042 1497 3127 1549 sui
3180 1496 3432 1565 defuncti.

2201 1605 2351 1676 (Car.
2383 1605 2481 1675 ιγ.)
2523 1605 2767 1659 Ascendit
2809 1620 2930 1673 ergo
2960 1602 3106 1657 Booz
3138 1603 3208 1656 ad
3243 1612 3451 1673 portam
3493 1611 3542 1655 et
3571 1601 3714 1656 sedit

2130 1701 2223 1755 ibi.
2255 1699 2394 1767 Quid
2435 1707 2519 1754 est
2558 1699 2698 1754 Βοοῑ
2742 1706 2988 1753 nostrum
3028 1699 3325 1754 ascendere
3362 1699 3428 1752 ad
3466 1710 3714 1777 portam,

2133 1791 2236 1845 nisi
2283 1789 2556 1844 Christum
2605 1789 2672 1842 ad
2714 1787 2964 1843 eﬁ'ectum
3004 1787 3303 1857 perducere
3347 1787 3716 1855 prophetiam,

2131 1895 2248 1949 qua:
2276 1879 2342 1934 de
2377 1879 2494 1949 ejus
2539 1878 2907 1933 incarnatione
2933 1878 3240 1947 conscripta
3286 1877 3410 1931 est?
3436 1875 3514 1930 lbi
3554 1878 3721 1931 sede-

2131 1971 2246 2035 bat,
2276 1967 2402 2037 quia
2431 1968 2483 2021 in
2512 1966 2739 2036 virginis
2765 1966 2906 2031 alvo,
2937 1966 3079 2021 unde
3116 1965 3423 2020 hominibus
3451 1981 3723 2035 apparere

2132 2066 2337 2128 posset,
2370 2072 2589 2112 carnem
2616 2057 2894 2123 sumebat;
2925 2058 2991 2112 de
3039 2057 3140 2111 hac
3164 2056 3360 2126 quippe
3387 2065 3545 2125 porta
3582 2056 3721 2110 Eze-

2133 2148 2274 2203 chiel
2315 2148 2511 2203 dudum
2557 2148 2866 2217 scripserat,
2908 2148 2980 2202 ita
3009 2149 3233 2203 dicens:
3264 2147 3331 2201 Et
3370 2147 3603 2201 converti
3637 2163 3725 2201 me

2134 2241 2203 2294 ad
2231 2242 2367 2294 viam
2405 2250 2567 2310 porta:
2592 2242 2881 2294 sanctuarii
2922 2242 3213 2306 exterioris,
3257 2258 3375 2312 qui:
3411 2239 3718 2309 respiciebat

2135 2334 2204 2386 ad
2233 2334 2519 2396 orientem;
2544 2343 2593 2386 et
2615 2343 2725 2387 erat
2748 2333 2930 2388 clausa
2954 2316 2985 2401 ξ
3000 2346 3046 2389 et
3068 2336 3200 2391 dixit
3229 2336 3488 2389 Dominus
3514 2336 3583 2387 ad
3603 2351 3720 2389 me:

2137 2421 2301 2476 Porta
2322 2423 2433 2476 htec
2455 2422 2637 2477 clausa
2659 2423 2773 2487 erit,
2797 2441 2902 2478 non
2921 2426 3202 2496 aperietur,
3228 2435 3274 2479 et
3297 2426 3379 2478 vir
3394 2441 3499 2478 non
3525 2426 3724 2477 transi-

2137 2513 2207 2567 bit
2248 2531 2341 2584 per
2375 2531 2512 2578 eam,
2541 2516 2662 2585 quia
2689 2514 2945 2570 Dominus
2977 2516 3113 2571 Deus
3141 2516 3311 2570 Israel
3348 2517 3617 2586 ingressus
3642 2525 3721 2569 est

2136 2619 2228 2673 per
2254 2620 2391 2667 eam,
2417 2605 2616 2674 eritque
2642 2602 2845 2657 clausa.
2876 2603 3125 2675 Princeps
3151 2606 3258 2675 ipse
3299 2605 3509 2658 sedebat
3536 2606 3592 2659 in
3632 2620 3720 2668 ea,

2137 2703 2192 2747 ut
2233 2693 2467 2747 comedat
2511 2710 2698 2763 panem
2743 2710 2922 2747 coram
2965 2694 3209 2749 Domino.
3248 2694 3355 2749 Per
3392 2695 3533 2748 viam
3574 2706 3725 2751 vestr-

2138 2780 2246 2834 buli
2290 2790 2454 2851 porta:
2493 2781 2830 2852 ingredietur,
2870 2793 2919 2836 et
2962 2800 3056 2854 per
3093 2785 3230 2838 viam
3270 2784 3387 2854 ejus
3426 2790 3725 2855 egredietur

2139 2871 2354 2941 (Ezech.
2385 2872 2551 2941 κων).

2209 2961 2443 3034 Cumque
2490 2963 2698 3017 vidisset
2748 2964 3094 3036 propinquum
3147 2966 3445 3035 pnrterire,
3506 2966 3570 3019 de
3612 2983 3720 3037 quo

2137 3055 2284 3124 prius
2324 3070 2493 3108 sermo
2528 3055 2738 3109 Iutbifus
2762 3065 2857 3119 est,
2896 3056 3030 3109 dixit
3058 3057 3127 3109 ad
3154 3073 3271 3110 cum
3296 3073 3314 3111 :
3339 3057 3556 3111 Declina
3580 3076 3720 3128 pau-

2138 3145 2311 3215 lisper,
2355 3156 2401 3198 et
2426 3146 2547 3200 sede
2588 3146 2694 3212 hic,
2730 3164 2913 3201 vocans
2938 3165 3056 3202 eum
3096 3151 3303 3203 nomine
3339 3167 3455 3204 suo.
3496 3151 3603 3217 Qui
3635 3152 3722 3205 di-

2138 3237 2291 3290 vertit
2331 3246 2379 3289 et
2421 3238 2574 3291 sedit.
2624 3239 2770 3293 Vidit
2819 3236 2959 3294 Booz
3001 3242 3360 3311 prepinquum
3415 3245 3717 3312 pneterire,

2135 3326 2263 3379 dum
2290 3326 2537 3381 Christus
2563 3326 2734 3381 voluit
2754 3327 2922 3398 legem
2953 3331 3323 3399 tcmporaliter
3340 3332 3480 3401 plebi
3504 3330 3721 3387 Judreo-

2137 3432 2254 3470 rum
2283 3417 2631 3472 constitutam
2670 3434 2821 3483 esse;
2853 3436 3014 3489 quam
3051 3421 3117 3475 ad
3147 3436 3207 3476 se
3240 3422 3509 3476 declinare
3528 3420 3719 3490 jussit,

2137 3507 2262 3576 quia
2291 3507 2359 3560 ad
2387 3523 2497 3561 sum
2524 3508 2941 3578 dispensationis
2971 3511 3283 3581 mysterium
3311 3511 3723 3566 testiﬁcandum

2137 3613 2256 3652 eam
2284 3597 2583 3653 inclinavit.
2614 3599 2787 3653 Aliter
2811 3618 2823 3653 :
2849 3601 2991 3655 Vidit
3020 3603 3378 3671 propinquum
3415 3606 3723 3672 pnetcrire,

2139 3702 2259 3741 cum
2289 3688 2643 3757 praecursoris
2665 3690 2746 3743 sui
2768 3690 3075 3755 adventum,
3104 3707 3261 3761 quem
3288 3709 3439 3749 more
3468 3698 3592 3748 vita:
3619 3695 3725 3749 hu-

2139 3793 2312 3833 mana:
2358 3793 2650 3849 properare
2695 3782 2999 3850 conspexit,
3048 3783 3116 3836 ad
3167 3782 3402 3838 ollicium
3452 3786 3729 3854 praeconis

2140 3869 2568 3925 misericorditer
2600 3872 2890 3937 convertit,
2923 3888 3124 3929 vocans
3167 3890 3290 3930 eum
3338 3877 3558 3930 nomine
3598 3891 3726 3942 suo,

2140 3960 2356 4028 quando
2378 3960 2455 4014 illi
2476 3961 2724 4017 videlicet
2744 3977 2844 4032 per
2867 3963 3139 4019 Gabrielis
3163 3965 3476 4037 archangeli
3508 3966 3729 4021 relatio-

2140 4064 2297 4114 nem,
2340 4065 2563 4116 nomen,
2618 4052 2760 4122 quod
2799 4051 3034 4108 Joannes
3076 4066 3402 4120 vocaretur,
3456 4057 3722 4126 praeordi-

2142 4136 2311 4189 navit.
2934 4148 2968 4181 ν·

2216 4222 2423 4278 Tollens
2450 4234 2624 4278 autem
2656 4224 2801 4279 Boos
2822 4226 2997 4280 decem
3018 4226 3158 4280 viros
3182 4227 3247 4279 de
3274 4227 3570 4281 senioribus
3588 4243 3726 4281 eiet-

2144 4318 2285 4381 tatis,
2317 4316 2449 4369 dixit
2490 4317 2557 4369 ad
2596 4332 2721 4370 eos:
2750 4317 2933 4372 Sedete
2982 4320 3085 4371 hic.
3128 4318 3331 4384 Quibus
3375 4321 3727 4376 residentibus

2144 4406 2344 4460 locutus
2374 4418 2448 4460 cst
2486 4407 2554 4460 ad
2592 4408 2978 4479 propinquum:
3008 4408 3223 4463 Partem
3266 4412 3381 4482 agri
3417 4412 3598 4481 fratris
3629 4430 3727 4467 no-

467 4507 613 4544 crum
646 4508 827 4557 suam,
875 4494 1204 4565 narravit/[ue
1249 4512 1292 4549 et
1335 4499 1509 4551 omnia
1552 4517 1667 4567 quo:
1714 4502 1814 4554 sibi
1839 4503 2041 4571 fecisset
2071 4536 2120 4593 Β
2145 4498 2242 4549 ὅττί
2280 4495 2557 4549 mima-'00"
2605 4498 2774 4551 υθηάίι
2807 4498 3017 4564 Nam“.
3051 4517 3169 4570 quae
3202 4519 3406 4557 νεῦον-τα
3433 4514 3510 4557 est
3538 4504 3604 4558 de
3646 4522 3728 4559 νε-

467 4577 638 4643 Ιιοηιο,
666 4589 719 4635 et
749 4592 966 4636 caetera.
997 4581 1172 4637 Dilata
1204 4585 1440 4640 Ecclesia
1471 4590 1707 4657 gentium
1754 4591 2041 4647 donatione

469 4664 694 4733 Christi,
732 4678 891 4739 atque
920 4681 1137 4725 onerata
1172 4671 1435 4729 fructibus
1466 4677 1757 4742 virtutum,
1797 4680 1936 4733 redit
1976 4682 2041 4734 ad

471 4773 706 4828 socrum,
735 4762 837 4817 hoc
864 4771 965 4827 est,
1007 4765 1073 4818 ad
1117 4765 1446 4834 primitivum
1484 4766 1803 4832 Ecclesium,
1835 4769 1947 4823 sive
1975 4770 2042 4824 ad

471 4863 797 4922 synagogam
838 4853 1163 4920 Iudaeorum,
1197 4873 1426 4911 narrans
1472 4858 1522 4913 ei
1565 4860 1744 4913 oumia
1775 4859 2040 4931 magnalia

471 4952 590 5006 qum
620 4938 721 4992 sibi
758 4939 967 4996 fecisset
1002 4943 1278 5012 Dominus,
1319 4957 1582 5015 quatenus
1619 4947 1910 5001 Ecclesium
1943 4964 2041 5002 an-

473 5031 679 5099 liquam
714 5028 964 5088 incitaret
1006 5036 1072 5089 ad
1109 5038 1652 5107 congratulationem,
1688 5037 1771 5091 vel
1812 5054 2041 5109 synago-

471 5135 595 5192 gam
641 5131 961 5191 provocarct
1010 5123 1075 5177 ad
1120 5128 1718 5198 conversionemzquia
1775 5129 1877 5183 hoc
1923 5144 2042 5200 pro-

473 5211 648 5280 prium
684 5218 768 5266 est
796 5211 1031 5278 pietatis,
1059 5222 1245 5268 utnon
1276 5233 1436 5285 parca
1464 5235 1562 5273 nec
1590 5219 1764 5273 invida
1795 5220 1848 5273 in
1877 5219 2036 5286 datis,

473 5303 567 5357 scil
594 5303 742 5374 larga
766 5318 830 5357 ac
854 5303 1110 5358 benevola
1136 5305 1201 5359 sit
1231 5306 1284 5359 in
1312 5306 1465 5362 bonis
1487 5309 1766 5376 possessis.

542 5391 791 5464 Dixitque
846 5392 1032 5447 Νοειηί
1067 5407 1086 5445 .'
1114 5392 1364 5464 Expecta,
1410 5397 1542 5465 filia,
1573 5399 1735 5452 donec
1777 5399 2040 5454 rideamus

469 5500 621 5553 quem
651 5501 731 5539 res
759 5487 957 5540 exitum
987 5486 1209 5553 habeat;
1243 5504 1403 5559 neque
1432 5490 1566 5543 enim
1605 5491 1823 5544 cessabit
1862 5494 2035 5555 homo,

473 5572 575 5624 nisi
630 5574 986 5643 compleverit,
1053 5578 1192 5647 quod
1238 5578 1444 5633 locutus
1494 5589 1588 5634 est.
1650 5579 1762 5635 lloc
1813 5580 2041 5635 ﬁdeliter

475 5659 730 5724 prmdicat
765 5662 1003 5716 Ecclesia
1051 5666 1301 5721 omnibus
1332 5668 1602 5733 gentibus,
1633 5668 1734 5721 hoc
1773 5667 2037 5720 ﬁtluciali-

481 5751 580 5808 ter,
623 5748 766 5814 quod
796 5748 1005 5804 Veritas
1030 5766 1125 5805 sua
1154 5757 1313 5809 verba
1340 5754 1573 5822 impleat,
1607 5769 1702 5808 uec
1739 5754 1844 5809 ullo
1882 5755 2041 5810 modo

2144 4587 2295 4655 gione
2318 4584 2603 4639 Moabitide
2626 4604 2644 4650 ;
2670 4588 2809 4656 quod
2848 4589 3032 4643 audire
3067 4599 3115 4644 te
3146 4590 3303 4655 volui,
3331 4603 3378 4646 et
3416 4594 3511 4646 tibi
3549 4596 3727 4649 dicere

2143 4691 2319 4728 coram
2349 4677 2549 4729 cunctis
2569 4677 2861 4733 sedentibus
2886 4688 2935 4733 et
2964 4681 3249 4751 majoribus
3279 4692 3406 4736 natu
3437 4684 3503 4737 de
3530 4686 3724 4756 populo

2143 4780 2275 4817 meo.
2310 4762 2371 4817 Si
2400 4764 2473 4817 vis
2501 4766 2764 4835 possidere
2784 4768 2911 4836 jure
2937 4771 3362 4841 propinquitatis,
3394 4787 3506 4826 eme
3532 4782 3583 4826 et
3600 4791 3726 4843 pos-

2142 4854 2272 4907 side.
2318 4854 2416 4908 Sin
2458 4864 2632 4909 autem
2670 4857 2762 4909 tibi
2806 4858 3064 4928 displicet,
3108 4871 3156 4915 et
3193 4862 3289 4914 hoc
3327 4863 3499 4931 ipsum
3543 4864 3725 4916 indica

2147 4944 2294 5006 mihi,
2332 4954 2383 4996 ut
2410 4946 2572 5001 sciam
2612 4947 2735 5016 quid
2769 4948 2941 5016 facere
2977 4951 3209 5006 debeam.
3242 4953 3440 5008 Nullus
3479 4970 3555 5009 est
3584 4955 3725 5010 enim

2140 5035 2482 5104 prooinquus,
2512 5047 2721 5105 excepto
2744 5048 2811 5103 te,
2833 5041 2923 5109 qui
2942 5042 3088 5109 prior
3108 5058 3183 5106 es,
3220 5051 3268 5095 et
3290 5060 3389 5103 me.
3421 5047 3516 5114 qui
3541 5062 3728 5101 sccun-

2140 5124 2240 5176 dus
2262 5141 2397 5178 sum.
2434 5124 2631 5180 Decem
2658 5128 2760 5181 viri
2794 5128 2882 5183 isti
2921 5132 3162 5187 seniores
3196 5131 3382 5189 Patres
3410 5135 3724 5206 signiﬁcant

2142 5212 2354 5269 Veteris
2369 5215 2719 5285 Testamenti,
2735 5221 2824 5288 qui
2850 5221 3167 5293 Decalogum
3193 5225 3322 5295 legis
3346 5227 3577 5295 pleniter
3604 5243 3723 5282 ser-

2143 5317 2425 5371 vaverunt.
2453 5307 2761 5381 Christique
2785 5314 3211 5370 incarnationem
3237 5319 3433 5373 ibidem
3464 5321 3719 5392 praeﬁgu-

2148 5407 2320 5451 ratam
2349 5413 2468 5452 esse
2488 5412 2870 5470 cognoverunt.
2899 5403 3008 5459 Hos
3034 5407 3102 5460 ad
3132 5423 3192 5463 se
3220 5408 3361 5463 Booz
3387 5420 3574 5465 noster
3591 5426 3720 5483 pm-

2148 5487 2381 5551 vocavit,
2406 5504 2528 5542 cum
2549 5491 2648 5545 sibi
2679 5501 2842 5548 testes
2865 5494 3125 5551 adventus
3146 5499 3227 5552 sui
3250 5500 3505 5556 adhibere
3524 5500 3716 5564 voluit,

2148 5578 2581 5648 conveniensque
2624 5580 2958 5651 lcgispcritos
3002 5596 3213 5654 partem
3255 5589 3369 5658 agri
3410 5588 3599 5644 Noemi
3648 5591 3717 5646 ad

2147 5666 2428 5721 emendum
2454 5668 2664 5732 obtulit,
2692 5686 2812 5725 cum
2843 5673 3013 5742 plebis
3039 5685 3269 5745 partem,
3307 5693 3430 5748 qua:
3462 5679 3711 5750 tempori—

2148 5755 2246 5811 bus
2276 5759 2584 5827 appareutis
2610 5758 2723 5828 jam
2769 5764 2954 5832 gratim
2985 5767 3263 5833 remansit,
3307 5767 3375 5821 ad
3420 5770 3709 5823 sanam'am
