3996 6176
280 139 395 195 Hi?

1380 126 1730 184 COMMENT.
1767 125 1833 179 ΙΝ
1874 122 2129 179 LIBRUM
2169 121 2375 179 RUTH.

3353 128 3491 186 1218

276 249 539 323 magistris
591 258 876 318 synagoga:
926 241 1186 306 ostendit,
1232 247 1495 310 quatenus
1538 249 1828 308 cognosce-
1853 238 1895 296 Λ
1927 231 2119 302 pletum
2146 241 2240 285 est.
2274 231 2433 285 Illum
2459 239 2654 302 oportet
2680 246 2927 299 crescere,
2971 248 3053 288 me
3100 242 3272 289 autem
3301 237 3490 293 minui.

277 358 389 399 rent
420 354 574 397 suam
615 337 1004 400 inﬁrmitatem,
1048 340 1102 387 et
1142 330 1282 400 quod
1318 332 1419 399 ipsi
1448 343 1607 400 agere
1651 325 1833 393 nequi-

271 438 408 496 rent,
441 428 509 483 ad
557 425 943 497 perﬁciendum
987 435 1116 476 vero
1160 419 1369 474 medico
1411 416 1826 472 committerent.

272 521 422 576 Unde
448 526 506 572 et
535 518 588 570 in
612 514 897 584 Evangelia
923 511 1137 581 legitur,
1173 509 1314 577 quod
1345 508 1457 577 ipse
1479 504 1735 560 Dominus
1756 503 1831 557 le-

270 623 454 678 prosos
493 622 523 661 a
567 620 625 660 se
653 602 985 658 mundandos
1032 600 1098 653 ad
1137 597 1445 652 sacerdotes
1473 595 1703 664 primum
1751 591 1830 645 ire

268 698 602 768 pmcepcrit,
630 706 685 749 et
712 692 904 748 oﬁ‘erre
930 704 1126 746 munus
1165 687 1307 756 quod
1343 685 1595 754 praecepit
1624 680 1830 750 Moyses

273 790 323 841 in
355 785 718 841 testimonium
758 783 900 847 illis;
935 782 1027 850 qui
1052 793 1173 833 cum
1204 776 1433 839 abirent,
1458 772 1638 828 statim
1669 784 1827 824 mun—

270 885 376 939 dati
401 892 525 938 sunt
550 882 699 953 (Luc.
727 878 885 950 xvn).

839 986 1063 1042 CAPUT
1110 982 1248 1038 XIII.

266 1064 415 1131 Quod
439 1066 549 1134 ipse
579 1061 761 1117 nolens
782 1074 959 1114 coram
989 1057 1206 1112 testibus
1229 1055 1383 1111 solvit
1413 1055 1823 1109 calceamentum

576 1170 725 1209 suum
754 1154 819 1206 de
845 1155 992 1222 pede,
1018 1158 1067 1204 et
1096 1149 1319 1203 tradidit
1352 1146 1516 1202 Booz.

304 1234 512 1307 ‘(lstn.)
551 1236 617 1289 At
660 1233 748 1287 ille
791 1232 1095 1301 respondit:
1122 1230 1230 1299 Ego
1275 1246 1458 1299 agrum
1488 1243 1675 1282 emam.
1726 1222 1825 1279 Cui

266 1325 396 1377 dixit
428 1324 611 1378 Boos:
638 1321 861 1387 Quando
892 1320 1074 1373 emeris
1097 1333 1276 1388 agrum
1298 1317 1363 1369 de
1383 1332 1539 1369 manu
1567 1314 1820 1375 mulieris,

267 1412 406 1465 Ruth
429 1428 631 1482 quoque
657 1408 1012 1472 Moabitidem,
1037 1422 1151 1477 qua:
1180 1419 1312 1458 uxor
1331 1404 1564 1473 defuncti
1590 1403 1711 1471 fuit,
1734 1401 1824 1455 de-

264 1501 347 1554 bes
373 1502 625 1571 accipere,
660 1507 716 1551 ut
745 1498 958 1551 suscites
988 1511 1173 1549 nomen
1215 1493 1488 1563 prapinqui
1522 1492 1597 1544 tui
1624 1492 1680 1543 in
1716 1491 1823 1544 lue-

1931 322 2035 387 Qui
2078 322 2143 375 de
2185 337 2393 374 sursum
2433 323 2584 384 venit,
2637 338 2791 391 super
2819 338 2995 378 omnes
3028 332 3124 378 est.
3166 323 3271 390 Qui
3313 338 3389 381 est
3427 327 3494 385 ds

1930 422 2092 474 terra,
2133 411 2196 463 de
2238 420 2377 463 terra
2412 419 2505 474 est,
2556 419 2604 462 et
2651 411 2715 463 de
2743 421 2881 464 terra
2910 411 3142 482 loquitur
3165 414 3346 486 (Joan.
3379 416 3486 488 tu).

1928 498 2164 554 Cedebat
2188 514 2318 569 ergo
2345 499 2581 554 Joannes
2628 499 2862 565 Christo,
2894 504 3018 570 quia
3066 503 3181 573 ejus
3215 506 3493 575 dignitatis

1927 588 2266 657 privilegium
2302 587 2449 641 nullo
2476 587 2635 641 modo
2664 588 2764 641 sibi
2803 591 3099 657 usurpavit.
3136 592 3291 647 Cedit
3313 603 3369 648 et
3406 595 3490 650 le:

1927 685 2082 731 vetus
2121 676 2429 744 Evangelia,
2458 676 2582 743 quia
2616 691 2955 746 nequaquam
2986 678 3213 733 salutem
3247 683 3485 750 gentium

1927 779 2024 819 sua
2066 764 2323 818 industria
2351 762 2560 816 ellicere
2603 764 2810 832 potuit:
2838 764 2945 817 Lex
2979 767 3143 830 enim,
3186 776 3245 821 ut
3289 769 3490 827 Paulus

1930 863 2178 920 testatur,
2234 853 2572 918 subintravit,
2618 864 2672 906 ut
2727 855 3016 909 abundaret
3076 857 3354 926 delictum;
3406 862 3490 915 ubi

1927 956 2101 1000 autem
2157 944 2439 998 abundarit
2492 944 2777 1008 delictum,
2836 946 3273 1013 superabundavit
3320 953 3492 1020 gratia

1927 1034 2102 1107 (Rom.
2133 1034 2206 1106 v).
2240 1034 2565 1102 Reprobatio
2593 1035 2808 1103 quidem
2852 1033 2912 1087 ﬁt
2945 1037 3298 1103 praecedentis
3336 1054 3491 1094 man-

1926 1124 2033 1178 dati
2055 1131 2275 1193 pr0pter
2296 1122 2662 1176 inﬁrmitatem
2690 1120 2826 1188 ejus,
2859 1130 2913 1176 et
2946 1123 3287 1178 inutilitatem
3311 1126 3492 1179 :Nihil

1923 1212 2061 1267 enim
2089 1213 2157 1266 ad
2180 1212 2463 1282 perfectum
2484 1211 2703 1265 adduxit
2730 1210 2812 1264 lex
2836 1210 2989 1283 (Heb.
3016 1212 3133 1281 vn).
3165 1212 3493 1270 lntroduetio

1923 1318 2052 1357 vero
2078 1302 2318 1357 melioris
2343 1302 2478 1371 spei,
2502 1316 2598 1370 per
2624 1316 2783 1369 quam
2812 1301 3178 1370 proximamus
3206 1303 3272 1355 ad
3300 1303 3486 1370 Deum,

1923 1394 2114 1447 collata
2172 1401 2255 1447 est
2304 1393 2461 1446 nobis
2506 1406 2601 1461 per
2628 1392 2858 1460 gratiam
2896 1392 3107 1446 Domini
3151 1392 3320 1446 nostri
3362 1392 3490 1447 Jcsu

1924 1483 2144 1538 Christi.

262 1561 624 1642 reditate'sua.
649 1584 752 1650 Qui
779 1583 1039 1654 respondit
1061 1598 1081 1636 :
1103 1561 1242 1635 Cedo
1260 1561 1383 1648 jure
1402 1561 1818 1648 propinquitatis,

1995 1591 2098 1645 Hic
2126 1593 2263 1646 enim
2296 1602 2405 1647 erat
2434 1608 2545 1645 mos
2586 1592 2874 1662 antiquitus
2912 1592 2967 1644 in
3000 1589 3171 1645 Israel
3206 1592 3343 1645 inter
3370 1609 3488 1662 pro-

262 1693 420 1745 neque
453 1677 590 1730 enim
624 1673 973 1743 posteritatem
1009 1668 1225 1740 [auxiliis
1271 1682 1399 1720 mea:
1440 1665 1609 1720 delere
1630 1665 1819 1730 debeo;

260 1775 313 1816 tu
341 1780 454 1817 meo
484 1773 625 1816 utere
657 1759 945 1830 privilegio,
977 1774 1079 1823 quo
1114 1772 1197 1810 me
1222 1755 1437 1808 libenter
1460 1771 1636 1808 carere
1663 1754 1821 1829 proﬁ—

259 1861 384 1904 [εον.
416 1848 645 1917 Quando
670 1862 769 1917 per
792 1846 908 1914 agri
935 1844 1279 1914 emptionem,
1331 1843 1513 1897 uxoris
1552 1842 1711 1896 simul
1738 1856 1823 1897 co-

258 1939 587 2008 pulationem
610 1936 841 2006 emptori
883 1935 1148 2006 praedixit,
1192 1932 1514 2005 signiﬁcavit
1537 1932 1680 2001 quod
1712 1948 1819 1987 non

256 2030 358 2083 alia
389 2038 477 2085 est
505 2029 771 2098 possessio
797 2027 989 2097 plebis,
1018 2042 1180 2097 quam
1208 2026 1476 2095 copulatio
1497 2025 1819 2080 Ecclesiaain

256 2120 502 2188 spiritale
549 2119 856 2188 conjugium
909 2117 1129 2179 Christi.
1161 2117 1251 2186 qni
1301 2131 1496 2172 nomen
1541 2117 1819 2185 antiquum

252 2209 351 2277 ﬁlii
377 2211 500 2275 Dei,
525 2211 668 2280 quod
696 2210 1001 2265 habuerunt
1029 2209 1201 2264 sancti
1240 2209 1307 2262 ab
1334 2208 1508 2272 initio,
1535 2209 1674 2263 sicut
1697 2209 1821 2278 legi-

256 2305 344 2352 tur
373 2300 426 2353 in
456 2298 676 2365 Genesi,
705 2298 848 2368 quod
890 2298 1153 2352 vidissent
1199 2298 1295 2352 ﬁlii
1334 2297 1428 2352 Dei
1471 2298 1610 2353 ﬁlias
1647 2299 1821 2353 homi-

255 2404 404 2455 num,
435 2403 505 2444 eo
540 2388 683 2457 quod
725 2394 905 2443 essent
930 2386 1168 2456 pulchra:
1192 2386 1346 2457 (Cen.
1388 2387 1503 2455 vi);
1540 2397 1596 2442 et
1627 2388 1816 2454 Adam,

253 2479 473 2547 scripsit
493 2477 689 2543 Lucas,
720 2476 885 2532 fuisse
912 2476 1078 2531 ﬁlium
1106 2477 1199 2531 Dei
1222 2476 1372 2547 (Luc.
1393 2479 1491 2549 vt).
1525 2478 1639 2532 Hoc
1664 2478 1822 2532 Chri-

254 2578 371 2623 stus
398 2570 452 2624 in
486 2569 725 2625 Ecclesia
757 2569 996 2641 gentium
1022 2582 1120 2638 per
1149 2569 1375 2638 gratiam
1405 2584 1556 2624 suam
1596 2571 1820 2624 suscita-

253 2660 349 2714 vit.
388 2661 542 2716 Unde
584 2661 779 2731 legitur
812 2660 866 2714 in
906 2660 1197 2731 Evangelia
1228 2658 1474 2723 Joannis,
1511 2659 1636 2728 quia
1664 2668 1816 2730 quot-

250 2764 377 2824 quot
426 2764 723 2824 receperunt
744 2770 883 2818 eum,
921 2753 1062 2807 dedit
1095 2753 1169 2808 eis
1214 2760 1516 2821 potestatem
1539 2750 1678 2819 ﬁlios
1719 2750 1818 2803 Dei

251 2842 392 2913 fieri,
422 2842 503 2895 his
528 2842 618 2912 qui
645 2841 858 2895 credunt
884 2841 941 2896 in
966 2843 1172 2896 nomine
1204 2842 1339 2912 ejus,
1360 2842 1448 2911 qui
1471 2857 1574 2894 non
1596 2856 1659 2894 ex
1694 2857 1821 2894 san-

250 2930 519 3001 guinibus,
558 2945 721 3000 neque
752 2945 815 2983 ex
844 2928 1103 2984 voluntate
1126 2930 1300 2983 carnis
1341 2946 1502 3000 neque
1539 2945 1603 2983 ex
1635 2927 1815 2983 solum

254 3030 362 3074 tate
384 3019 503 3084 viri,
525 3018 615 3072 sed
643 3034 705 3072 ea.
731 3017 836 3071 Deo
866 3019 974 3071 nati
995 3028 1114 3072 sunt
1136 3016 1317 3089 (Joan.
1349 3020 1411 3088 ι).
1437 3019 1550 3074 Hoc
1570 3034 1698 3088 ergo
1726 3034 1821 3074 no-

256 3125 380 3164 men
413 3109 466 3163 in
493 3107 799 3163 nationibus
825 3107 1119 3177 Decalogus
1144 3108 1295 3178 legis,
1321 3108 1445 3163 licet
1480 3110 1676 3164 multos
1697 3125 1821 3179 pro-

254 3197 459 3268 selytos
486 3197 583 3250 sub
611 3211 669 3250 se
698 3195 939 3259 haberet,
969 3196 1077 3250 ullo
1107 3198 1263 3253 modo
1290 3198 1554 3252 suscitare
1584 3214 1687 3253 non
1724 3214 1820 3267 po-

254 3288 377 3341 tuit.
406 3285 513 3340 Sed
538 3294 819 3354 postquam
846 3286 990 3339 venit
1022 3286 1292 3355 plenitudo
1318 3290 1576 3356 temporis
1600 3304 1707 3357 quo
1726 3290 1820 3344 de-

253 3375 424 3447 fungi,
458 3377 561 3430 hoc
595 3383 697 3441 est,
744 3375 884 3428 ﬁniri
913 3375 1080 3445 legem
1130 3375 1396 3430 ordinatio
1435 3377 1818 3445 omnipotentis

255 3466 351 3519 Dei
384 3467 719 3529 decreverat,
752 3473 811 3519 ut
840 3465 951 3534 ipse
978 3466 1185 3520 veniret
1205 3466 1630 3521 benedictionem
1660 3469 1815 3533 dans,

253 3557 344 3624 qui
387 3564 516 3609 ante
543 3554 714 3625 legem
759 3556 923 3621 dedit,
950 3556 1216 3613 veraciter
1233 3556 1513 3620 etl‘ecitut,
1550 3559 1638 3612 ubi
1664 3568 1819 3613 antea

251 3647 454 3699 dictum
478 3654 574 3710 est,
603 3661 704 3698 non
725 3644 865 3715 plebs
891 3660 1006 3699 mea
1030 3662 1138 3711 vos,
1172 3646 1244 3699 ibi
1271 3656 1580 3700 vocarentur
1596 3646 1696 3715 ﬁlii
1723 3647 1819 3701 Dei

252 3737 353 3790 rivi
376 3734 526 3807 (Ose.
558 3734 619 3805 ι).
646 3734 703 3789 Si
733 3742 914 3790 autem
944 3735 1059 3791 haec
1101 3737 1264 3791 verba
1310 3737 1377 3791 ad
1400 3736 1659 3793 Joannem
1685 3753 1820 3808 prae-

251 3839 538 3880 cursorem
574 3823 784 3879 Domini
816 3825 1086 3890 rettuleris,
1129 3827 1371 3882 invenies
1393 3842 1512 3881 eum
1540 3829 1817 3883 cedentem

250 3914 473 3968 Christo
494 3910 617 3979 jure
654 3914 1090 3983 propinquitatis,
1135 3916 1258 3984 quia
1291 3916 1375 3971 his
1403 3916 1581 3973 verbis
1622 3919 1818 3973 similia

251 4005 304 4059 in
348 4004 643 4074 Evangelio
672 4005 870 4059 dixisse
915 4005 1124 4072 probat.
1169 4005 1303 4058 Nam
1345 4007 1447 4061 iste
1490 4010 1821 4078 propinquus

254 4095 550 4149 historicus
593 4094 727 4149 dixit
752 4093 819 4147 ad
864 4092 1006 4147 Booz
1035 4111 1046 4147 :
1080 4091 1217 4146 Cedo
1234 4093 1357 4161 jure
1378 4097 1775 4167 propinquitatis
1797 4115 1818 4163 ;

1922 1680 2164 1751 pinquos,
2206 1682 2251 1735 si
2282 1682 2489 1745 quando
2526 1681 2660 1734 alter
2685 1680 2835 1733 allen
2868 1697 2963 1733 suo
2995 1680 3118 1749 jure
3157 1680 3392 1746 cedebat,
3432 1692 3487 1735 ut

1926 1779 2057 1823 esset
2106 1770 2263 1839 ﬁrma
2316 1771 2594 1835 concessio,
2622 1768 2848 1823 solvebat
2887 1769 3040 1822 homo
3085 1767 3487 1822 calceamentum

1921 1873 2094 1921 suum,
2137 1867 2183 1911 et
2214 1857 2373 1910 dabat
2407 1858 2644 1927 proximo
2679 1874 2774 1911 suo
2800 1869 2819 1908 :
2842 1857 2939 1911 hoc
2985 1867 3097 1911 erat
3136 1857 3487 1911 testimonium

1923 1946 2166 1999 cessionis
2188 1946 2243 1999 in
2269 1945 2456 1999 Israel.
2488 1946 2627 1999 Dixit
2654 1962 2775 2016 ergo
2797 1947 3115 2015 propinquus
3142 1945 3284 1999 Boos
3307 1960 3326 1998 :
3345 1946 3488 2000 Tolle

1922 2037 2324 2092 calceamentum
2350 2076 2363 2089 .
2391 2038 2527 2107 quod
2570 2037 2747 2090 statim
2793 2036 2943 2090 solvit
2988 2036 3051 2089 de
3095 2036 3221 2105 pede
3263 2052 3380 2089 suo.
3422 2037 3491 2092 Et

1922 2130 2048 2197 quid
2078 2131 2161 2183 hit.
2191 2144 2286 2198 per
2316 2128 2736 2182 calceamentum
2785 2126 2889 2180 nisi
2916 2125 3157 2180 velamen
3200 2126 3486 2196 mysterio-

1921 2233 2039 2271 rum
2088 2218 2384 2287 intclligere
2426 2216 2745 2287 possumus?
2789 2215 2898 2269 Lex
2935 2229 3064 2285 ergo
3096 2214 3162 2269 de
3202 2215 3338 2284 pede
3382 2230 3481 2269 suo

1921 2307 2340 2361 calceamentum
2366 2306 2523 2361 solvit
2548 2314 2603 2360 ct
2625 2304 2838 2359 Christo
2862 2303 3041 2370 dedit;
3064 2303 3190 2373 quia
3215 2303 3488 2358 velamen-

1884 2380 1889 2385 .
1922 2404 2035 2450 tum
2063 2404 2525 2451 sacramentorum
2559 2396 2610 2449 in
2646 2409 2936 2465 progressu
2968 2393 3164 2447 litterae
3196 2408 3293 2463 per
3319 2395 3489 2465 magi-

1921 2497 2061 2542 stros
2096 2503 2222 2542 suos
2249 2489 2315 2541 ad
2346 2487 2672 2541 intellectum
2718 2484 2914 2555 populo
2951 2482 3342 2539 manilestando
3366 2498 3491 2553 per-

1921 2578 2117 2631 ducere
2176 2594 2279 2631 non
2325 2577 2533 2645 potuit;
2585 2576 2679 2630 sed
2721 2573 3067 2643 ltedemptori
3118 2581 3303 2628 nostro
3342 2574 3486 2627 hunc

1919 2668 2177 2721 honorem
2211 2667 2406 2730 attulit,
2448 2665 2571 2733 quia
2609 2663 2676 2717 ab
2712 2664 2849 2733 ipso,
2880 2671 2935 2716 et
2964 2678 3069 2716 non
3100 2662 3168 2716 ab
3203 2661 3327 2727 alio,
3371 2662 3487 2715 inec

1919 2757 2090 2826 gratia
2145 2755 2407 2825 speranda
2462 2763 2517 2807 et
2559 2752 2903 2821 adipiscenda
2949 2751 3201 2805 omnibus
3237 2750 3485 2820 gentibus

1921 2844 2039 2898 fuit.
2067 2842 2301 2897 Joannes
2332 2857 2458 2912 ergo
2496 2856 2601 2895 non
2641 2840 2763 2903 sibi,
2788 2840 2884 2893 sed
2911 2838 3127 2894 Christo
3156 2838 3489 2892 calceamen-

1923 2946 2034 2991 tum
2059 2936 2381 3000 vindicavit;
2409 2934 2534 3003 quia
2571 2948 2679 2986 non
2706 2931 2827 2995 sibi,
2860 2931 2953 2985 sed
2976 2930 3077 3001 ipsi
3115 2944 3362 2999 sponsam
3393 2943 3489 2982 no-

1921 3027 2235 3081 bilissimam
2276 3033 2583 3094 competere
2628 3021 2908 3077 intellexit.
2944 3021 3098 3076 Unde
3138 3029 3195 3074 et
3240 3034 3299 3073 se
3347 3019 3487 3073 indi-

1917 3132 2082 3187 gnum
2109 3116 2315 3169 solvere
2339 3114 2454 3184 ejus
2477 3112 2896 3167 calceamentum
2928 3108 3218 3178 perhibuit.
3243 3106 3487 3175 Denique

1918 3205 2045 3273 quia
2086 3203 2347 3258 Joannem
2395 3203 2639 3256 homines
2670 3201 2939 3256 Christum
2980 3213 3103 3254 esse
3140 3205 3484 3269 putaverunt.

1918 3295 2061 3365 quod
2088 3296 2229 3349 idem
2254 3292 2490 3347 Joannes
2512 3300 2689 3362 negat,
2718 3300 2863 3346 recte
2893 3305 2951 3345 se
2978 3290 3253 3360 indignum
3277 3304 3395 3344 esse
3418 3289 3486 3344 ad

1918 3387 2227 3440 solvendam
2254 3385 2541 3454 corrigiam
2570 3384 2684 3451 ejus
2706 3381 3053 3435 calceamenti
3088 3379 3395 3445 denuntiat;
3421 3394 3486 3432 ac

1917 3476 1964 3528 si
1994 3484 2176 3544 aperte
2204 3474 2378 3528 dicat:
2408 3473 2517 3542 Ego
2552 3470 2929 3539 Redemptoris
2955 3468 3182 3538 vestigia
3212 3469 3485 3521 denudarc

1919 3581 2026 3620 non
2061 3566 2233 3629 valeo,
2265 3566 2388 3633 quia
2416 3564 2592 3633 sponsi
2626 3577 2821 3616 nomen
2862 3559 2993 3614 mihi
3044 3559 3347 3613 immeritus
3376 3575 3481 3613 non
3565 3570 3583 3589 ’

1919 3664 2145 3719 usurpo.
2191 3647 2341 3714 Quod
2374 3656 2550 3701 tamen
2596 3644 2817 3713 intelligi
2851 3654 2903 3698 ct
2943 3642 3103 3696 aliter
3126 3649 3319 3711 potest.
3354 3640 3487 3708 Quis

1918 3742 2061 3796 enim
2088 3740 2313 3803 nesciat,
2346 3738 2487 3806 quod
2517 3737 2875 3792 calceamenta
2914 3750 2977 3789 ex
3009 3734 3239 3789 mortuis
3278 3734 3486 3788 anima-

1918 3831 2060 3886 libus
2101 3830 2269 3884 ﬁant?
2294 3829 2351 3884 ln
2395 3843 2558 3883 carne
2594 3840 2723 3880 vero
2765 3824 3024 3879 Dominus
3053 3824 3295 3888 veniens,
3330 3823 3485 3893 quasi

1916 3924 2186 3979 calceatus
2216 3920 2484 3992 apparuit,
2512 3917 2602 3987 qui
2648 3917 2702 3971 in
2734 3916 3016 3971 divinitate
3053 3930 3149 3969 sua
3192 3913 3482 3968 morticina

1917 4027 2121 4073 nostrze
2150 4002 2514 4084 corruptionis
2541 4009 2851 4079 assumpsit.
2881 4007 3033 4065 Unde
3051 4007 3211 4062 etiam
3237 4021 3334 4076 per
3356 4005 3488 4061 Pro-

1916 4109 2136 4179 phetam
2168 4105 2299 4160 dicit
2329 4103 2433 4157 ειη
2464 4102 2757 4155 Ιάαηιίεαηι
2783 4099 3055 4153 extendam
3082 4096 3487 4150 calceamentum

251 4200 416 4254 neque
455 4183 591 4237 enim
635 4182 987 4252 posteritatem
1034 4181 1251 4251 familia:
1288 4198 1414 4236 mea:
1440 4184 1611 4239 delere
1635 4188 1813 4252 debeo,

1921 4215 2087 4253 meum
2115 4194 2287 4268 (Psal.
2326 4193 2498 4263 LXIX).
2527 4192 2635 4247 Per
2662 4190 2945 4244 ldumzeam
2971 4189 3167 4256 quippe
3191 4186 3483 4257 gentilitas,

250 4286 309 4330 tu
339 4292 456 4329 meo
480 4284 622 4327 utere
644 4272 931 4344 privilegio,
971 4288 1071 4344 quo
1107 4288 1188 4325 me
1210 4271 1427 4327 libenter
1459 4290 1633 4330 carere
1659 4279 1820 4347 proﬁ-

252 4376 405 4429 teor;
453 4372 507 4417 et
539 4362 774 4418 Joannes
815 4363 1215 4418 sciscitantibus
1241 4377 1271 4415 a
1299 4377 1358 4417 se
1399 4366 1570 4420 turbis
1595 4367 1660 4421 de
1702 4367 1821 4435 ejus

255 4456 582 4524 baptismate
618 4453 914 4520 respondit,
945 4453 1129 4508 dicens
1159 4469 1172 4505 :
1198 4449 1311 4520 Ego
1338 4451 1540 4524 baptizo
1568 4456 1623 4508 in
1648 4473 1818 4526 aqua;

253 4548 461 4602 nzedius
481 4555 654 4599 autem
683 4553 907 4599 vestrum
932 4547 1091 4609 stetit,
1110 4562 1261 4616 quem
1290 4563 1375 4600 vos
1402 4562 1504 4600 non
1524 4548 1666 4601 scitis
1681 4561 1700 4599 :
1714 4550 1821 4618 ipse

254 4648 329 4693 est
356 4636 449 4708 qui
480 4643 595 4705 post
635 4650 716 4688 me
752 4643 992 4688 venturus
1026 4644 1120 4697 est,
1152 4634 1241 4704 qui
1267 4643 1385 4688 ante
1413 4651 1493 4689 me
1523 4636 1693 4704 [actus
1718 4647 1815 4703 est,

255 4728 412 4798 cujus
462 4742 564 4778 non
598 4739 714 4778 sum
756 4724 943 4793 dignus
969 4734 1025 4777 ut
1061 4723 1259 4777 solvam
1306 4724 1583 4794 corrigiam
1619 4725 1821 4780 calcea-

256 4823 419 4878 menti
444 4819 622 4892 (Joan.
654 4818 714 4890 I).
748 4818 817 4872 Et
852 4817 997 4881 alibi,
1043 4815 1426 4872 altercantibus
1454 4816 1619 4885 ipsius
1652 4816 1820 4873 Joan-

259 4918 345 4972 nis
373 4914 650 4984 discipulis
675 4928 795 4967 cum
816 4909 1013 4966 Judzeis
1037 4912 1103 4966 de
1122 4910 1496 4981 puriﬁcatione
1515 4910 1677 4964 dixit:
1697 4909 1822 4964 Non

255 5015 422 5078 potest
448 5005 599 5058 homo
637 5004 867 5072 accipere
905 4998 1211 5071 quidquam,
1254 4999 1354 5053 nisi
1376 4998 1532 5068 fuerit
1562 4998 1610 5051 ei
1638 4997 1821 5050 datum

258 5097 323 5152 de
366 5093 515 5149 caelo.
542 5092 652 5163 Ipsi
684 5109 773 5147 eos
815 5091 943 5145 mihi
971 5090 1317 5144 testimonium
1364 5088 1658 5159 perhibetis,
1686 5086 1823 5157 quod

258 5189 482 5244 dixerim
507 5199 525 5237 :
552 5185 664 5254 Ego
691 5200 791 5238 non
817 5200 933 5238 sum
967 5181 1228 5245 Christus,
1248 5180 1337 5235 sed
1359 5179 1480 5250 quia
1498 5179 1687 5232 missus
1707 5193 1824 5231 sum

259 5287 384 5332 ante
422 5275 591 5328 illum.
631 5272 734 5338 Qui
760 5274 910 5328 habet
938 5287 1182 5343 sponsam
1219 5284 1435 5339 sponsus
1475 5276 1583 5330 est;
1626 5267 1825 5320 amicus

259 5376 439 5422 autem
467 5363 666 5434 sponsi,
707 5363 796 5433 qui
839 5371 942 5417 stat
969 5372 1018 5417 et
1059 5360 1208 5416 audit
1249 5375 1388 5422 eum,
1418 5358 1611 5427 gaudio
1636 5356 1825 5428 gaudet

258 5466 473 5528 propter
510 5471 677 5512 vocent
703 5453 912 5524 sponsi;
943 5454 1037 5509 hoc
1077 5471 1197 5524 ergo
1243 5451 1489 5524 gaudium
1528 5465 1698 5505 meum
1726 5449 1825 5505 im-

1918 4303 2016 4356 per
2061 4286 2483 4342 calceamentum
2527 4295 2657 4336 vero
2691 4287 2965 4348 assumpta
3001 4276 3301 4331 mortalitas
3343 4274 3488 4329 desi-

1918 4384 2131 4449 gnatur.
2181 4374 2240 4429 In
2274 4374 2559 4429 Idumaaam
2599 4386 2727 4439 ergo
2762 4369 3022 4423 Dominus
3064 4365 3485 4420 calceamentum

1923 4464 2285 4520 seextenderc
2308 4460 2503 4516 asserit
2530 4459 2655 4528 quia
2692 4460 2816 4511 dum
2848 4470 2945 4526 per
2985 4467 3204 4509 carnem
3235 4451 3487 4521 gentibus

1921 4555 2172 4620 innotuit,
2202 4552 2354 4621 quasi
2377 4550 2613 4604 calceata
2640 4549 2705 4601 ad
2745 4562 2843 4600 nos
2886 4543 3141 4599 divinitas
3166 4542 3333 4595 venit.
3375 4540 3483 4596 Sed

1924 4645 2083 4713 hujus
2120 4641 2509 4699 incarnationis
2542 4637 2856 4709 mysterium
2885 4636 3152 4689 humanus
3180 4631 3368 4686 oculus
3388 4645 3485 4701 pe-

1926 4747 2141 4793 netrare
2186 4750 2292 4790 non
2345 4732 2569 4797 sullicit;
2611 4729 2936 4798 investigare
2983 4726 3129 4799 enim
3181 4724 3489 4779 nullatenus

1924 4835 2102 4899 potest
2131 4824 2397 4895 quomodo
2440 4828 2756 4890 corporatur
2774 4816 3017 4881 verbum,
3049 4815 3316 4885 quomodo
3341 4829 3488 4869 sum-

1926 4931 2046 4971 mus
2100 4923 2156 4970 et
2204 4912 2509 4967 viviﬁcator
2561 4907 2796 4978 Spiritus
2853 4905 2997 4959 intra
3036 4914 3251 4959 uterum
3296 4905 3488 4956 matris

1926 5005 2219 5067 animatur,
2249 4999 2516 5072 quomodo
2539 4997 2703 5052 etiam
2735 4998 2781 5050 is
2809 4995 2901 5065 qui
2924 4993 3137 5048 initium
3164 5007 3270 5047 non
3300 4991 3483 5052 habet,

1926 5091 2109 5148 existit
2135 5098 2189 5145 et
2230 5088 2560 5156 concipitur;
2601 5084 2830 5155 corrigia
2856 5097 2987 5152 ergo
3025 5078 3372 5138 calceamenti
3400 5083 3486 5130 est

1925 5181 2154 5251 ligatura
2189 5176 2451 5248 mysterii.
2485 5173 2721 5229 Joannes
2751 5173 2933 5242 itaque
2961 5171 3169 5227 solvere
3194 5164 3483 5233 corrigiam

1924 5267 2277 5326 calceatnenti
2313 5265 2430 5335 ejus
2461 5279 2567 5319 non
2596 5264 2758 5329 valet,
2788 5262 2913 5332 quia
2955 5253 3343 5316 incarnationis
3366 5252 3485 5321 ejus

1924 5356 2239 5428 mysterium
2263 5370 2364 5410 nec
2385 5355 2500 5426 ipse
2520 5353 2843 5422 investigare
2872 5346 3086 5408 suﬁicit,
3110 5342 3203 5412 qui
3224 5341 3365 5395 hanc
3385 5354 3486 5411 per

1924 5447 2217 5517 prophetia:
2261 5446 2508 5517 spiritum
2542 5445 2773 5516 agnovit.
2804 5438 2940 5508 Quid
2977 5443 3060 5491 est
3094 5446 3223 5504 ergo
3260 5431 3443 5489 dicere
3464 5447 3484 5488 ε
