4000 6186
476 146 614 201 ηιξ)
1124 137 1185 191 Β.
1227 132 1480 190 ΚΑΒΑΝΙ
1517 129 1737 188 MAURI
1778 126 2039 184 ARCHIE

2142 122 2448 183 MOGUNT.
2488 120 2773 179 OPERUM
2810 119 2991 177 PARS
3027 120 3071 175 1.
3581 119 3733 178 19.ἳο

471 258 597 312 Non
632 267 747 306 sum
773 252 961 320 dignus
991 250 1184 302 soluere
1215 244 1409 316 corrigi
1426 262 1495 299 tm
1539 242 1876 299 calceamenti
1902 241 2039 310 ejus,
2070 252 2117 312 Α
2146 254 2270 294 nem
2295 238 2390 293 Dei
2418 234 2916 305 contemplabimur.
2950 234 3045 289 Lia
3071 249 3306 306 namque
3329 238 3738 307 interpretatur

472 347 576 402 nisi
606 350 791 413 aperte
818 349 874 395 et
899 337 1177 393 humiliter
1202 351 1355 390 suam
1383 333 1736 404 ignorantiam
1763 329 2047 401 proﬁteri?
2148 329 2430 393 laborans;
2462 327 2663 382 Rachel
2692 335 2891 390 autem,
2925 327 3086 391 visus,
3110 326 3451 396 principium,
3481 328 3597 384 sive
3620 346 3744 385 per.

380 452 402 468 θ
471 436 551 492 Ac
579 436 625 490 si
654 440 904 504 patenter
927 430 1069 483 dicat
1099 425 1271 493 :Quid
1310 426 1526 488 mirum,
1556 423 1600 477 si
1649 422 1784 476 mihi
1812 420 1899 475 ille
1922 435 2047 490 pro—
2148 420 2288 474 bum.
2328 419 2486 472 Actio
2509 432 2640 488 ergo
2662 417 2819 483 hujus
2847 416 2994 477 vitae,
3027 415 3080 468 in
3106 430 3213 483 qua
3238 415 3473 470 vivimus
3502 432 3567 471 ex
3594 418 3739 485 fide,

470 526 612 582 latus
648 531 753 586 est,
778 534 938 591 quem
982 526 1105 588 post
1150 530 1236 571 me
1256 514 1471 583 quidem
1515 520 1701 565 natum
1738 510 2042 575 considero,

468 617 565 673 sed
593 612 893 670 nativitatis
918 610 1035 681 ejus
1061 607 1377 679 mysterium
1401 620 1506 660 non
1536 603 1923 673 apprehendo'l

1052 736 1280 793 CAPUT
1319 736 1457 790 XIV.

470 856 623 923 Quod
650 854 794 923 Boos
829 866 1005 923 coram
1032 847 1244 923 testibus
1274 846 1501 923 ﬁrmarit
1544 844 1753 913 nuptias
1775 841 1959 922 .Ruth,
1993 848 2042 893 et

645 922 785 994 quod
834 921 907 974 eis
943 918 1113 971 cuncti
1156 913 1567 987 deprecabantur
1597 914 1860 983 prospere.

538 1053 714 1127 (Imm)
763 1053 829 1105 At
868 1049 956 1104 ille
988 1048 1278 1119 majoribus
1306 1057 1433 1099 natu
1471 1055 1518 1099 et
1543 1045 1783 1099 universo
1811 1042 2001 1113 populo
2023 1057 2043 1095 :

468 1146 640 1201 Testes
666 1161 772 1209 vos,
796 1143 986 1212 inquit,
1009 1140 1130 1193 estis
1154 1137 1327 1201 hodie,
1350 1136 1488 1207 quod
1508 1135 1823 1206 possederim
1844 1133 2043 1199 omnia,

463 1253 580 1307 qua:
607 1236 817 1306 fuerunt
842 1229 1123 1285 Elimelech
1151 1239 1198 1282 et
1227 1227 1451 1281 Cheleon
1464 1236 1510 1279 et
1528 1224 1781 1278 Mahalon
1807 1223 2045 1277 tradente

468 1327 679 1390 Noemi,
707 1332 755 1377 et
796 1322 937 1375 Ruth
968 1318 1308 1373 Moabitidem
1340 1332 1557 1370 uxorem
1588 1312 1802 1367 Naalon
1829 1314 1884 1366 in
1921 1329 2045 1366 con-

455 1416 668 1485 jugium
703 1410 1032 1481 sumpserim,
1086 1418 1142 1461 ut
1188 1407 1431 1461 suscitem
1476 1421 1664 1458 nomen
1710 1402 1945 1472 defuncti
1990 1402 2044 1454 in

463 1503 767 1558 hwreditate
801 1516 918 1563 sua,
960 1514 1023 1552 ne
1045 1496 1355 1551 vocabulum
1384 1495 1499 1564 ejus
1528 1494 1590 1547 de
1614 1492 1820 1562 familia
1858 1508 1956 1545 sua
1982 1507 2044 1544 ac

2148 509 2417 564 laboriosa
2442 518 2527 562 est
2565 507 2619 561 in
2654 506 2909 577 Operibus
2932 513 2988 559 et
3031 505 3260 570 incerta,
3291 519 3401 574 quo
3426 508 3577 561 exitu
3599 523 3730 579 per-

2145 600 2329 653 veniat
2354 597 2424 651 ad
2465 596 2754 651 utilitatem
2795 608 3002 656 eorum,
3035 593 3231 663 quibus
3267 593 3557 650 consulere
3583 597 3732 651 volu~

2145 702 2286 741 mus.
2321 686 2440 756 Ipsa
2476 692 2559 739 est
2594 683 2710 747 Lia,
2740 682 2889 751 prior
2927 697 3066 736 uxor
3085 679 3115 734 J
3127 682 3286 746 acob,
3321 696 3388 737 ac
3408 698 3507 753 per
3536 685 3643 740 hoc
3675 700 3733 743 et

2145 780 2376 835 infirmis
2421 778 2596 834 oculis
2634 776 2804 831 fuisse
2849 787 3337 842 commemoratur;
3385 778 3734 848 cogitationes

2143 871 2281 924 enim
2303 867 2602 922 mortalium
2629 867 2847 931 timidae,
2860 876 2907 919 et
2937 865 3148 919 incerta:
3173 866 3509 934 prouidentia
3534 877 3737 921 nostra:

2145 959 2296 1033 (Sap.
2325 962 2424 1031 ιχ).
2479 958 2615 1029 Spes
2654 972 2785 1013 vero
2828 965 3044 1011 internae
3087 957 3560 1026 contemplationis
3608 957 3733 1016 Dei.

2144 1052 2350 1107 habens
2378 1060 2583 1106 certam
2612 1048 3023 1119 intelligentiam
3054 1048 3321 1113 veritatis,
3357 1047 3472 1118 ipsa
3499 1058 3586 1103 est
3617 1048 3737 1102 Ra-

2143 1142 2285 1207 chel,
2316 1142 2456 1196 unde
2478 1141 2645 1195 etiam
2670 1139 2869 1195 dicitur
2890 1137 3025 1192 bona
3051 1137 3186 1206 facie
3221 1147 3270 1192 et
3298 1138 3517 1207 pulchra
3558 1139 3737 1209 specie

2146 1232 2296 1305 (Gen.
2332 1233 2508 1301 xxix).
2543 1229 2696 1285 Hane
2727 1229 2872 1283 enim
2916 1236 3065 1282 amat
3093 1228 3274 1282 omnis
3303 1228 3390 1297 pie
3423 1228 3734 1292 studiosus,

2144 1334 2200 1381 et
2220 1331 2440 1393 propter
2459 1322 2600 1376 hanc
2624 1320 2793 1376 servit
2812 1319 2999 1388 gratiae
3019 1318 3135 1384 Dei,
3160 1334 3263 1387 qua
3284 1329 3496 1389 peccata
3518 1330 3733 1386 nostra,

2143 1415 2241 1470 etsi
2270 1414 2465 1484 fuerint
2512 1414 2648 1467 sicut
2701 1411 3038 1483 phoenicium,
3078 1420 3329 1482 tanquam
3368 1411 3461 1465 nia:
3507 1412 3735 1467 dealba-

2146 1504 2341 1558 buntur
2370 1502 2506 1574 (lsa.
2535 1500 2599 1573 ι).

464 1591 716 1663 fratribus
744 1598 791 1645 et
818 1587 1008 1660 papula
1051 1586 1325 1649 deleatur;
1355 1601 1459 1648 vos,
1492 1584 1726 1654 inquam,
1764 1582 1922 1651 hujus
1962 1582 2037 1634 rei
2070 1593 2112 1651 Β
2209 1593 2436 1664 nmque
2467 1592 2653 1645 domu;
2699 1604 2821 1655 ινα,
2873 1590 3007 1644 τίσω
3058 1590 3245 1644 domu;
3288 1588 3519 1655 Pium,
3569 1608 3732 1663 ςιεηι

464 1692 616 1737 testes
661 1683 803 1735 estis.
864 1677 1148 1748 Respondit
1194 1676 1362 1731 omnis
1406 1673 1650 1745 populus,
1689 1674 1777 1743 qui
1818 1681 1931 1725 erat
1981 1671 2037 1724 in

462 1783 634 1843 porta,
657 1781 704 1824 et
733 1769 959 1838 majores
981 1777 1106 1819 natu
1128 1783 1145 1819 :
1173 1765 1285 1819 Nos
1308 1774 1456 1817 testes
1479 1779 1680 1816 sumus.
1704 1763 1845 1816 Booz
1873 1769 2038 1816 testes

464 1864 529 1918 de
563 1860 828 1929 acquisita
870 1857 973 1912 sibi
1006 1856 1242 1925 legitime
1266 1870 1434 1909 uxore
1463 1852 1700 1908 defuncti
1738 1860 1793 1906 et
1820 1850 1889 1905 de
1914 1866 2039 1922 pos-

464 1968 612 2008 sessa
634 1948 933 2005 substantia
949 1946 1171 2001 Chelion
1188 1954 1241 1998 et
1264 1943 1534 2007 Mahalon,
1557 1943 1805 1996 tradente
1825 1939 2035 2003 Noemi,

464 2042 716 2102 adhibet:
747 2040 871 2110 quia
920 2037 1167 2092 Christus
1209 2050 1278 2089 ex
1310 2043 1541 2103 utroque
1569 2031 1917 2087 Testamento
1957 2037 2040 2084 te-

463 2133 840 2188 stilicationem
876 2127 1226 2183 sufﬁcientem
1268 2125 1449 2189 habet,
1486 2124 1629 2195 quod
1653 2123 1889 2194 gentium
1927 2127 2040 2191 pte-

463 2222 608 2287 bem,
655 2235 819 2290 quam
863 2217 1158 2287 Decalogus
1203 2215 1387 2270 [initus
1427 2214 1493 2269 ad
1539 2212 1797 2284 spiritalis
1839 2212 2039 2267 sobolis

463 2310 893 2382 procreationem
929 2306 1225 2376 perducere
1261 2317 1370 2357 non
1399 2302 1596 2372 potuit,
1627 2301 1765 2355 hanc
1804 2300 1918 2369 ipse
1947 2314 2036 2353 se-

466 2401 611 2455 mine
652 2398 803 2453 verbi
853 2395 1196 2451 fecundatam
1241 2390 1504 2462 spiritalis
1560 2390 1818 2461 germinis
1862 2388 2041 2444 elfecit

464 2496 769 2562 parentem,
802 2486 983 2541 omnia
1012 2484 1292 2554 possidens
1312 2497 1433 2552 qua:
1453 2480 1664 2549 priores
1689 2488 1744 2534 et
1774 2480 2039 2550 posterio-

462 2596 552 2637 res
588 2579 760 2635 sancti
806 2579 873 2633 de
900 2576 1160 2630 virtutum
1197 2574 1537 2644 possessione
1576 2572 1881 2637 habuerint,
1910 2571 2038 2640 quia

461 2673 527 2728 ad
557 2668 673 2738 ejus
691 2667 917 2740 gloriam
957 2674 1013 2720 et
1048 2665 1354 2733 largitatem
1392 2664 1625 2732 pertinet
1658 2662 1917 2733 quidquid
1947 2678 2039 2717 us-

460 2776 624 2833 quam
669 2768 762 2815 aut
792 2774 1029 2828 unquam
1058 2772 1199 2812 verte
1239 2756 1516 2826 dignitatis
1547 2763 1602 2810 et
1649 2755 1871 2809 honoris
1912 2753 2035 2808 fuit.

461 2854 655 2908 Decem
681 2858 860 2905 autem
879 2847 1146 2917 majorum
1171 2854 1297 2900 natu
1320 2845 1623 2902 benedictio
1651 2845 1751 2898 hoc
1774 2843 2032 2908 ostendit,

2143 1683 2373 1737 Thamar
2406 1684 2601 1752 peperit
2645 1680 2790 1734 Juda
2837 1680 2903 1733 de
2938 1681 3155 1745 semine,
3202 1681 3341 1751 quod
3378 1681 3582 1735 dederit
3628 1682 3731 1735 tibi

2140 1774 2396 1828 Dominus
2417 1789 2481 1826 ex
2504 1773 2603 1825 hac
2617 1770 2811 1842 puella.
2827 1772 3226 1828 Convenienter
3246 1773 3456 1841 quidem
3479 1773 3536 1827 in
3562 1773 3733 1828 bene-

2138 1862 2374 1918 dictione
2397 1861 2538 1917 Booz
2565 1877 2689 1916 cum
2715 1860 2857 1915 Ruth
2889 1860 3094 1915 Phares
3120 1861 3373 1916 nativitas
3396 1863 3462 1917 de
3485 1862 3732 1916 Thamar

2139 1960 2609 2016 commemoratur,
2641 1952 2769 2022 quia
2802 1951 2890 2007 ille
2921 1951 3103 2022 populi
3137 1951 3351 2021 gentilis
3386 1952 3616 2021 figuram
3645 1960 3733 2006 te-

2137 2045 2257 2099 nuit
2299 2044 2353 2098 in
2388 2058 2455 2099 eo
2498 2043 2641 2113 quod
2683 2044 2943 2113 prmvenit
2988 2043 3044 2097 in
3087 2051 3245 2113 partu
3291 2041 3517 2097 fratrem
3566 2058 3730 2096 suum

2139 2134 2274 2188 Zara
2301 2132 2455 2204 (Gen.
2501 2132 2753 2203 xxxvm),
2781 2132 2872 2202 qui
2907 2133 3059 2202 prius
3087 2133 3239 2187 misit
3281 2147 3503 2186 manum
3544 2148 3727 2198 stram,

2138 2225 2194 2279 in
2235 2238 2342 2294 qua
2375 2223 2638 2278 obstetrix
2684 2223 2868 2293 ligavit
2915 2224 3217 2289 coccinum,
3260 2224 3354 2276 sed
3383 2222 3478 2276 illo
3505 2238 3727 2276 manum

2137 2313 2465 2368 intrinsecus
2499 2313 2828 2375 retrahente,
2867 2312 3151 2380 posterior,
3184 2312 3275 2381 qui
3318 2310 3523 2365 Phares
3565 2326 3729 2365 voca-

2138 2410 2247 2467 tur,
2277 2401 2521 2472 porrexit
2547 2415 2788 2466 manum,
2816 2409 2870 2455 et
2897 2401 3167 2455 nascendo
3190 2403 3471 2470 processit.
3498 2402 3729 2471 Figura-

2136 2492 2263 2547 liter
2287 2493 2486 2563 quippe
2519 2492 2624 2547 hoc
2650 2492 2911 2557 ostendit,
2934 2494 3077 2562 quod
3112 2491 3277 2547 Israel
3315 2493 3369 2546 in
3400 2493 3535 2561 legis
3559 2512 3573 2543 ι
3593 2507 3728 2561 pera

2138 2602 2356 2642 manum
2384 2602 2537 2642 suam
2564 2587 2771 2657 primus
2804 2585 3032 2649 miserit,
3077 2593 3135 2640 et
3170 2600 3293 2640 eam
3336 2586 3726 2655 prophetarum

2137 2688 2194 2734 et
2240 2679 2409 2749 ipsius
2461 2678 2757 2734 Salvatoris
2803 2677 3065 2748 pollutam
3109 2692 3306 2733 cruore
3351 2677 3721 2742 ecrtraxerit;

2136 2781 2323 2843 postea
2352 2786 2481 2827 vero
2513 2771 2819 2841 proruperit
2846 2770 3073 2841 populus
3108 2771 3367 2841 gentium,
3413 2770 3619 2825 scilicet
3659 2780 3725 2825 ut

2139 2861 2302 2915 futuri
2333 2868 2511 2915 essent
2547 2860 2824 2915 novissimi
2854 2861 2943 2929 qui
2966 2869 3118 2915 erant
3155 2861 3335 2930 primi,
3362 2869 3416 2915 et
3443 2863 3604 2931 primi
3638 2862 3728 2917 fu-

462 2946 517 2997 in
544 2942 765 2996 nomine
796 2938 922 2994 Jesu
952 2951 1143 2993 omnes
1172 2951 1291 2992 esse
1321 2944 1507 3005 gentes
1542 2935 1829 2990 salvandas
1853 2949 1918 2990 ac
1944 2935 2037 2990 be-
2062 2930 2107 2992 C
2142 2952 2248 3006 ιυτί
2271 2959 2454 3006 essent
2477 2950 2571 3021 qui
2594 2959 2749 3005 θηηι
2777 2951 3054 3005 novissimi
3084 2949 3299 3022 (Μαιιιι,
3330 2930 3455 3024 χι)
3475 2952 3586 3007 Nec
3612 2968 3725 3009 non

461 3030 809 3087 nedicendas.
851 3028 972 3083 Iota
1001 3028 1145 3082 enim
1191 3026 1332 3097 apud
1361 3025 1582 3081 Graecos
1623 3026 1798 3079 decem
1834 3025 2035 3096 signiti-

461 3133 573 3187 cat,
613 3136 733 3191 quae
769 3119 944 3191 prima
985 3118 1165 3172 littera
1210 3117 1446 3171 nominis
1478 3116 1687 3169 Domini
1715 3112 1844 3170 Jesu
1887 3130 2034 3169 sum-

463 3228 607 3266 mam
641 3210 972 3280 prmscripsit
996 3224 1010 3261 :
1038 3224 1159 3279 qua:
1190 3223 1297 3272 res,
1326 3216 1387 3260 ut
1410 3206 1665 3271 diximus,
1693 3220 1883 3259 omnes
1905 3220 2034 3274 gen-

464 3312 545 3356 tes
585 3317 683 3370 per
731 3302 905 3369 ipsum
937 3298 1223 3352 salvandas
1260 3312 1323 3350 ac
1353 3295 1747 3349 benedicendas
1784 3309 1904 3348 esse
1949 3294 2036 3348 de-

462 3399 748 3447 monstrat.
801 3388 881 3443 Ne
918 3388 1125 3442 dubitet
1151 3401 1281 3457 ergo
1313 3385 1579 3454 quispiam
1621 3385 1756 3450 haec,
1788 3394 1848 3438 ut
1890 3384 2034 3439 dicta

463 3491 610 3547 sunt,
640 3481 883 3546 credere,
931 3494 1056 3534 cum
1084 3478 1264 3533 videat
1292 3476 1543 3531 universa
1580 3485 1635 3531 et
1677 3477 1746 3532 ab
1780 3476 1936 3531 initio
1977 3475 2037 3530 li-

461 3574 612 3644 guris
640 3570 1085 3626 antecedentibus
1113 3568 1486 3639 pnecurrisse,
1521 3575 1577 3622 et
1614 3582 1713 3637 per
1745 3568 2034 3622 adventum

464 3660 677 3717 Domini
721 3659 1064 3714 manifestata
1105 3667 1161 3713 et
1208 3657 1497 3727 adimpleta
1543 3657 1622 3712 sic
1647 3673 1793 3722 esse,
1830 3666 1886 3712 et
1916 3673 2037 3728 quae

462 3769 628 3824 super
657 3760 803 3817 sunt,
828 3752 931 3807 hoc
958 3750 1119 3806 modo
1141 3751 1483 3822 perﬁcienda,
1514 3751 1566 3805 in
1593 3752 1821 3806 veritate
1843 3767 2037 3807 conso—

462 3842 717 3896 nantibus
737 3840 988 3896 omnibus
1017 3840 1238 3895 vocibus
1262 3849 1317 3895 et
1341 3839 1528 3911 ﬁguris
1553 3851 1863 3897 sanctarum
1891 3841 2039 3897 Seri-

462 3940 765 4000 pturarum,
804 3939 859 3983 et
883 3928 1117 3999 impletis
1160 3929 1244 3983 his
1278 3943 1397 3998 quae
1424 3928 1697 3999 pollicitus
1733 3937 1817 3984 est
1842 3946 1941 3999 per
1978 3931 2040 3984 li-

463 4018 593 4073 lium
634 4032 789 4073 suum
820 4015 1005 4072 Jesum
1055 4017 1351 4084 Christum,
1402 4017 1711 4084 Dominum,
1742 4018 1944 4090 Regem
1985 4030 2040 4076 et

464 4108 799 4166 Salvatorem
829 4116 1091 4163 nostrum.

537 4222 725 4277 Faciat
766 4222 1019 4276 Dominus
1073 4222 1208 4277 hanc
1248 4222 1539 4290 mulierem,
1587 4241 1706 4295 qua:
1747 4226 2039 4296 ingreditur

463 4315 677 4369 domum
705 4322 873 4378 tuam,
918 4314 1052 4367 sicut
1082 4312 1274 4368 Rachel
1298 4323 1347 4367 et
1398 4314 1569 4381 Liam,
1597 4333 1714 4386 quae
1747 4316 2037 4384 wdiﬁcave-

464 4414 586 4457 runt
615 4403 826 4457 domum
845 4401 1036 4467 Israel,
1059 4412 1115 4456 ut
1135 4404 1204 4457 sit
1227 4404 1516 4474 exemplum
1538 4407 1745 4459 uirtutis
1762 4407 1815 4459 in
1841 4405 2040 4475 Epitra-

465 4490 576 4554 tha,
606 4500 652 4544 et
683 4489 868 4544 habeat
897 4487 1092 4543 celebre
1124 4506 1309 4544 nomen
1334 4493 1390 4545 in
1417 4490 1700 4547 Bethleem.
1731 4491 1921 4549 Omnis
1943 4511 2040 4564 po-

466 4582 622 4651 pulus
647 4590 957 4635 sanctorum
984 4581 1313 4650 imprecatur
1340 4598 1597 4653 prospera
1627 4584 1884 4640 Ecclesia:
1910 4602 2040 4655 gen-

469 4671 621 4736 tium,
659 4679 924 4741 quatenus
949 4672 1191 4727 eamdem
1214 4674 1440 4742 gratiam
1481 4672 1846 4740 fecunditatis,
1876 4691 2037 4744 quam

472 4759 707 4815 habuere
741 4760 902 4830 primi
944 4769 1196 4830 parentes
1231 4762 1416 4832 stirpis
1457 4763 1842 4830 lsraelitarum,
1896 4765 2040 4820 hanc

474 4845 577 4899 ista
603 4847 831 4916 pleniter
864 4851 1145 4921 percipiat.
1180 4850 1248 4905 Et
1272 4852 1399 4921 quia
1444 4852 1533 4906 hic
1566 4862 1754 4922 partus
1783 4853 2041 4923 spiritalis

470 4944 576 5000 est,
603 4938 731 5006 quid
759 4954 857 5008 per
889 4941 986 4996 has
1021 4943 1307 5011 prmdictas
1336 4943 1589 4998 mulieres
1623 4944 1850 5015 mystice
1871 4946 2040 5016 signi-

472 5029 686 5095 ficetur,
710 5028 974 5085 dicamus.
1014 5032 1331 5103 Quanquam
1358 5034 1503 5088 enim
1534 5034 1652 5088 dua:
1681 5033 1866 5089 liberas
1904 5050 2045 5089 uxo-

473 5137 560 5176 res
579 5119 745 5175 Iacob
775 5121 844 5175 ad
864 5120 1071 5176 Novum
1099 5124 1524 5189 Testamentum,
1552 5141 1618 5181 eo
1638 5126 1853 5195 quodin
1878 5126 2041 5181 liber-

472 5218 584 5268 tate
621 5212 797 5267 vocati
829 5227 1036 5277 sumus,
1071 5214 1450 5271 existimentur
1484 5220 1777 5288 pertinuere,
1811 5234 1914 5273 non
1956 5229 2042 5273 ta—

472 5316 598 5356 men
629 5301 830 5357 frustra
865 5303 985 5358 duas
1030 5313 1176 5368 sunt,
1218 5306 1321 5359 nisi
1347 5309 1472 5377 quia
1514 5309 1633 5364 dua:
1655 5310 1778 5364 vita:
1808 5310 1962 5364 nobis
1992 5310 2045 5364 in

472 5389 676 5447 Christi
719 5408 944 5465 corpore
971 5395 1372 5465 praedicantur:
1399 5414 1500 5453 una
1534 5398 1748 5466 quidem
1778 5409 2048 5469 tempora-

477 5481 544 5539 lis
570 5485 622 5539 in
643 5500 748 5556 qua
788 5487 1135 5558 laboramus;
1174 5488 1277 5544 alia
1320 5498 1543 5555 aeterna,
1577 5507 1630 5545 ιη
1657 5506 1761 5560 qua
1801 5491 2046 5547 dilectio—

2132 3053 2188 3099 et
2215 3044 2390 3114 ipsum
2422 3059 2617 3099 nomen
2658 3041 2889 3096 Thamar
2916 3044 2982 3096 ad
3022 3042 3162 3097 idem
3213 3044 3527 3115 mysterium
3571 3059 3727 3100 eom-

2131 3136 2298 3206 petit,
2326 3150 2451 3188 nam
2483 3134 2723 3188 Thamar
2755 3143 3081 3186 commutans
3130 3133 3517 3203 interpretatur
3537 3174 3553 3200 ,
3603 3135 3725 3193 sive

2134 3225 2466 3289 amaritudo;
2493 3239 2623 3294 ergo
2649 3232 2862 3278 mutans
2899 3223 3163 3287 habitum,
3197 3232 3371 3278 mutat
3399 3234 3453 3278 et
3487 3240 3722 3291 nomen;

2134 3315 2259 3384 quia
2275 3330 2395 3385 qua:
2416 3314 2517 3368 fuit
2537 3323 2661 3369 ante
2684 3315 2735 3368 in
2762 3314 3058 3369 idololatria
3087 3314 3226 3369 fmda
3249 3323 3302 3369 et
3324 3332 3533 3381 amara,
3562 3315 3727 3372 modo

2136 3405 2190 3458 in
2220 3403 2537 3474 poenitentia
2569 3402 2627 3456 fit
2659 3402 2853 3457 dulcis.
2885 3401 2991 3456 Sed
3024 3404 3167 3471 quod
3196 3404 3249 3456 in
3283 3418 3345 3457 ea
3367 3418 3599 3473 prorsus
3627 3418 3728 3459 no-

2135 3509 2260 3549 men
2289 3494 2664 3548 amaritudinis
2691 3503 2890 3559 manet,
2919 3509 3025 3548 non
3054 3494 3197 3550 illius
3226 3503 3304 3550 est
3339 3496 3728 3552 amaritudinis

2138 3584 2191 3637 in
2226 3599 2331 3653 qua
2360 3569 2586 3639 Domino
2620 3582 2692 3637 fel
2730 3584 3074 3648 ministravit,
3103 3586 3198 3639 sed
3225 3585 3368 3639 illius
3399 3584 3454 3639 in
3486 3602 3594 3655 qua
3626 3585 3729 3641 Pe—

2137 3682 2253 3729 trus
2280 3688 2463 3729 amare
2493 3673 2665 3739 flevit;
2694 3688 2817 3727 nam
2845 3683 2901 3728 et
2933 3673 3068 3727 luda
3099 3674 3289 3730 Latine
3316 3675 3577 3743 confessio
3607 3686 3725 3741 est;

2138 3764 2463 3822 confessioni
2491 3780 2620 3835 ergo
2644 3764 2948 3820 amaritudo
2976 3766 3288 3831 misceatur,
3317 3774 3377 3819 ut
3399 3780 3526 3820 vera
3554 3767 3731 3836 pinni-

2140 3856 2308 3911 tentia
2335 3856 2713 3926 praesignemr.
2756 3854 2869 3910 liae
2902 3856 3217 3925 paenitentia
3264 3855 3585 3910 fecundatur
3620 3855 3728 3910 Ec-

2138 3948 2302 4002 clesia
2349 3947 2402 4000 in
2449 3947 2700 4002 omnibus
2748 3947 2998 4017 gentibus
3042 3947 3337 4001 constituta
3376 3964 3391 4001 :
3441 3946 3729 4017 Oportebat

2138 4040 2275 4091 enim
2297 4036 2560 4091 Christum
2582 4038 2692 4107 pati
2714 4046 2763 4091 et
2792 4054 3056 4107 resurgere
3076 4038 3228 4090 tertia
3251 4037 3355 4103 die,
3377 4047 3425 4090 et
3443 4037 3730 4107 pradicari

2141 4131 2193 4183 in
2237 4131 2444 4183 nomine
2475 4128 2591 4197 ejus
2634 4128 2987 4197 pamitentiam
3026 4136 3073 4181 et
3105 4128 3459 4181 remissionem
3490 4136 3732 4197 peccato—

2143 4235 2258 4271 rum
2304 4233 2396 4286 per
2444 4233 2621 4270 omnes
2672 4227 2869 4286 gentes,
2908 4216 3273 4285 incipientibus
3316 4215 3381 4268 ab
3424 4214 3729 4268 Jerusalem

2141 4306 2289 4377 (Luc.
2322 4307 2492 4377 xxxv).
2530 4305 2663 4360 Nam
2692 4314 2746 4359 et
2778 4306 2891 4375 ipse
2926 4305 3141 4360 habitus
3170 4305 3472 4359 meretricis
3505 4302 3732 4358 confes-

2139 4398 2220 4451 sio
2260 4404 2345 4451 est
2381 4403 2760 4464 peccatorum;
2817 4403 2999 4466 typum
3043 4395 3241 4465 quippe
3288 4394 3542 4449 Ecclesia:
3588 4395 3731 4463 gerit

2142 4491 2381 4547 Thamar
2403 4506 2469 4545 ex
2517 4491 2767 4561 gentibus
2791 4499 3025 4545 evocatse
3053 4488 3207 4559 (Gen.
3256 4489 3485 4559 xxxviii)
3534 4490 3733 4542 sederis

2141 4596 2263 4634 cum
2313 4582 2417 4635 hoc
2468 4581 2649 4635 habitu
2682 4582 2749 4635 ad
2779 4589 2986 4650 portam
3011 4580 3178 4634 Evam
3206 4580 3293 4635 vel
3319 4579 3555 4641 Enahin,
3587 4578 3732 4646 quod

2140 4669 2526 4737 interpretatur
2552 4668 2719 4738 fontes
2744 4682 2763 4720 :
2792 4669 3030 4724 cucurrit
3058 4669 3227 4732 enim,
3260 4668 3407 4723 velut
3438 4681 3637 4721 cervus
3662 4665 3731 4718 ad

2142 4759 2319 4815 fontes
2347 4775 2628 4829 aquarum,
2662 4758 2948 4830 pervenire
2976 4761 3042 4815 ad
3077 4775 3264 4815 semen
3301 4759 3558 4814 Abt-aha.
3588 4758 3736 4812 Tha-

2143 4868 2263 4907 mar
2302 4854 2445 4908 enim
2485 4862 2690 4919 nostra,
2727 4854 2863 4910 Juda
2913 4856 3139 4927 mystico
3192 4871 3298 4910 non
3344 4861 3733 4924 cognoscente,

2145 4942 2365 5009 fetatur,
2409 4945 2533 5014 quia
2575 4948 2641 5000 de
2668 4946 2759 5000 illo
2784 4947 3098 5014 praedictum
3137 4956 3259 5001 est:
3295 4943 3552 5015 Populus,
3577 4958 3734 5013 quem

2146 5049 2249 5086 non
2278 5033 2512 5104 cognovi,
2539 5036 2724 5090 serviet
2741 5035 2871 5089 mihi
2901 5034 3072 5107 (Psal.
3106 5035 3283 5107 xvm).
3312 5035 3537 5105 Accepit
3561 5034 3651 5088 illa
3679 5034 3739 5088 in

2148 5125 2360 5181 occulto
2390 5127 2666 5192 annulum,
2703 5134 2758 5181 et
2794 5127 3010 5193 monile,
3043 5136 3097 5183 et
3124 5128 3329 5197 virgam
3356 5145 3369 5179 :
3401 5126 3529 5196 quia
3569 5139 3745 5180 voca—

2152 5217 2293 5270 tione
2319 5218 2674 5287 signilicatur,
2701 5218 3092 5288 justiticatione
3120 5218 3429 5287 decoratur,
3452 5215 3737 5286 gloriﬁca-

2152 5310 2299 5363 tione
2349 5309 2635 5364 exaltatur.
2691 5311 2835 5376 Quos
2883 5313 3018 5365 enim
3064 5310 3475 5382 prwdestinauit,
3515 5307 3640 5362 illos
3687 5317 3738 5361 et

2152 5398 2383 5462 vocavit;
2429 5414 2557 5467 quos
2595 5409 2767 5453 autent
2807 5400 3024 5465 vocarit,
3060 5398 3177 5453 illos
3215 5408 3262 5453 et
3294 5396 3657 5468 justi/ienuit;
3687 5408 3740 5448 et

2149 5506 2277 5559 quos
2294 5489 2624 5559 justi/ienuit,
2662 5490 2778 5545 illos
2815 5502 2861 5545 et
2892 5491 3204 5562 glorificavit
3241 5490 3419 5563 (Rom.
3454 5488 3599 5562 vm).
3631 5487 3738 5544 Sed
