4080 6212
641 400 2474 434 W

2151 361 2600 372 #Fwa
2649 355 3552 372 m—

2151 361 2271 372 ...Ἇ
2369 361 2600 372 -ᾞ--αδ
2649 357 2836 368 Ἡ
3313 355 3552 363 —.—-—

377 392 406 396 ,ο
417 390 446 395 -
2485 397 3012 411 —_——.————-.

402 425 638 438 —.——-.———

916 682 1578 816 NOTITIA
1667 683 1828 808 IN
1911 677 3042 807 THEOPHANEM.

524 979 642 1040 (Jac.
679 976 834 1035 Cosa,
857 974 962 1021 0rd.
990 971 1219 1022 irratrum
1244 969 1447 1018 l‘raedic.
1473 965 1520 1014 in
1549 971 1650 1014 not.
1685 964 1741 1013 ad
1777 962 2090 1025 Theophanis
2137 960 2601 1026 Chronographiam,
2642 976 2690 1024 p.
2719 963 2808 1013 545
2841 964 3148 1028 ed.I.uparae
3181 980 3259 1015 an.
3291 967 3451 1027 1655.)

409 1275 524 1328 Non
556 1289 700 1328 unus
729 1271 1088 1339 Theophanes
1140 1268 1380 1323 historia:
1399 1267 1660 1323 Romana
1721 1266 1803 1320 vel
1862 1265 2176 1334 Byzantina:
2210 1263 2466 1330 scriptor,
2517 1271 2610 1315 aut
2656 1261 2817 1315 etiam
2865 1262 3148 1330 praisentis
3187 1265 3370 1333 operis
3401 1277 3606 1323 auctor

337 1378 578 1427 coaevus,
638 1361 720 1416 vel
755 1376 982 1429 suppar.
1040 1358 1475 1427 Antiquissiinus
1525 1364 1610 1410 est
1641 1353 1976 1424 Mitylemeus
2005 1349 2243 1418 Pompeii
2292 1354 2472 1420 magni
2504 1347 2557 1400 in
2616 1347 2822 1401 bellicis
2855 1348 3291 1417 expeditionibus
3335 1353 3516 1422 miles,
3545 1366 3601 1411 et

340 1459 620 1517 gestorum
663 1448 819 1503 testis
848 1461 911 1500 ac
941 1460 1143 1516 primo,
1179 1460 1208 1497 a
1242 1443 1435 1498 Vossio
1482 1441 1560 1495 De
1589 1440 1854 1495 historicis
1896 1437 2116 1500 Grrecis,
2156 1436 2250 1490 lib.
2281 1451 2318 1501 ι,
2375 1451 2494 1506 cap.
2556 1434 2627 1488 25
2663 1447 3023 1492 memoratus.
3079 1436 3365 1496 Secundus
3421 1452 3608 1511 poeta,

338 1538 498 1606 cujus
545 1550 749 1606 paucos
787 1549 979 1590 versus
1023 1532 1348 1602 AntbOIOgia
1402 1529 1643 1594 exhibet,
1671 1528 1764 1582 lii).
1797 1542 1880 1593 ιιι,
1914 1533 2050 1581 sect.
2080 1523 2133 1578 ’5.
2170 1524 2319 1577 Alter
2350 1522 2646 1592 Byzantius
2695 1519 3056 1592 Theophanes
3108 1523 3306 1580 Justini
3374 1530 3602 1585 secundi

341 1626 540 1680 bellum
600 1624 904 1686 Persicum,
936 1620 1325 1690 Romanasque
1363 1634 1475 1684 res,
1500 1633 1623 1682 suo,
1689 1616 1744 1672 id
1792 1625 1896 1680 est,
1944 1613 2144 1668 Justini
2203 1623 2466 1684 tempore,
2497 1613 2625 1668 olim
2662 1614 2826 1680 visas,
2865 1613 3020 1669 libris
3051 1615 3259 1678 decem,
3287 1632 3427 1686 quos
3455 1617 3601 1674 Pho-

345 1712 452 1768 tius
480 1711 752 1781 perlectos
777 1719 1066 1772 memorat,
1091 1707 1311 1778 scriptis
1337 1705 1699 1776 consignavit.
1753 1704 1992 1770 Quartus
2026 1701 2115 1756 hic
2155 1710 2348 1756 auctor
2383 1711 2591 1765 noster,
2621 1702 2784 1755 etiam
2812 1702 3128 1771 Byzantius,
3149 1702 3462 1772 Byzantina:
3497 1705 3600 1761 lli--

343 1799 528 1854 storite
566 1813 596 1852 a
635 1798 980 1852 Diocletiano
1030 1797 1099 1851 ad
1154 1794 1475 1850 Michaelem
1515 1791 1803 1862 Nicephori
1843 1807 2101 1861 generum
2137 1791 2410 1860 scriptor,
2452 1787 2720 1858 Georgius
2784 1790 3024 1855 nomine,
3065 1793 3393 1859 cegnomine
3426 1792 3608 1850 Theo-

343 1885 576 1954 phanes,
616 1885 763 1956 quod
795 1884 1012 1955 Georgii
1060 1882 1297 1956 Syncelli
1330 1881 1618 1936 familiaris
1646 1879 1937 1945 exstiterit,
1959 1887 2014 1934 et
2041 1878 2160 1948 ejus
2186 1876 2636 1949 chronographiaa
2680 1879 3052 1940 continuator,
3074 1893 3358 1948 perperam
3393 1880 3610 1947 Vossio,

347 1975 586 2044 aliisque
638 1989 744 2028 non
790 1973 1025 2029 indoctis
1061 1973 1214 2036 viris,
1242 1971 1334 2025 lib.
1370 1985 1431 2035 ιι,
1479 1985 1602 2039 cap.
1634 1969 1704 2024 24
1749 1978 2123 2038 nuncupatus.
2173 1968 2326 2022 Alius
2375 1965 2573 2019 iterum
2627 1966 2729 2019 hoc
2792 1975 2982 2020 nostro
3031 1965 3394 2036 Theophanes
3421 1968 3612 2034 jnnior

348 2060 609 2110 Momms
634 2061 943 2129 episcopus,
990 2057 1266 2111 Theodori
1311 2057 1500 2110 frater,
1529 2063 1582 2100 et
1637 2068 1759 2100 cum
1789 2067 1859 2100 eo
1910 2063 2223 2106 sanctorum
2260 2053 2557 2124 imaginum
2605 2053 2784 2107 cultus
2828 2051 3035 2108 defensi
3085 2055 3153 2108 ab
3210 2055 3379 2123 impio
3429 2054 3610 2112 ThCO‘,

345 2143 500 2212 philo
529 2159 654 2195 rcus
687 2147 1118 2209 pronuntiatus,
1166 2133 1412 2203 κεντητῷ
1446 2133 1638 2207 μέλανι
1679 2133 1968 2200 litteratus,
2002 2136 2203 2206 ingenii
2245 2135 2483 2206 ﬁdeique
2537 2144 2889 2190 monumenta
2928 2137 3148 2208 reliquit
3210 2140 3610 2204 laudatissima,

343 2244 374 2282 a
407 2228 706 2281 Ptissevino
733 2224 1018 2276 recensita.
1068 2220 1388 2276 Coaetaneus
1425 2220 1561 2273 alter
1587 2216 1970 2287 Theophanes,
2009 2228 2061 2274 et
2102 2222 2497 2276 monachorum
2543 2222 2561 2292 (
2596 2223 2736 2277 haud
2789 2224 3192 2279 nominatorum
3224 2231 3244 2296 >
3276 2231 3602 2299 praepositus

348 2315 452 2369 sub
477 2310 735 2364 Michaele
764 2308 1052 2380 TheOphili
1086 2310 1218 2376 lilio,
1241 2309 1400 2378 cujus
1433 2323 1570 2378 opus
1602 2309 1656 2361 in
1685 2303 1976 2376 Nicephori
2005 2306 2327 2376 patriarchae
2362 2308 2613 2362 exsilium
2635 2351 2649 2373 ,
2686 2317 2739 2364 et
2762 2310 3113 2378 reliquiarum
3145 2313 3267 2382 ejus
3293 2317 3610 2370 translatio-

345 2412 466 2451 nem
506 2396 672 2452 refert
704 2397 1121 2468 Metaphrastes,
1153 2407 1206 2452 et
1230 2413 1384 2451 exeo
1412 2395 1609 2450 Snrius
1655 2394 1832 2448 Martii
1873 2394 1960 2447 die
2013 2393 2226 2448 decimo
2259 2394 2439 2448 tertio.
2480 2394 2758 2464 Septimus
2810 2394 3174 2467 Theophanes
3198 2400 3443 2470 ejusdem
3483 2420 3607 2458 cum

348 2485 546 2540 Basilio
583 2485 880 2540 Macedone
911 2485 1194 2540 Michaelis
1263 2499 1585 2540 successore
1634 2480 1916 2549 temporis,
1953 2478 2249 2536 Cerameus
2312 2491 2416 2547 est,
2455 2483 2545 2537 ille
2599 2484 3091 2540 Tauromenitanns
3140 2491 3336 2558 praesul
3367 2510 3379 2544 :
3405 2492 3471 2548 de
3501 2510 3610 2564 quo

351 2574 723 2642 accurate,qui
759 2588 931 2643 opera
958 2573 1080 2643 ejus
1105 2573 1162 2626 in
1199 2572 1474 2642 publicum
1509 2569 1803 2640 evolgavit,
1854 2565 2182 2623 Franciscns
2227 2569 2482 2624 Scorsus.
2531 2571 2712 2626 Alium
2761 2589 2954 2629 rursus
2979 2577 3190 2631 amicus
3220 2591 3273 2632 et
3300 2579 3607 2636 litteratum

342 2675 539 2714 amans
567 2659 679 2714 Leo
731 2660 970 2715 Allatius
1018 2661 1260 2731 suggerit
1297 2658 1554 2714 familiari
1614 2657 1845 2728 epistola
1881 2672 1947 2710 ex
2000 2653 2226 2709 Joannis
2274 2656 2556 2724 cujusdam
2610 2674 2819 2730 magna:
2858 2660 2949 2716 Dei
2977 2662 3234 2720 Ecclesia:
3287 2665 3504 2722 diaconi
3551 2679 3610 2725 et

343 2746 588 2801 rhetoris
644 2748 886 2818 scripto:
922 2750 1026 2814 Eii;
1075 2747 1184 2802 τὸν
1203 2749 1350 2812 ,βίον
1391 2745 1605 2814 Ἰωσὴφ
1646 2745 1752 2800 τοῦ
1789 2747 1954 2813 ύμνοτ

1994 2742 2196 2812 οὰρου.
2228 2743 2358 2813 Ejus
2385 2747 2548 2800 verba
2598 2747 2750 2802 haec:
2790 2749 3051 2817 Gemiévst
3090 2752 3190 2822 μὲν
3236 2753 3327 2805 οὖν
3376 2772 3483 2808 τινι
3511 2756 3605 2810 τοῦ

351 2833 498 2906 ἱεροῦ
536 2835 929 2907 πρεσσυτερίου
971 2836 1282 2906 ἠξιωμένῳ,
1323 2837 1418 2889 καὶ
1452 2835 1530 2904 τῷ
1582 2833 1866 2902 καταλόγῳ
1911 2831 2277 2903 ἠριθμημένῳ
2326 2833 2436 2886 τῶν
2489 2834 2733 2904 μοναχῶν
2758 2837 2785 2888 ὁ
2835 2837 2948 2906 βίος
2987 2840 3140 2892 τοῦδε
3190 2841 3282 2894 τοῦ
3323 2844 3600 2914 μακαρίου

347 2925 667 2995 πεπόνηται.
700 2925 775 2978 Οὐ
805 2926 913 2996 μὴν
951 2924 1087 2978 ἀλλὰ
1119 2923 1439 2996 παρέδραμε
1495 2922 1682 2976 τθῦτον
1739 2920 1908 2974 πολλὰ
1931 2959 1946 2984 ,
1979 2921 2061 2973 ὅτι
2117 2920 2261 2974 κατὰ
2307 2922 2544 2992 σπουδὴν
2573 2922 2766 2992 ἐκείνῳ
2810 2925 3186 2997 συνεξυφάνοη
3233 2930 3294 2982 τὸ
3334 2932 3557 3003 πόνημα
3583 2949 3596 2962 '

353 3013 533 3082 ἀμέλει
563 3016 658 3066 καὶ
700 3008 780 3077 οἷς
810 3015 1019 3076 ἐκεῖνος
1067 3011 1160 3065 τοῦ
1201 3011 1447 3084 μάκαρος
1493 3009 1646 3064 τοῦδε
1671 3008 1762 3063 τὸν
1793 3007 1907 3080 βίον
1937 3007 2288 3080 ὲσμίκρυνεν,
2322 3010 2380 3062 ὲν
2430 3009 2642 3072 τούτοις
2673 3010 2820 3080 ἡμᾶς
2871 3011 2964 3066 ἐπὶ
2995 3014 3056 3067 τὸ
3103 3010 3260 3087 εὖρος
3288 3017 3386 3086 τῆς
3415 3018 3605 3091 διηγή-

355 3115 486 3161 σεως
535 3101 897 3171 προε6ί6ασεν
922 3117 937 3133 ο
971 3101 1276 3168 Theophani
1311 3117 1438 3156 sane
1466 3099 1680 3154 cuidam
1703 3113 1862 3152 sacra
1908 3097 2198 3166 presbyteri
2231 3096 2486 3166 dignitate
2516 3107 2776 3167 provecto,
2834 3109 2880 3152 et
2916 3102 3289 3156 monac/torum
3319 3107 3463 3175 gregi
3501 3108 3604 3162 ad-

347 3187 480 3241 lecta
514 3190 648 3242 beati
679 3189 836 3257 hujus
894 3189 1000 3242 vita
1032 3189 1304 3242 elaborata
1353 3196 1451 3244 est.
1498 3184 1687 3242 Verum
1712 3201 1870 3256 quam
1910 3181 2078 3237 multa
2109 3183 2196 3237 ille
2224 3185 2518 3252 prtvteriit:
2552 3185 2690 3255 quod
2722 3201 2848 3253 opus
2902 3187 3064 3241 nimia
3113 3193 3344 3259 quadam
3382 3192 3604 3262 [estina-

347 3277 505 3339 tione,
556 3293 649 3330 nec
698 3293 902 3330 morose
932 3278 1064 3330 satis
1094 3278 1444 3330 contexuerit.
1487 3274 1555 3329 In
1581 3275 1770 3346 quibus
1802 3284 1979 3327 tanien
2017 3272 2154 3326 beati
2185 3271 2342 3342 hujus
2368 3273 2534 3326 vitam
2573 3275 2866 3340 contraxit,
2899 3284 2953 3328 ut
2982 3278 3216 3344 spatium
3255 3295 3348 3347 per
3374 3281 3603 3351 amplius

346 3367 706 3419 narrationem
747 3366 1199 3433 protendat-emus,
1225 3366 1283 3418 in
1307 3366 1491 3421 iisdem
1523 3365 1613 3419 ille
1641 3379 1732 3419 nos
1758 3360 2036 3434 promovit.

414 3451 536 3505 Jam
600 3453 743 3523 quod
780 3471 842 3507 ex
882 3455 1004 3509 istis
1035 3469 1146 3507 non
1187 3469 1328 3508 unus
1362 3452 1717 3524 Byzantinam
1754 3449 2007 3505 tractavit
2040 3449 2349 3515 historiam,
2386 3451 2596 3520 primus
2628 3451 2900 3518 videlicet,
2937 3454 3151 3518 tertius,
3186 3467 3436 3525 quartus,
3471 3473 3599 3513 sex-

353 3546 462 3602 tus,
511 3551 568 3594 et
615 3541 884 3607 ultimus;
917 3558 1018 3596 nec
1075 3541 1271 3596 unicus
1323 3555 1510 3595 sacras
1541 3538 1785 3592 laudavit
1835 3537 1964 3607 ima;

1989 3536 2131 3602 ines,
2165 3546 2416 3607 quartus,
2471 3537 2720 3608 inquam,
2776 3550 2830 3593 et
2862 3540 3055 3610 reliqui
3103 3543 3231 3607 ;vel
3283 3559 3382 3613 pro
3413 3561 3600 3600 earum

349 3625 703 3682 veneratione
727 3630 922 3684 tuenda
961 3639 1240 3684 certamen
1277 3628 1480 3692 inierit,
1514 3627 1662 3682 velut
1706 3633 1959 3696 quartus,
1993 3640 2057 3680 ac
2094 3625 2320 3695 quintus
2352 3641 2366 3691 ;
2397 3626 2709 3680 utalterius
2742 3626 2858 3682 vice
2893 3643 3036 3682 unus
3068 3644 3463 3702 nonnunquam
3501 3634 3600 3689 ad-

352 3713 643 3769 duceretur
692 3716 747 3770 in
776 3719 1048 3781 medium,
1118 3725 1173 3771 et
1223 3731 1345 3786 qua:
1375 3715 1468 3770 uni
1521 3725 1673 3787 gesta
1708 3713 1792 3767 vel
1818 3713 2042 3781 scripta,
2099 3712 2470 3766 tribuerentur
2517 3713 2697 3777 alteri,
2743 3730 2848 3768 non
2901 3714 3120 3772 dillicile
3150 3719 3396 3789 contigit.
3459 3720 3600 3788 Quid

349 3801 495 3855 enim
562 3803 884 3872 Theophani
956 3806 1132 3876 magis
1189 3805 1366 3860 simile
1413 3821 1578 3875 quam
1617 3802 1982 3871 Theophanes
2019 3797 2403 3872 Hlitylenaaus
2438 3801 2529 3856 ille
2585 3802 2910 3868 Romanam,
2944 3804 3256 3876 Byzantius,
3305 3809 3397 3879 qui
3456 3811 3600 3865 inter

351 3889 588 3942 nominis
619 3889 784 3958 hujus
823 3893 1116 3960 scriptores
1151 3893 1367 3948 tertius,
1419 3892 1725 3936 nomanam
1775 3890 1997 3949 pariter,
2032 3889 2232 3941 diversi
2264 3889 2390 3943 licet
2430 3891 2711 3959 temporis,
2738 3894 2979 3948 contexit
3035 3895 3343 3950 historiam.
3387 3895 3599 3967 Byzan-

355 3975 464 4028 tius
499 3976 640 4030 idem
675 3979 892 4034 tertius,
932 3988 1048 4026 cum
1093 3979 1284 4027 nostro
1313 3971 1522 4040 pariter
1578 3968 1859 4040 Byzantio,
1886 3968 2215 4036 Byzantinas
2258 3990 2344 4022 res
2391 3984 2607 4025 tractat.
2648 3976 2850 4028 Sextus
2890 3987 2944 4029 et
2995 3990 3224 4032 octavus
3260 3983 3595 4047 privatorum

363 4059 507 4110 vitas
561 4062 831 4125 scribunt,
882 4075 1111 4130 quarum
1167 4059 1328 4114 lectio
1382 4059 1451 4114 ad
1505 4057 1930 4130 Byzantinorum
1982 4053 2234 4108 notitiam
2277 4055 2816 4114 accedit..Nica3nus
2859 4063 3057 4130 pracsul
3109 4063 3473 4138 Theophanes
3527 4075 3595 4126 ad

346 4142 527 4197 instar
561 4143 832 4214 Byzantii,
861 4145 954 4216 qui
988 4148 1201 4212 tertius,
1254 4161 1442 4202 sacras
1470 4151 1778 4216 propugnat
1815 4141 2103 4213 imagines.
2159 4140 2294 4198 llinc
2350 4144 2557 4200 incerta
2610 4147 3033 4219 perturbataque
3072 4152 3238 4222 hujus
3271 4168 3322 4210 et
3368 4157 3596 4214 alterius

342 4230 605 4301 cOgnitio,
640 4232 752 4286 imo
789 4249 1003 4288 summa
1031 4234 1173 4287 inter
1205 4247 1299 4289 eos
1328 4231 1602 4297 confusio,
1631 4241 1686 4286 et
1716 4233 1804 4286 vix
1834 4231 2273 4288 constituendum
2293 4232 2588 4288 discrimen
2613 4253 2628 4290 :
2657 4235 2794 4290 adeo
2839 4246 2896 4291 ut
2927 4239 3017 4307 qui
3048 4255 3250 4309 paucos
3297 4251 3593 4314 recensuit,

343 4323 400 4366 et
429 4313 759 4384 distinguere
788 4319 1016 4372 tentavit
1049 4317 1290 4382 Vossius,
1343 4315 1666 4388 Byzantium
1694 4327 1944 4371 nostrum
2001 4319 2160 4373 annis
2194 4319 2263 4374 50
2301 4322 2670 4391 superiorem,
2701 4333 2756 4380 et
2788 4324 2901 4394 jam
2963 4338 3236 4384 mortuum
3260 4347 3385 4387 cum
3412 4331 3592 4389 Theo-

343 4398 526 4469 phane
553 4403 872 4473 presbytero
901 4414 953 4457 et
983 4406 1294 4474 praeposito,
1325 4402 1616 4475 Nicephori
1669 4419 1916 4472 praecone
1971 4421 2031 4462 se
2081 4405 2398 4462 confudisse
2447 4425 2554 4464 non
2613 4412 3078 4471 animadverterit.
3121 4416 3384 4474 Eumdem
3448 4438 3595 4478 nunc

345 4491 598 4536 nostrum
640 4499 704 4538 ex
738 4486 969 4554 paritate
1015 4502 1141 4540 cum
1199 4488 1426 4557 reliquis
1459 4485 1788 4542 conferam?
1827 4503 2048 4557 nomen,
2077 4492 2280 4560 studia,
2345 4495 2561 4567 religio,
2621 4499 2816 4568 pietas,
2877 4503 2998 4556 vita:
3035 4504 3322 4574 professio,
3351 4507 3589 4573 labores.

342 4585 468 4638 qua:
515 4571 568 4624 in
635 4573 757 4627 aliis
802 4586 948 4628 certa
1009 4576 1286 4630 varietatis
1317 4575 1554 4642 indicia,
1605 4575 1657 4629 in
1696 4576 1818 4631 istis
1883 4576 2297 4636 similitudinem
2355 4583 2625 4650 obtinent,
2653 4596 2705 4641 et
2742 4571 3049 4644 discrimen
3084 4592 3358 4647 auferunt.
3403 4571 3588 4652 Dicam

343 4655 741 4727 Theophanem
779 4659 923 4716 hunc
955 4673 1203 4716 nostrum
1234 4678 1296 4716 ex
1342 4663 1572 4718 diversis
1607 4665 1772 4734 gestis
1803 4665 1856 4718 in
1889 4665 2026 4720 duos
2056 4667 2540 4726 Baroniodivisum
2568 4673 2633 4728 ad
2665 4689 2868 4728 annum
2903 4674 3104 4732 Christi
3139 4680 3265 4744 816,
3285 4697 3438 4737 num.
3463 4701 3503 4748 ι,
3533 4696 3588 4742 ct

339 4740 578 4795 Andreae
608 4742 812 4797 Scorso
840 4745 1092 4841 procenﬂi
1120 4746 1340 4801 secundi
1372 4755 1503 4802 sect.
1539 4763 1553 4800 ι
1588 4748 1641 4801 in
1676 4747 2064 4841 Theophanem
2100 4755 2471 4814 Cerameum?
2521 4762 2649 4830 Ipsi,
2679 4765 2825 4833 quod
2855 4765 3188 4834 mirandum,
3235 4740 3585 4841 eloquuntur,

345 4836 404 4880 et
447 4843 713 4897 errorem,
760 4847 881 4886 cum
928 4848 994 4888 ex
1029 4832 1380 4902 TheOphanis
1433 4835 1679 4904 ejusdem
1717 4836 1890 4891 nostri
1933 4839 2062 4908 vita,
2122 4851 2234 4899 tum
2295 4861 2359 4902 ex
2412 4864 2538 4904 mox
2579 4832 2827 4908 dicendis
2874 4832 3587 4924 convincendum-demoti;

350 4921 542 5016 stram.
573 4919 718 4975 Sane
771 4919 1121 4991 TheOphanis
1155 4923 1327 4993 ipsius
1379 4924 1503 4988 vita,
1562 4935 1821 4994 gestaque
1847 4927 2013 4983 variis
2043 4943 2111 4984 ex
2165 4935 2485 4991 auctoribus
2548 4937 2792 5002 collecta,
2837 4941 2941 4996 sub
2975 4919 3329 5014 conspectum
3364 4949 3542 5016 pOsita
3568 4992 3582 5014 ,

349 5003 501 5065 quod
528 5006 698 5074 ipsum
736 5007 878 5062 inter
927 5010 1281 5081 reliquosque
1315 5011 1609 5077 intercidit,
1641 5013 1980 5072 discriminis
2020 5017 2217 5096 indicia
2245 5023 2546 5090 proferunt.
2584 5024 2817 5082 Tantum
2845 5067 2860 5092 ,
2902 5045 3023 5098 quae
3049 5003 3244 5087 ill-illis
3274 5003 3417 5089 haud
3447 5003 3586 5090 levi;

342 5094 852 5189 ternpra-tereunda
875 5134 891 5159 ,
926 5095 1122 5151 Lector
1172 5113 1281 5152 non
1338 5098 1590 5154 incautus
1639 5115 1851 5155 mecum
1882 5102 1998 5160 haec
2024 5091 2354 5164 observabit.
2388 5111 2438 5164 l.
2478 5111 2610 5168 Vita:
2633 5091 2982 5184 Theophanis
3010 5132 3042 5172 a
3073 5118 3435 5189 Metaphraste
3455 5163 3469 5187 ,
3502 5125 3584 5176 vel

343 5191 414 5228 ex
439 5174 661 5277 Barcini
686 5184 897 5253 judicio
922 5201 952 5239 a
979 5184 1269 5242 Theodoro
1297 5187 1506 5242 Studita
1550 5189 1872 5258 conscripta:
1912 5193 2164 5249 versione
2197 5193 2411 5264 Latina,
2452 5201 2704 5255 eumdem
2741 5174 3011 5257 [saucium
3076 5174 3295 5277 quoq-ue
3351 5174 3583 5273 dictum,

350 5276 417 5362 es
439 5264 630 5334 linguae
679 5271 883 5328 Graecae
920 5272 1154 5342 inscitia,
1183 5275 1439 5331 allii-mari
1489 5277 1632 5348 apud
1663 5277 1959 5336 Baronium
2007 5281 2073 5336 Α.
2108 5282 2171 5338 C.
2211 5286 2332 5351 777,
2363 5303 2514 5342 num.
2541 5290 2598 5353 5,
2650 5301 2702 5344 et
2755 5290 2880 5358 8l6,
2910 5264 3131 5348 num.
3180 5264 3346 5349 Becto
3384 5264 3587 5366 quippe,

345 5349 479 5404 vita:
504 5366 924 5424 programmate,
955 5361 1279 5432 Θεοφάνους,
1310 5363 1400 5419 τοῦ
1441 5364 1710 5419 Ἱσαακίου
1742 5365 1878 5438 βίος,
1913 5384 1956 5423 rt

1970 5369 2149 5425 :ddidit
2187 5349 2456 5446 interpres
2489 5396 2502 5431 :
2548 5349 2902 5448 Theophanis,
2931 5382 3020 5451 qui
3055 5391 3104 5436 et
3134 5379 3378 5436 Isaacius

341 5445 583 5538 est._vila
613 5461 642 5538 .°_
670 5463 786 5538 cum
826 5463 1038 5512 vertere
1068 5457 1366 5524 debuisset,
1434 5455 1762 5528 Theophanis
1833 5456 2094 5513 lsaciiF.
2149 5463 2278 5518 vita.
2332 5445 2400 5519 Ut
2431 5465 2575 5520 enim
2612 5483 2644 5522 a
2673 5445 2786 5522 filio
2843 5445 3012 5538 patris
3065 5468 3284 5522 nomine
3332 5473 3581 5528 vocando

342 5531 561 5602 penitus
592 5535 886 5628 abhorrent
915 5542 1111 5612 Graeci,
1144 5547 1218 5600 ita
1252 5562 1281 5602 a
1317 5546 1500 5603 verbis
1533 5546 1707 5611 hisce,
1733 5541 1888 5612 οὗτος
1917 5563 1953 5600 π

1974 5548 2122 5619 ιτρὺς
2155 5550 2255 5621 μὲν
2303 5550 2403 5622 ἔφυ
2439 5554 2643 5618 Ἰσαάκ,
2687 5555 2806 5624 ejus
2836 5531 2998 5611 vitam
3037 5555 3398 5628 Menologium
3433 5540 3585 5614 οιαὶ-1

347 5626 458 5686 tur,
515 5629 570 5677 et
624 5620 888 5682 Isaacium
949 5633 1156 5701 pariter
1184 5634 1304 5705 ejus
1344 5643 1552 5705 patrem
1586 5633 1804 5692 laudata
1861 5633 2042 5690 versio
2075 5620 2364 5695 memorat.
2391 5641 2446 5696 2.
2500 5620 2887 5714 Theophanem
2927 5643 3072 5700 circa
3102 5620 3305 5700 Christi
3351 5661 3553 5702 annum

586 5719 862 5782 ΡΑτιιοι..
898 5725 1013 5786 Gn.
1049 5726 1263 5788 CVIII.

3118 5735 3141 5797 1

486 5833 510 5862 Ι

333 5863 616 6132 “$7

296 6124 346 6168 ς
375 6113 480 6168 "/
