4006 6216
362 315 428 380 15
629 374 636 381 .
1407 314 1528 376 FR.
1562 312 1711 374 COM
1722 312 1998 373 BEFISII
2054 312 2470 374 PREFATIO.
3524 309 3590 375 16

353 429 583 490 centonio
616 424 965 499 pra-solibus,
987 437 1110 494 quer
1135 423 1259 481 loco
1282 425 1505 496 praprio
1533 436 1859 483 revocantur
1895 427 1949 481 in
1973 426 2325 482 concordiam
2361 445 2375 482 :
2409 440 2598 481 verum
2625 426 2719 496 qui
2742 424 3128 481 dormitantem
3157 425 3361 496 patitur
3389 424 3592 484 Hann--

352 533 497 582 rum,
534 513 916 585 Theophanem
951 511 1157 581 lapsum
1206 525 1318 566 non
1350 512 1541 581 eriget,
1569 523 1664 569 aut
1690 514 1812 584 ejus
1846 527 2091 570 errorem
2138 514 2195 570 in
2228 514 2351 569 aliis
2378 528 2485 598 non
2524 514 2992 584 corriget?........
3026 512 3470 570 Emendationem
3501 533 3597 572 su-

353 612 504 677 perat
533 616 746 659 omnem
769 600 1138 655 Romanorum
1166 599 1547 669 episcoporum
1573 614 1773 659 nomen
1798 601 2141 673 frequentius
2183 600 2473 665 omissum,
2503 611 2557 655 et
2594 612 2726 656 aetas
2769 614 2800 655 a
2851 615 2975 670 pag.
2999 599 3106 654 208
3132 601 3343 655 auctori
3386 602 3603 672 penitus

353 695 559 764 ignota.
595 689 677 746 l9.
720 686 1065 742 Alexandriae
1111 686 1357 756 quamvis
1423 695 1480 742 et
1530 688 1832 745 Antiochiae
1878 689 2196 759 pontiﬁcum
2246 704 2467 752 nomen,
2519 698 2842 758 anatemque
2913 688 2967 741 iu
3037 687 3305 743 hereseos
3353 689 3605 745 admissae

352 783 537 837 odium
585 787 642 834 et
685 778 990 842 horrorem,
1025 783 1148 846 post
1173 774 1416 831 historiae
1462 775 1783 832 umbilicum
1831 775 1902 831 ab
1949 791 2016 833 eo
2062 777 2337 847 praeterita
2387 776 2716 832 existimem.
2749 774 2842 831 2t).
2904 773 3164 830 Errorum
3223 789 3358 831 sane
3409 777 3603 847 hujus-

354 868 520 932 lllOtli,
572 866 620 925 si
670 880 893 922 causam
921 865 1148 927 diceret,
1170 877 1279 918 non
1330 862 1514 928 aliam,
1542 878 1631 919 me
1655 864 1986 934 conjecture,
2022 877 2186 933 quam
2228 865 2500 918 variorum
2528 871 2813 917 auctorum
2845 862 3192 928 sententiam,
3239 877 3608 936 numerosque

352 955 533 1009 varios
592 960 859 1017 secutum,
894 964 1139 1020 opusque
1199 949 1501 1020 proprium,
1550 961 1780 1020 urgente
1824 950 2218 1021 persecutionis
2247 951 2601 1015 necessitate,
2629 965 2737 1004 non
2774 949 3141 1012 recensuisse,
3173 948 3462 1023 proferret.

427 1039 715 1096 Beatitatis
740 1053 1006 1110 possessas
1037 1036 1281 1101 titulum,
1313 1037 1603 1107 sanctique
1636 1052 1837 1093 nomen
1895 1038 2082 1107 operis
2120 1038 2350 1108 hujusce
2381 1037 2572 1093 titulus
2602 1052 2633 1091 a
2676 1051 2783 1103 me,
2822 1037 3015 1102 lateor,
3043 1036 3210 1093 verbo
3257 1038 3375 1093 solo
3401 1038 3604 1093 immu-

355 1141 504 1185 tatus
542 1129 755 1183 auctori
793 1125 1111 1195 Theophani
1141 1124 1395 1181 ascribit.
1424 1123 1532 1180 Sed
1573 1140 1674 1180 nec
1703 1125 2025 1183 mutationis
2059 1125 2295 1181 inducta:
2323 1126 2588 1195 poenitet:
2621 1129 2786 1196 quem
2842 1124 3043 1180 etenim
3090 1125 3358 1179 virtutum
3397 1124 3610 1181 facino-

355 1217 509 1272 ribus
540 1212 835 1286 praelatis,
875 1211 1189 1282 dillicilique
1216 1221 1269 1267 et
1297 1212 1498 1282 insigni
1530 1212 1651 1268 ﬁdei
1704 1213 2023 1269 testimonio
2067 1213 2438 1284 perfunctum,
2475 1223 2532 1269 et
2566 1227 2791 1270 sanctos
2858 1213 3001 1268 inter
3036 1213 3305 1268 adlectum
3360 1214 3606 1270 caelitum

355 1303 677 1366 honoribus,
715 1314 861 1355 anno
905 1313 1125 1370 quoque
1168 1298 1450 1365 redeunte,
1497 1301 1784 1356 orientalis
1833 1300 2079 1357 Ecclesia
2122 1300 2364 1356 celebrat
2402 1341 2419 1368 ,
2452 1301 2600 1356 hunc
2654 1316 2774 1371 ego,
2811 1299 3028 1370 juratus
3073 1301 3427 1372 quantumvis
3470 1316 3606 1357 mss.

353 1390 474 1460 ejus
496 1387 891 1459 exemplarium
937 1394 1142 1456 septem
1173 1395 1411 1442 sectator
1453 1385 1698 1454 futurus,
1732 1396 1786 1444 et
1820 1404 1935 1445 exet

2024 1404 2075 1443 Μ’
2110 1388 2320 1455 ﬁdelis;
2350 1386 2561 1458 abiecta
2590 1388 2895 1457 Θεοφάνους
2942 1387 3294 1458 ἁμαρτωλοῡ,
3328 1397 3489 1460 prout
3514 1389 3606 1443 illa

360 1476 513 1530 nullo
561 1491 685 1529 cum
745 1472 1068 1528 discrimine
1104 1472 1412 1543 proferunt,
1451 1474 1833 1544 appellatione,
1868 1474 2268 1544 indigitandttm
2318 1475 2453 1529 mihi
2485 1489 2833 1545 nequaquam
2867 1475 3014 1544 potui
3072 1475 3422 1544 persuadere.
3453 1475 3607 1542 Quod

357 1560 460 1619 sibi
503 1574 694 1619 mutuo
722 1561 976 1617 monachi
1040 1561 1359 1628 orientales,
1393 1562 1717 1633 Theophani
1766 1564 2033 1623 monacho
2074 1563 2324 1633 praestiti.
2366 1562 2445 1616 Illi
2496 1563 2857 1633 ἁμαρτωλοὺς
2890 1563 3163 1632 privatim,
3212 1578 3278 1619 ac
3307 1563 3506 1634 passim
3548 1578 3610 1633 se

356 1652 560 1723 quique
591 1647 841 1721 professi,
871 1648 1059 1718 ἁγίους
1083 1648 1315 1705 invicem
1343 1664 1403 1705 se
1424 1650 1662 1706 salutant
1690 1669 1704 1707 :
1732 1651 1809 1707 ita
1832 1662 1913 1707 est
1935 1659 1990 1707 et
2014 1651 2144 1705 mihi
2172 1668 2187 1717 ;
2222 1666 2346 1722 quae
2399 1650 2705 1720 Θεοφάνους
2734 1667 2873 1721 opus
2904 1654 3008 1705 hoc
3032 1659 3304 1705 testantur
3331 1649 3611 1720 exempla-

359 1739 461 1803 ria,
489 1736 816 1808 ἁμαρτωλοῦ
849 1736 1056 1807 pariter
1092 1749 1365 1793 asserunt.
1407 1734 1550 1803 Quid
1581 1746 1694 1793 tum
1725 1738 1749 1793 ?
1795 1754 1958 1809 quem
1986 1737 2231 1796 Ecclesia
2262 1749 2512 1799 sanetum
2539 1740 2693 1806 colit,
2740 1741 2901 1807 cujus
2935 1739 3083 1795 coelo
3112 1751 3168 1794 et
3196 1740 3612 1795 immortalitate

355 1826 551 1897 dignas
579 1824 826 1880 actiones
858 1826 1000 1895 lego,
1054 1824 1241 1891 laudo,
1273 1824 1454 1881 refero
1492 1826 1563 1882 ad
1592 1826 1713 1897 ejus
1749 1829 1935 1898 operis
1965 1828 2155 1895 limen,
2205 1826 2460 1883 eumdem
2495 1842 2596 1899 ego
2629 1842 2759 1897 erga
2816 1828 3118 1882 litterulam
3144 1827 3456 1899 religiosus,
3482 1843 3612 1898 erga

356 1913 570 1968 cmlites
598 1912 926 1984 injuriosus,
962 1912 1107 1967 inter
1130 1911 1387 1967 Ecclesia:
1429 1911 1619 1969 Patres
1649 1913 1805 1983 ἄτιον
1832 1916 1880 1971 si
1916 1916 2145 1972 minime
2178 1916 2579 1972 recensuissem
2602 1966 2619 1995 ,
2651 1930 2722 1971 ne
2752 1914 3053 1984 impietatis
3100 1929 3430 1982 arcesseres,
3455 1914 3616 1969 Chri-

356 2000 535 2057 stiane
554 2002 747 2065 lector,
787 2000 1036 2063 verebar.
1073 1998 1374 2055 Verborum
1407 2002 1573 2071 igitur
1607 2002 1878 2072 ipsorum,
1905 2004 1938 2057 Ε

2035 2005 2214 2069 niveo;
2244 2002 2576 2072 ἁμαρτωλοῦ
2612 2003 2756 2067 vice,
2787 2001 2888 2054 τοῦ
2915 2003 2976 2054 ὲν
3009 2001 3190 2070 ἁγίοις
3213 2001 3425 2071 Πατρδς
3456 2001 3617 2073 ἡμῶν

356 2089 802 2146 substituendum
836 2097 989 2143 ratus
1021 2106 1163 2145 sum.
1197 2088 1299 2144 Ms.
1324 2090 1497 2144 codex
1514 2105 1582 2145 ex
1605 2107 1716 2161 quo
1743 2092 2148 2162 reliqua,nulla
2180 2091 2485 2146 mutatione
2509 2088 2753 2155 inducta,
2780 2088 3084 2157 desumpsi,
3107 2089 3291 2159 regius
3316 2098 3421 2155 est,
3450 2101 3617 2143 mann

360 2175 504 2232 lidcli
551 2176 779 2247 antiqua
827 2185 883 2233 et
922 2176 1149 2248 probata
1178 2186 1460 2242 exaratos,
1500 2186 1557 2233 et
1587 2180 1656 2233 ad
1685 2178 1889 2235 Leonis
1914 2178 2294 2245 Grammatici,
2331 2177 2423 2245 qui
2446 2175 2835 2245 Theophanem
2862 2175 3133 2246 sequitur,
3168 2186 3226 2231 ut
3255 2174 3620 2246 Theophanes

360 2261 651 2335 Georgium
696 2264 1011 2337 Syncellum
1054 2265 1279 2336 excipit,
1305 2267 1771 2335 comparationem
1802 2267 2086 2337 inspectus
2108 2279 2177 2319 ex
2201 2262 2559 2319 amanuensis
2588 2261 2932 2325 testimonio,
2964 2273 3092 2316 ante
3117 2276 3293 2316 annos
3330 2270 3621 2316 sescentos

359 2355 416 2404 et
451 2350 687 2420 amplius
720 2353 1025 2423 descriptus
1052 2352 1384 2424 agnoscitur.
1413 2352 1623 2408 Asserti
1665 2352 1833 2423 hujus
1859 2359 2185 2424 argumenta
2214 2348 2544 2420 protulimus
2572 2347 2641 2403 ad
2671 2345 2891 2418 Georgii
2929 2347 3167 2419 Syncelli
3214 2346 3615 2418 pretationem-

2956 2506 3339 2521 ψ

407 2505 2902 2531 WW—

1292 2650 1932 2745 CANDIDO
2082 2648 2679 2743 LECTORI

1499 2833 1563 2892 F.
1604 2829 2076 2893 FRANCISCUS
2113 2828 2491 2891 COMBEFIS
2756 2840 2759 2841 ⁷

1000 2987 1251 3036 οιιοιΝιε
1313 2988 1405 3031 FF.
1455 2985 1951 3031 PBEDICATOBUM
2002 2983 2537 3031 CONGREGATIONIS
2575 2985 2628 3031 S.
2672 2984 2987 3031 LUDOVICI.

370 3320 377 3327 ἱ
446 3258 527 3312 Eu
560 3258 653 3312 tibi
678 3258 772 3311 ditt
802 3266 1159 3323 exspectatum
1194 3259 1293 3312 viri
1324 3259 1678 3326 sanctissimi,
1707 3276 1800 3314 nec
1828 3259 2063 3329 ἀσκήσει
2094 3258 2271 3314 minus
2310 3272 2373 3311 ae
2398 3256 2753 3327 confessione,
2786 3269 2945 3324 quant
2975 3254 3240 3308 scribendi
3264 3255 3532 3311 industria
3563 3274 3627 3313 ac

372 3347 552 3402 labore
595 3344 851 3411 illustris,
893 3340 1231 3415 Theophanis
1263 3345 1773 3417 chronographicum
1820 3362 1975 3418 opus,
2005 3361 2069 3400 ac
2107 3345 2388 3399 historiam
2416 3360 2437 3408 ;
2470 3351 2529 3425 ut
2568 3341 2721 3411 cujus
2757 3342 3062 3396 summariis
3110 3338 3310 3399 Crtecis
3338 3345 3540 3413 puriter
3564 3363 3628 3400 ac

372 3433 586 3488 Latinis
613 3432 870 3487 hactenus
898 3432 1183 3504 fruebaris,
1235 3433 1351 3501 ipso
1381 3449 1521 3487 nunc
1548 3434 1728 3505 pleno,
1764 3451 1828 3489 ac
1855 3437 2011 3506 quale
2043 3439 2121 3492 vel
2156 3436 2266 3505 ipse
2302 3435 2492 3499 edidit,
2522 3433 2600 3488 vel
2635 3433 2704 3487 ad
2734 3449 2828 3487 nos
2863 3432 3106 3487 codicum
3143 3449 3244 3487 non
3283 3449 3449 3501 parva
3485 3452 3628 3507 seges

375 3522 698 3588 transmisit,
727 3520 1089 3576 abundantius
1107 3519 1404 3579 delecteris.
1425 3521 1494 3575 Et
1516 3539 1579 3577 ea
1612 3520 1944 3593 Theophanis
1975 3542 2077 3579 non
2108 3524 2330 3578 minima
2360 3522 2654 3593 laus,quod
2684 3522 2797 3592 ejus
2830 3524 2983 3576 toties
3008 3522 3272 3592 descripta
3301 3522 3625 3591 lucubratio,

372 3610 492 3678 ipsa
530 3606 788 3663 brevitate
826 3623 946 3662 cum
988 3607 1110 3676 pari
1136 3606 1511 3678 perspicuitate
1547 3607 1795 3667 lectorem
1837 3627 2100 3674 recreans,
2119 3611 2537 3680 immensumque
2572 3610 2918 3663 historiarum
2950 3622 3129 3679 wquor
3154 3608 3297 3662 haud
3329 3609 3406 3662 ita
3447 3610 3631 3664 multis

374 3694 614 3748 rcrsibus
660 3703 1043 3764 reprtesentans
1076 3708 1095 3748 :
1143 3696 1281 3764 quod
1314 3695 1438 3748 item
1467 3696 1515 3749 si
1564 3697 1653 3766 qui
1689 3696 1799 3767 fere
1826 3696 1994 3752 (irasci
2031 3698 2313 3771 Latinique
2358 3709 2473 3770 post
2504 3715 2623 3753 eum
2662 3714 2722 3752 eo
2753 3697 2892 3752 velut
2927 3698 3230 3752 charactere
3264 3698 3535 3767 scripsere,
3572 3715 3634 3753 ac

374 3782 721 3836 Itiuoriarum
774 3781 1038 3836 breuiaria
1087 3782 1313 3853 posteris
1340 3781 1617 3853 reliquere,
1662 3784 1838 3855 quoad
1867 3784 1964 3840 illa
1994 3789 2307 3860 porrigitur,
2339 3798 2586 3843 nontam
2623 3802 2776 3840 suum
2818 3785 3024 3856 aliquid
3060 3786 3433 3856 produxerim,
3471 3802 3633 3856 quam

374 3870 671 3924 subiectum
701 3869 1087 3940 Theophanem,
1116 3871 1274 3942 inque
1301 3870 1534 3940 majores
1564 3882 1806 3926 coactum
1836 3874 2139 3944 angustias,
2160 3874 2471 3943 suppressis.
2492 3888 2595 3927 non
2626 3874 2835 3942 paucis,
2862 3874 3029 3943 iisque
3062 3873 3276 3927 minime
3305 3874 3632 3942 spernendis,

376 3955 487 4011 alio
512 3956 591 4011 rel
618 3955 892 4023 idiomate,
922 3957 1001 4013 vel
1023 3957 1163 4028 stle
1190 3956 1429 4013 nonnihil
1458 3958 1664 4027 puriori
1702 3960 2048 4016 reddiderint.

446 4043 525 4101 De
586 4041 919 4115 Theophane,
967 4044 1185 4115 ejusque
1255 4043 1549 4110 natalibus,
1616 4061 1680 4099 ac
1739 4046 1862 4101 vita:
1920 4056 2032 4100 tota
2084 4048 2448 4111 institutione,
2505 4060 2706 4099 necnon
2765 4045 2829 4098 ds
2877 4048 3022 4102 illius
3074 4064 3226 4117 opere
3284 4050 3402 4112 hoc,
3473 4064 3539 4100 ac
3584 4049 3635 4101 ei

379 4132 569 4187 ceteris
603 4130 729 4185 aliis
761 4130 996 4200 ejusdem
1015 4132 1271 4193 nominis,
1302 4145 1367 4186 ac
1393 4132 1627 4183 instituti
1656 4146 1678 4194 ;
1719 4139 1911 4194 prater
1940 4140 2279 4185 monumenta
2307 4130 2408 4199 ipsi
2432 4129 2556 4183 libri
2588 4130 2756 4198 fronti
2782 4132 3029 4200 pmﬁxa,
3070 4133 3253 4186 multis
3284 4134 3416 4187 satis
3458 4131 3525 4186 R.
3561 4130 3630 4187 Ρ.

380 4214 616 4272 Iacobus
645 4216 792 4273 Goar
823 4218 853 4270 ὁ
906 4216 1241 4286 μακαρίτης,
1274 4216 1388 4283 ipso
1416 4216 1598 4269 statim
1636 4214 1819 4268 limine
1841 4230 2026 4269 earum
2054 4214 2343 4280 Notarum,
2376 4230 2509 4286 quas
2543 4215 2691 4269 illius
2713 4216 3023 4284 posthumas
3050 4217 3302 4286 produxi.
3332 4215 3459 4270 Jam
3490 4217 3632 4270 enim

383 4304 716 4379 Theophanis
752 4313 863 4359 toto
889 4305 1002 4371 ipso
1032 4312 1199 4369 testu,
1232 4302 1462 4372 adeoque
1492 4314 1539 4359 et
1564 4301 1754 4358 Leonis
1780 4299 2151 4367 Grammatici,
2190 4302 2419 4372 exceptis
2445 4301 2672 4371 fortasse
2708 4303 2952 4370 pauculis
2982 4301 3148 4372 foliis,
3183 4305 3317 4373 typis
3354 4302 3629 4369 mandato,

377 4395 621 4463 notisque
644 4392 715 4444 ad
748 4386 1112 4457 Theophanem
1141 4390 1406 4444 duntaxat
1438 4392 1675 4462 digestis,
1708 4391 1838 4445 dum
1882 4388 2287 4456 absolutionem,
2325 4389 2631 4460 majoraque
2659 4389 2771 4443 alia
2809 4392 2891 4444 vir
2914 4390 3122 4458 pietati,
3163 4390 3378 4455 litteris,
3411 4389 3631 4447 Gracia

380 4488 541 4535 natus
574 4481 774 4547 cogitat
806 4493 825 4542 ;
855 4490 977 4530 mos:
1005 4476 1115 4547 fere
1153 4477 1479 4532 sanctissimi
1494 4476 1919 4533 Prcedicatorum
1945 4478 2200 4533 antistitis
2231 4477 2500 4532 Dominici
2528 4478 2597 4531 ad
2620 4476 2803 4531 Nonas
2827 4478 3052 4548 Augusti
3076 4479 3203 4532 anui
3235 4478 3378 4534 1653
3411 4476 3630 4550 expletis

382 4567 558 4638 feriis,
592 4565 769 4639 gravis
802 4579 1025 4620 accensa
1047 4563 1149 4619 bile
1189 4563 1400 4619 morbus
1428 4566 1633 4621 invadit
1663 4607 1677 4631 ,
1716 4582 1778 4622 ac
1809 4565 1878 4622 ad
1918 4566 2271 4639 Septembrem
2288 4567 2409 4637 jam
2434 4579 2721 4639 vergentem
2766 4569 2910 4622 varie
2946 4569 3297 4635 discrucians,
3327 4588 3389 4625 ac
3411 4588 3631 4641 corpus-

383 4656 561 4710 culum
595 4655 854 4721 deterens,
881 4654 944 4709 de
976 4653 1153 4727 patria
1208 4662 1365 4725 atque
1391 4655 1538 4710 exitu
1559 4654 1847 4711 sollicitum
1874 4657 2007 4727 facit
2029 4656 2280 4728 ;quando
2305 4666 2355 4711 et
2388 4657 2469 4727 pie
2498 4657 2637 4712 inter
2661 4656 2889 4727 fratrum
2917 4673 3106 4711 manus
3129 4659 3277 4729 (quin
3306 4668 3355 4715 et
3372 4659 3631 4728 ﬁliorum,

381 4742 625 4799 sodalitii
686 4744 850 4798 totius
889 4744 999 4797 vice
1045 4743 1289 4814 magistri
1341 4744 1568 4808 ordinis,
1608 4752 1666 4799 ut
1713 4753 1922 4812 vocant,
1961 4761 2154 4816 praeses
2189 4747 2470 4815 exsistens)
2516 4746 2658 4799 diem
2710 4747 2839 4801 obit.
2896 4745 3091 4800 Statim
3146 4749 3321 4818 itaque
3364 4758 3636 4819 appetente

383 4829 762 4897 invaletudine,
796 4840 853 4884 ut
886 4831 1022 4885 nihil
1051 4849 1115 4886 ea
1151 4834 1266 4901 ipso
1289 4833 1508 4887 exordio
1537 4833 1719 4886 mitior
1740 4833 1864 4901 fuit,
1887 4845 1944 4886 ut
1976 4835 2115 4905 quod
2141 4842 2429 4903 superesset
2457 4831 2757 4901 Theophani
2781 4844 3086 4903 prmstarem
3118 4852 3211 4905 pro
3254 4838 3470 4909 antiquo
3499 4840 3637 4894 ami-

309 4966 315 4973 .
384 4920 530 4995 cilia:
552 4921 694 4990 jure,
729 4934 792 4971 ac
823 4919 1182 4974 communibus
1218 4923 1409 4976 studiis
1448 4923 1607 4976 etiam
1639 4923 1899 4993 etiamque
1937 4920 2161 4991 rogavit.
2190 4921 2406 4986 Annui;
2457 4936 2548 4973 nec
2571 4920 2709 4973 enint
2742 4921 2818 4974 vel
2846 4921 3013 4975 amico
3041 4920 3266 4992 aliquid,
3300 4933 3390 4977 aut
3424 4941 3530 4978 rem
3557 4927 3637 4980 sic

382 5010 611 5079 justam,
642 5023 769 5078 eque
795 5023 849 5061 re
870 5010 1135 5063 communi
1170 5026 1359 5080 negare
1380 5010 1548 5077 potui.
1592 5007 1769 5064 Notas
1797 5011 1974 5079 itaque
2000 5008 2180 5080 quales
2212 5008 2410 5064 relicta:
2452 5017 2626 5074 erant,
2651 5008 2795 5078 prelo
2824 5008 3024 5078 subjeci
3044 5049 3060 5075 ,
3094 5025 3158 5063 ac
3194 5028 3356 5081 quam
3380 5016 3549 5083 potui,
3574 5023 3633 5066 ut

393 5098 669 5152 emendate
699 5095 978 5164 prodeant,
1014 5097 1217 5150 curavi.
1263 5096 1503 5151 Iudicem
1542 5098 1962 5169 copiosissimum
1981 5138 1998 5166 ,
2028 5098 2165 5169 quod
2193 5099 2270 5152 ita
2314 5098 2649 5152 commodum
2680 5098 2944 5153 videretur
2975 5099 3439 5171 chronographice:
3467 5109 3630 5153 tanta

383 5185 670 5250 molitioni,
697 5182 890 5252 adjeci,
925 5192 1194 5255 totumque
1221 5186 1351 5238 adeo
1378 5185 1700 5255 Theophanis
1726 5190 1898 5249 ipsum
1936 5195 2154 5253 textum,
2194 5201 2258 5240 ac
2277 5185 2465 5240 Leonis
2494 5184 2848 5241 Grammatici
2868 5227 2883 5251 ,
2926 5189 3310 5260 versionemque
3341 5200 3626 5253 recensens,

377 5283 734 5328 occurrerunt
782 5272 971 5338 multa,
1014 5287 1131 5343 quae
1173 5273 1430 5327 secundas
1480 5291 1635 5329 curas
1684 5277 1759 5329 sic
1811 5275 1978 5345 spisso
2028 5291 2175 5340 opere
2203 5273 2501 5328 viderentur
2528 5272 2846 5328 desiderare.
2884 5272 2947 5329 In
2992 5292 3107 5331 eam
3155 5293 3259 5330 rem
3288 5276 3450 5343 igitur
3474 5284 3631 5328 notas

378 5364 724 5429 posteriores,
762 5378 826 5417 ac
871 5361 1257 5416 emendationcs
1301 5363 1545 5427 strictim,
1584 5379 1809 5433 peueque
1829 5362 2156 5432 defunctorie
2195 5360 2542 5416 instituendas
2568 5364 2771 5430 putavi,
2803 5372 2859 5416 ut
2889 5363 2943 5417 id
2983 5364 3094 5433 fere
3122 5371 3425 5433 pra'starem
3473 5359 3629 5414 Patri

386 5445 532 5502 Guar
556 5451 611 5503 in
651 5448 984 5519 Theophane,
1014 5451 1152 5519 quod
1186 5450 1275 5504 ille
1298 5449 1578 5520 Xylandro
1601 5454 1656 5505 in
1683 5452 1862 5521 Rogita
1885 5452 2132 5504 editionis
2163 5450 2416 5503 Cedreno.
2461 5448 2573 5503 Nec
2600 5452 2737 5504 enim
2767 5453 2907 5520 quod
2935 5452 3175 5507 (ἐνσεσενο
3206 5452 3260 5503 in
3294 5449 3516 5512 Codino,
3542 5450 3631 5502 ubi

374 5551 487 5589 enen
539 5535 921 5603 defunctorius,
949 5538 1053 5604 ,sed
1088 5539 1265 5607 plane
1294 5539 1553 5607 emquisito
1585 5554 1755 5607 opere,
1787 5537 1851 5591 de
1884 5540 2072 5592 ts‘rwca
2098 5537 2354 5608 sequioris
2380 5538 2674 5605 prtesertim
2714 5541 2971 5610 mediique
3013 5544 3105 5594 arvi
3138 5538 3462 5599 litteratura,
3490 5536 3630 5591 idem

384 5623 598 5676 laudem
627 5622 801 5677 habet.
837 5624 1057 5679 Interim
1097 5626 1317 5696 angebat
1348 5627 1604 5688 animum,
1652 5627 1789 5697 quod
1812 5624 2070 5695 Crtecum
2097 5625 2365 5692 exemplar
2387 5623 2741 5683 Laudationis
2800 5627 3124 5698 Theophanis
3159 5641 3412 5695 nusquam
3443 5640 3627 5678 oecur-

374 5719 517 5763 reret
559 5720 576 5763 ξ
614 5707 937 5778 Lipomanus
969 5713 1255 5782 duntaxat,
1285 5728 1448 5783 eaque
1476 5730 1534 5767 co
1563 5712 1754 5769 Surius
1778 5715 1847 5768 ad
1878 5711 2064 5769 Martii
2092 5712 2178 5780 12,
2211 5710 2459 5768 Latinam
2487 5724 2905 5785 repra'seutaret.
2936 5713 3121 5784 Ipsum
3158 5714 3298 5785 quod
3329 5715 3408 5769 ita
3443 5710 3630 5768 Latine
