4006 6216
382 288 441 354 Π
1647 284 2141 346 TIIEOPIIANIS
2193 285 2390 347 VITA.
3588 284 3654 357 18

379 398 638 451 redditum
665 401 802 457 erat,
841 399 1254 445 monumentum
1286 390 1546 461 egregium
1566 390 1856 457 indicabat,
1887 407 1989 461 quo
2011 398 2059 445 et
2089 387 2407 445 Anastasius
2441 391 2731 447 delectatus
2756 399 2907 449 esset.
2941 391 3231 447 Audieram
3258 408 3391 461 sa’pe
3416 408 3655 458 queren-

385 500 485 542 tem
529 482 594 539 P.
629 481 792 547 Goer,
834 480 986 551 quod
1019 493 1287 547 nusquam
1324 477 1472 531 illius
1515 474 1722 547 copiam
1766 479 2160 533 nancisceretur
2191 496 2209 533 :
2234 481 2343 550 ipse
2389 479 2731 534 nihilominus
2769 479 2902 534 nihil
2937 480 3393 548 importunitatem
3429 481 3650 547 ueritus,

384 590 548 644 quam
572 569 921 642 gratissimam
952 566 1076 635 fore
1105 580 1379 632 noueram,
1398 564 1689 635 pulsandas
1714 567 1907 620 iterum
1931 567 2334 621 eminentissimi
2362 567 2655 622 cardinalis
2682 565 2957 621 Γναηεὶεεί
2979 565 3257 621 Barberini
3282 567 3419 636 fores
3451 567 3507 622 in
3536 585 3654 623 eam

392 676 509 715 rem
538 657 749 712 decrevi.
775 655 967 711 Scriba
1016 654 1208 725 igitur,
1248 652 1525 722 deplorato
1568 653 1757 723 fratris
1793 653 2100 709 charissimi
2129 656 2269 717 apud
2302 671 2649 718 communem,
2693 655 2917 726 olimque
2967 656 3199 709 amicum
3244 656 3449 725 funere,
3492 671 3657 711 unum

401 751 602 810 deesse,
628 761 717 815 quo
757 741 1098 811 Theophanis
1145 749 1299 810 pater
1338 741 1449 811 ipse
1485 748 1640 813 atque
1672 746 1961 809 productor
2002 744 2245 797 videatur
2275 760 2405 798 esse.
2441 742 2670 798 Multum
2708 744 2916 815 quidem
2946 743 3001 797 in
3030 759 3147 799 eum
3187 744 3487 807 contulisse,
3518 746 3659 816 quod

416 835 690 903 Romam
716 830 1059 887 Buecarduus
1102 829 1455 883 domesticum
1493 828 1648 884 Latio
1693 830 1953 885 donatum
1987 831 2134 899 prelo
2180 833 2538 897 adamaverit,
2578 849 2796 903 eamque
2846 829 3086 885 Parisios
3133 833 3421 887 versionem
3441 832 3490 887 si
3527 833 3658 904 quid

421 924 535 977 usui
560 937 655 976 esse
674 929 862 989 posset,
885 917 1282 982 destinaverit;
1308 924 1365 970 ut
1387 932 1569 986 nempe
1598 917 1867 974 illustrior
1892 919 2130 988 prodiret
2160 921 2295 991 typis
2313 920 2507 992 Regiis,
2531 920 2813 989 Patrisque
2846 917 2992 976 Goer
3017 919 3395 973 maturioribus
3429 919 3659 987 studiis;

423 1010 673 1078 qualitati
701 1006 1039 1077 Theophanis
1074 1014 1279 1060 textum
1300 1021 1419 1059 eum
1465 1003 1734 1061 Vaticanis
1755 1022 1863 1064 uno
1913 1018 1965 1062 et
1992 1006 2163 1062 altero
2194 1008 2468 1072 collatum,
2497 1020 2555 1063 ut
2582 1009 2707 1063 inde
2735 1006 2926 1079 Regius
2958 1007 3360 1077 antiquissimus
3388 1005 3662 1074 Theopha-

418 1099 488 1152 uis
511 1107 666 1152 textus
692 1096 988 1161 illustrari,
1014 1095 1235 1160 sarciri,
1268 1111 1331 1149 ac
1351 1094 1623 1150 emendari
1650 1105 1844 1163 posset,
1883 1094 2261 1151 transmiserit.
2297 1094 2490 1151 Deesse
2520 1096 2772 1151 nimirum
2800 1096 3000 1149 dictum
3026 1102 3176 1149 tanto
3205 1096 3337 1157 uiro,
3374 1103 3660 1166 sanctoque

411 1186 466 1238 ab
488 1184 685 1253 aquati,
716 1184 793 1238 cel
819 1184 1052 1254 suppari
1062 1181 1401 1237 Encomium.
1437 1181 1502 1236 Id
1517 1191 1575 1239 ut
1606 1182 1980 1254 diligentia,ac
2006 1185 2324 1240 auctoritate
2351 1183 2481 1238 milii
2503 1183 2763 1248 obtineat,
2785 1194 2965 1240 omnes
2991 1184 3044 1237 in
3078 1182 3388 1252 Theophane
3414 1196 3658 1236 numeros

405 1270 718 1337 implevisse:
755 1269 872 1339 ejus
915 1271 1178 1323 editionis
1226 1269 1520 1323 maximam
1548 1281 1885 1326 consecutum
1910 1271 2164 1342 gloriam,
2188 1281 2573 1345 pati-anumque
2608 1274 2665 1328 in
2701 1272 2844 1328 caelis
2873 1272 3193 1327 demeruisse
3213 1271 3657 1338 potentissimum.

407 1358 557 1411 Audit
577 1358 684 1413 hac
706 1358 835 1412 nihil
861 1358 1017 1427 segni
1050 1374 1185 1412 aure
1210 1356 1664 1413 eminentissimus
1701 1360 1961 1428 princeps,
1990 1376 2118 1414 suos
2158 1359 2366 1425 Romae,
2404 1377 2466 1416 ac
2498 1360 2728 1419 aliorum
2762 1362 2966 1431 frustra
2992 1359 3194 1415 excutit
3222 1358 3448 1427 pluteos,
3489 1356 3660 1421 Sura—

410 1461 575 1509 cusas,
595 1462 657 1499 ac
687 1444 931 1501 Sreiliam
962 1445 1210 1516 vestigat,
1258 1442 1499 1499 Venetias
1526 1446 1791 1512 rimatur;
1822 1447 2002 1518 illique
2027 1450 2245 1504 tandem
2269 1450 2476 1520 fauente
2500 1448 2732 1505 Numine
2762 1450 3043 1505 thesaurus
3069 1449 3300 1503 occurrit
3321 1448 3375 1501 in
3396 1445 3455 1502 S.
3482 1445 3663 1501 Marci

413 1532 720 1588 bibliotheca
747 1535 929 1588 codice
964 1550 986 1598 ;
1017 1548 1088 1587 ea:
1122 1548 1226 1603 quo
1250 1532 1305 1587 in
1341 1548 1435 1589 nos
1462 1533 1749 1600 deriuatus,
1777 1550 1941 1606 eaque
1965 1538 2292 1595 eminentiss.
2325 1536 2625 1597 cardinalis
2657 1536 2939 1593 Barberini
2966 1534 3267 1605 diligentia,
3300 1535 3658 1590 eminentissir

410 1622 569 1690 suique
605 1622 812 1692 college
840 1622 1058 1675 cardiu.
1086 1619 1342 1675 Ottoboni
1379 1620 1653 1690 beneﬁcio,
1687 1632 1846 1692 atque
1884 1639 2116 1681 munere.
2146 1624 2350 1691 Habes,
2381 1625 2564 1693 lector,
2592 1626 2720 1695 quid
2755 1625 2862 1690 {ere
2898 1623 3196 1694 prtestitum
3234 1624 3290 1678 in
3323 1622 3655 1693 Thebphane,

416 1725 473 1761 ac
498 1709 580 1777 qui
625 1710 679 1761 in
708 1727 764 1763 eo
793 1707 1117 1763 contulerint
1150 1722 1385 1777 operam,
1433 1706 1562 1764 dum
1595 1718 1775 1763 tamen
1819 1710 1958 1767 uiros
2003 1712 2333 1771 clarissimos
2385 1715 2583 1786 fratres
2612 1714 2903 1780 Puteanos,
2939 1711 3031 1768 τὸν
3066 1710 3399 1783 μακαρίτην,
3431 1723 3480 1767 et
3506 1726 3658 1783 quens

418 1793 546 1849 Deus
574 1794 663 1851 diu
687 1797 1021 1866 superstitem
1047 1802 1237 1860 servet,
1264 1811 1357 1851 nec
1392 1796 1537 1867 ipsos
1564 1796 1798 1867 defuisse
1821 1838 1836 1864 ,
1870 1810 1926 1855 ut
1960 1816 2220 1872 nusquam
2257 1800 2406 1856 bonis
2450 1803 2645 1857 studiis
2687 1803 2896 1866 desunt,
2929 1800 3121 1873 quibus
3156 1799 3359 1868 possint
3391 1798 3658 1871 prodesse.

421 1898 518 1936 non
540 1885 823 1939 nesciveris.
857 1881 1064 1939 Prester
1088 1882 1231 1937 enim
1254 1880 1476 1954 Regium
1501 1884 1929 1952 antiquissimum
1960 1888 2215 1952 codicem,
2247 1890 2299 1943 in
2325 1906 2428 1961 quo
2462 1887 2694 1960 Syncelli
2723 1888 3153 1960 chronographia:
3177 1886 3506 1958 Theophanis
3539 1896 3658 1944 tex-

434 1983 534 2035 tus,
558 1981 753 2041 tumque
776 1971 953 2025 leonis
985 1969 1334 2027 Grammatici
1375 1972 1727 2039 subnectitur,
1752 1990 1817 2029 ea:
1835 1991 1937 2045 quo
1968 1973 2035 2029 P.
2060 1974 2205 2030 (ἶσαι-
2225 1978 2367 2032 edita
2400 1978 2577 2031 omnia
2603 1977 2904 2047 exscripsit,
2937 1975 3314 2031 humanissime
3351 1976 3659 2030 commoda-

444 2069 575 2121 ιιι,
595 2060 747 2112 etiam
763 2056 1118 2128 Pegresiunum
1145 2058 1319 2113 eidem
1342 2069 1720 2127 procurarunt,
1748 2077 1810 2115 ac
1829 2062 1944 2131 ejus
1962 2078 2073 2118 esse
2100 2064 2401 2131 uoluerunt,
2421 2082 2525 2120 non
2542 2065 2785 2119 inutilem
2809 2063 2962 2118 illum
2980 2072 3091 2116 tum
3112 2077 3208 2118 suo
3231 2062 3405 2132 ipsum
3428 2061 3656 2127 nomine,

449 2154 552 2196 tutu
583 2146 704 2215 quia
720 2145 935 2199 mila/us
957 2162 1065 2198 cum
1094 2144 1379 2201 Palatina.

508 2230 846 2301 Theophanem
878 2234 1010 2289 brevi
1037 2245 1290 2304 sequetur
1318 2234 1673 2302 Continuator
1709 2250 1776 2290 ex
1808 2237 2208 2292 eminentissimi
2234 2234 2468 2309 ejusdem
2502 2236 2796 2291 cardinalis
2835 2234 3122 2291 Barberini
3161 2232 3360 2297 codice,
3404 2233 3474 2286 ad
3505 2247 3658 2303 quem

433 2315 585 2373 Pulli
601 2319 724 2374 dare
745 2321 907 2375 multa
934 2321 1194 2377 historica
1221 2323 1627 2379 eminentissimi
1652 2323 1945 2379 cardinalis
1975 2324 2246 2380 Mazarini
2285 2322 2451 2380 codex
2494 2322 2853 2395 spississimus
2884 2331 3144 2397 suggeret,
3171 2322 3321 2393 justo
3350 2317 3657 2389 complenda

412 2406 667 2463 columine.
713 2406 857 2465 Vale.
893 2424 945 2464 ιν
968 2408 1250 2465 Kalendas
1278 2409 1434 2466 Maii.
1470 2410 1631 2466 1655.

883 2659 1140 2745 ΒΙΟΣ
1195 2659 1390 2745 ΚΑΙ
1462 2659 2058 2748 ΕΓΚΩΜΙΟΝ
2124 2659 3148 2747 ΣΥΜΠΛΕΚΟΜΕΝΟΝ

1566 2827 1707 2882 ΤΟΥ
1745 2826 1947 2882 ΟΣΙΟΥ
1990 2828 2265 2885 ΠΑΤΡΟΣ
2298 2827 2499 2883 ΗΜΩΝ

1420 2973 2621 3112 ΘΕΟΦΑΝΟΥΣ,

1673 3169 1802 3222 ΤΟΥ
1839 3169 1972 3225 ΚΑΙ
2014 3171 2305 3224 ιΣΑΑκιο
2320 3173 2378 3225 Υ.

1188 3419 1305 3531 S.
1417 3424 1544 3533 Ρ.
1637 3421 1775 3533 Ν.
1887 3418 2846 3561 THEOPHANIS,

1667 3623 1816 3699 QUI
1862 3623 1983 3685 ET
2033 3622 2404 3695 ISAACUS,

1263 3783 1549 3875 VITA
1627 3786 2018 3890 ATQUE
2121 3784 2768 3879 LAUDATIO.

456 4088 603 4148 οἷόν
648 4107 699 4144 τι
732 4090 994 4161 πάσχουσι
1026 4088 1126 4159 τὴν
1171 4087 1445 4157 κοσμικὴν
1476 4086 1965 4160 δικπεραιοὺμενοι
1993 4089 2048 4151 Α

2140 4086 2272 4156 Quae
2306 4085 2735 4153 mercatoribus,
2784 4082 2975 4140 mundi
3008 4083 3232 4154 pelagus
3270 4091 3320 4139 et
3359 4085 3652 4159 .onginqua

363 4184 671 4239 θάλατταν
706 4177 962 4249 tum,
1010 4178 1109 4232 καὶ
1141 4177 1213 4231 τὰ
1244 4176 1433 4248 μακρὰ
1462 4176 1676 4248 πελάγη
1709 4178 1974 4250 μειζόνων

366 4278 575 4348 ὶφὶσει
622 4270 833 4341 κερδῶν
883 4268 1293 4340 διαμείδοντες,
1324 4270 1673 4342 ἀπροσμάχῳ
1714 4272 1812 4343 μὲν
1841 4271 1973 4326 xm.

366 4372 511 4424 δυνι
553 4367 659 4421 καὶ
702 4364 913 4436 κύμασι
965 4361 1396 4435 ἀλλεπαλλήλοις
1422 4363 1809 4435 σφοδροτάτοις
1837 4382 1972 4419 κατ-

370 4459 762 4531 αιτιζομινοις
796 4458 912 4521 τοῖς
940 4453 1217 4525 πνεύμασι
1260 4455 1769 4526 προσπαλαίοντες¹
1793 4455 1974 4525 ζοφώ-

370 4554 495 4607 Ceos
515 4552 623 4606 καὶ
636 4547 860 4621 θυέλλῃ,
902 4545 1101 4617 μικροῦ
1125 4545 1238 4600 δεῖν
1261 4545 1453 4609 αὐταῖς
1484 4545 1702 4600 ἐλπίσιν
1728 4547 1972 4619 ναυαγή-

377 4663 569 4710 mea;
610 4644 700 4714 (si
737 4641 848 4713 γάρ
884 4657 990 4695 που
1036 4640 1239 4711 μικρᾶς
1276 4636 1501 4711 αἰθρίας
1540 4639 1971 4709 ἑπανγασάσης,

373 4736 557 4808 ἀστὴρ
580 4734 803 4798 τούτοις
832 4729 1166 4801 ιπανατειλῃ
1209 4726 1637 4801 χειμαζομένοις
1679 4731 1970 4801 σωτήριος,

374 4829 534 4882 αὐτοὶ
589 4826 697 4898 μὲν
743 4824 843 4895 τὴν
896 4821 1079 4894 ψυχὴν
1151 4821 1501 4894 λαμπρότητι
1554 4819 1649 4876 τοῦ
1708 4822 1975 4891 φανέντος

376 4920 583 4993 lupae
623 4915 1135 4987 καταυγαζόμενοι,
1182 4913 1246 4968 τὸ
1293 4914 1548 4975 πλεῖστον
1589 4915 1690 4986 τῆς
1731 4914 1974 4986 ἀθυμίας

378 5010 903 5077 ὰησκευὰζονται·
956 5009 1053 5066 τὸν
1092 5008 1151 5063 δὲ
1196 5010 1316 5073 τοῖς
1363 5008 1540 5074 οἴαξιν
1593 5008 1974 5080 ἐγκαθήμενον

377 5106 801 5178 προθυμότερον
828 5101 1051 5174 εχισθαι
1077 5101 1285 5156 τούτων
1316 5102 1721 5172 ἐγκελεύονταιο
1763 5104 1792 5157 ὁ
1827 5103 1886 5157 δὲ
1913 5103 1975 5158 τὸ

380 5199 530 5270 ὕμμα
558 5200 754 5261 τείνας
786 5195 1087 5269 μιτιωρον,
1122 5197 1219 5251 καὶ
1241 5195 1434 5268 ὥσπερ
1464 5193 1646 5267 ὁδηγῷ
1678 5193 1757 5266 τῷ
1798 5212 1974 5252 κατα-

382 5290 649 5362 λάμποντι
664 5290 980 5364 χρώμενος,
994 5290 1056 5343 τὺ
1079 5289 1342 5360 βλοσυρὸν
1369 5286 1468 5342 τοῦ
1507 5286 1782 5352 κλύδωνος
1807 5288 1974 5362 τέχνῃ

382 5385 803 5453 κατα-παλαίων,
848 5380 994 5453 πρὸς
1032 5381 1249 5446 εὐθείας
1283 5384 1305 5416 ⁸
1356 5379 1583 5451 τρίϐους
1619 5379 1976 5452 πηδαλιουχετ

2078 4177 2251 4234 maria
2286 4174 2514 4247 majoris
2543 4173 2680 4230 lucri
2711 4172 2887 4246 gratia
2915 4170 3311 4243 trajicientibns
3354 4173 3531 4227 solent
3563 4189 3654 4229 ac-

2076 4272 2281 4336 cidere,
2312 4269 2442 4325 dum
2483 4282 2607 4323 cum
2639 4266 2860 4323 invictis
2891 4263 3142 4321 ﬂuctibus
3168 4262 3437 4335 undisque
3461 4267 3655 4320 crebro

2076 4377 2136 4420 se
2179 4364 2384 4433 impetu
2442 4368 2575 4415 atrae
2625 4359 2875 4430 procella:
2929 4369 3326 4428 ventorumque
3381 4357 3432 4410 vi
3493 4366 3657 4427 atque

2076 4454 2297 4512 turbine
2345 4453 2682 4509 validissime
2713 4449 3093 4507 collidentibus
3131 4450 3398 4505 luctantes
3421 4491 3436 4516 ,
3486 4464 3657 4521 prope

2075 4549 2359 4620 desperata
2393 4545 2589 4611 salute,
2622 4542 2970 4612 naufragium
3011 4551 3331 4613 exspectant
3375 4542 3459 4612 (si
3510 4542 3655 4597 enim

2075 4639 2238 4711 paulo
2276 4636 2540 4695 sereniori
2584 4635 2725 4692 caelo
2758 4634 2994 4690 salutare
3028 4631 3190 4703 jubar
3218 4630 3657 4703 periclitantibus

2075 4732 2211 4803 ipsis
2246 4729 2533 4796 aﬂ‘nlserit,
2563 4727 2682 4800 ejus
2718 4727 2839 4783 luce
2863 4734 3144 4797 perspecta
3187 4723 3482 4796 respirant,
3539 4724 3658 4779 ani-

2078 4837 2338 4895 mumque
2360 4822 2633 4892 recipiunt
2653 4861 2668 4887 ,
2695 4834 2760 4874 ac
2799 4826 3067 4874 rectorem
3102 4815 3257 4871 navis
3287 4815 3354 4870 ad
3385 4816 3663 4889 gnbcrna-'

2075 4916 2197 4973 cola
2228 4915 2504 4972 sedentem
2524 4913 2835 4977 hortantur,
2864 4919 2924 4966 ut
2944 4911 3182 4965 alacrius
3209 4923 3434 4964 munere
3465 4907 3657 4977 funga-

2078 5020 2168 5067 tur
2221 5022 2324 5064 suo
2374 5024 2390 5062 :
2447 5006 2540 5062 ille
2597 5019 2728 5059 vero
2775 5003 3008 5060 sublatis
3072 5001 3247 5057 oculis
3310 4999 3651 5070 splendorem

2078 5105 2328 5170 intuitus,
2357 5117 2534 5174 eoque
2567 5109 2825 5171 tanquam
2860 5103 2999 5153 duce
3026 5111 3181 5162 usus,
3210 5105 3417 5150 trucem
3442 5092 3653 5165 procel-

2076 5197 2185 5253 lam
2237 5203 2354 5251 arte
2404 5200 2648 5264 superat,
2696 5199 2751 5247 et
2803 5190 2870 5245 ad
2918 5197 3127 5245 rectum
3183 5200 3405 5240 cursum
3461 5198 3654 5236 navent

2076 5287 2282 5359 dirigit)
2315 5305 2328 5341 :
2368 5286 2559 5341 eadem
2610 5282 2726 5340 fere
2755 5282 2812 5338 in
2844 5281 2950 5338 hoc
2977 5282 3100 5337 vita:
3130 5279 3319 5351 pelago
3349 5273 3655 5345 naviganti-

2078 5384 2202 5448 bus,
2245 5387 2299 5435 et
2350 5377 2419 5433 ad
2466 5386 2641 5433 tutum
2683 5374 2855 5431 futuri
2910 5372 3092 5430 saeculi
3142 5375 3359 5440 portum
3408 5364 3656 5422 studiose

380 5478 480 5552 τὴν
520 5450 795 5549 6λκ68α)λ
839 5450 1085 5530 τοιοῦτόν
1113 5492 1168 5530 τι
1213 5474 1309 5531 καὶ
1356 5476 1473 5539 τοῖς
1521 5472 1623 5545 τὴν
1656 5472 1854 5547 νοητὴν
1881 5450 1977 5527 τοῦ
2005 5464 2053 5524 Β

2083 5468 2453 5535 tendentibus,
2505 5465 2820 5535 contingere
2863 5466 3284 5521 consueverunt.
3336 5450 3655 5514 Incredibile

1664 5591 1904 5648 VARIxE
1946 5585 2352 5648 LECTIONES.

454 5670 468 5700 '
501 5665 994 5739 προσπαλαίοντας
1025 5661 1151 5718 Par.
1228 5665 1248 5695 ²
1271 5661 1492 5728 essent;
1516 5660 1642 5718 Par.
