4006 6216
299 335 368 400 ῙΊ
1560 340 2054 404 THEOPHANIS
2093 343 2296 404 VITA.
3499 341 3574 409 9.0

299 444 447 502 enim
482 443 846 502 tentationum
866 452 1002 501 aestu
1027 443 1896 521 laborantibus,densissimisque

2017 451 2119 504 lion
2167 449 2501 523 διεκπερῶσι
2533 450 2827 518 θάλατταν,
2856 453 2952 506 καὶ
2981 453 3118 524 πρὸς
3141 456 3268 520 τοὺς
3295 457 3573 527 ἀκύμονας

295 554 527 596 casuum
571 538 906 594 daemoniaca
952 543 1089 603 arte,
1132 537 1433 594 ac-invidia
1475 555 1562 596 res
1612 541 1886 598 humanas

296 632 685 705 excipientium
715 629 952 686 tenebris
973 629 1343 695 circumfusis,
1359 647 1444 688 res
1469 647 1499 688 a
1523 635 1731 690 sanctis
1757 635 1888 690 viris

297 734 463 795 gesta:
503 723 606 781 sub
654 730 933 794 aspectum
976 721 1122 778 velut
1170 724 1396 794 positae,
1447 725 1740 796 splendore
1785 742 1890 785 suo

299 815 554 872 nebulam
589 831 708 871 eam
756 813 1058 869 discutiunt
1090 832 1106 882 ;
1147 815 1438 886 divinaque
1479 816 1728 874 doctrina
1761 833 1889 890 per-

298 909 675 964 turbationum
720 904 866 963 feros
905 909 1184 977 sopientes
1227 907 1446 971 ﬂuetus,
1486 909 1890 980 jucundissima

302 1001 530 1071 implent
569 1000 1005 1068 tranquillitate;
1055 1015 1119 1054 ac
1156 1001 1408 1070 pretiosis
1441 1003 1714 1058 mercibus
1750 1019 1891 1058 onu-

302 1104 418 1150 stos
453 1101 618 1164 atque
665 1093 931 1154 halantes.
983 1094 1050 1149 ad
1095 1105 1334 1165 optatam
1376 1094 1533 1150 facile
1584 1096 1893 1166 provehunt

307 1187 700 1242 hereditatem.
729 1187 884 1242 Alios
911 1187 1076 1258 igitur
1097 1187 1220 1242 aliis
1243 1196 1468 1244 ornatos
1490 1188 1782 1245 virtutibus
1807 1191 1892 1244 in-

304 1279 492 1336 venies
527 1297 541 1334 :
582 1279 670 1335 hic
708 1279 1051 1335 abstinentiae
1083 1280 1317 1351 rigorem
1350 1280 1514 1336 rebus
1546 1281 1678 1351 ipsis
1711 1282 1890 1350 palam

305 1368 438 1426 facit
467 1386 483 1424 :
522 1370 611 1425 ille
635 1372 902 1427 castitatis
925 1372 1271 1442 splendorem
1300 1414 1315 1440 ,
1348 1383 1518 1445 utque
1547 1375 1892 1430 incontinen-

309 1462 396 1517 tie
421 1462 502 1518 vis
543 1473 851 1532 superetur,
907 1473 1130 1520 strenue
1167 1465 1462 1521 admodum
1504 1465 1704 1522 docet:
1755 1468 1893 1523 alter

310 1553 538 1609 virtutes
563 1555 712 1609 velut
742 1555 972 1626 principi
1013 1556 1224 1610 tabella!
1267 1557 1517 1612 humana:
1555 1557 1679 1612 vitae
1703 1558 1894 1628 appin-

1987 543 2082 599 τοῦ
2120 545 2408 616 μέλλοντος
2455 543 2650 607 αἰῶνος
2707 545 3098 617 ἑνορμισθῆναι
3152 548 3382 618 λιμένας
3435 569 3570 605 κατ-

1989 637 2375 709 επειγομένοις
2417 637 2840 708 ἐπισυμδαίνειν
2874 638 3088 694 είωθεν.
3129 639 3419 712 Ἀφράστῳ
3464 644 3574 715 γὰρ

1988 731 2098 784 τῶν
2152 728 2480 802 πειρασμῶν
2537 730 3029 801 καταντλουμένοις
3080 731 3335 794 κλύδωνι.
3363 733 3460 787 καὶ
3483 735 3577 806 βα-

1991 822 2207 894 θυτάτῳ
2250 822 2433 876 σκότει
2467 821 2580 875 τῶν
2633 821 2968 893 δαιμονικῶν
2999 826 3432 896 κατεσχημένοις
3475 843 3577 880 πε-

1993 914 2318 987 ριστάσεων,
2345 914 2403 968 αί
2427 913 2537 967 τῶν
2565 913 2830 984 θεοφιλῶν
2864 915 3077 986 ἀνδρῶν
3110 916 3299 988 ῶσπερ
3331 918 3424 972 ὑπ’
3457 918 3580 988 ὄψιν

1991 1007 2223 1079 πράξεις
2277 1005 2584 1078 τιθέμεναι,
2632 1010 2699 1078 τῇ
2759 1007 2859 1076 μέν
2913 1008 3093 1081 οἰκείᾳ
3132 1009 3439 1082 λαμπηδόνι
3485 1011 3579 1066 τὸν

1993 1098 2219 1153 ἐκείνων
2246 1097 2438 1152 σκότον
2471 1096 2925 1163 ἀποσκεδὸυζουσι,
2961 1098 3332 1163 διδασκαλίαις
3365 1101 3422 1154 δὲ
3455 1103 3578 1165 ταῖς

1995 1189 2374 1253 θεοπνεύστοις
2410 1188 2471 1243 τὸ
2495 1189 2604 1242 τῶν
2633 1189 2824 1244 παθῶν
2854 1192 3325 1262 καταστορέσασαι
3368 1191 3575 1245 κλυδώ-

1993 1298 2128 1349 νιον,
2160 1281 2384 1351 ήδίστης
2440 1279 2682 1350 γαλήνης
2733 1281 3230 1353 κατεμπιμπλῶσι,
3283 1284 3376 1337 καὶ
3437 1282 3577 1354 πρὸς

1993 1374 2094 1446 τὴν
2129 1374 2476 1446 ποθουμένην
2510 1375 2684 1446 ῥᾷστα
2733 1377 3169 1448 παραπέμπουσι
3211 1374 3575 1448 κληρουχίαν,

1993 1466 2073 1538 τῷ
2113 1467 2297 1536 φόρτῳ
2329 1465 2437 1518 τῶν
2492 1466 2795 1538 ἀγωγίμων
2853 1467 3286 1538 ἀγαλλομένους.
3347 1465 3579 1529 ’Ἄλλους

1997 1559 2099 1631 μὲν
2141 1560 2325 1621 ἀλλοις
2378 1563 2769 1633 ἐμπρέποντας
2823 1559 2890 1614 ἂν
2938 1559 3125 1633 εὕροις
3155 1562 3266 1623 τοῖς
3297 1557 3578 1630 κατορθώ-

309 1645 386 1717 git
419 1664 431 1701 :
461 1646 602 1702 alius
637 1648 702 1701 ad
739 1647 924 1702 saeculi
959 1649 1126 1704 totius
1157 1658 1527 1720 contemptum
1562 1650 1737 1705 erudit
1771 1669 1782 1705 :
1813 1659 1896 1704 est

2017 1668 2156 1718 ιασι,
2189 1653 2396 1707 καὶτὸν
2435 1654 2535 1724 μὲν
2564 1653 2624 1707 τὸ
2655 1655 2754 1724 τῆς
2776 1651 3108 1724 ἐγκρατείας
3134 1652 3362 1724 στερῤδν
3398 1651 3582 1714 αὑτοῖς

309 1739 546 1813 denique
589 1741 681 1812 qui
710 1742 778 1796 ad
819 1743 1036 1797 inanem
1068 1743 1293 1812 gloriam
1323 1741 1684 1814 spernendam
1718 1743 1893 1798 valide

2017 1745 2181 1815 Ξργοις
2212 1747 2400 1816 σαφῶς
2451 1745 2860 1818 ὑπογράφοντα,
2894 1746 2987 1799 τὸν
3040 1744 3099 1799 δὲ
3138 1745 3198 1798 τὸ
3240 1744 3340 1814 τῆς
3371 1758 3588 1814 σωφρον-

311 1808 703 1888 πορθήσειξΑι
726 1832 770 1888 si
822 1808 1147 1889 άίνῑυίεεῑῖιιι
1201 1808 1379 1889 Patris
1414 1831 1766 1904 Theophanis
1805 1851 1894 1892 res

2017 1808 2170 1910 {iam
2202 1808 2476 1910 λαμπρὸν,
2517 1808 2613 1894 καί
2661 1808 2807 1903 δπως
2844 1808 2894 1909 νή
2936 1838 3036 1910 τῆς
3083 1808 3378 1899 ἀκολασίας
3430 1808 3587 1906 περι-

312 1936 492 1993 gestas
515 1925 967 1990 consideraveris,
1004 1936 1262 1996 tanquam
1287 1925 1338 1980 in
1379 1927 1535 1981 horto
1563 1925 1756 1982 ﬂorido
1783 1931 1895 1983 vir-

2017 1928 2211 2000 γίνεται
2267 1931 2560 1986 δεσποτεία
2589 1971 2606 1997 ,
2652 1931 2798 2002 μάλα
2853 1930 3119 1994 νεανικῶς
3163 1929 3587 1983 ἐκδιδάσκοντα’

309 2025 491 2072 tutum
537 2032 700 2072 omne
746 2033 917 2088 genus
957 2017 1081 2072 altis
1129 2018 1182 2072 in
1223 2031 1291 2073 eo
1328 2017 1605 2074 radicibus
1644 2019 1892 2077 adultum

2017 2021 2194 2094 ἕτερον
2221 2023 2331 2076 τῶν
2377 2024 2592 2094 ἀρετῶν
2628 2024 2705 2086 ὡς
2729 2023 3026 2092 ἀρχετύπῳ
3057 2022 3247 2074 πίνακι
3275 2020 3374 2090 τὴν
3401 2019 3594 2088 κτῆσιν

314 2109 610 2166 inveneris.

2017 2114 2498 2187 Βιαζωγραφοῦντα
2533 2117 2612 2188 τῷ
2653 2115 2774 2188 βίῳ·
2809 2116 2969 2169 ἄλλον
3001 2115 3138 2186 πρὸς
3191 2113 3290 2184 τὴν
3340 2113 3433 2166 τοῦ
3479 2110 3595 2182 βίου

310 2211 513 2276 παντὸς
541 2208 995 2280 παιδοτριϐοὖντα
1019 2208 1447 2279 καταφρόνησιν,
1469 2211 1564 2263 καὶ
1581 2209 1738 2264 ἄλλον
1755 2209 1893 2280 πρὸς
1917 2207 2016 2278 τήν
2040 2211 2138 2275 τῆς
2160 2212 2354 2279 καινῆς
2379 2208 2536 2281 δόξης
2559 2211 2864 2282 ὑπεροψίαν
2894 2209 3177 2282 κραταιῶς
3201 2207 3592 2276 ὑπαλείφοντα.

312 2308 618 2377 θεοφάνους
645 2307 704 2362 δὲ
733 2306 828 2362 τοῦ
855 2306 1130 2362 θειοτάτου
1154 2305 1367 2378 Πατρὺς
1384 2304 1799 2377 προσομιλήσας
1817 2304 1936 2367 ταῖς
1961 2303 2213 2375 πράξεσι,
2247 2306 2430 2358 πᾶσαν
2454 2304 2521 2358 ἂν
2541 2305 2684 2359 ίδέαν
2705 2304 2947 2368 κατίδοις
2977 2290 3162 2357 καλῶν
3185 2301 3261 2363 ὡς
3288 2303 3346 2352 ἐν
3377 2300 3598 2359 εὐθαλεῖ

313 2402 627 2474 παραδείσῳ
658 2401 1160 2474 φυτουργουμένην.

387 2493 497 2551 llas
543 2511 644 2567 ego
696 2505 755 2550 ut
799 2495 1112 2552 laudatione
1159 2509 1555 2567 prosequerer,
1602 2492 1901 2549 multorum

2081 2491 2298 2557 Ταύτας
2347 2491 2645 2563 ἐγκωμίοις
2699 2491 2990 2545 ὑποϐαλεῖν
3043 2486 3416 2559 προτραπεὶς,
3448 2483 3591 2540 ἑτοί-

317 2587 699 2644 adhortatione
730 2587 1024 2652 adductus,
1065 2596 1320 2657 prompto
1343 2587 1528 2640 animo
1562 2583 1901 2656 provinciam

319 2680 556 2752 suscepi,
601 2680 748 2736 illius
793 2695 1013 2750 precum
1046 2679 1252 2734 auxilio
1297 2676 1469 2733 fretus
1502 2693 1517 2731 :
1552 2690 1660 2732 non
1701 2685 1756 2730 nt
1787 2676 1905 2729 viro

321 2771 507 2826 divino
561 2785 626 2826 ac
685 2769 1012 2825 admirando
1067 2769 1299 2840 gloriam
1357 2767 1730 2830 conciliarem,
1763 2764 1907 2834 (qua:

319 2861 468 2917 enim
496 2861 571 2916 illi
591 2860 762 2931 gloria
790 2877 856 2916 ex
881 2861 1130 2916 oratione
1160 2875 1300 2925 mea,
1319 2875 1442 2930 qua:
1468 2855 1764 2912 virtutibus
1787 2853 1908 2923 ejus

323 2956 484 3026 longe
529 2963 614 3010 est
669 2952 916 3019 inferior,
967 2952 1180 3024 acquiri
1224 2951 1445 3022 potest?
1478 2949 1516 3019 ),
1576 2948 1671 3004 sed
1723 2957 1914 3002 contra

326 3049 532 3118 potius,
562 3057 618 3102 ut
650 3047 815 3105 rebus
842 3048 910 3104 ab
939 3046 1059 3118 ipso
1091 3044 1260 3116 gestis
1285 3040 1783 3097 commemorandis
1807 3039 1913 3094 vim

326 3142 502 3211 ipsam
541 3141 758 3197 dicendi
793 3155 1137 3204 exornarem,
1179 3147 1232 3194 et
1273 3153 1366 3193 eas
1399 3136 1601 3192 imitari
1651 3135 1911 3192 studenti-

327 3232 433 3288 bus
456 3231 832 3302 adjumentum
865 3231 1160 3285 maximum
1191 3228 1464 3284 oﬂerrem.
1497 3227 1819 3298 Quanquam
1854 3231 1905 3280 in

329 3324 450 3395 ipso
481 3323 667 3380 statim
700 3323 991 3396 principio,
1023 3331 1317 3392 antequam
1348 3322 1400 3376 in
1427 3321 1604 3392 ipsum
1645 3320 1913 3376 laudatio-

330 3419 419 3474 nis
460 3417 696 3472 stadium
749 3416 1046 3488 ingrediar,
1091 3422 1244 3470 tanto
1290 3429 1378 3470 me
1429 3412 1584 3469 oneri
1645 3412 1909 3484 imparem

329 3509 526 3568 sentio.
575 3507 750 3565 Simul
788 3509 930 3563 enim
975 3516 1030 3565 et
1062 3508 1256 3577 patria,
1301 3517 1355 3564 et
1387 3522 1579 3579 genus,
1619 3515 1674 3562 et
1719 3515 1915 3560 natura

332 3602 700 3671 praestantior,
759 3609 814 3655 et
861 3617 966 3670 qua
1003 3599 1373 3672 magnitudine
1397 3609 1646 3654 naturam
1695 3605 1917 3667 superat

333 3693 548 3758 virtus,
601 3694 778 3748 virum
826 3693 1154 3748 laudationis
1207 3700 1528 3762 argumento
1578 3689 1916 3761 propositum

333 3785 548 3857 egregie
582 3783 876 3841 bonestant
907 3801 923 3851 ;
981 3794 1040 3839 ut
1073 3784 1290 3840 cunctis
1319 3782 1544 3838 exordio
1579 3780 1919 3838 occurrenti-

335 3877 462 3944 bus,
493 3875 624 3947 quid
657 3876 853 3930 horum
896 3875 1069 3948 magis
1108 3884 1395 3946 congruat,
1442 3875 1584 3929 haud
1613 3873 1770 3931 facile
1795 3871 1920 3943 quis

338 3967 602 4024 inveniat.
651 3967 833 4022 Patria
882 3968 1026 4023 enim
1085 3977 1201 4022 tum
1261 3966 1638 4022 laudationum
1687 3964 1919 4034 legibus,

337 4069 457 4116 tum
502 4060 746 4130 parentis
786 4061 945 4116 titulo
973 4059 1272 4126 instructa,
1306 4058 1512 4128 primas
1551 4057 1654 4113 sibi
1685 4055 1924 4112 vindicat

340 4159 570 4224 partes:
606 4160 833 4223 oratque
867 4167 991 4218 nos,
1021 4161 1187 4221 atque
1225 4152 1549 4215 obtestatur,
1583 4163 1649 4203 ne
1687 4145 1923 4218 propriis

343 4245 684 4300 ornamentis
726 4245 1013 4316 spolietur.
1059 4244 1320 4299 Parentes
1354 4251 1533 4296 autem
1572 4241 1714 4295 hanc
1742 4239 1925 4294 cubito

343 4339 595 4408 opposito
615 4336 946 4408 propellunt,
980 4334 1306 4390 educatione
1339 4348 1404 4388 ac
1431 4331 1718 4402 disciplina
1751 4331 1924 4402 ipsius

343 4427 659 4501 gloriantes.
693 4425 936 4482 Virtutes
958 4441 1108 4490 vero,
1135 4425 1417 4496 proposito
1439 4424 1558 4495 ejus
1595 4439 1660 4479 ac
1703 4438 1924 4494 posses-

345 4519 502 4575 sione
529 4518 771 4586 conlisae,
813 4518 1106 4589 gloriosam
1146 4518 1416 4574 cervicem
1453 4517 1728 4580 attollunt,
1805 4530 1926 4569 ma-

349 4626 564 4686 gnaque
590 4626 720 4667 voce
740 4611 968 4682 reliquis
1001 4610 1256 4675 clamant,
1305 4608 1482 4664 solum
1513 4609 1657 4663 illius
1686 4607 1928 4662 studium

350 4710 516 4774 atque
560 4702 806 4758 animum
833 4711 1179 4774 spectantes,
1213 4701 1475 4758 facillime
1511 4701 1681 4756 victas
1715 4715 1774 4755 se
1824 4699 1932 4753 illae

351 4805 674 4868 agnoscant.
711 4795 825 4868 Ego
866 4797 1050 4868 itaque
1079 4798 1220 4854 inter
1248 4813 1358 4864 res,
1389 4811 1511 4867 qua:
1542 4810 1601 4852 se
1632 4793 1778 4850 vinci
1822 4805 1930 4848 non

352 4889 658 4962 patiuntur,
687 4889 857 4958 judex
887 4889 1219 4946 constitutus
1246 4890 1376 4962 quid
1412 4888 1608 4945 faciam
1639 4889 1662 4943 ?
1701 4887 1933 4943 Parum-

353 4993 454 5050 per
479 4977 689 5035 scilicet
725 4980 779 5034 in
809 4979 1085 5050 prioribus
1119 4980 1492 5046 immorabor,
1533 4988 1595 5036 ut
1623 4980 1930 5044 ostendam,

356 5086 608 5144 quaenam
640 5071 756 5143 ipse
778 5073 1053 5129 Creatoris
1081 5089 1268 5128 amore
1292 5073 1662 5130 inﬂammatus
1689 5081 1936 5129 contem-

355 5162 549 5236 pserit,
563 5172 618 5220 et
632 5178 730 5234 pro
745 5163 918 5221 nihilo
931 5163 1150 5219 duxerit
1164 5183 1178 5220 :
1193 5165 1387 5221 deinde
1405 5166 1660 5236 proillins
1673 5166 1935 5237 propositi

357 5255 576 5310 ratione
621 5254 913 5311 virtutibus
942 5255 1063 5326 ejus
1101 5257 1434 5328 exponendis
1479 5267 1624 5313 totus
1665 5258 1939 5314 insistam.

431 5343 582 5402 Tulit
614 5347 791 5404 virum
840 5347 986 5402 hunc
1026 5347 1402 5404 admirabilem
1446 5349 1536 5404 illa
1573 5351 1769 5420 patria,
1819 5365 1943 5420 qua:

364 5435 580 5508 imperii
611 5439 869 5512 dignitate
892 5439 1171 5508 decorata,
1214 5440 1426 5498 caeteris
1446 5442 1704 5500 omnibus
1731 5452 1940 5498 tantum

366 5529 671 5598 antecellit,
715 5543 982 5605 quantum
1013 5534 1256 5605 reginam
1289 5535 1524 5591 subditis
1552 5546 1812 5606 praestare
1841 5553 1940 5608 par

2016 2603 2132 2657 μως
2161 2580 2282 2650 εἶξα
2332 2587 2399 2656 τῇ
2440 2586 2791 2656 παραινέσει,
2823 2583 2923 2654 τὴν
2957 2584 3021 2635 ἐκ
3069 2580 3172 2649 τῆς
3217 2577 3428 2633 ἐκείνου
3460 2593 3595 2647 πρε-

2015 2678 2203 2743 σδείας
2245 2677 2570 2748 ἐπικουρίαν
2619 2673 3047 2731 καταπιστεύων
3093 2669 3481 2746 θηράσασθαιο
3529 2667 3592 2722 ού

2017 2771 2158 2842 πρὸς
2207 2771 2368 2838 δόξαν
2399 2770 2494 2823 τοῦ
2526 2769 2835 2842 θαυμασίου
2867 2768 3051 2835 (ποίαν
3080 2767 3100 2800 ³
3123 2764 3234 2836 γάρ
3267 2765 3405 2817 οῐσει
3434 2762 3594 2826 δόξαν

2015 2860 2175 2930 λόγος
2225 2861 2424 2934 μακρῷ
2453 2861 2532 2915 τῶ
2567 2861 2720 2932 μέσῳ
2762 2860 2874 2912 τῶν
2901 2857 3113 2911 ἐκείνου
3146 2853 3594 2926 κατορθωμάτων

2013 2952 2446 3026 ἀπολειπόμενος
2467 2954 2529 3024 ;),
2565 2953 2888 3007 τουναντίον
2919 2951 2978 3006 δὲ
3015 2949 3237 3022 μᾶλλον,
3291 2949 3355 3018 τῇ
3401 2943 3593 2998 τούτου

2019 3046 2210 3118 μνήμῃ
2244 3045 2340 3099 καὶ
2371 3045 2565 3115 λόγους
2614 3045 2813 3108 αὑτοὺς
2862 3043 3166 3113 κοσμῆσαι,
3200 3040 3295 3094 καὶ
3331 3036 3594 3110 μεγίστην

2019 3136 2276 3198 ὑπόθεσιν
2309 3136 2578 3205 ὡφελείας
2617 3138 2730 3199 τοῖς
2763 3137 2786 3167 ⁴
2825 3132 3182 3204 ἐκμιμεῖσθαι
3229 3126 3597 3200 πειρωμένοις

2023 3227 2394 3298 πρυτανεύσαι
2455 3227 2798 3298 γλιχόμενος.
2847 3226 3010 3280 Ἀλλὰ
3070 3223 3178 3295 πρὸ
3221 3220 3316 3275 τοῦ
3360 3217 3598 3290 κρηπῖδα

2020 3321 2097 3391 τῷ
2126 3320 2273 3393 λόγῳ
2300 3321 2733 3391 προστήσασθαι,
2763 3319 2862 3372 καὶ
2889 3319 3001 3380 τοῖς
3039 3315 3263 3394 ἱδρῶσιν
3301 3310 3598 3379 ἐναθλῆσαι

2020 3417 2129 3469 τῶν
2158 3415 2475 3485 ἐγκωμίων,
2513 3417 2612 3486 τῆς
2663 3412 2900 3483 ἀπορίας
2943 3410 3296 3479 αί,σθάνομαι.
3353 3406 3462 3478 Βοᾷ
3491 3404 3601 3475 γὰρ

2019 3506 2115 3561 τὸν
2150 3508 2230 3571 είς
2264 3505 2546 3577 εὐφημίαν
2601 3505 2964 3577 προκείμενον
3024 3499 3224 3572 πατρὶς
3276 3499 3371 3552 καὶ
3420 3497 3600 3568 γένος,

2023 3601 2122 3655 καὶ
2141 3599 2347 3654 νικῶσα
2377 3600 2400 3632 ⁸
2429 3599 2614 3669 φύσις,
2656 3597 2750 3652 καὶ
2783 3595 2988 3667 ταύτην
3023 3595 3089 3648 ἐκ
3122 3591 3390 3665 μεγέθους
3434 3588 3604 3661 ἁρετὴ

2025 3693 2468 3766 παρατρέχουσα,
2491 3693 2588 3746 καὶ
2612 3691 2833 3744 πάντων
2871 3691 2951 3751 είς
2978 3687 3153 3759 ἀρχὴν
3181 3685 3488 3755 ἀγομένων,
3506 3680 3604 3750 τήν

2027 3785 2418 3856 προσήκουσαν
2454 3783 2652 3856 ῥᾳδίως
2684 3781 2786 3834 οὑκ
2817 3779 2966 3833 ἔστιν
3015 3779 3218 3849 εὑρεῖν.
3263 3773 3474 3842 Πατρὶς
3508 3771 3606 3843 μὲν

2027 3879 2137 3947 γὰρ
2172 3876 2361 3944 νόμοις
2399 3874 2713 3944 ἐγκωμίων,
2773 3875 2868 3925 καλ⁵
2907 3873 2978 3941 τῇ
3022 3869 3210 3924 τούτου
3267 3867 3419 3938 αίτίᾳ
3471 3866 3610 3920 καθ-

2029 3967 2371 4030 οπλισθεῖσα,
2399 3965 2471 4019 τά
2495 3967 2738 4036 πρωτεῖα
2760 3964 2867 4016 τῶν
2891 3963 3065 4018 ἄλλων
3087 3959 3498 4030 ἀπενέγκασθαι
3525 3974 3612 4026 φι-

2029 4060 2285 4123 λονεικεῖ,
2316 4057 2390 4128 μή
2419 4056 2514 4110 τοῦ
2549 4057 2751 4110 οίκείου
2797 4055 2899 4126 τὴν
2931 4055 3190 4125 στέρησιν
3219 4053 3614 4120 καλλωπίσμα-

2030 4167 2122 4215 τος
2161 4150 2454 4218 ὑπομεῖναι
2484 4146 2581 4200 σὺν
2624 4148 2808 4217 ὅρκοις
2837 4143 3268 4198 καθικετεύουσα
3294 4159 3308 4173 ⁸
3353 4143 3610 4211 γεννήτο-

2035 4258 2127 4314 ρες
2172 4241 2229 4295 δέ
2261 4239 2398 4311 πρὸς
2432 4237 2667 4301 τούτοις,
2703 4236 2924 4306 παιδεία
2956 4253 3014 4289 τε
3037 4238 3105 4307 τῇ
3130 4234 3320 4287 τούτου
3355 4233 3448 4285 καὶ
3480 4248 3609 4302 τρο-

2035 4337 2211 4408 φείοις
2249 4331 2671 4404 ἐναϐρυνόμενοι
2697 4373 2711 4395 ,
2756 4329 2988 4383 κατόπιν
3015 4325 3220 4396 ταύτην
3252 4322 3609 4394 παραγκωνί-

2035 4427 2244 4493 ζονται·
2272 4423 2466 4496 ἀρεταὶ
2489 4423 2547 4476 δέ
2578 4425 2640 4490 τῇ
2670 4419 2881 4473 ἐκείνου
2922 4415 3182 4488 προθέσει
3207 4432 3266 4467 τε
3297 4413 3392 4468 καὶ
3421 4413 3612 4484 κτήσει

1964 4551 2006 4605 D
2039 4515 2577 4592 μεγαλαυχούμεναι,
2627 4513 2830 4582 αὐχένα
2850 4529 2909 4564 τε
2955 4509 3162 4605 γαῦρον
3199 4507 3613 4605 ἐπαίρουσιΑκαὶ

2039 4612 2184 4685 μέγα
2241 4612 2354 4675 τοῖς
2401 4608 2581 4672 ἄλλοις
2638 4605 2826 4676 βοῶσι,
2859 4604 2996 4675 πρὸς
3048 4602 3146 4673 τὴν
3179 4601 3392 4656 ἐκείνου
3443 4602 3614 4672 μόνην

2036 4701 2320 4764 ἀπιδόντες
2353 4699 2558 4769 ἔφεσινο
2603 4697 2808 4768 Ῥᾷστα
2869 4695 2969 4766 τὴν
3009 4687 3178 4766 ἧτταν
3232 4691 3522 4761 ἐπίγνωτε.
3548 4689 3615 4744 Τί

2036 4796 2176 4866 δῆτα
2200 4795 2383 4867 δράσω
2411 4791 2604 4865 κριτὴς
2631 4789 2974 4861 πραγμάτων
3005 4782 3175 4859 ἦτταν
3205 4786 3266 4839 ού
3301 4785 3615 4856 δυναμένων

2041 4887 2342 4958 ὑποστῆναι
2389 4884 2711 4954 γενόμενος
2762 4883 2835 4936 Ἢ
2895 4880 3093 4953 δῆλον,
3144 4880 3219 4943 ὡς
3268 4877 3444 4949 μικρά
3504 4880 3618 4943 τοῖς

2043 4981 2334 5053 προτέροις
2367 4978 2728 5050 ἐνομιλήσας,
2762 4975 2856 5030 τοῦ
2891 4973 3176 5046 δειχθῆναι
3207 4972 3372 5044 χάριν
3416 4973 3620 5028 ὁποίων

2045 5071 2361 5142 ὑπερόπτης
2391 5067 2685 5138 γεγένηται
2733 5065 2811 5130 τῷ
2862 5063 3069 5135 φίλτρῳ
3101 5063 3482 5134 πεπεδημένος
3523 5059 3618 5114 τοῦ

2045 5165 2370 5225 Κτίσαντος,
2403 5160 2540 5222 ὅλως
2591 5156 2700 5212 τῶν
2741 5155 2953 5226 ἀρετῶν
2981 5155 3124 5208 κατά
3153 5157 3256 5224 τήν
3290 5154 3495 5208 ἐκείνου
3530 5167 3618 5220 γε-

2043 5260 2281 5331 νήσομαι
2309 5255 2590 5327 πρόθεσιν.

2120 5354 2322 5421 Ἤνεγε
2350 5351 2441 5404 τὸν
2472 5349 2774 5421 θαυμάσιον
2795 5347 3017 5420 Πατέρα
3050 5344 3248 5416 πατρὶς
3279 5342 3312 5411 ή
3341 5336 3616 5411 βασιλείας

2045 5443 2570 5514 ἐγκαλλωπιζομένη
2602 5441 2679 5512 τῷ
2705 5439 2976 5512 ἀξιώματι
3009 5441 3103 5495 καὶ
3130 5438 3238 5490 τῶν
3273 5433 3450 5488 ἄλλων
3473 5431 3614 5484 άπαο

2049 5535 2158 5592 σῶν
2180 5536 2275 5590 ἐπὶ
2310 5535 2564 5591 τοσοῦτον
2608 5532 2983 5607 ἀνῳκισμένη,
3032 5531 3158 5585 ὅσον
3203 5523 3351 5587 εἰκὸς
3389 5521 3488 5577 τῶν
3520 5521 3609 5589 ἀρ·

1368 5681 1398 5755 λ
1693 5673 1927 5732 nam
1971 5673 2380 5734 LECTIONES.

439 5790 464 5828 ⁸
494 5790 646 5846 ποϊαν
672 5787 796 5844 Par.
874 5789 893 5824 ⁵
923 5788 1060 5864 τοῖς]
1085 5789 1266 5856 αὐτοῖς
1298 5788 1421 5846 Par.
1497 5792 1517 5824 ⁵
1551 5792 1760 5845 νικείσα
1781 5789 1905 5848 Par.
