4006 6216
296 348 358 414 21

1575 351 2071 413 THEOPHANIS
2116 354 2156 412 V
2171 353 2304 413 ΙΤΑ.

3509 355 3582 420 22

297 460 540 530 χομένων
567 460 670 530 τὴν
707 457 1193 511 δεσποτεύουσαν.
1249 459 1384 528 Περὶ
1413 453 1482 529 ἦς
1517 459 1688 514 πολλὰ
1719 459 1899 529 λέγειν

2005 472 2085 516 est
2111 479 2124 516 :
2156 463 2224 516 de
2248 477 2354 532 qua
2387 463 2554 518 multa
2582 477 2668 517 me
2690 462 2874 519 dicere
2899 464 3170 521 volentem
3197 465 3438 536 impedit,
3463 477 3581 522 tum

299 554 507 607 ἐθέλων
553 553 638 625 τῷ
671 569 725 605 τε
761 552 954 605 πάντα
987 550 1084 605 τὸν
1119 551 1255 622 περὶ
1292 551 1463 622 αὐτῆς
1501 551 1660 622 λόγον
1697 554 1900 624 μακρῷ

2005 554 2146 624 quod
2185 555 2330 610 nulla
2361 555 2634 610 sermonis
2672 555 2725 610 vi
2758 556 3016 627 explicari
3064 567 3314 630 possunt,
3357 575 3478 630 qua
3511 561 3582 616 de

301 645 386 715 τῷ
417 647 577 716 μέσῳ
604 644 971 716 παρατρέχειν
1008 645 1114 713 τὴν
1165 643 1455 715 αίσθησιν,
1509 647 1606 698 καὶ
1635 645 1714 716 τῷ
1760 646 1899 716 δῆλα

313 739 458 792 πᾶσι
489 735 799 790 καθεστάναι
827 735 905 790 τὰ
951 733 1090 804 περὶ
1111 733 1322 804 ταύτης
1349 734 1621 806 λεγόμενα
1649 737 1760 800 τοῖς
1793 734 1900 789 ἀνά

321 832 512 883 πᾶσαν
539 827 747 880 οίκούσιν
793 827 945 898 ὅσην
992 825 1173 897 ἐφορᾷ
1215 824 1396 896 ἥλιος,
1440 827 1898 898 ἀνακάμπτομαι.

339 923 640 993 Γεννὴτορες
663 920 716 973 δὲ
755 921 809 974 oi
855 919 1180 992 τηλικαύτῃ
1211 922 1342 991 γονῇ
1376 919 1472 974 καὶ
1511 921 1734 992 πατρίδι
1768 938 1901 974 κατ-

346 1015 482 1079 ἀξίαν
497 1011 943 1083 ἐπιγραφόμενοι,
981 1010 1206 1081 πλούτῳ
1246 1010 1528 1081 κομῶντες
1547 1051 1563 1077 ,
1589 1012 1900 1084 στρατηγίᾳ

347 1103 672 1174 λαμπόμενοι,
719 1105 960 1172 ἀρεταῖς
995 1102 1244 1164 ἀπάσαις
1290 1103 1754 1176 δορυφορούμενοι
1775 1147 1789 1173 ,
1818 1105 1900 1178 τῷ

338 1198 516 1266 φίλτρῳ
563 1195 783 1249 πάντων
844 1195 1096 1266 μάλιστα
1142 1195 1530 1264 κατεστίφοντο
1576 1197 1618 1262 ⁸,
1673 1197 1739 1251 οὐ
1788 1198 1900 1252 τῶν

328 1289 572 1354 θεοφιλῶν
605 1289 786 1359 μόνον,
821 1288 928 1342 καὶ
958 1285 1046 1353 οἷς
1075 1289 1108 1359 ή
1150 1287 1527 1358 καλοκαγαθία
1570 1290 1673 1362 τὴν
1717 1292 1900 1360 φιλίαν

324 1379 614 1451 προύξένει,
645 1379 764 1434 οὐδὲ
791 1379 912 1433 τῶν
945 1378 1087 1443 ίσοις
1117 1377 1558 1450 φαιδρυνομένων
1585 1383 1701 1445 τοῖς
1731 1380 1897 1450 ἀξιώ-

329 1488 504 1541 μασιν,
527 1472 575 1524 εί
595 1471 690 1524 καὶ
711 1471 973 1543 χειρίστη
995 1469 1314 1524 συνδεθεζσα
1333 1469 1479 1542 ψυχὴ
1505 1471 1548 1537 ⁷,
1572 1467 1655 1537 οἷς
1680 1474 1713 1544 ἡ
1738 1475 1898 1544 χρεία

329 1564 399 1634 τῷ
433 1565 638 1636 φίλτρῳ
669 1563 993 1634 παρείχετο,
1024 1563 1162 1643 ἀλλὰ
1194 1562 1476 1634 τυράννων
1506 1566 1602 1618 καὶ
1629 1563 1898 1636 βασιλέων

334 1656 519 1721 αὐτῶν,
546 1658 596 1710 οἰ
627 1659 688 1710 τὸ
712 1655 1058 1728 ὑπερϐάλλον
1087 1655 1190 1725 τῆς
1226 1655 1428 1726 ἀρετῆς
1457 1655 1685 1712 ἐκείνων
1713 1659 1896 1714 αίδού-

345 1767 504 1816 μενοι,
534 1751 889 1820 διαφερὸντως
915 1749 1017 1818 τὴν
1045 1747 1229 1816 φιλίαν
1254 1747 1585 1818 ἠσπάζοντο.
1629 1751 1898 1818 ἰσαάκιος

343 1841 427 1892 καὶ
453 1841 673 1912 Θεοδότη
702 1841 913 1904 τούτοις
938 1839 1185 1910 ὀνόματα
1207 1879 1224 1905 ,
1278 1839 1335 1893 ετ
1377 1856 1441 1909 γε
1491 1843 1589 1896 καὶ
1634 1841 1898 1914 ὀνόματος

349 1932 469 1999 ὑμῖν
494 1932 658 2001 μέλει,
685 1933 896 1986 Γίνεται
914 1931 1125 1995 τούτοις
1149 1929 1245 1984 τοῦ
1280 1931 1484 1989 πολλοῦ
1509 1934 1605 1988 καὶ
1638 1936 1898 2006 μεγίστου

360 2024 552 2094 κλήρου
578 2026 806 2095 διάδοχος
827 2027 966 2079 δνῦν
997 2026 1132 2096 ἡμῖν
1171 2025 1254 2089 είς
1285 2026 1565 2096 εὐφημίαν
1599 2030 1900 2101 προκείμε-

380 2126 490 2175 νος,
532 2113 623 2165 καὶ
678 2115 770 2183 τῆς
819 2114 1052 2183 μητρῴας
1083 2113 1281 2184 νηδύος
1328 2115 1649 2172 ἐκϐάλλεται
1707 2120 1900 2193 ἀστέρι

377 2203 609 2274 δωρινῷ
645 2202 952 2271 ἐναλίγκιος,
981 2202 1076 2274 τὴν
1119 2205 1222 2275 τῆς
1251 2205 1431 2276 ψυχῆς
1475 2207 1790 2280 ὡραιότητα
1832 2215 1899 2284 τῇ

367 2293 647 2366 shape-arsi?
689 2295 1096 2364 καθυποφαίνων
1155 2295 1252 2351 τοῦ
1315 2295 1596 2368 σώματος.
1659 2300 1734 2353 Οὐ
1787 2302 1898 2373 γάρ

352 2387 492 2455 ἐῴκει
538 2388 728 2458 ἀνδρὸς
758 2388 1021 2458 γεννητοῦ
1067 2391 1202 2453 παῖς
1236 2389 1495 2461 ἔμμεναι,
1549 2390 1687 2446 ἀλλά
1721 2393 1896 2460 Θεοῖο,

332 2478 394 2530 ἐκ
423 2479 631 2550 μήτρας
671 2479 1040 2550 ἡγιασμένος,
1089 2480 1237 2535 κατὰ
1283 2481 1375 2535 τὸν
1404 2484 1694 2554 προφήτην
1733 2483 1893 2556 Ἰερε-

333 2571 485 2638 μίαν,
519 2572 614 2626 καὶ
649 2575 791 2627 πᾶσι
836 2573 1030 2638 καλοῖς
1070 2573 1308 2647 ἀρχῆθεν
1337 2574 1501 2648 μέχρι
1531 2576 1648 2647 βίου
1679 2576 1901 2663 δυσμῶν

322 2663 747 2737 ἑλλαμπόμενος.

395 2756 536 2811 Ἀλλ’
574 2761 606 2812 ὁ
637 2758 741 2829 μὲν
774 2759 970 2814 τούτου
1002 2759 1230 2832 γενέτης
1253 2760 1332 2830 τῷ
1357 2762 1545 2834 χωρίῳ
1576 2765 1686 2819 τῶν
1715 2765 1900 2820 κακῶν

314 2848 484 2919 βραχὺ
529 2851 838 2922 προσϐιοὺς
862 2891 882 2918 ,
966 2851 1162 2915 αὐταῖς
1231 2854 1480 2924 φροντίσι
1543 2855 1636 2909 καὶ
1706 2873 1904 2926 στρατη

307 2936 434 3009 ηγίᾳ
478 2938 651 2992 τοῦτο
703 2939 905 3006 λιπὼν,
965 2940 1068 3010 τὴν
1115 2940 1430 3014 ὡρισμένην
1481 2943 1688 3016 ὑπῆλθε
1733 2947 1902 3000 πᾶσιν

310 3030 644 3101 ἀποδημίαν,
696 3031 950 3102 τριετοῦς
979 3032 1098 3104 ,ήδη
1151 3031 1250 3087 τοῦ
1292 3033 1486 3099 παιδὸς
1514 3036 1897 3107 τυγχάνοντος.

319 3122 578 3180 Ἡδὲ.....
597 3124 648 3177 ³.

362 3214 580 3270 Τοῦτον
602 3215 827 3287 ἐκείνην
860 3215 1190 3284 ἐξεικόνιζον
1218 3219 1489 3290 ἁρμονίαν
1508 3260 1523 3282 ,
1552 3221 1614 3274 ὲν
1708 3223 1903 3288 παῖδες

294 3311 341 3365 ei
381 3314 543 3383 τρεῖς
606 3309 750 3380 μετὰ
801 3312 902 3380 τῆς
924 3311 1195 3382 ἁρμονίας
1245 3312 1341 3366 τοῦ
1375 3316 1704 3383 τυραννικοῦ
1736 3334 1903 3388 προσ-

291 3407 596 3474 τάγματος
627 3403 1102 3469 καταπτύσαντες,
1149 3405 1208 3459 ἐν
1259 3405 1411 3478 μέσῳ
1437 3408 1673 3479 καμίνου
1704 3409 1902 3480 φλογὸς

290 3497 378 3550 τδν
430 3497 805 3568 παγκόσμιον
865 3496 1016 3552 αἶνον
1069 3499 1146 3570 τῷ
1203 3501 1470 3555 σεσωκότι
1503 3504 1899 3574 προσήγαγον.

292 3591 522 3654 Πάντες
568 3590 628 3644 δὲ
670 3590 808 3658 πρὸς
845 3591 908 3644 τὸ
939 3591 1184 3663 θυμῆρες
1228 3593 1322 3646 καὶ
1351 3594 1575 3664 φαιδρὸν
1601 3596 1899 3665 ἀνειμένοι,

288 3679 384 3751 τὴν
427 3681 811 3752 ἐπιθαλάμιον
859 3681 1080 3754 ἐκείνην
1133 3685 1544 3757 ὲπανηγύριζον
1574 3686 1816 3758 εὐωχίαν
1854 3689 1899 3754 ⁸,

287 3773 414 3826 ἀλλ’
473 3772 578 3825 οὒκ
606 3773 844 3843 quam
892 3773 1070 3829 ταῦτα
1121 3775 1246 3830 νοῦν
1289 3779 1405 3842 τοῖς
1455 3776 1621 3841 θείοις
1659 3778 1901 3850 ἐμμελεα

289 3867 499 3921 τῶντα
547 3868 646 3920 καὶ
689 3867 791 3938 τὴν
830 3867 1146 3940 προσοῦσαν
1187 3869 1450 3940 πρόθεσιν
1480 3870 1744 3934 ἐξανῦσαι
1781 3873 1900 3927 δια-

292 3958 719 4023 σπσυδάζοντα.
750 3961 960 4025 Νυκτὸς
989 3961 1059 4032 δὴ
1081 3959 1162 4031 τῷ
1189 3961 1410 4016 κοιτῶνι
1441 3964 1508 4034 τῇ
1537 3963 1758 4036 συμϐίῳ
1781 3963 1901 4035 ἃμα

297 4049 763 4120 προσορμισθεὶς
816 4050 903 4103 ἐπὶ
951 4051 1053 4122 τῆς
1110 4051 1300 4123 κλίνης
1346 4053 1898 4124 παρακαθισάμενος,

286 4139 442 4202 ὅλας
480 4153 541 4189 τε
585 4136 695 4189 τῶν
739 4138 893 4192 θείων
925 4139 1241 4211 γενόμενος,
1272 4141 1568 4212 στεναγμῷ
1603 4142 1666 4196 τὸ
1692 4142 1900 4214 προσὸν

287 4235 360 4303 τῇ
394 4231 560 4302 ψυχῇ
602 4230 771 4296 πάθος
801 4232 1218 4304 ὑποσημαίνων,
1253 4233 1477 4288 τοιῶνδε
1506 4233 1685 4303 λόγων
1714 4235 1896 4306 ἀπάρ-

288 4341 486 4394 χεταιο
532 4321 599 4377 Ὀ
632 4325 732 4393 μὲν
784 4323 979 4395 παρὼν
1043 4323 1186 4394 βίος,
1217 4318 1262 4380 ὦ
1301 4324 1486 4395 γύναι,
1547 4325 1777 4397 βραχὺς,
1825 4325 1902 4390 ὡς

2001 643 2092 698 illa
2118 659 2315 701 sensus
2344 647 2658 714 renuntiat;
2693 655 2807 702 tum
2831 647 2980 719 quod
3011 651 3284 716 omnibus,
3303 665 3586 722 quascun-

2000 751 2109 805 que
2141 736 2223 792 sol
2253 736 2468 806 aspicit,
2500 746 2658 795 terrae
2684 748 2868 810 partes
2912 740 3279 798 habitantibus
3305 752 3436 799 sunt
3483 757 3583 801 σου

1999 828 2186 899 ςιιίιω.
2240 828 2570 887 Parentibus
2619 840 2773 887 ortus
2803 840 2887 888 est
2926 831 3019 888 tali
3064 833 3272 896 sobole.
3298 835 3582 906 patriaque

1999 917 2201 990 dignis,
2237 919 2330 990 qui
2374 919 2580 977 divitiis
2623 919 2926 988 aﬂluentes,
2957 923 3178 978 militari
3219 925 3391 995 gloria
3419 927 3580 993 clari,

2001 1011 2150 1065 omni
2173 1011 2434 1067 virtutum
2466 1014 2633 1069 choro
2657 1013 2861 1078 ornati,
2894 1014 3140 1070 omnium
3167 1016 3220 1071 in
3249 1032 3308 1074 se
3333 1034 3577 1076 amorem

2000 1103 2434 1173 propensissimo
2485 1105 2681 1162 aﬂectu
2735 1117 3119 1163 converterant
3166 1126 3180 1163 :
3229 1124 3334 1165 non
3386 1125 3576 1166 eorum

2001 1194 2266 1249 duntaxat
2306 1196 2402 1266 qui
2440 1195 2710 1266 religiosis
2738 1197 2987 1253 moribus
3013 1198 3317 1267 cuiterent,
3353 1215 3418 1254 ac
3451 1200 3581 1271 qui-

2001 1284 2104 1340 bus
2128 1285 2367 1356 probitas
2387 1287 2502 1356 ipsa
2517 1289 2813 1343 amicitiam
2847 1289 3086 1356 faceret;
3119 1291 3330 1362 autqui
3355 1292 3578 1361 paribus

2000 1387 2159 1431 erant
2199 1377 2558 1447 dignitatibus
2600 1379 2842 1451 insignes
2867 1421 2882 1444 ,
2933 1380 3060 1436 licet
3111 1383 3350 1452 pessimo
3394 1393 3581 1440 essent

2001 1471 2186 1526 animo
2219 1471 2449 1541 praediti,
2479 1483 2642 1544 atque
2673 1475 2966 1530 amicitiam
2997 1477 3234 1546 pr0priis
3271 1479 3580 1534 commodis

2002 1563 2324 1620 metirentnr
2350 1583 2366 1620 :
2407 1580 2593 1621 verum
2614 1568 2777 1622 etiam
2806 1577 3186 1639 tyrannorum,
3222 1569 3586 1640 ipsorumque

2002 1654 2416 1724 imperatorum,
2451 1655 2542 1725 qui
2578 1656 2682 1726 ipsi
2713 1656 2934 1713 virtutis
2972 1672 3162 1712 eorum
3206 1660 3576 1728 praestantiam

2002 1745 2241 1808 reveriti,
2291 1745 2451 1815 longe
2495 1746 2854 1803 charissimos
2897 1749 3192 1805 habebant.
3243 1749 3484 1806 lsaacius
3525 1762 3582 1807 et

2002 1836 2302 1903 Theodota,
2331 1837 2377 1892 si
2407 1837 2536 1908 quid
2569 1839 2724 1895 vobis
2749 1841 2912 1896 etiam
2946 1857 3144 1896 nomen
3169 1853 3253 1898 est
3279 1859 3444 1906 carie,
3479 1860 3580 1897 vo-

2001 1928 2287 1983 cabantur.
2342 1927 2440 1984 His
2488 1927 2843 2000 amplissimae
2887 1931 3223 1987 hmreditatis
3280 1943 3442 1988 natus
3497 1943 3582 1988 est

2003 2019 2177 2078 haeres
2198 2021 2306 2086 ille,
2341 2021 2432 2093 qui
2474 2021 2634 2077 nobis
2679 2021 2732 2076 in
2766 2024 3050 2091 praesentia
3097 2023 3404 2080 laudandus
3444 2033 3530 2078 est
3563 2044 3578 2078 ;

2003 2123 2356 2182 maternaque
2373 2113 2585 2168 eﬂ'usus
2614 2113 2736 2166 alvo
2755 2115 3058 2167 autumnali
3083 2116 3250 2169 stella:
3269 2115 3583 2184 persimilis.

2000 2203 2201 2257 eximia
2240 2202 2490 2272 corporis
2527 2201 2952 2273 pulchritudine,
2992 2219 3178 2273 parem
3210 2207 3378 2262 animi
3409 2223 3584 2262 venu-

2001 2303 2196 2350 statem
2235 2294 2340 2350 sub
2369 2294 2619 2351 obscuris
2647 2294 2865 2352 indiciis
2893 2296 3177 2365 prodebat.
3217 2297 3404 2368 Neque
3435 2301 3580 2354 enim

2003 2384 2248 2440 mortalis
2288 2385 2548 2450 hominis,
2593 2386 2687 2441 sed
2719 2384 2812 2440 Dei
2841 2385 2988 2442 ﬁlius
3017 2402 3137 2444 esse
3179 2388 3483 2455 videbatur,
3515 2407 3585 2448 ex

2002 2477 2194 2533 matris
2212 2486 2366 2533 utero
2395 2478 2450 2533 in
2471 2477 2722 2534 Jeremia:
2740 2479 3014 2549 prophetat
3035 2495 3244 2536 morem
3270 2482 3581 2538 sanctifica-

2002 2577 2111 2633 lus,
2139 2578 2193 2624 et
2217 2569 2328 2639 jam
2366 2569 2493 2625 inde
2529 2570 2597 2624 ab
2627 2570 2747 2640 ipso
2776 2581 2898 2626 ortu
2933 2573 3000 2626 ad
3049 2582 3355 2628 extremum
3407 2589 3582 2644 usque

2003 2661 2126 2716 vita;
2150 2661 2310 2716 linem
2343 2661 2641 2718 virtutibus
2674 2663 2933 2718 omnibus
2967 2664 3199 2720 illustris
3233 2680 3298 2721 ac
3327 2667 3529 2723 clarus.

2070 2755 2139 2810 At
2175 2764 2329 2825 pater
2369 2755 2564 2824 ipsius,
2604 2770 2728 2810 cum
2757 2755 2956 2828 exiguo
3000 2757 3262 2826 temporis
3307 2759 3488 2828 spatio
3530 2760 3582 2812 in

2002 2849 2269 2903 malorum
2310 2847 2414 2903 hac
2465 2848 2684 2916 regione
2717 2848 2884 2903 vitam
2925 2849 3302 2918 produxisset,
3349 2866 3413 2907 ea
3453 2867 3580 2906 cum

2001 2939 2150 2996 curis
2191 2948 2355 3010 atque
2401 2939 2723 3009 praefectura
2769 2939 2957 2994 relicta
2985 2979 3000 3003 ,
3048 2940 3326 3009 praeﬁnita:
3371 2943 3590 2997 cunctis-

2002 3032 2457 3105 peregrinationis
2495 3031 2788 3087 terminum
2831 3032 3088 3096 absolvit,
3127 3048 3252 3088 cum
3295 3033 3408 3104 jam
3449 3048 3585 3102 puer

1929 3137 1974 3198 ο
2009 3125 2262 3182 trimulus
2291 3134 2460 3182 esset.
2493 3125 2670 3180 Mater
2693 3133 2994 3181 autem.....

2076 3217 2210 3274 Illud
2240 3217 2516 3272 canticum
2539 3227 2948 3287 expresserunt,
2978 3231 3088 3287 quo
3117 3227 3228 3274 tros
3257 3216 3433 3288 pueri,
3453 3232 3585 3273 con-

2005 3320 2208 3381 tempto
2261 3309 2478 3380 tyranni
2514 3308 2696 3380 jussu,
2743 3309 2801 3364 in
2851 3308 3034 3365 medio
3082 3308 3282 3364 camini
3337 3306 3586 3364 ardentis

2001 3411 2336 3458 servatorem
2373 3399 2778 3455 collaudarunt.
2816 3399 2923 3455 Sed
2954 3414 3081 3455 cum
3113 3415 3305 3457 omnes
3333 3401 3401 3455 ad
3439 3399 3582 3454 hila-

2003 3494 2218 3550 ritatem
2268 3491 2622 3562 lmtitiamque
2661 3491 2894 3562 profusi,
2928 3491 3240 3562 nuptiarum
3270 3491 3583 3547 convivium

2002 3585 2362 3651 celebrarent,
2393 3599 2548 3639 mens
2573 3593 2753 3640 tamen
2778 3583 2925 3640 illius
2957 3583 3095 3638 nihil
3125 3583 3213 3641 his
3251 3584 3450 3638 obtusa
3476 3593 3584 3651 est,

2001 3695 2126 3750 qua:
2155 3678 2334 3736 divina
2365 3677 2746 3744 meditaretur,
2789 3677 3074 3748 animique
3109 3677 3452 3748 propositum
3487 3691 3587 3730 ex-

2001 3772 2152 3843 plere
2179 3779 2424 3842 cuperet.
2449 3767 2588 3826 Cum
2613 3770 2727 3840 jam
2750 3769 2936 3840 itaque
2951 3777 3242 3840 appetente
3273 3777 3433 3824 nocte
3459 3782 3585 3824 cum

2001 3879 2206 3934 Sponsa
2227 3861 2467 3919 cubiculi
2497 3870 2708 3918 secreta
2739 3861 3008 3932 petiisset,
3031 3875 3097 3915 ac
3128 3860 3267 3915 lecto
3295 3858 3585 3923 assideret,

2003 3963 2229 4024 totoque
2248 3953 2434 4008 animo
2455 3967 2547 4007 res
2565 3952 2780 4006 divinas
2799 3951 3052 4021 agitaret,
3074 3949 3314 4017 suspirio
3333 3948 3590 4003 indicans

2001 4043 2332 4102 desiderium
2369 4057 2554 4106 suum,
2590 4042 2674 4097 sic
2714 4054 2837 4095 eam
2876 4039 3081 4108 alloqui
3132 4053 3423 4109 aggressus
3455 4048 3541 4095 est
3575 4089 3585 4097 .

2003 4137 2140 4196 Vita:
2160 4129 2754 4202 curriculum,conjux,
2777 4139 2838 4187 ut
2854 4128 3117 4186 omnibus
3140 4139 3304 4200 patet,
3329 4132 3586 4204 exiguam

2003 4241 2108 4298 est,
2149 4241 2486 4306 prorsusque
2536 4224 2830 4280 incertum.
2873 4220 3046 4278 Nemo
3080 4223 3226 4278 enim
3273 4225 3586 4280 mortalium

2004 4324 2176 4387 novit,
2225 4319 2440 4389 quando
2479 4333 2628 4374 mors
2653 4331 2944 4373 accessura
2991 4316 3082 4382 sit,
3113 4331 3324 4387 nosque
3365 4315 3494 4371 hinc
3518 4318 3589 4372 ad

293 4417 479 4470 πᾶσιν
525 4414 773 4486 εὔδηλον,
829 4416 926 4469 καὶ⁵
973 4415 1170 4489 ἀδηλία
1210 4416 1308 4471 τοῦ
1369 4418 1660 4488 μέλλοντος
1717 4408 1900 4474 τέλεον

2007 4413 2249 4468 futurum
2277 4409 2407 4464 illud
2430 4449 2446 4473 ,
2479 4408 2628 4478 quod
2654 4405 2917 4462 omnibus
2932 4415 3018 4462 est
3047 4419 3360 4466 commune,
3394 4419 3587 4458 aman-

296 4481 763 4578 κεκρατημένος
813 4509 875 4562 οὐ
923 4508 1035 4580 γὰρ
1061 4481 1334 4578 ,ἐμφανές
1370 4481 1490 4565 ’τινι
1539 4510 1649 4564 τῶν
1680 4509 1900 4564 πάντων

2006 4505 2199 4560 datura
2239 4500 2533 4572 judicium,
2566 4502 2622 4554 in
2649 4515 2760 4570 quo
2803 4514 2986 4553 rerum
3019 4506 3294 4568 gestarum
3328 4497 3468 4552 ratio
3497 4510 3588 4552 sc-

305 4598 645 4668 καθέστηκε,
682 4597 813 4651 πότε
851 4598 1083 4663 θάνατος
1112 4598 1380 4664 ἐπελθὼν,
1421 4599 1518 4652 καὶ
1566 4597 1756 4652 τούτου
1790 4615 1902 4669 χω-

315 4691 468 4753 ρίσας
503 4690 650 4762 πρὸς
675 4690 739 4744 τὸ
769 4691 965 4761 μέλλον
1004 4691 1364 4763 παραπέμψει
1411 4693 1507 4746 καὶ
1537 4692 1718 4746 κοινὸν
1751 4691 1906 4746 δικα-

317 4785 555 4854 στήριον,
598 4785 863 4853 ὲτασμοίς
895 4783 1154 4854 ἀκριϐέσι
1185 4784 1295 4838 τῶν
1333 4782 1746 4855 πεπραγμένων
1771 4783 1906 4836 bato-

326 4874 748 4946 [ληθησόμενον.
823 4875 1109 4930 Ἐντεῦθεν
1167 4875 1454 4947 ἀνέτοιμον
1501 4875 1674 4929 ἐνίοτε
1721 4874 1905 4929 λαϐὼν

331 4964 413 5015 καὶ
434 4966 720 5029 πλείστοις
765 4967 1009 5038 φορτίοις
1065 4967 1481 5039 ἁμαρτημάτων
1508 4966 1902 5039 βαρυνόμενον,

323 5057 419 5125 τῆς
454 5059 547 5112 τοῦ
597 5058 841 5113 κτίστου
887 5059 1185 5116 καλοποιοῢ
1219 5060 1262 5092 ¹⁰
1289 5060 1624 5132 ὠραιότητος
1652 5062 1731 5124 εἰς
1756 5058 1904 5114 ἆπαν

314 5147 712 5220 ἁλὶοτριώσας,
741 5151 917 5220 οἷμοιί
936 5151 1143 5222 αἰωνίῳ
1175 5153 1532 5226 καταδικάζει
1553 5150 1708 5222 πυρί·
1730 5151 1914 5221 μικρὰν

321 5237 379 5290 δὲ
405 5243 494 5295 καὶ
517 5243 749 5313 δοκήσει
795 5243 932 5314 μόνη
961 5243 1032 5297 τά
1079 5243 1226 5300 καλά
1253 5246 1617 5316 κεκτημένος,
1653 5243 1905 5316 ἀπείροις

324 5330 567 5404 ἀνιαροῖς
629 5335 1066 5407 περιτειχίζεται
1126 5336 1445 5392 ίδιοποιοῦσι
1490 5335 1592 5408 τὴν
1617 5336 1900 5408 τελευτήν.

2005 4592 2149 4650 veris
2193 4589 2587 4660 quaestionibus
2617 4587 2890 4644 reddenda
2929 4587 3052 4643 erit.
3096 4586 3236 4642 Hinc
3257 4586 3590 4656 quandoque

2007 4689 2330 4758 imparatos,
2363 4682 2685 4753 magnisque
2723 4688 3076 4750 peccatorum
3126 4679 3358 4735 cumulis
3390 4693 3589 4734 onera-

2008 4790 2112 4845 tos,
2149 4795 2179 4834 a
2210 4776 2484 4835 Creatoris
2513 4772 2942 4846 pulchritudine,
2983 4786 3050 4828 ex
3083 4786 3190 4840 qua
3227 4779 3415 4826 manat
3440 4772 3588 4842 quod

2006 4874 2293 4946 pulchrum
2323 4881 2428 4939 est,
2459 4870 2675 4943 penitus
2705 4876 2973 4931 extorres,
3004 4866 3223 4922 aeternis
3253 4865 3355 4922 heu
3383 4867 3398 4920 !
3431 4865 3589 4921 [latn-

2007 4969 2114 5024 mis
2144 4966 2388 5022 addicit:
2447 4975 2610 5033 atque
2639 4961 2722 5028 is,
2759 4961 2850 5032 qui
2884 4961 3078 5032 exigua
3113 4959 3277 5025 bona,
3319 4959 3364 5014 si
3407 4968 3587 5013 tamen

2006 5059 2233 5114 dicenda
2265 5067 2393 5113 sunt
2427 5055 2598 5119 bona;
2625 5067 2749 5124 qua:
2782 5051 2964 5122 specie
2996 5057 3209 5104 tantum
3241 5058 3294 5102 et
3332 5047 3588 5118 opinione

2007 5161 2138 5210 sunt
2181 5149 2495 5222 ejusmodi,
2547 5145 2889 5217 possederit,
2925 5141 3227 5198 innumeris
3281 5138 3587 5208 implicatur

2008 5243 2300 5307 molestiis,
2318 5240 2518 5311 quibus
2538 5239 2664 5292 vita:
2683 5236 2808 5292 finis
2833 5251 2974 5307 aegre
3001 5232 3264 5288 immunis
3289 5230 3380 5285 sit.
3414 5228 3586 5294 Quid-

2011 5351 2136 5392 nam
2159 5349 2287 5388 vero
2309 5331 2461 5388 exiis
2478 5346 2598 5402 qua:
2620 5328 2748 5385 huic
2768 5335 3064 5398 suppetunt
3079 5323 3259 5386 bonis,
3284 5321 3503 5376 (irinum
3521 5334 3586 5375 ac

1626 5492 1863 5550 νΑιιιιΕ
1903 5491 2308 5552 LECTIONES.

388 5635 409 5664 ‘
436 5634 569 5710 fort.
605 5637 1037 5710 κατεστέφοντο.
1070 5638 1131 5710 __"
1160 5637 1287 5696 fort.
1317 5638 1566 5710 χειρίστη
1589 5636 1890 5710 συνδεθεῖσι
1911 5634 2079 5706 ψυχῇ.
2156 5634 2176 5663 ⁸
2212 5631 2411 5710 Desunt
2453 5630 2642 5710 multh
2683 5637 2743 5710 ut
2768 5626 2922 5710 διῄρε
2950 5621 3230 5710 ιιὶροηιιρηξ
3277 5617 3580 5710 ερέοΑ-ᾳξιξξθι

322 5690 674 5780 δρειιξῖίσιιηε
707 5690 962 5763 Veneram
997 5690 1286 5775 arbitro—rt,"
1314 5690 1486 5779 Eajiis'
1523 5690 1886 5780 é'pogrnplmm
1925 5690 2261 5776 ’γε’ἱίὲίυδεηιο
2287 5699 2433 5774 (Not.
2469 5701 2557 5758 ed.
2593 5690 2750 5769 Par.)
2825 5700 2845 5728 ν
2873 5690 3102 5766 ὲνωχίαν
3127 5690 3251 5749 Par.
3317 5692 3360 5724 ”
3393 5690 3582 5744 καλλο-

328 5776 476 5833 facit
507 5779 631 5835 Par.
