4006 6216
374 347 444 413 23
1642 354 1936 415 ΤΗΕΟΡΗ

2041 355 2131 418 lIS
2170 358 2365 421 νΙΤΑ.
3579 379 3652 446 24

371 459 600 521 ειαυίιεῖ
619 475 752 515 num
780 458 1019 516 divitiae?
1041 459 1115 516 At
1154 472 1305 520 certe
1321 461 1449 531 illae,
1470 477 1591 532 qua:
1625 463 1740 517 vitii
1767 462 1936 533 magis

2041 516 2044 523 .
2070 467 2229 521 Ποῖον
2259 466 2319 523 δὲ
2358 468 2470 522 τῶν
2509 469 2703 525 τούτου
2731 473 2911 529 καλῶν
2952 478 3183 549 μόνιμον
3214 479 3453 553 ἓστηκες
3484 488 3653 543 πλοῦ-

371 566 535 623 quam
581 551 799 608 virtutis
842 552 1113 610 ministrae
1151 566 1318 620 sunt,
1361 569 1469 611 non
1520 562 1667 611 recte
1722 555 1959 611 admini-

369 643 579 710 stratae,
602 658 666 699 ac
689 659 813 699 cum
843 645 1142 703 multorum
1166 646 1381 704 insidiis
1396 646 1651 703 obnoxia:
1666 646 1955 715 exsistant,

366 736 609 791 nondum
627 751 694 791 ex
717 747 845 793 voto
860 748 1028 808 parta:
1044 739 1243 809 saepius
1259 739 1595 797 dilabuntur.
1614 742 1696 794 An
1719 740 1958 810 pulchri-

367 828 500 883 tudo
544 832 813 899 corporis,
862 845 982 902 qua:
1013 846 1079 887 ex
1114 831 1350 900 quadam
1403 831 1608 887 coloris
1665 833 1954 899 suavitate,

366 930 535 991 atque
577 932 703 992 apta
762 924 932 994 ﬁgura
984 923 1353 979 membrorum
1402 924 1652 980 consistit
1689 925 1712 979 ?
1751 923 1953 979 Vemm

367 1014 461 1069 illa
482 1025 578 1071 aut
602 1010 845 1085 tempore
869 1015 1265 1083 exstinguitur.
1289 1024 1385 1070 aut
1410 1015 1602 1070 morbo
1618 1015 1953 1071 deﬂorescit.

363 1105 631 1162 Humana:
659 1108 843 1177 gloria:
870 1105 1205 1162 ostentatio?
1228 1105 1369 1172 Quid
1404 1108 1641 1163 veroilla
1659 1107 1950 1176 abiectius.

362 1214 399 1253 o
425 1200 624 1268 conjux
660 1198 1003 1261 charissima,
1046 1199 1345 1267 praesertim
1379 1199 1423 1255 si
1458 1215 1583 1255 cum
1614 1201 1948 1267 aeternailla,

2065 559 2269 623 τοςςὊ
2293 560 2496 626 κακίας
2533 561 2791 635 μᾶλλονῆ
2825 567 3029 637 ἀρετῆς
3057 570 3341 645 ὑπηρέτης
3373 577 3446 649 μὴ
3471 582 3654 649 καλῶς

2066 649 2511 723 κυδερνώμενος,
2562 654 2704 709 ἀλλά
2744 659 2976 730 μυρίους
3022 664 3150 727 τοὺς
3204 667 3652 741 ἐπιϐουλεύοντας

2064 740 2228 812 ἔχων,
2274 746 2406 815 πρὶν
2457 748 2602 803 κατὰ
2657 748 2888 822 γνώμην
2934 753 3206 824 κτηθῆναι
3268 760 3534 829 πολλάκις
3570 740 3648 821 διέ

2062 832 2257 889 ὡλολε.
2288 836 2499 902 Κάλλος
2524 839 2776 912 σώματος
2806 844 3031 916 εὐχροίᾳ
3050 846 3091 879 ¹³
3121 863 3180 899 τε
3210 850 3305 902 καὶ
3338 858 3652 931 συμμετρίᾳ

2064 927 2893 1025 μύῶνᾷπροργινόμενονςἎλΥ
2922 938 2953 1009 ἢ
2981 940 3158 1012 χρόνῳ
3183 942 3411 999 σὸεσθὲν
3442 949 3474 1019 ἢ
3510 927 3652 1025 νόσῳ

2063 1019 2340 1112 μαρανθὲν
2368 1018 2625 1094 διαρρυὲν
2670 1023 2863 1095 ᾤχετο.
2896 1028 3067 1100 Δόξης
3106 1018 3648 1112 ἀνθρωπίνηςπεριζ

2060 1110 2286 1176 πέτειας
2320 1112 2433 1166 Καὶ
2471 1113 2524 1167 τί
2568 1116 2775 1185 ταύτης
2830 1118 3234 1193 εὐτελέστερον,
3290 1118 3336 1177 ὧ
3388 1110 3645 1205 φιλτάτη,

2060 1202 2297 1291 μάλιστα
2350 1204 2488 1275 πρὸς
2542 1208 2644 1278 τὴν
2689 1208 2859 1263 ἀΐδιον
2908 1211 3166 1283 εκείνην,
3212 1217 3279 1287 ην
3330 1202 3644 1291 ὀφθαλμὸς-

362 1306 523 1361 quam
554 1307 645 1345 nec
675 1290 857 1343 oculus
882 1290 1035 1353 vidit,
1070 1307 1162 1344 nec
1183 1292 1330 1345 auris
1356 1293 1560 1346 audivit
1583 1306 1631 1358 ιι,
1663 1308 1936 1363 compare-

2056 1295 2169 1350 οὐκ
2219 1290 2342 1350 εἶδε
2374 1299 2417 1330 ί¹
2459 1299 2557 1351 καὶ
2598 1297 2707 1366 οὖς
2753 1304 2865 1358 οὐκ
2899 1304 3168 1373 ἤκουσε,
3216 1312 3643 1386 παραϐαλλομέ-

360 1385 492 1439 tur?
541 1398 662 1452 quae
710 1381 857 1437 enim
906 1383 1175 1449 ejusmodi
1220 1392 1327 1449 est,
1368 1393 1428 1439 ut
1458 1401 1581 1439 cum
1617 1400 1737 1440 eam
1791 1401 1936 1442 mant

2055 1402 2184 1456 νης;
2225 1388 2330 1441 Ἦν
2368 1390 2477 1460 γὰρ
2523 1392 2552 1444 ό
2592 1391 2739 1462 πρωῒ
2779 1396 3127 1466 κτησάμενος
3176 1381 3469 1458 οὐκτοίδεν
3517 1381 3568 1460 εί
3594 1408 3640 1440 ⁸³

358 1478 586 1544 adeptus
618 1474 717 1541 sis,
754 1474 969 1529 nescius
996 1491 1064 1529 an
1108 1491 1283 1545 usque
1317 1476 1383 1533 ad
1419 1492 1700 1546 vesperam
1729 1477 1801 1532 sit
1830 1493 1936 1547 per.

2057 1480 2221 1552 μέχρι
2248 1480 2429 1548 δείλης
2474 1482 2633 1552 ὀψίας
2692 1491 3021 1557 παραμενεῖ,
3064 1491 3182 1555 πῶς
3230 1493 3302 1548 ἂν
3346 1496 3551 1566 ταύτην
3580 1499 3638 1552 ὲν

358 1582 638 1631 mansura,
692 1566 823 1635 quid
877 1575 960 1621 est
996 1583 1094 1623 cur
1138 1568 1192 1623 in
1229 1569 1389 1624 bonis
1420 1569 1784 1624 numeretur?
1818 1568 1936 1625 Haec

2054 1573 2243 1638 καλοῖς
2286 1575 2570 1644 λογίσαιτο
2629 1578 2706 1643 ¹⁸;
2764 1580 2981 1651 Μικρὸν
3040 1582 3168 1649 οὖν,
3219 1588 3269 1639 εί
3306 1588 3473 1651 δοκεῖ,
3524 1593 3638 1654 τοῖς

353 1673 479 1714 cum
513 1657 588 1711 ita
621 1658 732 1713 sint
759 1701 772 1723 ,
808 1658 852 1713 si
884 1658 1098 1713 videtur
1122 1698 1139 1724 ,
1165 1659 1431 1729 tantisper
1462 1669 1672 1715 natura:
1697 1662 1936 1717 obsecuti

2050 1666 2149 1736 τῆς
2195 1666 2415 1734 φύσεως
2458 1669 2948 1742 λειτουργήσαντες
3002 1676 3220 1747 νόμοις,
3264 1680 3424 1750 ἡμῶν
3454 1683 3636 1736 αὐτῶν

355 1750 589 1821 legibus,
630 1751 789 1807 nobis
828 1751 931 1821 ipsi
956 1753 1322 1822 supernisque
1348 1753 1689 1821 studeamus,
1724 1755 1791 1809 iis
1824 1771 1946 1810 om-

2051 1758 2148 1813 καὶ
2183 1758 2293 1811 τῶν
2346 1761 2459 1815 ἄνω
2500 1761 2807 1832 γενώμεθα,
2846 1767 2957 1820 πᾶν
3008 1767 3036 1820 δ
3086 1769 3161 1841 μὴ
3209 1772 3522 1843 παραμένει
3557 1774 3638 1845 τῷ

354 1845 515 1901 nibus
545 1859 853 1916 opportune
898 1848 1117 1918 rejectis
1142 1889 1157 1913 ,
1189 1864 1311 1919 qua:
1342 1848 1529 1905 futuro
1561 1865 1675 1907 aevo
1715 1850 1936 1908 minime

2048 1850 2297 1920 μέλλοντι
2326 1855 2624 1924 προσφυῶς
2663 1835 3145 1931 ἁποτιναξάμενοι.

357 1948 736 2008 perseverant.

424 2027 550 2084 ilmc
591 2037 757 2099 atque
808 2030 912 2084 alia
960 2031 1129 2085 multa
1171 2031 1259 2086 ille
1289 2048 1517 2104 corpore
1558 2036 1796 2104 juvenis,
1846 2038 1938 2091 sed

351 2124 636 2194 prudentia
676 2139 839 2177 senex
872 2124 1199 2192 loquebatur
1232 2144 1246 2190 ;
1291 2140 1415 2178 cum
1455 2142 1589 2195 pura
1658 2137 1821 2196 atque
1856 2128 1943 2181 in-

353 2228 501 2286 tegra
531 2214 737 2271 Christi
766 2214 1046 2280 columba,
1078 2224 1133 2269 et
1165 2224 1347 2270 turtur
1392 2217 1727 2283 solitudinis,
1760 2227 1816 2273 et
1850 2235 1939 2271 ca-

349 2308 553 2363 stitatis
590 2306 842 2376 cupidior
891 2321 1055 2375 quam
1096 2308 1431 2376 nuptiarum,
1464 2316 1630 2377 atque
1683 2307 1939 2361 Mardarii

347 2397 606 2470 martyris
626 2398 816 2452 uxoris
829 2411 1117 2452 accensum
1137 2396 1191 2451 in
1209 2397 1491 2454 Christum
1514 2412 1756 2452 amorem
1780 2399 1940 2469 longe

348 2508 637 2564 superans,
678 2507 786 2563 quo
820 2493 1046 2548 meliora
1105 2493 1401 2550 consulens
1428 2493 1482 2546 in
1527 2492 1785 2547 omnibus
1830 2494 1939 2549 illis

350 2588 467 2641 viro
497 2586 647 2640 socia
676 2585 903 2648 exstitit,
925 2585 1103 2639 verbis
1127 2583 1462 2655 ejuscemodi
1480 2584 1681 2638 marito
1710 2599 1940 2652 respon-

349 2679 429 2734 dit
457 2696 471 2733 :
508 2678 676 2732 Multo
704 2677 918 2745 aequius
951 2676 1135 2741 inerit,
1170 2690 1371 2746 sponse
1406 2676 1940 2747 charissime,virgi-

349 2767 537 2823 uitatis
583 2767 1048 2837 pulchritudinem
1096 2782 1312 2836 semper
1361 2767 1624 2836 integram
1679 2783 1933 2839 servare,

350 2873 513 2927 quam
548 2856 785 2911 maxima
813 2873 878 2912 ex
904 2866 1062 2927 parte
1091 2872 1211 2911 eam
1244 2857 1532 2927 inquinare
1560 2876 1574 2911 :
1606 2858 1730 2929 quis
1752 2868 1935 2914 autem

348 2949 467 3005 fore
491 2951 779 3021 spondeat,
814 2959 874 3005 ut
909 2951 1003 3020 qui
1032 2951 1159 3005 huic
1185 2952 1386 3006 sacculo
1408 2951 1673 3017 serviunt,
1698 2953 1938 3022 dantque

348 3043 507 3099 libris
530 3057 778 3113 operam,
811 3043 921 3099 voti
956 3054 1237 3113 compotes
1267 3045 1603 3115 quandoque
1638 3046 1790 3111 llant,
1827 3063 1934 3103 non

349 3136 646 3189 maturiore
668 3137 914 3205 praerepti
952 3136 1058 3191 fato
1086 3137 1233 3191 inani
1258 3151 1353 3207 spe
1381 3137 1648 3209 emigrent
1671 3140 1694 3192 ?
1729 3150 1936 3210 quanto

346 3227 572 3290 clarius,
605 3236 665 3281 ut
700 3227 816 3282 leve
848 3227 1052 3283 Christi
1092 3229 1284 3299 jugum
1320 3230 1388 3283 ab
1420 3232 1784 3287 adolescentia
1826 3235 1926 3287 tol-

348 3319 542 3383 lentes,
584 3317 957 3383 bcatitndinc.
996 3336 1119 3389 quae
1156 3322 1281 3376 inde
1310 3323 1580 3391 sequitur,
1608 3339 1708 3380 nos
1736 3325 1929 3395 dignos

346 3421 691 3482 praestemus,
707 3428 873 3483 quam
906 3422 967 3468 ut
996 3415 1062 3469 ad
1094 3414 1258 3470 breve
1310 3425 1523 3486 tempus
1556 3419 1779 3473 caducis
1809 3419 1928 3483 istis

346 3518 410 3556 ac
440 3503 696 3561 inanibus
742 3520 963 3575 operam
994 3516 1278 3576 ponentes,
1318 3509 1553 3565 haerente
1584 3512 1691 3567 illis
1720 3513 1923 3580 animo,

344 3596 600 3675 pessimis
644 3598 809 3655 rebus
841 3600 1047 3671 jugiter
1086 3603 1451 3660 insistemus?
1489 3604 1614 3661 Haec
1661 3607 1752 3662 illa
1800 3624 1925 3664 cum

344 3687 597 3755 dixisset,
625 3690 907 3760 obstupuit
935 3694 1254 3751 adolescens
1283 3713 1299 3762 ;
1330 3698 1531 3767 quippe
1568 3699 1660 3766 qui
1689 3715 1801 3754 rem
1829 3718 1928 3757 no-

344 3791 491 3842 vam,
528 3779 791 3849 omnique
820 3781 1083 3849 majorem
1124 3787 1529 3854 exspectatione
1555 3787 1813 3843 audisset.
1852 3792 1929 3845 Ac

345 3870 583 3938 primum
615 3873 836 3941 quidem
870 3874 1020 3929 humi
1044 3885 1371 3945 prostratus,
1394 3879 1597 3949 gratias
1624 3881 1733 3951 egit
1757 3881 1927 3936 Crea.

345 3962 498 4028 tori;
535 3962 731 4019 deinde
778 3965 975 4021 lzctiori
1008 3970 1160 4024 vultu
1212 3971 1503 4043 conjugem
1564 3974 1817 4038 intuitus,
1866 3983 1931 4029 ac

349 4053 663 4121 pollicitus,
707 4069 767 4110 se
801 4054 950 4109 illam
995 4056 1240 4112 honestis
1289 4060 1547 4115 omnibus
1590 4060 1645 4113 in
1699 4059 1928 4127 studiis,

345 4145 591 4213 adeoque
626 4147 678 4199 in
716 4144 907 4201 futuro
953 4150 1155 4203 saeculo
1194 4151 1401 4204 sociam
1442 4152 1779 4215 habiturum,
1822 4167 1929 4205 una

346 4238 671 4304 praclarum
697 4254 835 4308 opus
864 4241 1199 4305 auspicatur.
1236 4240 1540 4308 Statimque
1562 4243 1927 4297 monasticum

349 4330 660 4385 institutum
694 4331 747 4384 in
770 4331 1017 4383 saeculari
1059 4331 1165 4383 vita
1202 4338 1604 4398 consectantes,
1644 4333 1792 4386 omni
1814 4332 1928 4387 vir-

246 4418 249 4421 ’
348 4432 524 4477 tutum
552 4435 749 4491 genere
774 4420 940 4474 vitam
975 4420 1232 4476 excolunt
1263 4437 1278 4487 ;
1326 4435 1574 4478 sanctum
1604 4437 1798 4494 nempe
1830 4439 1929 4495 par

2114 2030 2353 2084 Τοιαῦτα
2404 2032 2503 2100 μὲν
2556 2034 2585 2085 ὁ
2633 2034 2755 2097 νέος
2790 2035 2870 2105 τῷ
2907 2037 3125 2105 σώματι
3168 2041 3265 2092 καὶ
3294 2039 3524 2103 παλαιὸς
3557 2042 3635 2111 τῷ

2044 2119 2380 2189 φρονήματι,
2426 2121 2522 2173 καὶ
2572 2122 2708 2175 πολύ
2755 2122 2964 2179 τούτων
3006 2127 3159 2194 ἔλεγε
3220 2127 3464 2182 πλείονω
3518 2131 3636 2200 ἡδὲ

2043 2208 2136 2261 τοῦ
2176 2209 2420 2278 Χριστοῦ
2462 2211 2727 2277 ἀμίαντος
2784 2213 2877 2263 καὶ
2929 2215 3167 2284 ἁκεραία
3220 2218 3546 2289 περιστερὰ,
3599 2220 3633 2291 ὴ

2041 2297 2260 2369 τρυγὼν
2291 2302 2324 2369 ή
2365 2300 2671 2371 φιλέρημος
2718 2303 2923 2369 μᾶλλον
2957 2308 3053 2358 καὶ
3082 2307 3365 2374 φίλαγνος,
3410 2311 3441 2378 ἢ
3476 2310 3631 2378 φιλό-

2040 2407 2240 2460 γαμος,
2306 2393 2338 2461 ἡ
2403 2393 2464 2445 τὸ
2529 2393 2625 2446 τοῦ
2687 2397 2966 2466 μάρτυρος
3027 2398 3347 2469 Μαρδαρίου
3408 2400 3633 2466 γύναιον

2042 2484 2223 2555 πολλῷ
2275 2484 2355 2555 τῷ
2398 2484 2551 2555 μέσῳ
2589 2486 2649 2539 τὸ
2696 2488 2777 2549 είς
2819 2487 3055 2557 Χριστὸν
3094 2490 3315 2561 φίλτρον
3342 2492 3630 2563 παραδρα-

2044 2576 2243 2648 μοῦσα,
2279 2580 2400 2631 ὅσον
2442 2578 2513 2632 τὰ
2542 2604 2543 2607 η
2577 2580 2793 2650 χρηστὰ
2854 2581 3332 2652 συμϐουλεύσασα,
3369 2587 3630 2650 κοινωνὸς

2039 2654 2244 2724 τούτῳν
2288 2670 2533 2741 ὑπῆρξεν
2583 2674 2640 2725 ὲν
2689 2672 2884 2740 ἅπασι,
2927 2674 3187 2739 τοιούτοις
3226 2676 3513 2747 ἀμείϐεται
3540 2679 3630 2731 λό-

2040 2780 2156 2831 γοις
2182 2764 2275 2817 τὸν
2316 2763 2593 2817 σύνευνον·
2634 2766 2745 2819 Καὶ
2779 2764 2929 2838 πόσῳ
2961 2768 3162 2837 μᾶλλον
3192 2769 3549 2841 δικαιότερον,
3578 2764 3624 2823 ὧ

2041 2852 2286 2921 φίλτατε,
2316 2852 2382 2906 δι’
2413 2853 2534 2907 ὅλου
2583 2854 2645 2907 τὸ
2678 2856 2775 2925 τῆς
2808 2856 3111 2927 παρθενίας
3153 2858 3390 2928 τηρῆσαι
3434 2860 3621 2925 καλὸν,

2038 2946 2072 3016 ἢ
2104 2946 2181 3016 τῷ
2203 2946 2441 3016 πλείστῳ
2467 2946 2622 3017 μέρει
2655 2950 3094 3027 καταρῤνδτεῶσαι
3120 2952 3183 3003 "‘l
3224 2951 3309 3014 τίς
3339 2951 3395 3004 δὲ
3421 2953 3629 3007 τούτων

2041 3037 2338 3109 ἐγγυητὴς,
2371 3038 2453 3091 ὅτι
2497 3038 2576 3107 τῷ
2610 3038 2713 3110 βίῳ
2740 3040 3119 3111 λειτουργοῦσι
3148 3044 3243 3095 καὶ
3272 3044 3408 3115 πρὸς
3444 3044 3629 3098 παιδο·

1961 3166 2003 3225 C
2042 3128 2227 3181 ποιίαν
2281 3129 2655 3201 ὑπαγομένοις
2694 3130 2755 3183 τὸ
2816 3131 3010 3203 ἄδηλον
3066 3134 3343 3198 ἐκδέξεται
3393 3136 3623 3202 τούτων,

2035 3220 2173 3274 ἀλλὰ
2214 3222 2289 3292 μὴ
2330 3220 2439 3275 τῶν
2478 3222 2737 3292 χρηστῶν
2771 3223 3004 3277 ἐλπίδων
3047 3227 3485 3297 προαναρπὰταν
3520 3246 3625 3297 μα-

2028 3311 2189 3376 ταίας
2223 3312 2426 3384 ταύτης
2460 3315 2503 3345 "
2542 3315 2899 3386 ὲναποδείξῃς
2952 3316 3101 3388 πόσῳ
3139 3318 3195 3371 δὲ
3243 3319 3627 3391 εὐκλεέστερον

2028 3405 2118 3460 τδν
2146 3405 2381 3478 ἐλαφρὸν
2403 3407 2497 3461 τοῦ
2525 3410 2762 3479 Χριστοῦ
2793 3408 2958 3477 ζυγὸν
2990 3413 3054 3463 ὲκ
3079 3412 3331 3483 νεότητος
3360 3414 3620 3483 ἄραντας,

2029 3498 2122 3553 τοῦ
2149 3500 2414 3570 ἑπομένου
2435 3502 2607 3574 τούτῳ
2633 3504 3033 3575 καταξιωθῆναι
3056 3507 3467 3578 μακαρισμοῦ,ῆ
3488 3508 3622 3578 πρὸς

2032 3591 2204 3663 βραχύ
2220 3591 2381 3660 δῆθεν
2401 3596 2513 3658 τοῖς
2538 3596 2786 3665 ματαίοις
2820 3596 3279 3665 ἐνασχοληθέντας
3302 3636 3318 3661 ,
3353 3596 3515 3666 πῆξιν
3565 3598 3623 3649 έν

2031 3684 2241 3748 τούτοις
2255 3685 2350 3739 τοῦ
2383 3686 2645 3757 λογισμοῦ
2664 3688 2920 3750 λαϐόντος
2945 3687 3046 3753 “ﬁ
3065 3689 3175 3751 τοῖς
3209 3688 3504 3758 χειρίστοις
3536 3687 3623 3739 ὲνο

2031 3777 2328 3845 απομεῖναι
2356 3777 2367 3830 l
2417 3778 2721 3849 Ἐκπληξις
2753 3775 2863 3850 εἶχε
2894 3780 3001 3836 τῶν
3029 3782 3336 3854 λεγομένων
3378 3785 3467 3837 τὸν
3499 3801 3625 3835 νεα-

2032 3867 2171 3921 νίαν·
2194 3866 2266 3920 τὰ
2302 3868 2494 3935 πρῶτα
2512 3869 2620 3937 γὰρ
2638 3870 2790 3940 παρὰ
2824 3873 3005 3927 πᾶσαν
3035 3874 3363 3945 προσδοκίαν
3392 3874 3628 3944 παραδό-

2034 3958 2142 4024 ξως
2176 3958 2434 4029 ἀκήκοεν⁸
2462 3959 2557 4011 καὶ
2588 3960 2781 4030 πρῶτα
2817 3962 2917 4031 μὲν
2950 3966 3046 4017 σὺν
3069 3966 3301 4038 δάκρυσι
3330 3967 3623 4037 πρηνὴςτῇ

2035 4052 2106 4119 γῇ
2148 4051 2573 4119 προσκυλισθεὶς
2607 4053 2673 4115 ιτ,
2723 4054 2822 4121 τὴν
2856 4057 2997 4125 ὑπὲρ
3038 4058 3242 4112 τούτων
3275 4061 3624 4130 εὐχαριστίαν

2032 4141 2268 4195 ἀνετίθει
2310 4143 2388 4211 τῷ
2434 4144 2695 4196 Κτίσαντι
2735 4147 2798 4177 ³⁸·
2831 4146 3022 4200 ἔπειτα
3067 4152 3145 4219 τῷ
3194 4154 3401 4219 γυναίῳ
3451 4169 3621 4219 προσ-

2030 4232 2235 4301 σλέψας
2264 4232 2612 4304 ἱλαρώτερον,
2645 4235 2737 4286 καὶ
2766 4235 3035 4305 συνθήκας
3070 4240 3206 4307 πρὸς
3235 4242 3437 4308 ταύτην
3465 4258 3621 4306 ποιη-

2031 4325 2266 4395 σάμενος
2294 4325 2369 4388 ὡς
2405 4326 2662 4379 κοινωνὸν
2690 4328 2747 4379 ἐν
2788 4328 2923 4380 πᾶσι
2962 4329 3144 4392 καλοῖς
3178 4330 3285 4395 ἔξει
3317 4331 3381 4394 ’⁸,
3414 4335 3508 4382 καὶ
3539 4332 3618 4394 εἰς

2030 4416 2205 4471 αίῶνα
2252 4418 2345 4471 τὸν
2398 4416 2664 4489 μέλλοντα
2707 4418 2804 4471 σύν
2836 4418 3112 4490 αὐτῷ·τῆς
3154 4421 3325 4492 καλῆς
3352 4421 3617 4492 ἐργασίας

346 4514 545 4579 ρίΐεοῑί,
575 4512 669 4582 qui
697 4512 969 4581 spiritales
998 4512 1181 4569 sulcos
1203 4513 1533 4580 scinderent,
1568 4515 1733 4585 inque
1761 4516 1930 4572 coele-

2041 4508 2343 4579 ἀπάρχεται
2378 4524 2393 4540 ·
2444 4509 2539 4563 καὶ
2602 4509 2917 4580 παραυτίκα
2990 4510 3320 4579 μονάζοντες
3364 4506 3503 4581 ἦσαν
3558 4514 3618 4564 ὲν

347 4606 524 4662 stibus
551 4605 763 4662 horreis
797 4606 1041 4678 spiritale
1070 4606 1257 4662 itidem
1282 4606 1521 4661 triticum
1553 4608 1926 4665 reconderent.

347 4698 550 4755 Christi
592 4700 771 4757 bonus
809 4701 946 4757 odor
982 4700 1157 4757 eli‘ecti
1194 4702 1370 4772 ipsum
1410 4701 1795 4766 oblectabant;
1834 4703 1931 4757 bo-

350 4806 593 4861 numque
633 4793 754 4863 ejus
800 4806 1204 4865 unguentorum
1252 4795 1474 4851 odorem
1535 4796 1928 4866 percipientes,

352 4885 502 4941 illius
533 4888 820 4956 praesentia
852 4887 1195 4943 fruebantur;

426 5157 565 5213 Cum
623 5155 790 5228 igitur
838 5171 941 5227 pro
990 5172 1319 5228 sponsorum
1369 5174 1525 5214 more
1580 5158 1661 5213 sic
1714 5167 1927 5213 noctem

356 5249 771 5321 transegissent,
808 5258 921 5305 tota
963 5250 1163 5307 domus
1207 5250 1336 5305 boni
1382 5250 1570 5307 odoris
1632 5250 1929 5320 fragrantia

354 5343 560 5414 repleta
603 5351 706 5409 est,
756 5358 877 5413 quae
912 5343 1072 5415 longo
1123 5344 1410 5399 intervallo
1466 5343 1654 5399 odoris
1704 5358 1924 5399 omnem

350 5508 353 5513 ~
427 5492 449 5520 ι
494 5481 667 5538 lCor.
693 5501 753 5551 ιι,
777 5485 830 5541 9.

2034 4600 2286 4673 κοσμικῷ
2332 4600 2685 4672 πολιτεύματι
2734 4602 2826 4654 τὸν
2875 4602 3098 4656 ἐκείνων
3131 4603 3244 4673 βίον
3276 4603 3619 4673 διακριϐοῦν-

2030 4711 2143 4760 τες,
2201 4692 2431 4766 ξυνωρὶς
2492 4695 2776 4764 παναγία,
2827 4694 2925 4758 τὰς
2977 4697 3176 4765 νοητὰς
3223 4697 3617 4766 ἀνατέμνοντες

2032 4785 2275 4849 αὔλακας
2317 4788 2412 4840 καὶ
2446 4789 2567 4851 ταῖς
2596 4787 2875 4857 οὐρανίαις
2901 4789 3087 4857 σηκοῖς
3124 4788 3215 4841 τὸν
3250 4787 3439 4858 νοητὸν
3469 4791 3615 4841 σῖτον

2033 4879 2499 4949 ὲναποτιθέμενοι.
2562 4880 2833 4950 Ἕτερπον
2884 4880 3120 4951 Χριστὸν
3166 4880 3365 4934 εὐωδία
3418 4880 3613 4934 τούτου

2031 4970 2314 5040 γενόμενοι
2341 4971 2409 5002 ¹⁰·
2433 4970 2523 5024 καὶ
2537 4968 2639 5040 τῆς
2668 4971 2877 5025 ἐκείνου
2899 4970 3006 5023 τῶν
3040 4970 3225 5041 μύρων
3252 4971 3428 5043 ὀσμῆς
3462 4972 3615 5025 ἀντιο

2030 5063 2452 5132 λαμϐανόμενοι,
2479 5061 2581 5131 τὴν
2624 5062 2835 5116 ἐκείνου
2865 5062 3266 5116 κατεπλούτουν
3292 5063 3610 5133 ἐπιδημίαν.

2101 5155 2214 5225 Τῆς
2245 5156 2506 5224 συνήθους
2541 5154 2671 5223 γοῦν
2719 5155 2847 5225 παρ’
2875 5155 3056 5218 αὐτοῖς
3105 5154 3424 5227 νυκτερινῆς
3456 5155 3613 5205 ἔκτε-

2030 5249 2299 5320 λουμένης
2335 5247 2605 5313 συνάξεως
2630 5287 2645 5310 ,
2690 5246 2916 5310 εὐωδίας
2958 5250 2987 5301 ὁ
3036 5242 3184 5312 οἶκος
3218 5251 3324 5310 πᾶς
3366 5244 3609 5314 ἀναπίμ-

2034 5341 2257 5405 πλαται,
2296 5342 2477 5393 πᾶσαν
2528 5337 2733 5408 συνήθη
2770 5336 2963 5408 μακρῷ
3013 5338 3092 5408 τῷ
3148 5340 3299 5408 μέσῳ
3328 5350 3606 5403 παρατρε-

1652 5570 1886 5627 νΑιιιΑῑ
1928 5570 2335 5628 LECTIONES.

428 5683 472 5713 τ’
493 5682 720 5754 εὐχροια
752 5687 880 5744 Par.
946 5689 987 5721 η
1013 5689 1087 5743 ἴδε
1109 5688 1231 5742 Par.
1312 5687 1481 5811 ²³εὲἢ
1509 5673 1633 5745 Par.
1710 5689 1753 5722 “
1777 5688 1906 5744 fort.
1927 5687 2193 5756 λογίσαιο.
2272 5691 2314 5723 ¹⁸
2336 5691 2762 5762 κατερῤυπῶσαι
2793 5690 2915 5746 Par.
2996 5689 3037 5720 ¹⁶
3060 5688 3227 5757 ταύτῃ
3255 5700 3442 5753 margo
3476 5686 3600 5743 Par.

428 5753 536 5809 tlim
566 5754 767 5813 ταύτας
872 5758 945 5793 ⁸⁸*
970 5759 1276 5813 Li'tzebatttr
1329 5759 1395 5813 λα
1434 5762 1591 5813 όντας
1666 5760 1707 5791 ¹⁷
1740 5758 2128 5813 προσκαλιθεὶς
2191 5759 2313 5813 Par.
2408 5760 2449 5792 ³⁸
2483 5761 2743 5813 κτήσαντι
2767 5761 2889 5813 Par.
2984 5760 3023 5791 ’θ
3057 5758 3150 5813 ἓξη
3188 5758 3309 5812 Par.
3386 5758 3431 5791 "
3469 5758 3577 5813 fort

1464 5779 1491 5815 ν

361 5753 536 5809 Malim
565 5753 767 5821 ταύτας

872 5758 945 5793 ⁸⁸*
970 5759 1276 5833 ιιέυιιαιιιι·
1329 5759 1395 5814 λα

356 5826 669 5897 γενομένου.

1497 5777 1591 5823 τας
1666 5760 1707 5791 ¹⁷
1740 5758 2128 5831 προσκαλιθεὶς
2191 5759 2313 5816 Par.
2408 5758 2743 5831 ’δ’κτήσαντι
2767 5761 2889 5815 Par.
2984 5760 3023 5791 ’θ
3057 5758 3150 5830 ἓξη
3188 5758 3309 5812 Ρπο
3386 5758 3431 5791 ’⁸
3469 5758 3577 5815 Ῐοη
