4006 6216
323 341 400 404 2⁵
1646 324 2135 386 THEOPHANIS
2170 325 2370 388 VI'I‘A.
3570 329 3642 398 26

325 448 554 521 χούσης,
605 441 710 495 καί
744 439 844 507 τὴν
877 433 989 490 τοῦ
1023 433 1308 490 Δεσπότου
1361 433 1667 506 παρουσίαν
1698 435 1945 506 παραδη-

2053 447 2370 491 consuetam
2394 435 2716 492 suavitatem
2737 451 3028 511 superans,
3052 437 3268 496 Domini
3296 441 3639 513 praesentiam

329 533 650 607 λούσηςῶς
679 530 775 597 τὴν
813 528 1093 599 πρόθεσιν
1121 525 1232 580 τῶν
1259 523 1576 596 θαυμασίων
1604 528 1946 600 ἀποδεξάμε.

335 648 462 694 νος,
489 631 562 697 τῇ
594 624 763 693 οἰκείᾳ
798 619 1187 692 κατηγλὰῖσεν
1235 618 1518 689 ἐπιδημία.
1556 619 1950 690 ’Υφαπλώσαν-

350 742 458 789 τας
483 717 578 775 οὖν
602 717 809 778 ἑαυτοὺς
835 714 921 783 τῷ
950 712 1172 780 ἐδάφει.
1203 710 1306 773 τὰς
1322 709 1414 764 τοῦ
1446 710 1630 774 ιλιους
1657 712 1948 768 meum

362 814 581 875 τούτοις
619 810 764 880 ᾔτουν
795 804 1016 874 πηγάς.
1043 802 1160 859 Καὶ
1202 801 1267 868 δὴ
1301 801 1402 870 τῆς
1444 801 1598 865 θείας
1644 802 1949 872 ἐμφανείας

375 899 759 972 παρῳχηκυῖας.
786 897 881 948 τὸν
914 891 1153 947 πλοῦτον
1190 890 1472 954 κενοῦντες
1503 888 1666 962 [ταῖς]
1693 892 1802 946 τῶν
1835 893 1950 948 δεο-

393 997 546 1066 μένων
569 992 712 1062 χερσὶ
735 1029 752 1054 ,
773 986 1098 1057 ἐνεχείρουν
1117 982 1213 1037 καὶ
1238 982 1374 1053 πρὸς
1402 980 1499 1053 τὴν
1526 983 1569 1014 ²¹
1599 982 1949 1055 ἀναχώρησιν

392 1083 790 1147 ἐνσκευάζεσθαι.
855 1078 1328 1146 ’Δντεστρατήγει
1372 1075 1427 1128 δὲ
1480 1075 1690 1139 τούτοις
1754 1076 1949 1144 φθόνος

385 1179 464 1232 τοῦ
509 1174 679 1229 κοινοῦ
714 1172 986 1242 πολεμίου
1035 1170 1176 1223 πᾶσι
1229 1167 1542 1236 βασκαίνων
1595 1168 1802 1234 καλοῖς,
1852 1168 1949 1224 καὶ

377 1268 621 1340 κηδευτὴς
663 1269 690 1319 ὁ
727 1266 924 1318 τούτου
977 1263 1070 1315 ἐπ’
1107 1259 1293 1323 αὐτοῖς
1349 1258 1530 1329 μόνοις
1581 1260 1679 1338 τᾲς
1729 1260 1948 1325 ἐλπίδας

375 1361 464 1414 τοῦ
495 1358 609 1428 βίον
637 1356 901 1418 σαλεύων,
941 1353 1037 1407 ἐπὶ
1067 1349 1323 1404 τοσοῦτον
1365 1350 1674 1421 χαλεπήνας
1707 1351 1783 1420 τῷ
1809 1354 1949 1422 πρά-

377 1465 559 1518 γματι,
583 1447 653 1510 ὡς
678 1446 767 1499 καὶ
793 1443 1024 1514 βασιλέα
1055 1440 1195 1512 πρὸς
1224 1439 1399 1510 μέγαν
1419 1439 1725 1510 ἐξερεθίσαι
1754 1441 1944 1510 θυμόν.

378 1543 523 1596 Λέων
548 1541 602 1593 δὲ
637 1535 784 1598 οὗτος
812 1536 903 1609 ἦν,
935 1538 966 1589 ὁ
992 1535 1091 1589 τοῦ
1127 1534 1503 1606 Κοπρωνύμου
1538 1537 1651 1599 υίὸς
1700 1537 1795 1592 καὶ
1827 1537 1948 1592 διά-

383 1632 541 1699 δοχος,
559 1632 615 1694 ὃς
641 1632 730 1684 τὸν
756 1631 875 1684 νέον
919 1629 1314 1700 ὑπεραλγήσας
1346 1629 1548 1681 καὶτὸν
1566 1631 1765 1684 οἰκεῖον
1793 1631 1946 1700 φίλον

393 1723 572 1794 τιμῶν,
601 1724 849 1794 causa.»
895 1721 1071 1786 δεῖξαι
1115 1718 1416 1790 χηρεύοντα
1461 1720 1554 1774 τὸν
1608 1723 1847 1787 νεανίαν,
1895 1727 1944 1779 εί

399 1815 466 1885 μὴ
513 1818 606 1890 τῆς
658 1814 1019 1885 ἐγχειρήσεως
1067 1809 1317 1881 ἐκσταίη,
1366 1811 1462 1865 σὺν
1510 1813 1691 1882 ὅρκοις
1731 1813 1945 1886 διηπει-

396 1906 529 1960 λεῖτο
550 1908 617 1961 τ’.
648 1908 753 1960 Καὶ
781 1906 914 1976 πρὸς
953 1905 1043 1974 τὴν
1076 1902 1315 1967 Κύζικον
1365 1903 1765 1971 ἐξαπέστειλεν,
1803 1906 1949 1971 ἀξιό-

410 2017 577 2069 χρεων
604 1999 895 2067 ὶγχειρίσας
940 1995 1273 2066 πραγμάτων
1297 1995 1587 2066 διοίκησιν,
1627 1997 1702 2062 ὡς
1735 1998 1802 2052 ἂν
1835 2001 1948 2063 τοῖς

433 2090 666 2157 puniet;
708 2089 801 2140 καλ.
858 2089 932 2154 τῷ
993 2089 1152 2158 χρόνῳ
1234 2088 1644 2158 παραρρέουσιν
1705 2090 1948 2157 ἀγεννῶς

431 2179 857 2247 ἐναςχοὶούμενος,
885 2179 1008 2248 λήθῃ
1036 2177 1296 2250 παραδοίη
1313 2177 1409 2231 ,⁸⁸⁸
1437 2179 1540 2234 τῶν
1582 2181 1668 2233 ἀεὶ
1699 2181 1949 2237 ἑστώτων

421 2271 515 2338 τὴν
538 2271 758 2335 ἀγλαΐαν.
805 2270 855 2322 ’0
876 2268 929 2321 δὲ
957 2268 1140 2340 ὥσπερ
1169 2271 1405 2340 ἕρμαιον
1440 2271 1536 2341 τὴν
1568 2271 1743 2338 ἔξοδον
1771 2274 1949 2328 ἀσπαο

416 2363 642 2429 ciuem,
705 2360 1048 2431 ἐπιτυγχάνει
1123 2361 1267 2415 κατὰ
1337 2361 1435 2433 τὴν
1506 2363 1598 2416 ἐπὶ
1657 2365 1949 2437 Σιγριανὴν

395 2452 607 2520 πάροδον
658 2455 870 2526 γέροντι
927 2456 995 2508 τὰ
1051 2457 1228 2508 πάντα
1289 2455 1613 2527 θαυμασίῳ,
1661 2459 1950 2530 Γρηγορίῳ

383 2546 618 2616 τοῦνομα,
659 2548 821 2616 εἴπερ
865 2549 960 2600 καὶ
990 2547 1259 2616 ὀνόματος
1294 2548 1426 2617 ἡμῖν
1489 2549 1664 2618 μέλει,
1687 2550 1863 2614 ἄλλοις
1890 2567 1949 2604 τε

379 2641 813 2710 κατηγλαῐσμένῳ
871 2641 1194 2710 χαρίσμασι
1247 2641 1342 2694 καὶ
1381 2643 1719 2712 προφητείας
1766 2645 1949 2714 χάριτι

371 2733 718 2803 λαμπομένῳσ
767 2734 827 2796 ὃς
866 2734 1090 2797 πολλοῖς
1141 2735 1329 2804 ἱδρῶσι
1379 2735 1675 2807 ἐλευθέραν
1702 2736 1810 2790 τῶν
1843 2753 1950 2790 πα-

369 2825 472 2877 θῶν
509 2829 600 2895 τὴν
644 2825 839 2879 ἑαυτοῦ
894 2827 1130 2898 καρδίαν
1167 2828 1648 2897 ἀπεργασάμενος,
1707 2829 1843 2898 πρός
1891 2846 1951 2882 τε

367 2917 608 2971 θεοπτίαν
645 2920 958 2988 ἐπιτήδειος
1000 2921 1096 2971 καὶ
1141 2920 1276 2989 πρὸς
1321 2919 1414 2974 τοῦ
1468 2921 1755 2990 μέλλοντος
1783 2939 1952 2975 κατα-

365 3011 528 3080 νόησιν
557 3010 842 3078 ἐγεγόνει·
901 3013 1000 3064 καὶ
1047 3011 1114 3063 τὰ
1148 3011 1248 3080 τῆς
1283 3012 1597 3082 προθέσεως
1645 3015 1950 3086 ἀνατίθησι,

2051 528 2350 584 indicabat.
2384 528 2432 584 Is
2457 543 2656 598 nempe
2679 529 3082 586 admirabilium
3115 533 3412 604 conjugum
3439 549 3640 604 propo-

2051 619 2217 674 situm
2275 621 2607 690 approbans,
2659 622 2951 690 praesentia
3009 637 3106 679 eos
3151 640 3249 680 sua
3308 625 3636 681 honestavit.

2053 707 2186 765 Sese
2221 712 2389 782 igitur
2422 711 2570 766 humi
2613 720 3044 782 prosternentes,
3079 723 3138 769 ut
3178 715 3280 771 sibi
3323 716 3639 771 misericor-

2049 803 2155 856 diae
2209 803 2385 857 fontes
2445 812 2754 867 manarent,
2808 803 3194 860 obsecrabant.
3247 807 3506 876 Adeoque
3538 807 3632 864 ubi

2053 911 2142 950 res
2175 906 2454 950 transacta
2484 907 2653 956 esset,
2681 897 3126 966 praeterieratque
3155 897 3354 952 divinae
3385 899 3476 954 ille
3501 914 3635 954 con-

2029 999 2272 1059 spectus
2316 988 2641 1058 praesentiae,
2689 1004 2819 1058 opes
2855 988 3055 1044 atl'atim
3090 988 3456 1051 eil‘undentes,
3496 1005 3634 1058 pau-

2053 1096 2239 1150 perum
2272 1081 2524 1136 manibus
2543 1082 2960 1147 contradebant,
2997 1096 3108 1152 quo
3150 1096 3210 1138 se
3249 1081 3314 1136 ad
3372 1081 3538 1135 vitam
3576 1082 3631 1135 in

2050 1174 2343 1230 solitudine
2369 1174 2669 1245 degendam
2717 1183 3118 1246 compararent.
3175 1173 3280 1229 Sed
3325 1173 3636 1230 communis

2051 1268 2224 1323 hostis
2245 1268 2468 1329 invidia,
2503 1283 2665 1336 quam
2697 1269 2813 1338 ipse
2841 1285 2909 1322 ex
2935 1269 3096 1323 rebus
3126 1268 3372 1322 honestis
3401 1266 3634 1336 praecin-

2050 1361 2234 1430 risque
2265 1361 2562 1423 contrahit,
2594 1360 3006 1422 adversabatur.
3044 1360 3324 1429 Socerque
3353 1359 3494 1429 ejus,
3536 1358 3632 1428 qui

2048 1468 2265 1508 omnem
2298 1453 2352 1506 in
2391 1453 2524 1522 ipsis
2551 1452 2685 1508 solis
2720 1467 2901 1508 rerum
2931 1467 3154 1507 suarum
3207 1465 3355 1520 spem
3400 1449 3630 1518 positam

2049 1547 2303 1610 habebat,
2326 1546 2612 1601 consilium
2638 1546 2719 1600 sic
2758 1560 2899 1615 agre
2946 1544 3088 1610 tulit,
3119 1552 3178 1598 ut
3205 1544 3383 1613 ipsum
3415 1556 3634 1612 quoque

2049 1639 2437 1708 imperatorem
2469 1637 2524 1692 in
2577 1653 2828 1708 magnam
2867 1636 3297 1706 indignationem
3335 1634 3632 1703 impulerit.

2049 1731 2158 1786 Leo
2193 1732 2280 1786 hic
2303 1729 2405 1784 fuit
2436 1731 2770 1801 Copronymi
2803 1730 2968 1796 ﬁlius,
3015 1743 3079 1783 ac
3115 1727 3327 1796 imperii
3357 1726 3550 1781 haeres.
3585 1721 3636 1778 Is

2047 1825 2410 1880 adolescentis
2459 1825 2634 1879 vicem
2687 1825 2902 1888 dolens,
2967 1823 3358 1891 propriumque
3396 1819 3633 1874 amicum

2049 1917 2348 1982 honorans,
2379 1916 2738 1987 jurejurando
2799 1915 3165 1970 comminatus
3219 1920 3302 1966 est
3345 1925 3404 1966 se
3445 1910 3635 1964 adol-c-

2049 2010 2220 2063 scemi
2239 2009 2428 2063 oculos
2449 2007 2799 2067 effossurum,
2827 2004 2934 2059 nisi
2961 2020 2990 2058 a
3013 2003 3298 2073 proposito
3321 2001 3631 2054 desisteret.

2047 2098 2194 2152 Misit
2228 2099 2410 2167 itaque
2459 2097 2742 2167 Cytieum,
2779 2108 3090 2162 munusque
3121 2092 3442 2160 praeclarum
3471 2103 3630 2141 com-

2049 2189 2220 2251 misit,
2263 2197 2322 2242 ut
2347 2191 2475 2242 dum
2511 2189 2676 2240 rebus
2711 2185 2886 2246 vanis,
2917 2199 2981 2238 ac
3004 2196 3126 2252 quae
3162 2191 3409 2250 tempore
3441 2176 3632 2231 tliﬂiu-

2051 2289 2166 2344 unt,
2202 2279 2468 2350 ignaviter
2498 2275 2854 2348 impenditur,
2881 2290 3071 2329 earum
3106 2287 3228 2342 quae
3256 2285 3472 2339 semper
3497 2283 3624 2333 per-

2049 2381 2296 2436 manent,
2327 2371 2762 2426 oblivisceretur.
2808 2369 2878 2421 At
2911 2365 3003 2420 ille
3045 2373 3310 2432 tanquam
3363 2359 3632 2421 oblatum,

2048 2465 2194 2534 quod
2253 2463 2388 2516 urbe
2437 2461 2750 2516 exeundum
2813 2467 2980 2519 esset,
3044 2454 3350 2525 amplexus,
3409 2463 3635 2519 remque

2051 2558 2302 2612 lubenter
2337 2555 2584 2620 habens;
2615 2554 2743 2607 dum
2771 2552 2913 2622 apud
2942 2549 3252 2619 Sigrianem
3279 2543 3499 2608 transit,
3535 2541 3634 2597 ad-

2051 2649 2301 2703 mirando
2335 2648 2451 2701 seni
2491 2643 2756 2714 Gregorio
2797 2642 3042 2704 nomine,
3070 2639 3190 2693 viro
3219 2652 3344 2692 cum
3380 2635 3504 2689 aliis
3536 2634 3636 2686 do-

2051 2741 2158 2804 nis,
2199 2751 2310 2794 tum
2354 2736 2650 2808 prophetiae
2679 2734 2850 2807 gratia
2889 2731 3112 2798 illustri,
3159 2728 3419 2784 occurrit.
3451 2726 3634 2780 Multis

2049 2833 2196 2889 enim
2223 2832 2272 2887 is
2303 2830 2599 2886 sudoribus
2630 2828 2875 2882 aniuium
2909 2841 2939 2879 a
2964 2820 3471 2894 perturbationibus
3497 2818 3636 2872 liba-

2052 2943 2193 2991 rum,
2223 2939 2393 2994 seque
2419 2921 2633 2977 tum-ad
2668 2914 3189 2986 contemplationem
3217 2925 3401 2966 rerum
3421 2908 3635 2963 divina-

2057 3035 2200 3084 rttm,
2232 3026 2344 3072 tum
2377 3015 2443 3069 ad
2473 3029 2690 3077 eorum,
2717 3026 2840 3081 qua:
2870 3016 3096 3063 ventura
3133 3011 3340 3065 essent,
3370 2998 3636 3070 cognitio-

366 3102 443 3153 καὶ
471 3104 570 3172 τὴν
607 3102 910 3168 ψυγαδείαν
944 3104 1002 3154 ὲν
1029 3101 1243 3170 βουλαῖς
1275 3099 1442 3156 οὖσαν
1484 3106 1606 3157 ὅσον
1635 3104 1787 3158 οὔπω
1819 3108 1949 3160 καθ-

2053 3128 2201 3176 nem,
2235 3118 2420 3178 aptum
2464 3105 2794 3161 reddiderat.
2852 3099 2992 3155 lluic
3040 3095 3406 3165 Theophanes
3464 3088 3634 3144 animi

357 3195 642 3263 υτοςαίνει
683 3196 747 3248 ’³.
789 3193 846 3246 Ὀ
879 3195 936 3247 δὲ
969 3195 1217 3265 συνήθως
1249 3196 1322 3266 τῷ
1370 3198 1621 3267 παναγίερ
1668 3200 1950 3268 καταλαμ-

350 3287 493 3356 φθεὶς
530 3287 840 3358 Πνεύματι,
861 3288 1029 3341 Οὐδὲν
1056 3289 1137 3340 δεῖ
1173 3305 1275 3353 σοι,
1305 3290 1465 3360 φησὶ,
1497 3291 1598 3358 τῆς
1630 3291 1947 3359 φυγαδείας,

346 3374 388 3433 ὧ
435 3381 661 3443 νεανία,
690 3381 808 3450 μετ’
839 3380 1022 3447 ὀλίγον
1072 3378 1120 3409 ’⁸
1167 3381 1450 3434 ἀκωλύτου
1513 3382 1611 3451 τῆς
1665 3383 1949 3454 ἀναχωρή-

347 3489 478 3535 σεως
537 3471 833 3541 ἐσομένης.
879 3470 937 3524 '0
969 3469 1080 3540 γὰρ
1107 3471 1196 3534 σὸς
1226 3472 1495 3542 κηδευτὴς
1526 3473 1640 3540 ἅμα
1687 3474 1762 3542 τῷ
1795 3474 1951 3544 βασι-

339 3564 572 3617 λεύοντι
622 3564 721 3632 τῆς
753 3563 1043 3634 παρούσης
1067 3561 1252 3633 βιοτῆς
1280 3563 1648 3626 ἀπωσθέντες,
1684 3565 1820 3634 πρὸς
1853 3565 1950 3635 τὴν

345 3658 458 3710 ἐκεῖ
471 3673 542 3708 σε
570 3655 1140 3725 μετακομισθήσονται
1165 3657 1460 3710 συνοικίαν.
1492 3657 1598 3709 Καὶ
1622 3658 1686 3727 τῇ
1717 3657 1950 3730 συνούσῃ

342 3749 619 3818 ψιθὺροις
648 3747 918 3816 ἐπεφώνει
941 3751 1055 3810 τοῖς
1089 3748 1313 3818 χείλεσι,
1343 3749 1416 3812 ὡς
1467 3749 1524 3802 Ὀ
1566 3750 1726 3814 καλὸς
1765 3751 1950 3803 οὑτοσὶ

343 3846 584 3904 νεανίας
615 3841 709 3892 καὶ
741 3841 1033 3912 μαρτύρων
1081 3841 1479 3913 κομισθήσεται
1539 3843 1711 3913 στέφη
1774 3843 1951 3915 καιρῷ

339 3934 424 4006 τῷ
456 3935 822 4004 προσήκοντι.

430 4110 558 4167 ἾῙν
588 4112 644 4166 δέ
677 4113 748 4184 τῷ
779 4117 868 4169 τοῦ
907 4115 1162 4188 γέροντος
1198 4113 1706 4188 ἐξυπηρετούμενος
1736 4119 1781 4150 ¹⁶
1823 4119 1954 4172 ὑπο-

341 4205 557 4275 ζυγίῳ,
593 4206 686 4258 καὶ
715 4205 884 4276 ταύτῃ
920 4206 1124 4276 μᾶλλον
1152 4207 1185 4277 ἢ
1220 4209 1284 4278 τῇ
1323 4205 1586 4276 βασιλείῳ
1619 4207 1726 4262 τῶν
1761 4208 1950 4264 ἵππων

344 4297 635 4368 ὑπηρεσίᾳ
696 4298 1255 4369 μεγαλαυχούμενος,
1317 4303 1374 4354 ὲν
1518 4301 1614 4354 καὶ
1667 4300 1946 4373 διέπρεπε.

343 4392 562 4444 Τούτου
612 4393 680 4461 τῇ
748 4389 1069 4464 διδασκαλίᾳ
1122 4393 1488 4463 προσμείνας,
1546 4395 1642 4448 καὶ
1693 4395 1951 4464 Πατέρων

2051 3205 2135 3260 sui
2172 3200 2510 3272 pmposituin
2538 3196 2730 3267 aperit,
2767 3209 2830 3248 ac
2858 3207 2917 3249 se
2947 3191 3129 3258 fugam
3160 3183 3408 3254 meditari
3443 3180 3635 3236 subin-

2051 3295 2214 3350 dicat.
2248 3292 2340 3346 Ille
2374 3302 2566 3346 sancto
2597 3287 2826 3358 Spiritu,
2860 3296 2918 3340 ut
2947 3291 3066 3338 erat
3115 3279 3338 3339 solitus,
3389 3275 3637 3330 illustra-

2053 3398 2186 3444 tus:
2227 3385 2374 3439 Nihil
2405 3393 2510 3449 est,
2571 3381 2768 3451 inquit,
2803 3395 2836 3432 ο
2871 3375 3114 3448 juvenis,
3167 3369 3526 3442 quamobrem
3565 3366 3636 3421 de

2051 3480 2177 3550 fuga
2216 3478 2474 3549 cogites:
2520 3475 2678 3545 paulo
2714 3480 2837 3542 post
2859 3470 3004 3526 enim
3031 3467 3216 3522 licebit
3249 3463 3372 3530 tibi,
3411 3459 3631 3516 nemine

2052 3573 2397 3644 prohibente,
2426 3570 2492 3624 ad
2527 3567 2878 3624 solitudinem
2916 3573 2966 3618 te
2988 3560 3262 3618 conferre.
3297 3556 3450 3611 Tuus
3480 3567 3638 3606 natu-

2052 3683 2158 3738 que
2191 3680 2366 3728 socer,
2393 3678 2605 3718 necnon
2633 3661 2933 3730 imperator
2963 3655 3104 3710 vivis
3143 3649 3386 3719 exempti
3423 3646 3490 3701 ad
3533 3645 3634 3700 ιονί

2053 3736 2225 3812 futuri
2284 3753 2706 3811 contubernium
2755 3745 3220 3815 commigrabunt.
3263 3739 3400 3794 Tum
3454 3736 3634 3796 uxori.

2053 3867 2174 3919 quae
2201 3863 2387 3904 eomes
2413 3853 2553 3907 erat,
2579 3842 2751 3899 labiis
2779 3843 2846 3896 ad
2881 3853 3045 3893 aures
3074 3840 3349 3895 susurrat,
3386 3829 3528 3892 fore,
3575 3834 3636 3880 ut

2053 3941 2342 4010 praeclarus
2367 3936 2588 4007 juvenis
2619 3943 2920 4002 martyrum
2953 3941 3178 3996 quoque
3233 3924 3480 3976 lauream
3540 3933 3639 3986 op-

2052 4038 2210 4100 portu
2219 4042 2288 4082 no
2316 4035 2556 4093 tempore
2588 4026 2908 4087 reportaret.
3511 4029 3517 4038 ι

2125 4117 2372 4176 Senioris
2447 4111 2782 4170 inserviebat
2849 4109 3145 4178 jumento,
3202 4114 3380 4171 eoque
3433 4096 3634 4169 magis.

2051 4229 2216 4284 quam
2247 4209 2394 4281 regio
2420 4220 2690 4278 equorum
2743 4199 3054 4258 ministerio
3105 4193 3466 4267 gloriabatur,
3524 4203 3637 4260 quo

2051 4283 2172 4376 ipso
2195 4310 2424 4358 ornatus
2459 4307 2594 4356 erat.
2635 4296 2796 4352 Senis
2823 4293 2992 4365 igitur
3045 4287 3313 4346 doctrinae
3346 4283 3633 4346 assiduus,

2052 4373 2117 4454 ac
2159 4398 2290 4454 dum
2329 4393 2572 4450 visendis
2623 4390 2750 4446 aliis
2793 4386 3050 4441 Patribus
3085 4389 3304 4451 tempus
3340 4376 3487 4442 terit,
3539 4373 3636 4428 de-

354 4485 558 4552 ἑτέρων
591 4483 917 4552 ὲπισκέψεσι
969 4463 1338 4555 ὲμϐραδύνας,
1369 4485 1585 4556 ὼψίσθη
1619 4484 1719 4555 τῆς
1765 4463 1948 4540 οἶκαδε

2056 4488 2541 4547 mumrediturum
2591 4486 2724 4539 hora
2769 4481 2976 4538 tardior
3039 4475 3359 4548 prohibuit;
3420 4481 3640 4537 unaque

359 4575 732 4645 ὖποστροτξῆς,
781 4578 872 4630 καὶ
903 4576 983 4648 τῷ
1006 4579 1225 4648 τυχόντι
1269 4578 1455 4650 χωρίῳ
1491 4579 1589 4631 σὺν
1621 4581 1733 4641 τοῖς
1766 4577 1951 4632 συνοῦ-

367 4681 467 4730 σιν,
505 4668 581 4730 ὡς
610 4662 730 4737 εἶχε
770 4672 992 4740 σκευῆς,
1023 4670 1404 4740 ὲγκατέμεινεο
1443 4669 1683 4723 καύσωνι
1725 4686 1786 4722 τε
1821 4670 1951 4724 πολ·

365 4757 432 4824 ὶῴ
466 4761 558 4812 καὶ
587 4760 726 4832 δίψῃ
766 4763 861 4814 σὺν
918 4764 1031 4825 τοῖς
1086 4764 1223 4832 ἀμφ’
1262 4765 1425 4818 αὑτὸν
1473 4765 1849 4836 συνεχόμενος,
1888 4764 1950 4818 οὑ

378 4852 724 4925 ἱντχεραίνων
778 4854 855 4924 τῷ
911 4856 1324 4926 συμϐεϐηκότι,
1398 4859 1500 4912 οὐκ
1569 4856 1807 4928 ἀπουσίᾳ
1856 4857 1948 4911 τοῦ

385 4938 543 5009 idem;
593 4948 740 5018 πρὸς
790 4949 1160 5020 μεταμέλειαν
1203 4951 1631 5024 ὑποφερόμενος,
1688 4951 1750 5004 ού
1813 4951 1951 5022 πρὸς

379 5031 501 5088 ίιπν
525 5039 568 5069 ’⁸
599 5038 700 5091 τοῦ
735 5038 922 5108 δίψους
960 5039 1054 5094 τὸν
1081 5044 1281 5096 οἰκεῖον
1312 5044 1578 5114 δεσπότην
1609 5043 1953 5113 ἐκμειλισσό-

369 5142 531 5195 μενος.
560 5131 707 5187 ἀλλὰ
749 5133 849 5198 τὰς
873 5133 1128 5204 συνήθεις
1157 5136 1392 5201 ἀποδοὺς
1421 5136 1599 5207 τούτῳ
1619 5136 1950 5209 προσευχὰς,

372 5220 562 5276 ἐπὶτοῦ
613 5226 919 5294 προσόντος
953 5227 1204 5281 ἀνέκειτο
1253 5229 1518 5300 τάπητος,
1571 5229 1726 5301 ὕμνῳ
1773 5229 1950 5301 βραχὺ

373 5317 869 5387 παραμυθήσασθαι
923 5318 986 5372 τὸ
1009 5319 1163 5390 δίψος
1198 5321 1422 5376 ἐθέλων.
1463 5321 1604 5375 Ἀλλ’
1632 5324 1661 5376 ὁ
1689 5322 1795 5375 τῶν
1825 5323 1952 5376 θαυο

366 5408 568 5471 μασίων
613 5409 751 5476 Θεὸς
809 5413 1168 5486 ἐντρυφῶντα
1211 5413 1469 5469 δι”αύτὸν
1498 5416 1611 5478 τοῖς
1641 5416 1826 5479 πόνοις
1859 5414 1952 5469 τὸν

2049 4599 2178 4641 cuin
2199 4581 2364 4638 sociis
2389 4580 2509 4634 loco
2530 4577 2767 4647 primum
2799 4571 2960 4628 obvio
2982 4583 3107 4625 cum
3141 4564 3480 4634 supellectile
3505 4575 3638 4614 con-

2054 4680 2218 4737 sedit.
2269 4677 2518 4744 Cumque
2571 4671 2791 4728 interim
2861 4663 3071 4735 ingenti
3101 4659 3487 4725 aestu.sitique
3522 4654 3638 4723 ipse

2053 4770 2256 4842 pariter
2279 4783 2343 4822 ac
2370 4767 2602 4822 comites
2627 4758 3097 4820 excruciarentur,
3127 4751 3271 4807 haud
3288 4759 3466 4802 tamen
3488 4744 3637 4816 quod

2053 4837 2328 4920 acciderat
2356 4858 2575 4927 indigne
2603 4853 2808 4915 ferens,
2840 4847 2924 4902 vel
2955 4859 3113 4916 aquae
3139 4841 3366 4913 penuria
3413 4853 3480 4893 eo
3535 4837 3636 4892 ad-

2059 4960 2282 5022 ductus,
2313 4963 2375 5009 ut
2403 4968 2463 5009 se
2489 4947 2702 5006 itineris
2729 4945 3043 5018 pmniteret,
3073 4951 3168 4996 aut
3192 4948 3252 4994 ut
3273 4937 3464 4993 saltem
3488 4932 3637 4987 sitim

2059 5051 2389 5122 depulsuros
2421 5046 2707 5101 dominum
2729 5054 2890 5097 suum
2919 5037 3060 5092 votis
3092 5034 3384 5104 fatigaret;
3419 5027 3516 5084 sed
3543 5024 3637 5080 ubi

2058 5121 2248 5196 solitas
2277 5150 2466 5208 preces
2496 5131 2843 5195 reddidisset,
2870 5143 3034 5198 super
3059 5135 3238 5196 tapete
3265 5121 3377 5178 illic
3396 5129 3642 5184 expanso

2061 5230 2433 5293 recumbebat,
2475 5240 2672 5280 somno
2724 5222 2998 5293 paulisper
3041 5218 3190 5275 sitim
3240 5213 3528 5270 leniturus.
3563 5208 3636 5258 At

2061 5338 2247 5380 rerum
2282 5317 2618 5376 mirabilium
2649 5317 2868 5372 eﬂ‘ector
2903 5313 3068 5375 Deus,
3099 5310 3354 5379 juvenem
3412 5301 3634 5353 intuens

2062 5424 2282 5488 propter
2317 5427 2379 5472 se
2416 5411 2606 5467 libenti
2638 5408 2824 5464 animo
2856 5405 3076 5461 labores
3101 5401 3387 5462 terentem,
3433 5403 3636 5462 magno

1675 5573 1910 5630 νΑιιιΑι
1951 5572 2357 5631 LECTIONES.

439 5714 479 5744 "
506 5711 648 5769 forte
683 5711 785 5784 τοῦ
816 5712 962 5783 πρὸς
993 5711 1095 5784 τὴν
1143 5727 1251 5782 mg.
1301 5713 1426 5769 Par.
1483 5714 1529 5744 ”
1553 5713 1874 5784 διηπειλῆτο
1920 5712 2047 5769 l’ar.

1457 5787 1500 5820 ³⁸
2033 5764 2099 5816 ’⁸⁸
2131 5779 2435 5856 chchutttt‘
2465 5764 2766 5851 προσίασε.’
2788 5773 2889 5842 Mg.
2923 5764 3044 5825 Par.
3081 5764 3354 5837 παρουσίᾳ
3379 5778 3456 5816 τε.

389 5783 609 5840 ὑποκαθ.
720 5783 768 5817 ’⁸
819 5785 943 5853 μετ’
997 5783 1181 5850 ὀλίγον
1221 5783 1347 5840 Par.

2150 5710 2228 5744 η*
2260 5708 2615 5764 Scribebatur
2673 5701 2971 5774 παραθοίη.
3067 5696 3110 5728 ³³
3143 5693 3451 5774 Ῑιθῧθὶξδιιιπ
3500 5689 3630 5742 ὅσον
