4006 6216
388 357 457 422 2⁵1
1664 349 2159 411 THEUPHANIS
2191 351 2390 414 VlTA.
3579 356 3650 422 ~23

385 474 532 531 illum
561 464 830 522 miraculo
851 459 1150 518 decoravit.
1189 457 1294 526 Qui
1322 457 1468 512 enim
1508 455 1721 527 ingrato
1750 457 1949 528 popqu
1975 493 1982 515 ι

2086 459 2272 511 εανίιν
2316 457 2479 528 ὁρῶν,
2525 457 2877 530 μεγαλοτίμῳ
2916 461 3398 532 τερατουργήματι
3441 465 3496 534 (6
3538 468 3647 539 γὰρ

377 575 446 614 es
480 556 779 614 durissima
808 564 962 623 petra
994 551 1184 606 latices
1204 547 1418 611 effudit,
1449 562 1549 604 cur
1581 547 1755 616 probo
1771 547 1962 617 juveni

382 649 696 706 necessaria
737 663 847 703 non
872 642 1366 701 subministraret?
1391 639 1570 696 Probe
1599 641 1764 712 igitur
1794 642 1884 696 ubi
1916 641 1963 696 is

383 753 556 798 strato
586 748 767 810 tapete
793 737 1033 806 iacebat.
1075 735 1260 791 divino
1285 734 1446 802 jussu
1472 731 1596 788 fons
1616 732 1836 802 quidam
1869 733 1966 787 ad-

385 834 635 889 miranda
666 829 1000 898 scaturigine
1023 826 1316 898 proﬂuxit:
1343 833 1601 895 tactuque
1624 840 1726 880 suo
1742 841 1963 880 servum

388 927 483 980 Dei
509 925 774 988 excitans,
800 937 922 978 sese
949 921 1023 976 illi
1055 917 1308 988 patefecit
1337 934 1352 973 :
1381 919 1472 990 qui
1503 919 1669 975 sociis
1688 935 1960 974 convoca-

389 1018 482 1081 tis,
510 1015 630 1071 sitis
659 1013 956 1068 remedium
983 1026 1014 1066 a
1047 1011 1155 1064 Deo
1177 1011 1360 1066 datum
1385 1011 1644 1065 ostendit.
1671 1010 1834 1067 Caris
1869 1012 1972 1082 igi-

389 1117 478 1159 tur
510 1105 759 1159 mauibus
787 1117 980 1171 aquam
1010 1102 1344 1167 haurientes,
1380 1117 1575 1156 suaves
1597 1102 1718 1157 illos
1751 1103 1968 1157 divino-

387 1214 496 1264 que
545 1212 766 1252 munere
811 1209 1104 1249 concessus
1160 1195 1371 1260 latices,
1415 1196 1626 1252 debitas
1691 1199 1966 1253 honorum

389 1289 634 1345 omnium
670 1286 911 1355 largitori
946 1285 1054 1340 Deo
1083 1288 1380 1356 gratiarum
1433 1289 1681 1344 actiones
1737 1291 1970 1344 redden-

395 1387 498 1444 tes,
523 1392 622 1448 pro
652 1392 717 1431 eo
743 1392 808 1431 ac
837 1376 995 1431 oﬂicii
1025 1377 1167 1450 ratio
1212 1379 1453 1446 petebat,
1484 1391 1866 1449 perceperunt.
1901 1384 1970 1435 At

392 1483 463 1526 ne
487 1470 614 1540 quis
641 1478 828 1538 posset
851 1469 1148 1540 suspicari,
1179 1469 1385 1526 fontem
1419 1471 1571 1525 illum
1604 1488 1726 1527 cum
1758 1475 1971 1530 occulte

395 1560 605 1624 lateret,
647 1570 866 1630 repente
909 1561 964 1616 in
1016 1573 1267 1630 apertum
1323 1562 1648 1632 productum
1698 1566 1970 1634 erupisse,

393 1659 553 1704 nocte
580 1650 660 1704 sic
687 1650 932 1711 evanuit,
967 1660 1027 1704 ut
1059 1668 1125 1705 ne
1149 1651 1438 1722 vestigium
1487 1655 1709 1722 quidem
1743 1655 1864 1724 ejus
1891 1656 1972 1708 til-

2066 552 2343 621 ἁγνὼμονι
2370 553 2485 623 λαῷ
2512 555 2569 619 ἐξ
2609 553 2918 624 ἀκροτόμου
2967 555 3170 626 βλύσας
3195 557 3264 613 τὰ
3295 558 3510 630 νάματα
3532 563 3648 626 πῶς

2065 646 2168 699 οὐκ
2196 645 2424 717 ἔμελλεν
2451 647 2496 678 ’⁷
2525 647 2829 717 εὐγνώμονι
2858 649 3048 721 νεανία
3079 649 3148 702 τὰ
3170 651 3270 722 τῆς
3295 654 3484 724 χρείας
3511 672 3649 726 παρ-

2070 737 2287 804 έξεσθαι
2318 741 2357 805 ;)
2381 754 2395 768 ο
2434 739 2660 809 πλησίον
2711 739 2838 808 γοῦν
2868 734 3040 812 οὗπερ
3085 742 3335 797 ἐπέκειτο
3379 746 3649 816 τάπητος,

2069 831 2222 898 πηγή
2259 845 2344 892 τις
2380 829 2510 900 θείῳ
2548 831 2935 902 προστάγματι
2977 833 3298 902 παραδόξως
3363 837 3649 901 ἀνέϐλυσε,

2069 923 2166 977 καὶ
2214 921 2350 988 θίξει
2403 922 2481 992 τῷ
2520 923 2812 994 θεράποντι
2861 923 2960 996 τὴν
2989 925 3242 994 αἴσθησιν
3280 929 3652 998 ἐμποιήσασα,

2071 1013 2208 1084 πρὸς
2243 1016 2542 1081 ἐπίγνωσιν
2589 1016 2757 1086 αὐτῆς
2798 1015 3092 1087 διήγειρεν
3122 1017 3214 1070 καὶ
3243 1018 3370 1081 τοὺς
3397 1020 3656 1084 συνόντας

2073 1107 2590 1179 προσκαλεσάμενος
2621 1109 2683 1161 τδ
2715 1108 3045 1179 θεοδὼρητον
3091 1109 3400 1163 ἐπεδείκνυε
3439 1113 3535 1165 τοῦ
3574 1113 3654 1165 δί-

2071 1200 2206 1270 ψους
2239 1200 2395 1270 ίαμαο
2430 1204 2524 1254 καὶ
2551 1201 2755 1266 κοίλαις
2782 1202 2968 1272 χερσὶν
3000 1203 3332 1274 ἀρυσάμενοι
3365 1203 3457 1258 τοῦ
3486 1221 3650 1275 προσ⁶

2075 1293 2237 1362 ηνοῦς
2265 1293 2475 1347 ἐκείνου
2516 1295 2614 1348 καὶ
2665 1294 2948 1348 θεοσδότου
2983 1296 3372 1364 καταπήλαυον
3395 1298 3440 1330 ⁸³
3479 1297 3655 1366 νάμα-

2074 1402 2186 1448 τος,
2223 1385 2322 1455 τὴν
2359 1385 2750 1456 προσήκουσαν
2783 1386 3136 1458 εὐχαριστίαν
3179 1387 3257 1460 τῷ
3292 1388 3480 1459 δοτῆρι
3524 1389 3655 1443 πάνι

2074 1495 2183 1530 των
2213 1478 2414 1546 καλῶν,
2439 1477 2514 1542 ὡς
2544 1478 2605 1532 τὸ
2640 1478 2807 1548 είκδς,
2832 1481 3269 1552 ἀναπέμποντες.
3293 1481 3400 1536 Τοῦ
3437 1483 3511 1553 μή
3552 1501 3654 1536 τινι

2075 1570 2131 1622 δὲ
2162 1567 2384 1638 δόκησιν
2439 1571 2768 1641 ἐμποιῆσαι,
2811 1572 2886 1636 ὡς
2929 1573 3127 1642 ἀφανεῖ
3175 1575 3221 1607 ⁸⁸
3268 1574 3655 1645 καλυπτομένη

2075 1658 2212 1730 τύχῃ
2241 1661 2378 1728 πρὸς
2406 1662 2715 1732 τούμφανὲς
2759 1663 2886 1733 ἥκει
2937 1662 3133 1735 ἁθρόον
3167 1665 3522 1733 ἀναφανεῖσα,
3569 1664 3659 1717 διὰ

395 1740 506 1794 lum
541 1757 700 1795 mane
738 1743 1158 1811 relinqueretur.
1195 1745 1308 1800 lloc
1334 1746 1564 1809 amoris,
1593 1763 1706 1816 quo
1747 1757 1971 1804 sanctus

2086 1751 2272 1816 νυκτὸς
2303 1752 2578 1823 ἀπῲχετο,
2629 1755 2704 1816 ὡς
2737 1754 2872 1824 μηδὲ
2920 1756 3065 1826 ίχνος
3100 1756 3158 1820 ἐς
3189 1755 3250 1808 τὸ
3281 1755 3426 1826 πρωῒ
3455 1754 3657 1823 ταύτης

395 1833 486 1888 hic
511 1833 624 1903 jam
675 1834 801 1889 inde
825 1849 857 1888 a
885 1850 1022 1905 puro
1054 1839 1219 1891 Deum
1257 1839 1710 1906 prosequebatur,
1758 1841 1972 1911 signum

2086 1819 2506 1913 ἐμφανισθῆναι.
2541 1844 2712 1898 Τοῦτο
2738 1819 2844 1916 ’τῆς
2867 1819 3145 1900 τού-θείου
3168 1819 3499 1918 θεράποντος
3533 1819 3650 1900 παι-

397 1924 541 1980 fuit:
581 1937 730 1980 tanto
765 1927 945 1997 majus
979 1928 1094 1991 illo,
1119 1928 1272 1997 quod
1304 1928 1518 2000 Moyses
1567 1931 1664 1986 Dei
1699 1933 1976 2003 inspector

2086 1932 2228 1986 δόθεν
2249 1933 2389 2005 πρὸς
2422 1933 2556 1987 Θεὸν
2595 1935 2819 2006 ἀγάπης
2853 1936 2990 2005 πρὸς
3019 1937 3328 2008 ὑπόδειγμα
3365 1938 3435 2000 ⁸⁸,
3464 1936 3658 1990 τοσοῦ-

395 2018 586 2080 edidit,
620 2019 766 2089 quod
803 2020 920 2090 ipse
949 2022 1204 2089 precibus
1231 2037 1343 2076 rem
1370 2023 1712 2093 impetravit;
1749 2026 1838 2082 hic
1877 2043 1978 2081 au-

2086 2040 2169 2076 τον
2198 2025 2299 2094 τὴν
2339 2023 2434 2078 τοῦ
2479 2023 2708 2078 θεόπτου
2763 2026 3046 2089 Μωῦσέως
3085 2025 3432 2098 παρατρέχον
3459 2027 3498 2058 ³¹
3531 2029 3660 2079 θαυ-

400 2119 512 2166 tem
545 2127 611 2166 ne
634 2113 686 2166 id
728 2114 1012 2180 postulans
1043 2114 1285 2182 quidem.
1317 2114 1588 2171 Praeterea
1619 2117 1710 2172 ille
1735 2134 1978 2173 murmuo

2086 2112 2443 2184 ματουργίαν,
2472 2113 2594 2166 ὅσον
2617 2114 2645 2166 6
2673 2113 2771 2182 μὲν
2799 2115 3053 2184 αἰτήσας,
3085 2116 3112 2168 ὁ
3135 2115 3191 2168 δὲ
3223 2115 3298 2186 μὴ
3329 2114 3488 2168 τοῦτο
3515 2115 3662 2184 πρά-

402 2201 646 2256 rantium
691 2219 917 2258 suorum
967 2206 1293 2259 necessitate
1354 2206 1644 2266 adductus.
1688 2208 1978 2265 Dominum

2086 2206 2181 2271 ξας
2213 2205 2394 2256 ἐλαϐεο
2425 2207 2519 2257 καὶ
2545 2207 2572 2256 6
2605 2205 2704 2273 μὲν
2727 2207 2942 2278 ἀνάγκη
2971 2206 3080 2258 τῶν
3122 2207 3450 2276 γογγυσμῶν
3475 2209 3517 2241 ³⁸
3554 2209 3662 2261 τῶν

400 2293 470 2345 ad
530 2294 873 2363 largiendum
931 2294 1188 2362 impulit:
1227 2296 1317 2350 hic
1378 2308 1558 2351 autem
1611 2299 1890 2365 patientia,
1927 2311 1981 2355 et

397 2383 694 2450 gratiarum
729 2383 943 2438 actione
967 2392 1128 2438 utens
1158 2400 1284 2438 cum
1325 2386 1491 2440 sociis
1520 2389 1658 2452 suis,
1694 2392 1977 2458 proprium

403 2474 694 2532 Dominum
725 2477 930 2542 movit;
972 2476 1040 2531 ad
1070 2477 1187 2532 haec
1211 2475 1386 2532 Judaei
1416 2479 1516 2548 (ne
1537 2481 1715 2537 dicam
1746 2482 1976 2556 blosem)

399 2566 778 2622 incredulitate
808 2583 1010 2624 munus
1059 2567 1450 2639 inquinat-unt;
1511 2573 1568 2627 hi
1627 2584 1808 2629 autem
1844 2593 1979 2630 con-

398 2674 618 2716 cessum
677 2661 884 2716 donum
955 2661 1265 2718 honestatis
1329 2667 1654 2722 accessione
1717 2670 1979 2726 honesta-

403 2762 551 2808 l‘tllti.

468 2843 722 2902 Nondum
757 2851 884 2904 anni
919 2861 1030 2909 tres
1054 2849 1450 2925 praeterieram,
1487 2869 1612 2910 cum
1648 2869 1808 2911 socer
1837 2857 1981 2926 ejus,

400 2947 456 2994 ct
493 2939 791 3010 imperator
823 2961 853 3000 a
887 2950 1079 3004 mundi
1111 2950 1282 3022 gloria
1317 2950 1512 3017 excisi,
1545 2950 1611 3005 ad
1641 2951 1983 3006 domicilium

405 3032 554 3100 qttod
581 3049 679 3090 eos
718 3036 954 3105 deceret,
988 3042 1237 3096 translati
1268 3051 1420 3098 sunt.
1452 3041 1606 3098 lrene
1638 3053 1822 3097 autem
1861 3058 1983 3098 mu-

2079 2297 2301 2350 οἰκείων
2327 2296 2638 2360 ἐξεϐιάζετο
2666 2297 2852 2350 δοῦναι
2900 2299 3206 2367 Δεσπότηνο
3251 2301 3280 2351 6
3301 2300 3357 2352 δὲ
3393 2302 3660 2373 καρτερίᾳ

2080 2388 2176 2442 καὶ
2201 2391 2266 2458 τῇ
2287 2388 2394 2440 τῶν
2418 2389 2684 2442 συνόντων
2709 2389 3030 2459 εὐχαριστίᾳ
3059 2389 3153 2441 τὸν
3174 2390 3304 2442 ἴδιον
3325 2390 3660 2457 ἐφείλκετοδι

2079 2478 2261 2532 δοῦναι
2287 2479 2583 2549 Δεσπότην·
2609 2481 2702 2533 καὶ
2726 2481 2776 2533 oi
2808 2480 2907 2550 μὲν
2922 2479 2982 2533 τὸ
3003 2479 3246 2551 δωρηθέν
3277 2479 3390 2551 (ἵνα
3423 2481 3496 2552 μὴ
3516 2481 3659 2550 λέγω

2081 2572 2349 2642 Μωῦσέα)
2382 2571 2822 2645 κατερῤύπωσαν
2850 2573 3172 2645 ἀμφιϐολίαν
3203 2575 3255 2628 oi
3282 2576 3340 2628 δὲ
3385 2575 3448 2628 τὸ
3482 2575 3545 2606 ³³*
3574 2575 3660 2628 δο-

2083 2663 2173 2717 Θέν
2200 2667 2268 2735 τῇ
2297 2663 2394 2717 τοῦ
2436 2663 2604 2718 καλοῦ
2641 2667 2897 2736 προκοπῇ
2932 2665 3380 2737 κατεκόσμησαν.

2156 2866 2322 2922 Οὔπω
2349 2867 2458 2940 γὰρ
2484 2868 2650 2939 τριῶν
2675 2867 3176 2939 παριππευσάντων
3204 2867 3362 2934 ἐτῶν,
3385 2866 3656 2938 κηδευτὴς

2085 2963 2113 3016 ό
2141 2960 2330 3014 τούτου
2370 2961 2485 3032 ἅμα
2515 2960 2593 3032 τῷ
2615 2961 2954 3031 βασιλεύοντι
2974 2961 3075 3031 τῆς
3109 2959 3394 3032 παρούσης
3444 2961 3657 3030 ἐκτμη-

2087 3055 2271 3118 θέντες
2303 3053 2576 3118 εὐκλείας,
2635 3054 2772 3124 πρὸς
2806 3053 2906 3126 τὴν
2959 3053 3317 3125 ὀφειλομένην
3374 3054 3668 3124 παρεπέμ-

406 3124 510 3179 lier
546 3127 639 3181 illa
668 3127 830 3186 fortis
862 3133 1055 3200 animi,
1095 3149 1161 3191 ac
1180 3135 1369 3191 divino
1394 3151 1556 3191 sensu
1580 3135 1828 3205 praedita,
1859 3150 1982 3191 cum

2091 3143 2305 3215 φθησαν
2354 3144 2614 3198 ἐνοικίαν.
2643 3124 2872 3216 Εἰρήνην
2895 3144 2951 3197 δὲ
2983 3144 3045 3197 τὸ
3084 3124 3458 3215 κραταιόφρον
3490 3145 3668 3196 ἐκεῖνο

406 3219 522 3274 tilio
559 3220 774 3291 imperii
807 3225 1180 3296 gubernacula
1205 3230 1451 3298 suscepit
1473 3228 1542 3299 (si
1571 3239 1754 3284 tamen
1790 3227 1988 3283 mulier

404 3311 640 3369 dicenda
681 3325 786 3382 est,
825 3334 969 3388 quae
1001 3320 1293 3377 adversum
1340 3321 1529 3378 hostes
1593 3337 1660 3378 ac
1699 3323 1988 3392 perturba-

406 3405 596 3462 tiones'
619 3409 836 3464 virilem
867 3413 1112 3466 animum
1144 3414 1358 3484 gessit).
1403 3413 1654 3484 Tumque
1686 3415 1986 3470 humanum

407 3513 604 3568 genus,
637 3501 782 3571 quod
810 3503 1075 3559 diuturno
1095 3505 1236 3560 bello
1259 3505 1621 3573 laboraverat,
1643 3521 1768 3562 cum
1800 3521 1986 3561 secum

409 3590 614 3659 ipsum,
645 3602 759 3647 tum
787 3609 912 3650 cum
941 3594 1052 3651 Deo
1097 3597 1422 3652 conciliatur
1461 3615 1476 3652 :
1521 3613 1860 3668 prorsusque
1890 3597 1990 3652 de-

412 3685 586 3754 pulsis
616 3688 878 3755 tenebris,
912 3689 1173 3746 laetiorem
1216 3691 1402 3746 omnia
1439 3691 1633 3747 faciem
1665 3691 1986 3746 induebant.

411 3774 568 3833 Tunc
590 3794 810 3848 quoque
839 3780 943 3848 sol,
975 3782 1067 3850 qui
1103 3790 1299 3841 cuncta
1330 3783 1545 3848 lustrat,
1570 3781 1711 3836 diem
1743 3796 1811 3835 ex
1838 3780 1988 3834 omni

410 3877 566 3936 parte
591 3869 786 3924 librum
821 3872 1038 3936 extulit,
1069 3881 1126 3926 et
1157 3885 1452 3928 mmrorem
1499 3882 1662 3943 atque
1685 3871 1988 3935 tristitiam,

411 3973 536 4027 qua:
585 3960 678 4013 diu
732 3960 913 4030 ipsum
965 3973 1371 4032 occupaverat,
1439 3979 1689 4030 exuens,
1763 3962 1993 4018 nitidius

411 4051 602 4106 eluxit.
647 4051 805 4107 Tunc
839 4052 1006 4124 igitur
1055 4067 1086 4108 a
1128 4054 1236 4110 Deo
1275 4067 1531 4111 ornatum
1555 4095 1570 4120 ,
1608 4070 1675 4110 ac
1722 4055 1994 4111 castitatis

413 4157 607 4197 amans
633 4159 733 4213 par
753 4145 906 4207 illud,
931 4145 1052 4215 ejus
1085 4147 1232 4214 quod
1259 4147 1443 4200 animo
1467 4147 1828 4200 constitutum
1853 4155 1989 4210 erat,

416 4240 637 4288 nactum
677 4244 1025 4304 potestatem,
1074 4235 1269 4289 uberes
1317 4235 1482 4288 domo
1537 4233 1754 4288 divitias
1806 4233 1992 4301 profe-

416 4333 624 4392 rentes,
649 4326 704 4380 in
735 4341 929 4381 omnes
959 4327 1107 4396 large
1135 4340 1338 4395 egenos
1365 4325 1688 4395 erogabant.
1724 4325 1989 4394 Adeoque

2090 3233 2186 3290 xui.
2224 3231 2553 3304 Θεοφόρητον
2578 3232 2800 3302 γύναιον
2819 3235 2920 3304 τῆς
2954 3232 3235 3304 βασιλείας
3266 3234 3364 3287 σὺν
3391 3232 3494 3303 υἱῷ
3536 3235 3666 3298 τοὺς

2089 3326 2284 3390 οἴακας
2309 3326 2708 3398 ἐγχειρίζεται*
2739 3325 2898 3399 είπερ
2927 3325 3034 3397 χρὴ
3091 3327 3317 3396 γύναιον
3347 3325 3536 3380 καλεῖν
3568 3327 3666 3398 τὴν

2090 3420 2213 3473 κατ’
2262 3417 2476 3490 ἐχθρῶν
2524 3419 2619 3472 καὶ
2650 3417 2841 3472 παθῶν
2871 3419 3178 3490 ἀρρενωπῷ
3205 3418 3667 3490 καθωπλισμένην

2091 3510 2433 3581 φρονήματιο
2465 3509 2561 3562 καὶ
2589 3511 2876 3563 σπένδεται
2909 3507 3067 3579 φύσις
3092 3507 3303 3580 βροτῶν
3325 3507 3577 3578 ἀλλήλοις
3602 3525 3662 3561 τε

2091 3602 2184 3654 καὶ
2233 3600 2371 3671 Θεῷ,
2405 3601 2757 3670 πολυχρόνιον
2795 3600 3112 3671 κεκτημένη
3149 3599 3240 3652 τὸν
3271 3598 3508 3668 πόλεμον
3529 3614 3543 3629 ’
3573 3598 3664 3651 καὶ

2090 3695 2170 3756 είς
2203 3692 2350 3747 ἅπαν
2402 3692 2893 3763 ἐκκαθαρισθείσης
2920 3691 2986 3754 ³⁸,
3027 3691 3205 3745 πάντα
3265 3690 3402 3760 πρὸς
3436 3689 3498 3743 τὸ
3537 3707 3668 3760 φαι-

2089 3781 2216 3853 δρδν
2260 3783 2645 3852 μετεϐάλλετο.
2701 3782 2836 3835 Τότε
2864 3781 2959 3834 καὶ
3000 3780 3151 3852 ἥλιος
3177 3783 3204 3835 6
3255 3780 3418 3835 πάντ’
3455 3780 3670 3851 ἐφορῶν

2093 3875 2308 3944 ἡμέραν
2337 3874 2520 3926 ἑπίδεν
2547 3875 2610 3906 ⁸⁵⁸
2631 3873 2940 3944 ὁλοσχερῶς
2969 3872 3299 3944 ἐλευθέριον,
3332 3871 3428 3925 καί⁵
3456 3871 3516 3924 τὸ
3545 3887 3672 3924 στυ-

2095 3967 2222 4036 γνὸν
2258 3964 2359 4034 τῆς
2389 3964 2696 4036 κατηφείας
2719 3964 2747 4018 ὃ
2784 3964 2999 4028 πολλοῖς
3037 3963 3427 4035 περιεϐέϐλητο
3458 3964 3672 4035 χρόνοις

2096 4058 2506 4128 ἀποδυσάμενος
2559 4057 2962 4126 παθερὼτερον
2997 4057 3293 4126 ἐξέλαμπε.
3317 4056 3452 4110 Τότε
3492 4055 3674 4110 τοίνυν

2095 4148 2206 4200 τῶν
2236 4147 2453 4200 οίκείων
2491 4143 2874 4213 βουλευμάτων
2897 4145 2931 4214 ὴ
2955 4143 3324 4213 θεοκόσμητος
3353 4142 3446 4194 καὶ
3478 4141 3673 4209 φίλατο

2092 4254 2184 4301 νος
2215 4235 2444 4306 ξυνωρὶς
2469 4235 2527 4287 ἐν
2555 4233 2771 4303 ἐξουσίᾳ
2793 4231 3082 4302 γενομένη,
3119 4231 3210 4283 τὸν
3234 4228 3508 4300 προσόντα
3547 4245 3668 4280 ποι-

2094 4327 2244 4382 κίλον
2275 4325 2506 4378 πλοῦτον
2533 4323 2635 4394 τῆς
2661 4323 2838 4386 οἰκίας
2864 4322 2908 4354 ³³
2943 4318 3327 4391 ἐκφοροῦντες,
3365 4319 3500 4370 πᾶσι
3557 4319 3673 4382 τοῖς

416 4432 524 4471 una
549 4417 640 4472 Dei
662 4418 962 4472 amantium
989 4417 1209 4484 domus,
1239 4415 1447 4481 multis,
1499 4432 1623 4488 qua:
1646 4417 1814 4473 victui
1838 4426 1982 4472 erant

2096 4419 2155 4471 ἐν
2193 4417 2352 4489 χρείᾳ
2403 4415 2766 4487 καθεστηκόσι
2809 4413 3092 4483 διένεμον·
3141 4410 3236 4466 καὶ
3274 4411 3372 4482 μία
3411 4407 3674 4480 φιλοθέων

419 4507 728 4562 necessaria
758 4508 1210 4574 subministrans,
1243 4518 1300 4564 et
1338 4524 1526 4564 eorum
1550 4509 1642 4580 qui
1669 4524 1730 4567 se
1761 4509 1869 4566 Deo
1899 4509 1982 4564 de-

2095 4509 2244 4564 οἰκία
2275 4509 2487 4572 πολλοῖς
2519 4507 2985 4582 ύπηρετησαμένη
3011 4505 3081 4559 τὰ
3110 4506 3419 4577 πρόσφορα,
3455 4505 3547 4558 καὶ
3566 4503 3676 4556 τῶν

417 4599 698 4666 diderant,
747 4602 1066 4672 pauperiem
1125 4601 1360 4673 vitatque
1411 4601 1756 4658 incommoda
1795 4603 1998 4660 eximie

419 4688 749 4756 sublevans,
797 4688 964 4747 Deum
1025 4693 1242 4763 ipsum,
1299 4692 1395 4764 qui
1447 4693 1562 4749 hate
1614 4707 1716 4750 sua
1771 4692 1993 4762 fecerat,

419 4779 776 4837 vehementer
803 4768 1134 4840 ublectabat.

494 4877 633 4931 Cum
680 4877 846 4946 igitur
897 4875 1013 4930 haec
1052 4886 1106 4930 et
1140 4876 1248 4933 alia
1276 4879 1445 4933 multa
1487 4878 1869 4950 perfecissent,
1906 4881 1998 4937 illa

421 4966 645 5037 quidem
704 4966 759 5021 in
801 4967 1136 5023 monasterio
1196 4971 1344 5039 quod
1411 4972 1466 5026 in
1520 4973 1698 5029 insula
1745 4973 1998 5045 Principe

424 5057 592 5114 situm
621 5066 724 5125 est,
759 5058 975 5115 collatis
1022 5074 1090 5115 eo
1141 5059 1496 5120 facultatibus
1543 5066 1662 5122 suis
1697 5067 1950 5122 consedit
1983 5084 1996 5120 :

428 5149 520 5206 hic
549 5158 731 5206 autem
768 5151 836 5206 ad
872 5167 1124 5222 magnum
1166 5154 1496 5227 Strategium
1528 5161 1824 5215 revertitur
1856 5162 1999 5231 apud

429 5239 743 5310 Sigrianam
786 5241 1072 5312 degentem
1125 5243 1182 5298 in
1239 5250 1610 5313 monasterio,
1661 5250 1748 5304 cui
1801 5265 2000 5305 nomen

429 5330 861 5405 Pulychronius;
883 5336 1028 5409 quod
1061 5335 1108 5392 is
1135 5339 1204 5392 ab
1228 5341 1346 5408 ipso
1374 5341 1470 5395 otii
1500 5343 1812 5412 quietisque
1831 5345 2002 5409 gratia

430 5425 694 5483 donatura
730 5437 1015 5500 acceperat
1048 5448 1062 5486 :
1107 5431 1326 5502 illicque
1350 5433 1603 5490 manibus
1631 5436 1778 5490 illius
1809 5436 2004 5491 dcton-

2092 4603 2172 4672 τῷ
2193 4601 2314 4673 Θεῷ
2343 4600 2786 4672 προσανεχόντων
2819 4599 2887 4654 τὰ
2916 4598 3095 4670 φαῦλα
3121 4597 3490 4669 διαφερόντως
3514 4597 3677 4668 θεραα

2095 4697 2367 4757 πεύσασα,
2414 4693 2508 4746 τὸν
2544 4693 2612 4745 τὰ
2659 4693 2886 4747 ἐκείνων
2939 4689 3370 4760 ίδιοποιούμενον
3425 4688 3678 4760 μεγάλως

2095 4787 2424 4857 κατέτερπε.

2166 4879 2355 4934 Ταῦτα
2381 4877 2473 4932 οὖν
2502 4877 2598 4931 καὶ
2619 4876 2688 4930 τὰ
2711 4875 2845 4930 ἄλλα
2887 4875 2989 4930 ὅσα
3014 4874 3266 4946 προσῆκε
3294 4873 3679 4945 διαπραξάμε-

2093 4992 2195 5040 νοι,
2223 4974 2258 5044 ἠ
2295 4972 2395 5043 μὲν
2424 4971 2504 5042 τῷ
2539 4969 2683 5023 κατὰ
2718 4969 3023 5039 Πρίγκιπον
3049 4968 3285 5039 σεμνείῳ
3317 4967 3503 5031 αὐτοῖς
3546 4967 3677 5037 κτή-

2098 5080 2232 5137 μασι
2286 5059 2749 5130 ἐγκατοικίζεται,
2777 5059 2806 5110 6
2859 5058 2915 5111 δὲ
2966 5057 3104 5128 πρὸς
3134 5057 3224 5110 τὸν
3258 5057 3436 5128 μέγαν
3470 5057 3674 5109 ἐπανα·

2096 5154 2280 5227 τρέχει
2309 5154 2668 5225 Στρατήγιον,
2699 5153 2758 5206 ἐν
2787 5152 2865 5222 τῷ
2888 5151 3029 5206 κατά
3050 5151 3151 5223 τὴν
3182 5150 3478 5222 Σιγριανὴν
3510 5143 3674 5198 Πολυ-

2097 5249 2297 5320 χρονίῳ
2323 5245 2728 5317 τυγχάνοντα,δ
2751 5246 2918 5299 πάλαι
2951 5245 3130 5317 τούτῳ
3151 5245 3282 5316 παρ’
3312 5237 3476 5295 αὑτοῦ
3509 5236 3669 5292 δεδώ⁴

2103 5360 2236 5415 ρητο
2265 5342 2550 5413 ῥᾳστώνης
2577 5339 2739 5409 χάριν
2767 5339 2862 5393 καὶ
2892 5338 3273 5401 ἀναπαύσεως,
3311 5333 3536 5386 κάκεῖσε
3557 5333 3676 5395 ταῖς

2110 5435 2319 5488 ἐκείνου
2345 5431 2531 5503 χερσὶν
2563 5430 2917 5502 ἀποκείρεται
2937 5447 2951 5462 ’
2985 5429 3184 5502 μᾶλλον
3208 5425 3307 5497 μὲν
3335 5419 3430 5478 οὖν
3465 5424 3671 5494 ἱερουρ-

1687 5575 1918 5631 VAle
1967 5572 2259 5630 LECTION
2268 5571 2368 5627 ES.

527 5684 570 5714 "
603 5684 794 5759 ἔμελεν
826 5686 948 5759 Par.
1035 5687 1081 5719 ’³
1107 5689 1484 5759 κατεπήλαυον
1511 5689 1635 5745 Par.

1726 5691 1772 5723 ¹⁹
1799 5689 2032 5757 ἀφανείᾳ
2054 5686 2178 5742 Par.

2293 5687 2337 5719 ³⁰
2367 5686 2494 5740 fort.
2521 5686 3039 5754 προσυπόόειγμαη
3068 5681 3110 5712 ³¹
3143 5672 3671 5754 παρατρέχωνιιίξπ.

439 5752 484 5783 ⁸⁸
517 5742 836 5832 γογγυστῶν
867 5757 989 5813 Par.
1070 5761 1114 5792 ³³
1136 5742 1426 5826 ἀφείλκετο
1451 5742 1633 5815 Par.“
1663 5761 1727 5832 ἓν
1761 5742 1952 5832 τδῘτῷ
1983 5745 2118 5832 l‘ar.
2183 5756 2229 5789 “
2265 5756 2464 5832 ἀχλύος
2491 5742 2576 5832 vel
2604 5756 2833 5832 ὁμίχλης
2865 5742 3137 5812 δὶςὶιίὶιοῖεο
3167 5742 3426 5807 videtur."
3478 5745 3541 5778 “‘
3571 5742 3674 5798 Lc-

437 5829 676 5895 gcbatur
702 5828 924 5897 ἑπῇθτν.
962 5829 1085 5885 l’ar.
1115 5825 1324 5898 ἐπίθεν,
1360 5832 1487 5888 etin
1516 5831 1758 5903 margine
1786 5849 1798 5888 :
1831 5825 1972 5887 lurie
1997 5829 2274 5902 ἐποίησεν.
2305 5825 2396 5860 ’⁷³³
2422 5828 2622 5891 οἰκείας
2654 5825 2778 5880 l’ar.
