4006 6216
491 286 555 351 31
1791 295 2279 360 TIIEOPHANIS
2309 299 2506 364 VITA.
3677 302 3750 370 32

492 403 640 458 riora
671 402 1052 462 contendebat.
1103 404 1289 476 Neque
1324 406 1469 462 enim
1501 405 1778 478 profectus
1810 409 1933 464 loco
1963 409 2068 464 du-

2175 429 2354 482 μενος,
2401 411 2510 466 τῶν
2563 411 2754 467 ὄπιθεν
2803 410 3322 483 ἐπιλανθανόμενος,
3372 411 3747 478 ἀποστολικῶς

493 495 671 562 οοίιοι,
719 506 778 551 ιιι
808 497 860 552 in
904 498 1047 554 bono
1078 500 1223 569 quod
1254 499 1484 572 adeptus
1509 512 1647 566 eral,
1691 502 2016 558 consisteret
2054 520 2068 558 :

2173 504 2371 569 εἰπεῖν,
2397 502 2628 574 ἐπηύξει
2657 503 2705 536 ⁸⁸
2724 506 2837 566 τοῖς
2860 502 3195 573 ἔμπροσθεν,
3221 501 3284 556 ού
3309 501 3406 572 τὴν
3430 503 3488 556 ἐν
3504 504 3579 572 τῷ
3601 503 3749 574 καλῷ

494 587 606 640 imo
624 602 732 642 non
758 588 1032 645 mediocre
1051 590 1311 646 damnum
1336 591 1705 658 existimabat,
1733 593 1836 650 nisi
1859 609 2073 666 semper

2177 598 2346 667 μονὴν
2381 596 2669 668 προκοπὴν
2696 595 3021 667 ἡγούμενος,
3046 595 3185 648 ἀλλὰ
3221 595 3284 650 τὸ
3325 595 3402 666 μὴ
3438 596 3751 668 προϐαίνειν

496 679 551 733 in
583 693 648 734 eo
673 683 1016 749 proveheret.
1036 682 1235 739 Comes
1264 693 1445 740 autem
1471 695 1526 742 et
1546 685 1785 756 adjutrix
1815 690 2073 745 omnibus

2173 685 2233 737 ἐν
2254 686 2452 756 τούτῳ,
2483 685 2688 756 ζημίαν
2713 687 2776 739 ού
2807 686 2909 757 τὴν
2940 685 3215 755 τυχοῦσαν
3248 685 3520 755 οἰόμενος.
3545 687 3751 756 Συνὴρο

496 771 551 826 ίη
600 773 756 828 bonis
805 775 880 828 illi
917 785 1038 832 erat
1069 777 1241 848 gratia
1276 777 1406 842 Dei,
1451 795 1576 849 quae
1607 796 1638 834 a
1675 795 1846 851 puero
1882 783 1936 838 in
1979 783 2073 839 illo

2174 795 2262 848 γει
2291 779 2348 832 δέ
2377 780 2553 850 τούτῳ
2582 780 2742 850 χάρις
2769 781 2827 833 ἐν
2851 781 2986 834 πᾶσι
3015 779 3223 844 καλοῖς,
3258 780 3292 848 ἠ
3336 780 3594 834 παιδόθεν
3623 782 3753 834 ἀνα-

494 867 906 936 conquieverat,
939 885 1003 925 ac
1034 870 1239 940 jugiter
1279 872 1522 928 lucebat.
2009 912 2028 924 .

2009 912 2028 924 ι
2176 869 2502 938 παυσαμένη
2531 871 2709 941 τούτῳ
2736 872 2832 926 καὶ
2856 870 3120 942 διηνεκῶς
3146 871 3556 939 ἐπιλάμπουτα.

567 958 700 1025 Quis
751 961 870 1030 ejus
915 977 1137 1032 precum
1173 963 1225 1018 vi
1272 964 1324 1019 in
1372 963 1543 1020 Deum
1581 982 1876 1036 excessus,
1911 969 2007 1040 qui
2042 986 2074 1025 a

2250 963 2363 1014 Καὶ
2387 961 2470 1026 τίς
2493 960 2560 1015 ἀν
2575 962 2765 1017 τούτου
2803 964 2901 1026 τὰς
2933 961 3071 1036 πρὸς
3100 962 3236 1016 Θεὸν
3281 962 3350 1014 δι’
3385 962 3562 1031 εὐχῶν
3590 963 3754 1032 ἐκδη-

497 1052 730 1108 terrenis
771 1069 1001 1124 prorsus
1040 1057 1400 1114 emundatum
1436 1058 1751 1115 divinarum
1797 1063 2074 1130 operatio-

2179 1052 2308 1124 μίας
2326 1053 2401 1122 (αῖ
2431 1054 2538 1107 τῶν
2565 1055 2768 1110 ἐνύλων
2797 1057 2875 1116 είς
2902 1053 3050 1109 ἀπαν
3075 1054 3497 1123 ἀποκαθάρασαι
3520 1054 3755 1124 ὄργανον

497 1161 626 1199 num
663 1161 926 1214 organum
969 1147 1310 1216 elliciehant,
1355 1165 1454 1219 pro
1497 1151 1762 1222 dignitate
1803 1154 2075 1225 explicare

2177 1145 2338 1200 θείων
2368 1147 2665 1218 ἐνεργειῶν
2697 1148 3026 1218 εἰργάσαντο
3054 1146 3119 1216 ⁸⁷)
3143 1147 3263 1199 κατ’
3288 1146 3448 1212 ἀξίαν
3476 1147 3751 1215 ἐκφράσαι

495 1247 660 1306 queat
683 1239 706 1291 ἳ
729 1239 852 1308 quis
875 1240 1213 1298 castimoniae
1236 1243 1405 1299 decus
1430 1245 1614 1300 cordis
1645 1245 1795 1302 illius
1813 1263 2076 1304 enarrare

2175 1236 2497 1306 δυνήσαιτος
2537 1240 2622 1302 τίς
2655 1239 2712 1292 δὲ
2759 1238 2820 1291 τὸ
2871 1239 2968 1308 τῆς
3012 1237 3368 1308 σωφροσύνης
3425 1239 3625 1301 κάλλος
3652 1239 3752 1308 τῆς

495 1333 710 1399 possit,
762 1349 886 1402 qua:
924 1334 1098 1390 beatis
1142 1351 1268 1391 eum
1317 1338 1608 1408 spiritibus
1669 1341 2073 1412 coniungebat,

2173 1328 2366 1383 τούτου
2394 1331 2622 1398 καρδίας
2647 1329 2886 1396 ἐξειπεῖν
2918 1331 3208 1401 ίσχύσειεν,
3241 1330 3276 1400 ἢ
3300 1332 3412 1392 τοῖς
3439 1330 3751 1400 ἀσωμάτοις

496 1421 698 1492 Deique
725 1425 1084 1493 purissimum
1113 1428 1397 1485 vasculum
1429 1433 1746 1500 praestabat,
1774 1444 1997 1504 tumque
2020 1435 2074 1490 in

2179 1421 2528 1474 συνάπτουσα
2572 1420 2668 1474 καὶ
2697 1419 2834 1474 Θεοῦ
2885 1421 3091 1491 δοχιῖον
3121 1417 3464 1492 ἐργαζομένη
3497 1421 3755 1492 καθαρώσο

498 1513 590 1568 Dei
633 1530 988 1586 conspectum
1038 1520 1339 1587 attollebat,
1374 1529 1429 1578 et
1483 1536 1542 1580 ut
1594 1525 1779 1580 futura
1818 1535 2073 1597 tanquam

2175 1530 2359 1579 τατον,
2411 1514 2549 1586 πρός
2585 1531 2644 1568 τε
2691 1514 2950 1568 θεοπτίαν
2988 1513 3160 1584 ἀνῆγε
3210 1517 3303 1568 καὶ
3337 1514 3400 1566 τὸ
3449 1513 3643 1583 μέλλον
3679 1514 3755 1576 ὡς

496 1608 782 1673 praesentia
832 1619 1018 1665 essent
1067 1622 1394 1681 aspectaret,
1449 1615 1769 1672 efﬁciebat?
1824 1635 2073 1689 quaenam

2177 1607 2354 1675 παρὸν
2379 1607 2513 1678 όρᾷν
2545 1608 2968 1678 παρεσκεύασε;
3000 1605 3084 1670 τίς
3123 1607 3180 1660 δὲ
3210 1605 3368 1674 λόγος
3402 1609 3502 1676 τῆς
3543 1607 3755 1660 ἐκείνου

495 1698 676 1753 oratio
706 1701 926 1770 assequi
961 1703 1136 1758 valeat
1161 1703 1530 1760 insatiabilem
1569 1707 1718 1763 illius
1746 1724 1874 1778 erga
1905 1709 2072 1767 Deum

2177 1701 2314 1770 πρὸς
2341 1700 2472 1754 Θεὸν
2502 1699 2708 1754 καὶτὸν
2728 1699 2956 1770 πλησίον
2975 1701 3198 1770 ἀγάπης
3219 1698 3498 1767 τρανῶσαι
3522 1697 3757 1765 φιλονει-

495 1799 655 1862 atque
695 1795 1006 1864 proximum
1041 1796 1402 1865 charitatem,
1450 1799 1580 1855 licet
1626 1802 1677 1854 vi
1725 1759 1839 1857 suau
1871 1804 2073 1858 ethera

2179 1759 2338 1859 κησει
2392 1793 2454 1846 τὸ
2477 1793 2794 1862 ἀκόρεστον,
2825 1759 2934 1846 κάν
2964 1759 3102 1864 πρὸς
3133 1759 3299 1847 alt-18v
3331 1759 3757 1861 αἰθέραπτερο-

495 1892 834 1946 conscendat
863 1894 886 1948 ?
917 1909 1040 1964 quae
1074 1894 1196 1949 fidei
1233 1896 1574 1962 ﬁrmitatem,
1613 1898 1682 1952 ab
1713 1901 1863 1954 omni
1896 1901 2076 1970 dupli-

2178 1885 2396 1952 φυήσας
2453 1882 2797 1951 ἐπαναϐαίης
2853 1883 2954 1952 τῆς
2985 1883 3225 1947 πίστεως
3271 1882 3335 1936 τδ
3391 1881 3618 1951 στερρὸν
3662 1880 3756 1934 καὶ

495 1979 660 2035 citate
681 1983 915 2038 alienam
943 1984 966 2037 ?
995 2001 1118 2055 quae
1141 1987 1257 2056 spei
1285 1989 1681 2056 constantiam,
1711 2006 1818 2061 qua
1848 1992 1938 2047 ille
1961 1992 2077 2062 jam

2177 1973 2406 2044 διπλόης
2435 1974 2656 2043 ἀπάσης
2687 1975 2976 2043 ἀμέτοχον,
3001 1974 3100 2040 τῆς
3132 1974 3348 2036 ἐλπίδος
3371 1974 3433 2027 τὸ
3460 1973 3757 2045 ἀρῤηκτον,

498 2071 626 2128 inde
654 2089 685 2128 a
733 2090 911 2144 puero
966 2077 1293 2145 instructus,
1353 2094 1420 2133 ac
1467 2095 1528 2135 se
1571 2080 1774 2137 futuris
1818 2061 2077 2153 tanquam

2181 2061 2501 2138 ᾗταιδόθεν
2551 2065 3002 2136 θωρακισάμενος
3036 2066 3136 2135 τήν
3179 2081 3240 2118 τε
3284 2065 3392 2117 τῶν
3456 2063 3761 2136 μελλόντων

499 2169 794 2234 praesentia
819 2168 1003 2224 forent
1028 2171 1190 2239 potiri
1221 2171 1569 2238 existimans,
1601 2175 2081 2230 conﬁrmabatur?

2181 2157 2486 2211 ἀπόλαυσιν
2542 2156 2618 2218 ὼς
2651 2157 2933 2223 παροῦσαν
2999 2156 3352 2225 λογιζόμενος
3387 2154 3756 2226 ἐκρατύνετο;

497 2264 778 2321 caeterum,
813 2257 916 2310 viri
957 2266 1106 2312 tanta
1155 2258 1331 2314 virtus
1395 2259 1593 2315 lucidis
1638 2262 1907 2318 irradians
1941 2263 2079 2319 faci—

2196 2249 2356 2302 Ἀλλά
2377 2248 2486 2318 γὰρ
2508 2247 2677 2317 ἀρετὴ
2701 2249 3028 2315 φωτοὸόλοις
3057 2265 3130 2301 πυ
3139 2248 3407 2316 ρσεύουσα
3429 2249 3613 2317 χάρισι
3635 2245 3761 2300 πολ·

498 2345 620 2409 bus,
670 2347 737 2400 ad
775 2346 1102 2402 imitandum
1139 2349 1325 2418 plures
1366 2350 1657 2406 invitabat.
1709 2353 1951 2422 Denique
1984 2355 2078 2424 qui

2181 2337 2309 2401 λοὺς
2341 2338 2528 2391 ἐκάλει
2572 2339 2710 2407 πρὸς
2764 2339 3016 2408 μίμησιν.
3068 2337 3285 2405 ’Δμέλει
3315 2337 3407 2389 τὸν
3433 2338 3594 2406 ἤπιον
3617 2340 3755 2406 Χρι-

499 2451 670 2492 suave
700 2437 906 2493 Christi
938 2437 1130 2508 jugum
1166 2440 1471 2505 subierant,
1498 2441 1623 2497 vitae
1645 2458 1772 2498 eum
1801 2443 2081 2500 instituto-

2183 2428 2312 2483 στοῦ
2347 2429 2514 2498 ζυγὸν
2563 2429 2894 2493 ὑποδύντες,
2937 2427 3291 2498 παιδοτρίϐην
3338 2427 3430 2481 τοῦ
3488 2426 3587 2498 ζῇν
3622 2427 3758 2496 πρὸς

500 2545 644 2596 rem,
675 2530 769 2600 qui
811 2530 879 2584 ad
910 2531 1166 2586 virtutem
1197 2532 1492 2598 animaret,
1524 2533 1727 2605 ingenti
1757 2537 2081 2606 compendio

2182 2521 2383 2592 ἀρετὴν
2406 2521 2772 2590 ὑπαλείφοντα
2793 2519 3218 2576 κατεπλούτουν.
3243 2520 3354 2590 Τῆς
3373 2518 3481 2587 γάρ
3501 2517 3594 2570 τοῦ
3620 2517 3759 2587 πλη-

503 2620 802 2680 habebant.
847 2623 1138 2679 Accuratis
1172 2624 1319 2679 enim
1363 2626 1416 2680 in
1450 2626 1763 2696 proximum
1795 2628 2083 2685 charitatis

2186 2611 2302 2666 σίον
2315 2613 2536 2684 ἀγάπης
2565 2613 2820 2682 ἀκριϐέσι
2846 2612 3068 2682 θεσμοῖς
3095 2611 3489 2681 τειχιζόμενος,
3517 2609 3672 2663 ἐνίκα
3692 2606 3759 2661 δι’

503 2713 661 2770 scitis
681 2715 952 2782 munitus,
983 2714 1066 2770 sic
1095 2714 1357 2772 humilem
1383 2717 1450 2777 de
1473 2733 1534 2774 se
1561 2733 1784 2778 sensum
1809 2720 2081 2788 vincebat,

2184 2704 2356 2774 αὐτῆς
2397 2704 2459 2759 τὸ
2499 2705 2753 2759 ταπεινὸν
2781 2705 2876 2759 τοῦ
2920 2704 3294 2774 φρονήματος,
3325 2702 3420 2756 καὶ
3447 2701 3761 2773 προστάτης

504 2821 806 2877 eorumque
844 2807 1161 2877 praefectum
1203 2810 1433 2881 agebat;
1477 2826 1714 2881 quorum
1745 2812 1945 2870 animis
1973 2813 2083 2868 ini-

2185 2795 2392 2851 τούτων
2421 2797 2722 2859 ἐδείκνυτο,
2763 2790 2840 2850 ὧν
2891 2795 3027 2848 πολὺ
3068 2793 3232 2848 πλέον
3265 2794 3325 2847 τὸ
3369 2791 3629 2847 ταπεινὸν
3667 2791 3763 2845 τοῦ

509 2898 680 2953 tiante
728 2898 822 2954 illo
868 2899 936 2954 ad
976 2902 1274 2967 virtutem,
1315 2901 1616 2972 impensior
1663 2903 1754 2958 illa
1792 2904 2086 2962 submissio

2190 2891 2538 2960 φρονήματος
2569 2888 2831 2959 ἀμέλειαν
2861 2890 2974 2951 τοῖς
3003 2887 3136 2958 πρὸς
3166 2885 3368 2958 ἀρετὴν
3394 2901 3765 2955 χειραγωγου-

510 3000 904 3061 comtemptum
949 2993 1096 3048 velut
1138 2993 1492 3064 progignebat
1537 3012 1550 3049 :
1593 2995 1815 3051 tametsi
1853 2995 1929 3051 illi
1966 2997 2086 3067 eius

2199 2981 2380 3054 μένοις
2410 2981 2703 3035 ἀπέτικτεν
2723 2997 2738 3010 ·
2765 2979 2880 3033 ἀλλ’
2914 2979 3286 3047 ἀναλογοῦσαν
3309 2979 3374 3047 τῇ
3406 2978 3542 3047 πρὸς
3569 2976 3766 3037 αὐτοὺς

510 3083 766 3138 virtutem
816 3084 1060 3149 reveriti,
1094 3099 1194 3153 pro
1223 3084 1604 3140 benevolentia
1645 3102 1752 3156 qua
1779 3103 1873 3142 eos
1902 3065 2090 3158 prose-

2197 3075 2399 3146 στοργῇ
2420 3073 2518 3145 τὴν
2553 3073 2802 3143 ὑπακοὴν
2833 3073 3179 3144 παρείχοντο,
3213 3069 3312 3140 τὴν
3349 3068 3551 3139 ἀρετὴν
3589 3065 3768 3121 αἰδού-

515 3176 807 3245 quebatur,
862 3178 1183 3247 amorisque
1229 3176 1428 3243 modo,
1484 3177 1848 3234 obedientiam
1900 3193 2087 3249 parun
2197 3182 2368 3236 μενοιι

512 3268 902 3339 rependebant.

584 3361 744 3416 Velut
797 3369 980 3416 autem
1033 3359 1222 3417 divina
1281 3361 1584 3418 illustratus
1640 3363 1856 3433 gratia,
1918 3377 2094 3435 eoque

2267 3365 2366 3430 Ὥς
2386 3381 2448 3434 γε
2481 3365 2576 3418 καὶ
2611 3363 2733 3436 θείᾳ
2763 3363 3117 3433 λαμπόμενος
3148 3364 3355 3434 χάριτι,
3411 3360 3504 3415 καὶ
3542 3359 3773 3414 συνιδεῖν

516 3455 736 3524 ingenio
775 3455 1074 3524 praeditus,
1135 3464 1196 3510 ut
1247 3471 1373 3526 qua;
1428 3466 1576 3512 recta
1613 3472 1677 3512 ac
1726 3467 2094 3514 consentanea

2199 3457 2374 3530 ῥᾷστα
2403 3457 2463 3510 τὸ
2494 3457 2612 3510 δέον
2644 3452 2754 3519 οἷός
2789 3473 2850 3509 τε
2883 3455 2980 3520 ῶν,
3013 3458 3126 3520 τοῖς
3147 3455 3289 3510 κατά
3326 3453 3580 3508 Βιθυνίαν
3619 3451 3775 3522 ἐνδη-

513 3556 700 3602 essent
733 3546 892 3603 facile
919 3547 1244 3618 dispiceret,
1287 3564 1409 3618 qua:
1451 3549 1506 3604 in
1545 3549 1802 3621 Bithynia
1851 3565 1917 3606 ac
1961 3551 2095 3607 locis

2201 3548 2319 3622 μῶν
2344 3548 2728 3620 μοναστηρίοις
2751 3548 2846 3602 καὶ
2869 3547 3081 3618 ἑτέροις
3092 3547 3390 3618 ἀλλαχόθεν
3408 3543 3775 3617 προσομιλῶν,

515 3639 641 3694 aliis
673 3640 1010 3696 monasteria
1041 3641 1147 3696 sita
1186 3649 1317 3696 sunt
1357 3641 1622 3704 invisens,
1668 3641 1834 3712 inque
1869 3643 1950 3698 eis
1981 3657 2097 3697 mo-

2198 3642 2311 3704 τοῖς
2342 3640 2569 3694 ἐκείνων
2597 3639 2698 3710 τῆς
2723 3641 2926 3711 ἀρετῆς
2955 3639 3185 3710 λειμῶσι
3209 3640 3306 3702 τὰς
3341 3639 3496 3708 δψεις
3523 3639 3776 3706 ἐπαφεὶς,

518 3730 784 3784 nasticem
809 3730 1198 3797 proﬁtentibus
1219 3730 1551 3787 familiarius
1584 3731 1929 3803 colloquens,
1960 3748 2096 3789 con-

2203 3734 2522 3802 συνελέγετο
2549 3733 2626 3797 ὡς
2655 3733 2785 3804 ρόδα
2811 3731 2878 3787 τὰ
2897 3732 3104 3786 τούτων
3133 3731 3514 3802 ἀγωνίσματα,
3548 3732 3640 3783 καὶ
3670 3733 3780 3793 τοῖς

514 3821 680 3888 jectis
703 3821 758 3875 in
788 3820 1007 3877 illorum
1037 3822 1302 3878 virtutum
1324 3832 1479 3894 prata
1509 3824 1830 3890 luminibus,
1848 3839 2096 3880 rosarum

2201 3827 2422 3890 οἰκείοις
2444 3825 2866 3895 προσεκόμιζεν,
2892 3827 3114 3897 ἀγάπης
3141 3826 3374 3897 ἀρίστης
3391 3824 3484 3878 καὶ
3514 3821 3779 3892 ὑψοποιοῦ

521 3914 701 3969 instar
745 3914 947 3984 quibus
983 3915 1356 3985 pmlucehant
1399 3916 1726 3986 decerpebat
1774 3917 2098 3983 certamina,

2202 3917 2586 3982 ταπεινώσεως
2623 3919 2680 3970 ἐν
2714 3918 2893 3988 ἐαυτῷ
2923 3918 3240 3990 περιφέρων
3267 3915 3337 3970 τά
3377 3915 3777 3984 ὑποδείγματα.

519 4005 857 4076 domumque
884 4007 952 4061 ad
970 4019 1103 4061 suos
1127 4006 1462 4076 reportabat,
1487 4006 1786 4077 perfectam
1819 4007 2101 4063 charitatls

2218 4009 2544 4079 Ἐγκρατεία
2571 4008 2626 4060 δὲ
2672 4009 2912 4077 διηνεκεῖ
2957 4010 3348 4079 στομούμενος,
3411 4007 3573 4077 ἡνίκα
3613 4005 3785 4075 φίλων

520 4104 577 4150 et
604 4097 859 4152 sublimis
917 4097 1248 4152 humilitatis
1302 4098 1358 4152 in
1401 4113 1462 4153 se
1500 4098 1896 4153 circumferens
1937 4100 2102 4152 docn-

2204 4099 2388 4151 ἐκάλει
2422 4099 2695 4166 παρουσία
2720 4098 2857 4166 πρὸς
2886 4099 3210 4167 μετάληψιν,
3241 4098 3302 4149 τὸ
3333 4099 3431 4165 τῆς
3454 4095 3784 4163 ἐγκρατείας

523 4197 726 4241 menta.
759 4187 883 4258 Jugi
906 4196 1086 4242 autem
1113 4187 1446 4241 abstinentia
1469 4189 1721 4252 duratus,
1749 4204 1871 4242 cum
1904 4188 2100 4242 amico-

2205 4188 2371 4240 καλὸν
2409 4187 2466 4239 ὲν
2501 4187 2738 4258 δευτέρῳ
2772 4188 3073 4256 τιθέμενος,
3126 4189 3226 4256 τὴν
3261 4186 3458 4254 κυρίαν
3504 4184 3784 4252 προὺτίμα

525 4294 644 4332 rum
671 4279 1021 4334 invisentium
1051 4278 1340 4346 praesentia
1373 4278 1443 4332 ad
1471 4279 1654 4332 cibum
1694 4279 2100 4348 percipiendum

2205 4279 2315 4330 τῶν
2337 4277 2546 4349 ἀρετῶν
2570 4295 2584 4310 ’
2616 4277 2974 4347 χορτάζεσθαι
2999 4295 3058 4331 τε
3088 4278 3182 4330 καὶ
3205 4275 3550 4348 ὑστερεῖσθαι
3573 4275 3619 4308 ⁸⁸
3643 4275 3786 4328 κατὰ.

527 4377 765 4431 vocaret,
797 4369 944 4422 illius
975 4369 1321 4423 honestatem
1358 4368 1413 4421 in
1439 4368 1699 4424 secundis
1729 4369 1960 4432 habens,
1994 4371 2102 4423 vir-

2207 4368 2298 4422 τδν
2331 4369 2504 4440 μέγαν
2533 4369 2742 4422 Παῦλον
2775 4369 2837 4423 εὖ
2889 4368 3049 4432 εἰδὼς
3070 4370 3138 4433 δ’,
3175 4368 3270 4422 καὶ
3299 4367 3400 4437 τῆς
3427 4368 3591 4436 κενῆς
3626 4366 3788 4436 δόξης

527 4468 704 4513 tutum
733 4458 1012 4514 dominam
1050 4459 1126 4512 illi
1167 4457 1446 4528 praelatam
1483 4456 1700 4513 volebat
1738 4473 1751 4510 :
1788 4459 1880 4527 qui
1922 4458 2100 4527 magni

2209 4433 2558 4531 δραπετεύων
2578 4461 2675 4531 τὴν
2706 4460 3085 4529 ἐπικράτειαν.
3106 4459 3318 4532 Μικροῦ
3347 4433 3413 4530 με
3444 4433 3558 4512 τῶν
3575 4433 3788 4512 ἐκείνου

527 4551 684 4606 Pauli
720 4564 871 4605 more
901 4549 1070 4606 sciret
1094 4550 1306 4615 satiari,
1340 4558 1394 4605 et
1421 4550 1704 4619 penuriam
1742 4550 1872 4618 pati.
1903 4549 2105 4604 inanis-

2213 4553 2397 4606 καλῶν
2445 4552 2629 4624 διέδρα
2673 4552 2732 4605 τὸ
2769 4552 3048 4623 μέγιστον.
3083 4555 3194 4622 Τῆς
3241 4553 3353 4621 γὰρ
3382 4552 3524 4604 κατά
3554 4551 3791 4603 Νίκαιαν

528 4659 638 4712 que
701 4643 889 4713 gloriae
950 4643 1292 4702 dominatum
1361 4644 1590 4713 fugeret.
1669 4640 2106 4696 Pulclmrrimum

2217 4644 2435 4698 συνόδου
2471 4646 2743 4714 συστάσης
2772 4645 2832 4698 τό
2857 4643 3131 4716 δεύτερον,
3163 4646 3260 4697 σὺν
3289 4645 3405 4706 τοῖς
3445 4641 3629 4705 ἄλλοις
3679 4643 3794 4695 Πα-

533 4736 682 4792 illius
713 4736 918 4792 factum
955 4753 1042 4792 me
1068 4753 1204 4807 pene
1233 4736 1522 4807 praeteriit.
1564 4732 1703 4789 Cum
1730 4735 1874 4788 enim
1915 4733 2109 4790 Nicaea:

2216 4735 2410 4806 τράσιν
2459 4738 2549 4788 ἐπὶ
2598 4736 2770 4806 αὐτὴν
2801 4735 3082 4806 ἐκέκλητο.
3125 4735 3349 4789 Πάντων
3388 4733 3432 4785 δ’
3469 4735 3555 4800 ἐφ’
3607 4731 3796 4786 ῖππων

531 4829 779 4898 synodus
811 4829 1056 4884 secundo
1081 4843 1267 4888 coacta
1297 4837 1465 4894 esset,
1504 4829 1570 4884 ad
1606 4844 1726 4884 eam
1753 4829 1866 4898 ipse
1893 4844 2112 4898 quoque

2276 4827 2418 4896 ζόχων
2467 4827 2907 4896 ἁθροιζομένων,
2964 4829 3055 4879 καὶ
3103 4826 3389 4896 λαμπραῖς
3444 4823 3800 4893 γαννυμένων
3855 4836 3858 4837 ⁷

533 4935 660 4975 cum
686 4921 809 4976 aliis
827 4919 1081 4976 Patrihus
1102 4934 1327 4980 vocatus
1343 4933 1448 4978 est.
1470 4921 1720 4992 Curaque
1743 4937 1934 4978 omnes
1954 4921 2114 4992 equis

2217 4919 2474 4989 ἐσθήταις
2501 4920 2569 4982 ⁸⁰,
2595 4919 2758 4982 αὐτὸς
2780 4918 2859 4988 τῷ
2895 4917 3114 4988 συνήθει
3141 4916 3368 4987 τριχίνῳ
3396 4913 3797 4984 κοσμούμενος,

535 5013 941 5082 praestantibus,
977 5023 1033 5069 et
1063 5015 1361 5083 splendidis
1384 5016 1725 5070 vestimentis
1748 5015 1923 5069 ornati
1962 5016 2116 5070 veni-

2222 5009 2496 5081 ὑποζυγίῳ
2525 5028 2585 5063 τε
2615 5010 2812 5073 ἐπιθάς
2845 5011 3120 5083 κανθηλίῳ
3144 5011 3188 5043 ⁸⁸
3219 5014 3318 5080 τὴν
3357 5009 3669 5080 ὁδοιπορίαν
3696 5023 3804 5060 ασ-

536 5115 680 5170 rent,
727 5105 845 5176 ipse
891 5105 1055 5162 solito
1096 5105 1315 5161 cilicino
1349 5121 1512 5164 sacco
1546 5109 1805 5172 indutus,
1857 5122 1922 5162 ac
1947 5107 2118 5162 asina:

2227 5104 2398 5174 μόνως
2427 5105 2683 5156 ἐποιεῖτο.
2721 5104 2808 5167 Ὠς
2823 5103 2866 5155 δ’
2891 5099 3029 5157 εἶδον
3046 5103 3093 5135 ⁸³
3117 5103 3354 5166 ἅπαντες
3380 5103 3472 5155 τὸν
3500 5099 3809 5172 τηλικούτῳ

542 5197 823 5265 insidens,
878 5198 1039 5254 laetus
1095 5197 1198 5254 iter
1248 5201 1506 5269 suscepit.
1578 5199 1685 5254 Sed
1739 5214 1862 5253 cum
1925 5214 2117 5253 omnes

2224 5193 2439 5264 πλούτῳ
2473 5193 2730 5262 κομῶντα
2765 5194 2826 5247 τὸ
2853 5194 3120 5264 πρότερον
3150 5193 3365 5255 τούτοις
3390 5191 3484 5244 νῦν
3512 5189 3806 5242 καλλωπι-

545 5288 801 5347 viderent
823 5305 978 5356 eum,
1007 5290 1103 5361 qtti
1137 5289 1292 5361 prius
1321 5291 1580 5346 omnibus
1606 5289 1920 5346 divitiarum
1945 5287 2120 5358 copiis

2223 5284 2468 5356 ζόμενον,
2513 5285 2572 5352 ἐξ
2596 5284 2764 5340 αὐτοῦ
2799 5285 3001 5355 μᾶλλον
3032 5285 3064 5357 ἢ
3093 5285 3201 5340 τῶν
3235 5285 3414 5338 ἄλλων
3467 5281 3805 5353 δρεψάμενοι

1857 5468 2090 5524 vanu:
2130 5457 2532 5530 LECTIONES.

654 5596 698 5627 ⁸⁸
722 5595 1089 5662 ἐπεξετείνετο
1140 5599 1421 5664 exspecth
1481 5590 1779 5664 secundum
1829 5589 1968 5646 Phil.
1999 5589 2081 5664 5,_
2099 5604 2150 5641 ι’.
2193 5588 2279 5646 15.
2331 5663 2338 5664 7
2392 5593 2436 5624 ’δ’
2485 5594 2799 5664 ἠργάσαντο
2849 5591 2987 5664 l‘ar.
3073 5589 3116 5621 “'
3152 5584 3482 5664 ὕστερῆσθαι
3544 5582 3664 5664 Par.
3689 5582 3798 5664 en.

551 5666 693 5722 l‘hil.
724 5666 778 5724 4,
816 5653 864 5718 ν.
899 5667 985 5719 12.
1064 5664 1107 5697 δ’
1135 5653 1342 5725 οίειδὼς
1369 5659 1492 5734 Par.
1568 5661 1615 5692 '°
1649 5657 2209 5734 tsﬁiqtvhtnggpal‘ﬁ
2246 5663 2342 5719 scd
2379 5653 2613 5734 scriptor
2647 5665 2934 5720 barbaram
2970 5662 3195 5714 formam
3233 5653 3536 5726 pra‘mlissc
3559 5653 3798 5706 videtur.

629 5735 956 5806 chcbatur,
981 5734 1084 5790 κᾶν
1106 5734 1316 5805 θηλείᾳ,
1351 5732 1498 5788 nullo
1533 5747 1721 5788 sensu.
1803 5731 1845 5762 ⁵⁸
1883 5731 1991 5784 ῖόον
2029 5731 2149 5785 Par.
