4080 6212
299 362 374 424 3‘3
1626 346 1726 406 ΤΗ
1737 343 1909 404 ΕΟΡῙ

2011 340 2118 401 HS
2151 341 2352 403 VITA.
3495 343 3564 409 3-5

304 471 408 539 τήν
430 462 723 533 ὠφέλειαν,
750 457 1026 527 εὐθυμίας
1055 456 1272 524 ἀπάσης
1297 453 1724 526 ἀνεπίμπλαντο.
1767 454 1824 506 '0
1853 452 1898 506 δ’

2011 451 2398 514 abundaverat,
2432 447 2526 502 vili
2565 462 2712 504 nunc
2755 447 2944 503 habitu
2979 448 3322 519 gloriantem,
3362 455 3574 526 majore

310 556 573 624 ἐκθύμως
645 545 987 608 συνασπίσας
1019 547 1084 615 τῇ
1141 544 1370 615 ἀληθεία
1410 544 1505 597 καὶ
1541 542 1641 613 τὴν
1687 540 1900 610 πλάνην

309 643 861 714 καταστρεψάμενος,
885 639 954 707 τῇ
979 637 1325 708 γενικωτάτη
1346 635 1392 667 ⁸⁸
1413 636 1520 688 τῶν
1536 632 1747 704 ἀρετῶν
1768 631 1900 684 καλ·-

310 740 644 808 λυνόμενος,
667 729 884 801 ἐπανῄει
912 729 982 782 ⁸⁸.

401 913 606 965 Τούτου
649 911 754 968 τοῖς
784 905 973 968 καλοίς
1029 904 1078 956 οί
1111 903 1211 971 τῆς
1241 903 1286 934 ⁸⁸
1316 905 1518 967 κακίας
1573 903 1902 974 γεννήτορες

337 1007 700 1075 βασκήναντες
713 999 992 1068 δαίμονες,
1012 997 1207 1068 μικρὸν
1236 997 1335 1067 τῆς
1365 997 1557 1060 νυκτὸς
1585 994 1900 1065 ἀφυπνοῦν-

334 1115 390 1150 τι
421 1095 608 1161 ἀνέδην
648 1089 1088 1160 ἐπικωμάζουσι,
1139 1089 1234 1142 καὶ
1271 1089 1369 1158 τῆς
1423 1090 1552 1158 ὅλης
1600 1089 1783 1158 χειρὸς
1811 1087 1903 1140 τὸν

330 1188 605 1255 ἀντίχειρα
644 1183 773 1244 συὸς
804 1182 961 1252 δίκην
992 1180 1187 1251 ἀγρίου
1217 1183 1333 1243 τοῖς
1369 1179 1551 1233 ὀδοῦσι
1585 1179 1897 1249 λαϐόμενοι,

319 1279 573 1346 δριμεῖαν
619 1276 722 1342 τὴν
750 1271 1022 1342 ἀλγηδόνα
1067 1273 1160 1324 καὶ
1208 1273 1438 1324 ἐκτοπον
1471 1271 1793 1342 ἐνεποίησαν
1833 1271 1900 1332 ⁸⁸,

313 1372 443 1432 τοὺς
479 1370 593 1422 τῶν
619 1366 851 1418 ὀδόντων
881 1363 1088 1427 τύπους
1135 1364 1436 1432 ἐπαφέντες
1468 1363 1548 1433 τῷ
1600 1363 1754 1433 μέρει
1806 1360 1902 1415 τοῦ

317 1459 599 1529 σώματος,
649 1458 709 1510 '0
743 1457 800 1509 δὲ
836 1455 916 1526 τῷ
940 1456 1076 1526 πρὸς
1111 1455 1246 1509 Θεὸν
1271 1456 1436 1526 ἔρωτι
1475 1454 1898 1524 καθηλούμενος,

314 1551 413 1604 καὶ
452 1549 555 1618 τῆς
579 1549 805 1601 ἐκείνων
838 1548 1120 1618 μοχθηρᾶς
1158 1547 1401 1611 ἐπινοίας
1437 1549 1696 1618 ὑπάρχων
1732 1547 1902 1614 ὑπέρ-

317 1659 498 1710 τερος,
537 1641 651 1693 οὐδ’
709 1639 884 1702 οὕτως
919 1641 1194 1709 ἐντρυφᾷν
1217 1638 1295 1708 τῷ
1327 1641 1576 1706 γεγονότι
1635 1640 1762 1700 τοὺς
1803 1638 1901 1707 βα-

326 1731 556 1791 σκάνους
592 1728 822 1780 ἐνέδωκε
865 1727 1127 1797 δαίμονας
1147 1743 1162 1756 ·
1196 1727 1614 1798 ἀπομυρίσματι
1643 1727 1699 1779 δὲ
1731 1727 1903 1790 ξύλων

1999 559 2064 597 ex
2095 543 2208 606 illo,
2231 555 2396 612 quam
2427 555 2494 596 ex
2517 541 2766 610 reliquis,
2791 549 3048 610 percepta
3084 542 3334 608 utilitate,
3363 545 3569 618 ingenti

1999 633 2185 688 latitia
2225 631 2414 701 repleti
2463 639 2610 685 sunt.
2646 633 2766 700 Ipse
2811 646 2940 686 vero
2974 641 3198 688 strenue
3230 645 3567 706 propugnata

2000 725 2225 778 veritate
2245 765 2260 789 ,
2297 739 2360 777 ac
2397 738 2584 777 errore
2618 737 2841 788 everso,
2869 723 2995 788 (ide,
3030 740 3151 794 quae
3179 727 3443 782 virtutum
3474 743 3568 800 ge-

2002 816 2344 870 neralissima
2369 823 2473 880 est,
2507 814 2742 884 inclytus
2768 815 2946 870 rediit.

2078 907 2275 962 Verum
2303 921 2425 962 cum
2452 907 2673 961 malitia:
2705 917 2956 963 auctores
2986 908 3260 964 daemones
3289 895 3570 981 praeclaris

2004 997 2176 1066 ipsius
2191 996 2353 1052 factis
2379 997 2708 1063 inviderent,
2725 997 2774 1052 ei
2793 1007 2952 1052 nocte
2969 1013 3259 1070 parumper
3279 1003 3574 1068 dormienti

2003 1089 2348 1158 impudenter
2372 1089 2602 1143 illudere
2634 1090 2815 1144 conati
2847 1098 2994 1144 sunt.
3026 1089 3216 1146 Manus
3235 1094 3578 1164 enimipsiuu

2005 1182 2279 1250 pollicem,
2327 1189 2590 1250 tanquam
2637 1195 2765 1235 sues
2799 1189 3064 1251 agrestes,
3114 1183 3368 1239 dentibus
3398 1186 3580 1240 corri-J'

2003 1274 2234 1342 pientes,
2285 1271 2832 1333 acerbumldolorem
2897 1273 3236 1339 inusserunt,
3287 1275 3343 1327 in
3397 1291 3572 1346 eaq-ue

2003 1362 2249 1430 corporis
2273 1372 2424 1429 parte
2458 1362 2662 1427 luxata,
2689 1363 2933 1417 dentium
2959 1363 3181 1432 vestigia
3214 1365 3570 1434 reliquerunt.

2005 1454 2076 1508 At
2105 1456 2192 1509 ille
2221 1454 2312 1509 Dei
2358 1470 2546 1510 amore
2580 1455 2849 1520 conﬁxus,
2883 1464 2938 1510 et
2976 1458 3216 1525 nequitia
3261 1458 3572 1512 daemonum

2005 1549 2249 1600 animum
2291 1565 2482 1617 gerens
2533 1550 2868 1618 superiorem
2892 1588 2906 1612 ,
2939 1566 3008 1604 ne
3049 1551 3129 1606 sic
3167 1552 3386 1620 quidem
3422 1568 3486 1606 ea
3517 1567 3576 1607 re

2007 1640 2227 1709 gloriari
2265 1643 2478 1696 invidos
2509 1643 2786 1697 daemones
2817 1643 3088 1711 permisit,
3131 1645 3222 1698 sed
3249 1659 3412 1713 quam
3445 1659 3577 1712 pro-

2005 1747 2133 1800 pere
2160 1734 2312 1787 licuit
2351 1735 2714 1802 pretiOsorum
2742 1735 3010 1804 lignorum
3040 1749 3318 1802 unguento
3354 1749 3574 1790 manum

322 1823 544 1891 τιμίων,
577 1820 653 1883 ὡς
681 1815 798 1888 εἶχε
831 1819 1090 1888 σπουδῆς,
1128 1819 1422 1889 ἐπιχρίσας
1455 1823 1613 1890 χεῖρα
1665 1819 1763 1888 τὴν
1797 1817 1904 1870 πά-

2011 1824 2248 1878 luxatam
2285 1841 2492 1894 ungens
2516 1863 2531 1888 ,
2577 1826 2722 1878 dicto
2765 1827 2926 1878 citius
2959 1827 3106 1878 omni
3159 1827 3315 1895 plaga
3346 1826 3576 1882 liberam

317 1930 586 1983 σχουσαν,
615 1912 914 1982 ἐλευθέραν
936 1913 1131 1974 παντὸς
1153 1913 1348 1964 θᾶττον
1367 1912 1399 1981 ἦ
1421 1912 1576 1978 λόγος
1595 1909 1901 1974 ἐναπέδειξε

295 2039 300 2045 -
324 2005 624 2075 μώλωπος.
643 2006 710 2056 Ὦ
735 2003 830 2056 τοῦ
861 2003 1138 2074 θαύματος
1161 2004 1173 2056 ί
1197 2005 1354 2074 χάρις
1372 2004 1481 2073 γὰρ
1500 2003 1620 2056 θεία
1645 2002 1905 2073 διηνεκῶς

321 2097 441 2157 τοῖς
466 2094 684 2147 ἐκείνου
713 2095 890 2156 πόνοις
917 2093 1404 2166 ἐπαναπαυομένη,
1439 2097 1532 2145 καὶ
1564 2094 1782 2162 τρόποις
1813 2107 1909 2142 τα-

295 2227 302 2230 .
325 2185 525 2239 στεινοῦ
559 2184 654 2237 τοῦ
670 2185 1036 2254 φρονήματος,
1055 2183 1430 2237 ἀποστολικῶν
1455 2184 1696 2253 χαρίτων
1716 2185 1780 2251 τῇ
1811 2182 1911 2234 δω-

299 2319 314 2326 -
332 2277 442 2346 ρεᾷ
455 2275 893 2343 κατελάμπρυνε,
912 2277 1004 2326 καὶ
1015 2273 1268 2339 ἐξαισίων
1285 2273 1602 2343 θαυμασίων
1615 2290 1672 2326 τε
1680 2289 1909 2343 ρατουρ-

337 2365 815 2435 ᾒνένειργάσατο.
832 2365 895 2415 Εί
911 2363 1011 2434 μὲν
1037 2362 1129 2416 οὖν
1147 2364 1324 2417 πάντα
1341 2363 1519 2430 λέγειν
1539 2363 1778 2432 ἐθελήσω
1808 2362 1909 2414 ὅσα

326 2458 452 2509 θεία
473 2458 636 2527 χάρις
657 2458 834 2528 τούτῳ
847 2457 1122 2528 δεδώρητο
1141 2455 1239 2526 τὴν
1261 2457 1498 2510 ἐνοικίαν
1519 2456 1906 2526 ἀσπασαμένη,

325 2547 454 2610 τούς
474 2565 537 2602 τε
573 2548 682 2600 τῶν
711 2550 1010 2618 ἐγκωμίων
1037 2548 1482 2619 ἐπιλυμανοῦμαι
1509 2548 1731 2617 νόμους,
1762 2548 1853 2600 καὶ
1881 2547 1910 2598 ό

327 2640 487 2707 λόγος
525 2639 806 2702 διαλυθεὶς
833 2639 909 2703 ὼς
932 2642 992 2693 ἐν
1032 2640 1254 2710 μεγάλῳ
1279 2639 1504 2708 πελάγει
1546 2639 1723 2694 πλέων
1757 2640 1910 2710 οἰχή-

327 2747 508 2784 σεται.
536 2730 599 2782 Ei
628 2731 688 2783 δὲ
725 2731 797 2783 τὰ
821 2731 998 2785 πλείω
1044 2732 1242 2802 παρεὶς
1275 2731 1473 2800 ὀλίγων
1503 2729 1911 2801 ἐπιμνησθήσο-

329 2837 461 2889 μαι,
497 2823 593 2873 καὶ
627 2823 657 2873 ό
689 2821 847 2888 λόγος
877 2821 990 2885 ἔξει
1013 2822 1074 2874 τὸ
1105 2821 1344 2890 ἀσφαλὲς
1377 2820 1567 2892 ὥσπερ
1596 2821 1688 2875 ἐπὶ
1715 2823 1913 2891 κρηπῖ-

327 2911 422 2973 δος
443 2912 542 2981 ἐρη
554 2913 840 2981 ρεισμένος
856 2913 931 2976 ⁵⁷,
947 2913 1060 2965 κάκ
1087 2912 1194 2964 τῶν
1219 2912 1494 2983 ῥηθέντων
1510 2911 1912 2983 ἀκριϐεστάτην

332 3001 445 3066 ἕξει
469 3004 566 3052 καὶ
595 3001 664 3053 τὰ
691 3001 1090 3068 ὑπολειφθέντα
1108 3000 1204 3071 τὴν
1230 3002 1486 3070 δήλωσιν.

419 3093 643 3162 Ἀγρίου
673 3092 930 3162 δαίμονος
965 3095 1201 3164 ἐπιφορᾷ
1225 3111 1310 3158 τις
1339 3093 1448 3148 τῶν
1481 3095 1658 3147 ἐκεῖσε
1697 3095 1909 3164 πολιορ-

335 3185 624 3256 καόμενος,
650 3184 868 3253 φρενῶν
897 3184 1104 3256 ἔρημος
1139 3185 1399 3256 ἐξαίφνης
1427 3186 1752 3241 καθίσταται
1774 3203 1786 3217 ⁸
1821 3188 1915 3240 καὶ

337 3274 437 3334 τὰς
478 3273 690 3337 οἰκείας
718 3273 1022 3326 κατεσθίων
1066 3275 1273 3344 σάρκας
1303 3274 1378 3336 ὼς
1403 3275 1708 3346 ἀλλοτρίας,
1748 3275 1916 3346 βαρὺς

337 3365 566 3432 ἑκάστῳ
617 3364 727 3417 τῶν
762 3367 1096 3434 προσιόντων
1142 3366 1432 3420 ἐδείκνυτο.
1488 3369 1682 3438 Δεσμῷ
1731 3368 1919 3422 τοῦτον

333 3455 730 3525 περιδαλόντες
783 3454 1030 3519 πλείονες
1091 3457 1188 3509 καὶ
1240 3457 1426 3520 πέδαις
1486 3459 1916 3528 ἀσφαλισάμενοι

334 3546 556 3614 φρουρᾷ
583 3544 982 3614 παρενέϐαλον,
1027 3543 1276 3613 φύλακας
1328 3548 1746 3618 ἐπιστήσαντεςο
1783 3549 1918 3603 ἀλλὰ

337 3637 473 3700 μιᾶς
507 3635 750 3707 ἐσπέρας
781 3635 918 3701 πρὸς
964 3635 1096 3688 Θεὸν
1126 3637 1304 3690 ίιιεσία
1348 3638 1442 3690 τοῦ
1469 3641 1918 3710 παραλυποῦντας

335 3726 677 3789 ἀποδείξασα
699 3728 1007 3798 ἐλεύθερον,
1025 3728 1130 3780 τῶν
1147 3729 1332 3792 Δπεδῶν
1364 3733 1704 3785 ἐκπεσόντων
1724 3734 1918 3803 ἀθρόον

336 3815 438 3868 τοῦ
473 3818 746 3885 σώματος,
778 3819 914 3890 πρὸς
931 3821 992 3872 τὸ
1014 3821 1293 3891 Κυριακὸν
1321 3825 1613 3894 σωφρόνως
1630 3826 1918 3879 ἐπανιόντα

338 3907 687 3979 παρέδειξεν,
711 3910 804 3963 τὸν
832 3913 960 3981 πρὶν
993 3912 1332 3982 παραπλῆγα
1371 3917 1465 3966 καὶ
1493 3917 1627 3967 πᾶσι
1653 3916 1917 3985 δυσάντη-

337 4015 459 4051 τον.
503 3999 681 4068 Χρεία
714 4018 794 4062 τις
829 4003 1004 4054 ἐκάλει
1032 4006 1120 4055 τὸν
1145 4003 1291 4056 ὅσιον
1330 4003 1661 4073 πορευθῆναι
1690 4005 1824 4075 πρὸς
1859 4007 1919 4059 τὸ

344 4089 655 4159 πολίχνιον⁸
690 4091 781 4142 καὶ
802 4091 861 4162 δὴ
886 4095 1240 4164 πορευθέντος
1277 4095 1484 4165 χειμὼν
1509 4097 1792 4150 ἐπιπίπτει
1817 4115 1921 4152 παι-

340 4179 598 4250 ράδοξος,
638 4180 842 4250 κύμασί
872 4199 932 4235 τε
988 4183 1204 4246 πολλοῖς
1233 4185 1544 4252 ἐξογκώσας
1593 4186 1691 4256 τὴν
1721 4186 1920 4240 θάλατ-

337 4288 464 4338 ταν,
501 4275 598 4324 καὶ
627 4274 818 4344 ἄγριον
845 4275 1137 4346 ἀνεγείρας
1192 4277 1282 4329 τὸν
1316 4276 1582 4342 κλύδωνα,
1611 4280 1710 4350 τὴν
1750 4281 1917 4334 ἐπάν-

2011 1915 2261 1968 reddidit.
2312 1915 2356 1968 0
2393 1930 2503 1968 rem
2545 1915 2781 1967 miram!
2826 1915 2996 1982 gratia
3041 1915 3185 1968 enim
3217 1915 3401 1968 divina
3433 1917 3578 1970 illius

2007 2018 2221 2071 semper
2253 2003 2531 2058 laboribus
2560 2002 2949 2072 summissique
2980 2004 3146 2056 animi
3175 2003 3415 2058 mmibus
3439 2019 3579 2072 prae-

2009 2107 2158 2155 sens,
2198 2096 2624 2162 apostolicorum
2653 2109 2780 2148 eum
2811 2109 3096 2147 munerum
3127 2096 3300 2162 gratia
3333 2094 3578 2148 illustra-

2012 2184 2121 2246 bat,
2159 2199 2448 2250 rerumque
2486 2182 2887 2235 admirabilium
2919 2181 3228 2236 eﬂ‘ectorem
3259 2183 3576 2250 praestabat.

2013 2272 2272 2340 Equidem
2297 2276 2341 2326 si
2369 2273 2574 2336 omnia,
2605 2288 2727 2340 qua:
2753 2273 2936 2326 divina
2963 2273 3134 2340 gratia
3165 2273 3220 2325 in
3252 2272 3354 2325 hoc
3387 2282 3576 2329 sanctc

2011 2364 2129 2415 viro
2174 2363 2488 2415 inhabitans
2541 2362 2768 2431 elargita
2813 2369 2934 2421 est.
2989 2376 3217 2414 munera
3257 2376 3592 2418 enumerare-

2012 2454 2254 2517 voluero,
2279 2467 2330 2508 et
2351 2455 2610 2508 laudandi
2643 2455 2789 2522 leges
2821 2453 3148 2515 transiliam,
3170 2464 3222 2506 et
3251 2453 3428 2508 oratio
3455 2469 3579 2509 mea
3639 2506 3641 2509 .

2013 2547 2185 2602 instar
2213 2548 2413 2617 navigii
2459 2547 2513 2600 in
2549 2547 2752 2616 ingenti
2795 2547 2988 2615 pelago
3026 2547 3202 2615 magis
3230 2547 3578 2601 dissolvetur.

2013 2637 2168 2704 Quod
2199 2640 2244 2693 si
2275 2655 2446 2708 pauca
2475 2639 2748 2707 quaedam,
2789 2639 3038 2708 pluribus
3059 2640 3304 2703 ornissis,
3335 2654 3581 2694 comme-

2015 2733 2274 2796 morabo,
2311 2739 2364 2784 et
2409 2730 2586 2785 oratio
2622 2739 2879 2800 tanquam
2918 2732 3102 2785 littora
3146 2732 3330 2801 legens
3370 2735 3420 2786 in
3462 2741 3582 2790 tuto

2014 2824 2356 2886 versabitur,
2403 2832 2458 2878 et
2511 2840 2575 2878 ex
2623 2825 2692 2878 iis
2741 2841 2860 2895 quae
2907 2825 3053 2880 dicta
3107 2824 3330 2890 fuerint,
3374 2827 3583 2896 reliqua

2013 2914 2171 2968 facile
2193 2916 2577 2983 conjiciantur.

2085 3092 2222 3148 Cum
2253 3095 2377 3147 smvi
2401 3093 2663 3148 ila-monis
2694 3093 2896 3163 impetu
2921 3095 3143 3164 quidam
3176 3095 3288 3149 illic
3315 3095 3584 3150 sodalium

2019 3185 2438 3252 Opprimerctur,
2476 3191 2696 3251 repente
2724 3185 2920 3237 mentis
2952 3184 3056 3237 vim
3091 3184 3276 3238 amisit
3310 3202 3324 3237 :
3363 3199 3586 3240 carnes-

2019 3292 2124 3344 que
2166 3274 2412 3344 proprias
2443 3274 2590 3328 velut
2631 3275 2838 3329 alienas
2873 3277 3106 3340 lanians,
3147 3276 3356 3330 cunctis
3383 3277 3588 3331 adeun-

2022 3368 2167 3420 tibus
2207 3365 2463 3420 molestus
2495 3367 2812 3421 exsistebat.
2850 3365 3037 3436 Itaque
3083 3367 3318 3421 vinculis
3351 3376 3404 3420 et
3435 3383 3590 3421 com-

2021 3460 2249 3527 pedibus
2317 3458 2633 3524 revinctus,
2715 3460 2977 3513 custodiae
3050 3460 3284 3527 plurium
3355 3460 3589 3513 consilio

2019 3549 2278 3604 adhibitis
2329 3550 2655 3603 custodibus
2700 3549 2934 3603 traditus
2986 3547 3185 3602 fuerat.
3234 3547 3303 3602 At
3352 3565 3589 3618 vesperae

2019 3641 2184 3694 unius
2217 3640 2336 3693 fusa
2378 3639 2444 3692 ad
2477 3642 2640 3694 Deum
2677 3639 3029 3707 supplicatio,
3063 3653 3092 3691 a
3128 3646 3358 3691 vexante
3395 3639 3586 3706 spiritu

2020 3729 2331 3794 liberatum,
2363 3729 2594 3784 vinculis
2629 3744 2849 3797 repente
2879 3729 3298 3788 dissilientibus.
3332 3728 3396 3781 ad
3418 3730 3590 3782 eccle-

2019 3823 2155 3876 siam
2210 3837 2344 3876 sana
2393 3823 2708 3876 redeuntem
2759 3830 2937 3874 mente
2985 3821 3261 3885 ostendit,
3302 3837 3462 3886 eum,
3495 3821 3588 3891 qui

2019 3916 2171 3981 prius
2198 3923 2376 3967 mente
2406 3923 2618 3981 captus,
2651 3913 2831 3981 gravis
2861 3913 3115 3965 omnibus
3147 3921 3262 3964 erat
3291 3913 3356 3963 ad
3393 3926 3588 3963 occur-

2019 4019 2163 4057 sum.
2189 4003 2298 4057 Usu
2321 4005 2486 4066 venit,
2510 4013 2567 4055 ut
2593 4004 2671 4054 vir
2701 4011 2923 4055 sanctus
2947 4004 3012 4054 ad
3035 4003 3292 4069 oppidum
3314 4001 3587 4069 quoddam

2021 4094 2354 4148 maritimum
2393 4100 2765 4147 accerseretur
2793 4109 2806 4144 :
2836 4091 2932 4145 sed
2964 4092 3016 4144 in
3043 4090 3224 4145 medio
3252 4106 3415 4147 cursu
3453 4101 3589 4146 tem-

2021 4197 2172 4256 pesta
2196 4187 2386 4255 ingens
2419 4184 2611 4238 oborta
2634 4192 2741 4247 est,
2769 4199 2877 4252 qua
2906 4183 3126 4252 pelagus
3158 4183 3394 4258 immane
3425 4199 3591 4254 quan-

2022 4289 2137 4333 tum
2163 4277 2423 4332 intumuit
2443 4316 2458 4340 ,
2487 4290 2742 4346 saevoque
2769 4276 3005 4330 excitato
3035 4273 3196 4329 ﬂuctu
3227 4275 3591 4344 insuperabile

337 4365 460 4418 οδον
485 4366 858 4436 ἀπετείχιζεν.
876 4367 938 4420 '0
967 4367 1024 4420 δέ
1047 4370 1114 4438 τῇ
1155 4369 1372 4440 συνήθει
1401 4373 1801 4442 κρατυνάμενος
1831 4373 1909 4426 πί-

2023 4372 2123 4426 iter
2145 4369 2397 4426 redeunti
2421 4368 2619 4424 ell‘ecit.
2643 4367 2714 4422 At
2744 4367 2828 4421 vir
2847 4379 3069 4422 sanctus
3092 4367 3248 4420 solita
3271 4365 3374 4420 title
3398 4366 3588 4430 fretus,

340 4471 481 4518 στει,
518 4456 597 4527 τῷ
629 4459 730 4529 τὴν
780 4457 926 4511 ἰδίαν
982 4459 1354 4529 ἐκπληροῦντι
1397 4461 1676 4516 διακονίαν
1724 4465 1909 4535 φησίψ

2030 4461 2305 4533 proprium
2336 4461 2570 4530 explenti
2605 4459 2969 4514 ministerium
2999 4458 3075 4513 ait
3105 4473 3119 4509 :
3153 4457 3430 4512 Conserva
3454 4461 3590 4511 mari

342 4548 639 4617 ’Δγγειλον
663 4552 730 4620 τῇ
766 4551 1026 4622 συνδούλῃ
1059 4553 1290 4622 χαλάσαι
1311 4553 1404 4606 τὸν
1441 4552 1690 4608 κλύδωνα
1717 4556 1810 4609 καὶ
1856 4558 1909 4609 τέ

2024 4554 2314 4619 denuncia,
2355 4565 2413 4608 ut
2463 4553 2641 4608 frenet
2676 4560 3088 4620 tempestatem,
3123 4560 3177 4604 et
3211 4550 3408 4604 ﬂuctus
3438 4560 3590 4604 tran-

340 4641 488 4694 νῶτα
538 4643 674 4711 ⁴ἡμῖν
709 4642 1037 4710 ὑφαπλῶσαι
1069 4644 1324 4715 γαλήνια,
1359 4645 1444 4700 ἵνα
1475 4645 1574 4716 τὴν
1613 4647 1796 4701 οἶκαδε
1829 4663 1909 4701 πο-

2026 4647 2226 4718 quillos
2259 4646 2468 4711 reddat,
2495 4659 2606 4714 quo
2644 4644 2746 4698 iter
2783 4651 3031 4696 nostrum
3073 4641 3286 4710 placide
3321 4641 3592 4696 conﬁcere

343 4735 497 4804 ρείαν
529 4736 718 4804 ἡρέμα
741 4737 1084 4806 ποιήσωμαι.
1121 4738 1230 4792 Καὶ
1263 4737 1512 4808 θᾶττονῆ
1540 4739 1693 4808 λόγος
1717 4741 1909 4794 ἐπακο-

2025 4741 2324 4794 valeamus.
2379 4737 2556 4806 Atque
2604 4735 2679 4788 ita
2729 4731 3017 4788 confestim
3068 4731 3318 4786 etfectum
3373 4744 3478 4796 est,
3533 4745 3593 4788 ut

346 4824 525 4877 λουθεί
557 4826 616 4878 τὸ
643 4825 827 4896 ἔργον,
875 4828 967 4880 τὸν
1002 4829 1237 4899 Χριστὸν
1267 4830 1362 4883 καὶ
1396 4830 1528 4883 Θεὸν
1572 4831 1731 4902 ήμῶν
1762 4831 1836 4895 ὡς
1867 4835 1909 4887 ἐι

2023 4833 2280 4901 Christus
2316 4845 2380 4885 ae
2416 4830 2558 4884 Deus
2590 4835 2774 4882 noster
2807 4826 2912 4880 hac
2961 4826 3084 4879 item
3117 4826 3168 4877 in
3218 4840 3296 4888 re,
3326 4825 3592 4894 quemad-

360 4915 487 4965 πᾶσι
511 4917 611 4970 κάν
645 4917 824 4987 τούτῳ
848 4919 894 4951 ⁸⁸
921 4917 1186 4974 δεικνύων
1218 4919 1647 4991 ἐπαληθεύοντα,
1699 4925 1909 4994 μείζονα

2029 4925 2250 4980 modum
2281 4925 2332 4976 in
2371 4921 2594 4991 reliquis
2623 4917 2883 4974 omnibus
2907 4956 2922 4980 ,
2963 4932 3086 4972 vera
3125 4917 3332 4970 dixisse
3364 4919 3593 4970 demon-

359 5006 594 5074 πνιιήσειν
619 5011 750 5069 τοὺς
774 5008 1009 5072 οἰκείους
1045 5009 1380 5081 θεράποντας
1415 5012 1510 5066 τοῦ
1561 5013 1689 5067 ἰδίου
1719 5016 1909 5070 Δεσπό-

2027 5023 2312 5076 stram-tur,
2335 5028 2457 5067 cum
2489 5011 2696 5079 majora
2714 5024 2900 5064 servos
2922 5024 3073 5074 suos,
3105 5023 3267 5077 quam
3302 5009 3417 5076 ipse
3448 5009 3593 5062 iace-

351 5110 448 5146 του
470 5093 888 5168 διατεινόμενον.
922 5101 1061 5152 Ilia:
1091 5101 1146 5153 δὲ
1186 5103 1295 5165 τοῖς
1346 5102 1526 5167 ἀλλοις
1571 5104 1909 5177 λαμπόμενος

2026 5115 2129 5167 ret,
2163 5105 2434 5176 pollicitus
2453 5114 2536 5157 est
2564 5101 2873 5156 effecturos.
2896 5101 3162 5155 Caeterum
3192 5114 3314 5152 cum
3339 5098 3593 5152 omnibus
3635 5085 3646 5102 ’

344 5187 764 5258 κατορθώμασι,
791 5194 892 5260 τῆς
920 5191 1026 5244 τῶν
1062 5193 1312 5263 πενήτων
1345 5194 1664 5263 ἐπιμελείας
1699 5199 1909 5252 πλείονα

2030 5198 2323 5252 virtutibus
2352 5195 2659 5262 excelleret,
2684 5193 2940 5250 curandis
2966 5200 3150 5246 tamen
3173 5202 3225 5246 et
3247 5189 3592 5245 sublevandis

346 5281 604 5349 φροντίδα
635 5280 749 5333 τῶν
780 5281 954 5335 ἄλλων
986 5283 1192 5336 ἐτίθετο
1219 5299 1232 5312 '
1267 5285 1588 5358 φιλαδελφίᾳ
1609 5288 1663 5341 δὲ
1699 5289 1909 5363 πλείστῃ

2025 5288 2357 5358 pauperibus
2406 5286 2664 5356 majorem
2713 5285 3046 5354 diligentiam
3096 5282 3405 5335 adhibebat.
3455 5279 3592 5333 Cum

341 5369 455 5422 τῶν
479 5371 655 5425 ἄλλων
677 5373 1074 5444 κοσμούμενος,
1096 5374 1188 5426 τὸν
1216 5374 1274 5439 ἐξ
1289 5377 1457 5444 αὐτῆς
1486 5380 1755 5447 φυόμενυν
1775 5381 1909 5434 ἐλεοι

2027 5381 2170 5436 enim
2195 5395 2380 5433 amore
2410 5379 2649 5433 fraterno
2691 5378 2926 5431 maxime
2952 5381 3246 5433 teneretur,
3281 5371 3594 5424 misericor-

339 5461 716 5532 διαφερόντως
749 5467 1046 5535 ἠσπάζετο.
1085 5467 1192 5518 Καὶ
1221 5467 1284 5537 δὴ
1319 5471 1430 5530 τοῖς
1461 5471 1743 5539 προσιοῦσι
1766 5475 1909 5544 χεῖρε

2029 5473 2176 5527 diam
2207 5487 2372 5526 exeo
2401 5471 2835 5540 proﬁciscentem
2868 5468 2920 5523 in
2967 5467 3158 5537 primis
3192 5464 3595 5532 complecteba-

1635 5586 1718 5639 VA
1732 5588 1866 5641 [HAS
1909 5587 2199 5642 LECTION
2208 5589 2308 5643 ES.

402 5670 450 5703 ³³
483 5675 870 5794 ίξηννηκιξτάτῃ
1105 5676 1149 5708 ⁸⁸
1175 5677 1386 5732 ἐπανίει
1417 5679 1542 5736 Par.
1607 5683 1651 5715 ⁵⁵
1675 5683 1799 5756 τῆς]
1830 5687 1940 5749 τοῖς
1978 5683 2103 5739 Par.
2138 5684 2191 5738 h.
2226 5684 2262 5738 ι.
2295 5692 2348 5738 et
2385 5698 2528 5738 mox.
2604 5682 2649 5713 ⁵⁸
2684 5679 3012 5748 ἀνεποίησαν
3043 5670 3165 5726 Par.
3221 5669 3264 5702 ⁸⁷
3289 5668 3600 5741 ἐρειρισμέο

402 5759 442 5798 ις
526 5759 614 5798 ar.
773 5761 932 5797 τουτο
1003 5761 1082 5798 ar.

345 5758 442 5805 νος
483 5758 614 5801 rar.
689 5758 738 5775 "
773 5761 932 5797 τουτο
961 5758 1082 5801 t'ar.
