4006 6216
435 336 507 398 35
1333 327 1348 346 ’
1756 331 2013 395 ΤΗΕΟΡ

2122 327 2248 390 NlS
2291 323 2486 388 VITA.
3620 332 3693 396 35

433 459 542 502 tur.
582 442 660 500 Ac
686 458 820 499 sane
849 443 1150 500 salutarem
1177 445 1808 517 accedentibusﬁuanum
1839 445 2013 515 porri-

2116 439 2322 509 κιχρῶν
2359 439 2649 510 σωτήριον,
2695 437 2830 509 μησὶ
2869 438 3130 509 τέσσαρσι
3176 439 3266 494 τὸν
3309 445 3584 514 προσόντα
3621 453 3691 522 τῇ

433 552 589 607 gens,
641 548 836 605 quarto
883 551 1072 590 mense
1117 538 1261 608 quod
1309 537 1644 593 monasterio
1689 537 2011 607 suppetebat

432 629 793 691 frumentum,
826 629 1106 684 modicum
1139 629 1292 694 illud,
1334 638 1392 683 ut
1417 631 1506 684 vix
1542 629 1766 684 familiae
1817 629 2008 684 usibus

432 719 726 781 sufliceret,
762 718 913 787 large
941 717 1275 774 eﬂundebat.
1309 719 1560 790 Cumque
1608 719 1862 774 minister
1895 733 2010 773 rem

431 827 574 880 aegre
605 809 812 875 ferret,
852 821 1016 881 atque
1074 813 1204 866 illud
1255 828 1320 866 ne
1363 812 1582 867 familiae
1621 811 1840 884 quidem
1873 812 2009 868 satis

431 903 940 973 essejurejurando
975 902 1289 970 affirmaret,
1345 905 1462 958 miti
1501 920 1633 959 voce
1676 904 2006 959 frumentum

434 1009 730 1050 numerare
773 995 943 1064 jubet.
987 994 1140 1060 Quod
1191 994 1280 1048 ille
1335 1011 1460 1050 cum
1504 997 1758 1062 fecisset,
1801 997 2010 1051 nullum

429 1101 633 1143 acervo
678 1087 919 1140 modium
963 1086 1154 1140 deesse
1207 1088 1490 1156 comperit.
1543 1086 1745 1143 Verum
1796 1088 2012 1144 facilius

387 1206 393 1251 ;
434 1179 530 1243 sit,
560 1179 733 1233 undas
756 1177 922 1231 maris
949 1192 1300 1243 enumerare,
1326 1187 1420 1233 aut
1446 1195 1577 1235 cara
1602 1196 1766 1234 manu
1796 1182 2012 1251 pelagus

433 1269 693 1331 dimetiri,
713 1282 876 1335 quam
896 1281 984 1322 res
999 1267 1178 1322 abillo
1197 1279 1378 1338 gestas
1395 1271 1746 1327 admirabiles
1765 1249 2013 1326 oratione

376 1359 391 1416 1
433 1358 738 1428 complecti.
766 1357 1134 1420 Quamobrem
1165 1361 1290 1416 aliis
1318 1363 1424 1417 alia
1457 1363 1828 1433 relinquentes
1857 1379 2011 1418 com-

434 1453 788 1507 memoranda
811 1490 827 1515 ,
865 1468 986 1522 qua:
1017 1455 1096 1508 rei
1150 1454 1415 1511 institutae
1463 1456 1639 1528 magis
1676 1461 2013 1512 conveniunt

431 1561 496 1600 ac
531 1544 804 1614 praecipua
837 1554 986 1607 sunt,
1011 1560 1436 1615 prosequemur.

501 1634 762 1690 Ecclesiae
798 1648 929 1703 ager
963 1633 1125 1688 bonis
1155 1634 1413 1690 omnibus
1434 1634 1768 1689 abundabat.
1790 1635 1925 1690 Nam
1957 1645 2013 1690 et

434 1728 597 1782 rectis
628 1725 894 1781 institutis
925 1740 1170 1794 sanaque
1199 1725 1444 1781 doctrina
1471 1725 1772 1782 instructus
1793 1737 1933 1793 erat,
1961 1735 2014 1782 et

2118 533 2252 601 μονῇ
2303 532 2472 592 σῖτον,
2513 529 2651 600 μηδὲ
2700 532 2812 592 τοῖς
2863 527 3003 582 οἴκοι
3055 530 3355 601 δυνάμενον
3407 534 3689 605 ἐπαρκεῖν,

2113 620 2346 688 ἀφειδῶς
2402 621 2422 654 ³
2447 618 2714 690 ἐξεφόρει.
2752 619 2858 671 Τοῦ
2886 617 2943 671 δὲ
2981 619 3081 689 τὴν
3111 619 3387 674 διακονίαν
3415 622 3693 692 διέποντος

2113 713 2210 767 ἐπὶ
2229 711 2404 783 τούτῳ
2425 711 2892 781 δυσχεραίνοντος,
2928 711 3024 768 καὶ
3058 711 3192 782 μηδὲ
3222 717 3332 776 τοῖς
3366 715 3505 769 οἴκοι
3535 717 3696 772 δυνά-

2117 821 2276 874 μενον
2299 805 2548 874 διαρκεῖν
2573 802 2761 856 τοῦτον
2781 803 3188 872 ἐπομνυμένου,
3223 806 3429 877 πραεία
3463 808 3508 839 ⁸⁸
3535 812 3693 880 φωνῇ

2111 895 2204 948 τὸν
2242 897 2387 948 σῖτον
2412 893 2718 966 ἀριθμῆσαι
2745 894 3145 949 διακελεύεται.
3196 896 3255 948 '0
3289 897 3346 952 δὲ
3391 899 3551 954 τοῦτο
3572 901 3694 954 δια-

2114 986 2486 1058 πραξάμενος,
2521 980 2681 1056 εὒρεν
2723 985 2799 1048 ὡς
2833 986 2939 1056 πρὸ
2983 987 3081 1056 τῆς
3115 985 3430 1052 διαδόσεως,
3468 991 3696 1060 μηδενὸς

2116 1078 2374 1148 μεδίμνου
2429 1077 2493 1132 τὸ
2522 1077 2744 1131 σύνολον
2777 1078 3178 1148 έπιλείψαντος.
3220 1078 3382 1132 Ἀλλὰ
3421 1082 3529 1152 γὰρ
3565 1086 3698 1155 ῥᾷον

2113 1165 2336 1236 κύματα
2389 1167 2664 1236 Θαλάττης
2719 1167 3059 1238 ἐξαριθμεῖν,
3103 1168 3135 1239 ἢ
3193 1168 3394 1241 κοτύλῃ
3460 1171 3699 1241 πέλαγος

2111 1262 2423 1332 ὲκμετρεῖν,
2458 1261 2491 1332 ἢ
2525 1261 2623 1326 τὰς
2652 1261 2861 1314 ἐκείνου
2893 1262 3003 1314 τῶν
3025 1261 3317 1330 θαυμάτων
3341 1264 3570 1333 νιφάδας
3603 1266 3696 1332 ἐγ-

2118 1356 2347 1426 κωμίων
2399 1354 2578 1423 λόγοις
2635 1355 2978 1426 περιλαϐεῖν.
3041 1357 3241 1426 Διόπερ
3291 1355 3474 1420 ἄλλοις
3527 1357 3695 1421 ἄλλας

2113 1447 2408 1518 ἑκφράζειν
2433 1449 2615 1518 ἀφεὶς,
2643 1450 2737 1503 ἐπὶ
2761 1449 2831 1503 τὰ
2865 1449 3172 1522 κυριώτερα
3212 1452 3307 1504 τοῦ
3332 1451 3493 1519 λόγου
3559 1469 3694 1522 μετ-

2114 1537 2426 1609 ελεύσομαι.

2185 1632 2328 1685 Πᾶσι
2374 1631 2475 1701 μὲν
2505 1631 2597 1684 οὖν
2619 1630 2679 1684 τὸ
2707 1632 2808 1699 τῆς
2849 1631 3180 1704 Ἐκκλησίας
3227 1633 3378 1704 λήϊον
3408 1635 3562 1706 ἧνθει
3593 1653 3697 1689 κα-

2114 1725 2249 1787 λοῖς.
2286 1724 2519 1793 δόγμασι
2553 1724 2653 1792 μὲν
2686 1723 3002 1793 όρθοδόξοις,
3035 1725 3110 1788 ὡς
3143 1725 3380 1796 μάλιστα
3427 1729 3698 1796 καταρδό-

433 1817 593 1873 factis
618 1818 1046 1886 congruentibus
1071 1816 1346 1872 aflluebat.
1375 1819 1454 1873 Ac
1475 1819 1694 1888 quidem
1716 1820 2012 1890 religiosis-

2119 1833 2303 1887 μενον,
2341 1816 2630 1883 άναλόγοις
2675 1816 2732 1868 δὲ
2776 1816 2990 1880 τούτοις
3038 1819 3394 1888 πιαινόμενον
3439 1819 3696 1890 πράξεσι.

433 1912 559 1966 simi
592 1911 954 1980 imperatores
1003 1911 1220 1981 pietatis
1279 1911 1462 1966 studio
1498 1912 1679 1981 potius
1707 1927 1872 1982 quam
1906 1912 2010 1966 im-

435 2003 570 2074 perii
643 2002 1006 2071 amplitudine
1072 2003 1470 2073 gloriabantur.
1545 2004 1714 2058 Porro
1785 2019 2014 2074 magnus

437 2094 679 2164 pontifex
711 2093 999 2148 sublimem
1039 2095 1356 2149 cathedram
1404 2105 1761 2161 consecutus,
1796 2097 2014 2151 virtutis

436 2185 641 2240 lumina
669 2198 764 2253 per
803 2182 1116 2238 universum
1145 2183 1333 2238 orbem
1369 2194 1637 2239 terrarum
1660 2186 2010 2239 accendebat.

442 2276 549 2343 Qui
601 2283 786 2329 autem
841 2274 944 2328 sub
991 2289 1058 2328 eo
1109 2283 1266 2328 erant
1292 2275 1584 2339 antistites,
1640 2289 1770 2328 suos
1809 2275 2014 2344 quique

436 2382 628 2439 greges
681 2368 801 2422 sine
836 2356 1265 2436 reprehensione
1311 2374 1460 2420 tutos
1503 2366 1556 2420 in
1593 2377 1784 2436 portus
1816 2366 2015 2435 perdu-

439 2460 658 2514 cebant.
707 2457 1170 2513 Monasteriorum
1212 2457 1448 2528 denique
1497 2458 1774 2527 praesides,
1813 2457 2013 2527 quibus

439 2561 700 2620 tanquam
733 2551 814 2604 sol
847 2549 1211 2604 nitidissimus
1253 2549 1608 2605 admirandus
1644 2551 1730 2606 hic
1762 2551 1845 2605 vir
1875 2566 2013 2621 pra:-

437 2643 674 2708 lucebat,
715 2644 856 2696 viam
898 2642 950 2696 in
1004 2644 1202 2698 coelum
1231 2641 1519 2697 ducentem
1564 2643 1821 2698 docentes
1852 2642 2013 2698 disci-

439 2733 622 2801 pulos,
666 2733 870 2785 nudum
904 2731 1103 2802 Opibus
1131 2746 1281 2797 eum,
1323 2732 1411 2802 qui
1459 2733 1600 2787 male
1644 2735 1794 2802 prius
1838 2733 2015 2788 domi-

438 2831 602 2878 natus
667 2832 832 2887 esset,
898 2823 1152 2892 religiosa
1215 2823 1560 2879 abdicatione
1615 2824 2011 2880 monstrabant.

439 2913 546 2969 Sed
601 2914 818 2969 invidus
877 2929 1103 2985 serpens
1137 2912 1439 2969 Ecclesiam
1486 2925 1594 2969 tam
1631 2915 1820 2970 multis
1855 2913 2013 2971 bonis

440 3005 723 3061 ﬂorentem
770 3006 953 3060 videre
985 3020 1091 3060 non
1138 3016 1367 3076 poterat,
1407 3022 1582 3075 exque
1618 3007 1792 3077 plebis
1824 3022 2015 3076 pecca-

441 3098 512 3154 tis
550 3099 897 3154 occasionem
931 3097 1222 3166 arripiens,
1262 3097 1331 3150 ita
1365 3098 1708 3166 permittente
1746 3096 1879 3162 Deo,
1915 3095 2016 3151 Ec-

2116 1910 2229 1962 Καὶ
2254 1908 2495 1978 βασιλεῖς
2520 1909 2618 1979 μὲν
2647 1908 2917 1976 Θεοφιλεῖς
2938 1909 3151 1974 τούτοις
3179 1911 3244 1974 ⁸⁸,
3271 1911 3304 1980 ἢ
3332 1909 3410 1980 τῷ
3439 1912 3699 1979 προσόντι

2113 2001 2214 2070 τῆς
2243 2000 2527 2069 βασιλείας
2561 1999 2712 2071 δγκῳ
2745 2001 3250 2071 μεγαλαυχούμενοι
3296 2001 3697 2057 διεδείκνυντο·

2114 2091 2409 2161 ἀρχιερεὺς
2454 2090 2511 2142 δὲ
2541 2091 2570 2142 ό
2599 2090 2774 2159 μέγας
2811 2090 2856 2120 ⁸³
2896 2093 2996 2160 τῆς
3030 2089 3244 2159 ὑψηλῆς
3297 2091 3701 2160 ἐπειλημμένος

2115 2181 2405 2250 καθέδρας,
2435 2180 2534 2242 τὰς
2582 2181 2683 2247 τῆς
2710 2180 2914 2249 ἀρετῆς
2949 2180 3306 2250 λαμπηδόνας
3343 2185 3446 2250 γῆν
3471 2183 3565 2236 ἐπὶ
3598 2186 3703 2236 πᾶ-

2115 2286 2235 2329 σαν,
2258 2271 2394 2340 ὅσην
2419 2269 2572 2338 ἥλιος
2603 2271 2798 2340 ἐφορᾷ,
2827 2269 3187 2339 διεπύρσευεν
3213 2271 3289 2302 ⁸³⁸
3325 2273 3373 2325 oi
3407 2272 3452 2324 δ’
3483 2273 3573 2325 ὑπ’
3594 2274 3698 2326 αὐ-

2113 2360 2206 2412 τὸν
2234 2359 2521 2423 τελοῦντες
2551 2360 2834 2430 ἀρχιερεῖς
2869 2361 3178 2430 ἀμέμπτως
3209 2360 3311 2429 τὴν
3331 2361 3542 2414 οἰκείαν
3564 2364 3698 2416 ἕκα-

2114 2468 2238 2516 στος
2298 2453 2538 2522 ποίμνην
2593 2451 2758 2505 οἱονεί
2792 2468 2914 2505 τινα
2965 2451 3167 2505 ὁλκάδα
3213 2452 3350 2524 πρὸς
3402 2453 3696 2524 γαληνίους

2112 2543 2340 2614 λιμένας
2363 2541 2748 2614 ὲπηδαλιούχει
2769 2558 2784 2572 ·
2819 2545 2868 2596 oi
2919 2542 2976 2596 δὲ
3007 2543 3117 2596 τῶν
3161 2545 3427 2613 σεμνείων
3455 2545 3697 2614 προστά-

2111 2652 2226 2698 ται,
2259 2632 2334 2689 ὦν
2358 2635 2753 2706 πρωτοστάτης
2775 2635 2990 2707 ὑπῆρχε
3013 2635 3106 2688 καὶ
3128 2635 3519 2706 καθαρώτατος
3545 2637 3699 2706 ἥλιος

2113 2729 2143 2780 ό
2192 2727 2521 2799 θαυμάσιος,
2567 2726 2666 2797 τὴν
2709 2727 2768 2790 ἐς
2815 2726 3046 2797 οὐρανὸν
3092 2726 3366 2799 φέρουσαν
3417 2730 3547 2791 τοὺς
3601 2727 3696 2780 ὑπ’

2113 2821 2300 2884 αὐτοῖς
2357 2819 2770 2881 ἐκδιδάσκοντες
2831 2817 3020 2888 τρίϐον
3043 2859 3059 2882 ,
3126 2818 3335 2888 γυμνὸν
3403 2819 3700 2889 κτημάτων

2115 2914 2390 2967 ἐδείκνυον
2415 2911 2508 2965 τὸν
2537 2910 2806 2981 πρότερον
2839 2911 3025 2972 κακῶς
3053 2909 3512 2964 δυναστεύσαντα.
3559 2910 3698 2964 Ἀλλ’

2115 3005 2214 3058 οὐκ
2240 3006 2468 3075 ἠνεγκεν
2497 3005 2630 3076 όρᾷν
2661 3003 2783 3072 δφις
2809 3004 2836 3055 ό
2858 3001 3128 3072 βάσκανος
3169 3002 3507 3073 τηλικούτοις
3533 3005 3700 3056 ἐπαν-

2118 3098 2230 3150 θεῖν
2276 3097 2375 3167 τὴν
2435 3094 2762 3165 Ἐκκλησίαν
2805 3093 3014 3157 καλοῖς,
3080 3095 3182 3163 τὴν
3239 3094 3295 3147 δὲ
3323 3095 3434 3147 τῶν
3489 3095 3701 3149 πολλῶν

437 3190 622 3244 elesia:
691 3188 1153 3257 pulchritmlinem
1213 3199 1528 3258 pervertere
1589 3203 1878 3258 aggressus
1906 3197 2012 3243 est.

2119 3164 2398 3260 ἁμαρτίαν
2442 3164 2702 3259 συνεργὸν
2737 3185 3225 3258 προσκτησάμενος
3258 3187 3324 3245 ⁸⁸,
3360 3189 3702 3256 συγχωρήσει

441 3275 644 3332 Verum
694 3292 820 3330 cum
871 3279 1101 3346 propria
1140 3279 1513 3346 perversitatis
1547 3279 1856 3331 ministrum
1896 3277 2013 3332 ido-

441 3383 605 3422 neum
651 3378 942 3436 quaereret,
977 3371 1238 3439 aptiorem
1277 3370 1505 3433 invenit,
1539 3385 1703 3438 quam
1745 3370 1967 3439 optabat
1997 3386 2012 3422 :

442 3457 703 3522 Leonem,
755 3458 1000 3528 inquam,
1051 3460 1502 3516 scelestissimum
1565 3462 1863 3527 hominem,
1919 3461 2014 3531 qui

444 3552 515 3604 ab
573 3548 852 3604 Armeniis
889 3559 944 3603 et
986 3551 1227 3622 Assyriis
1280 3567 1452 3622 genus
1505 3552 1731 3619 ducens,
1788 3553 2016 3608 alterius

451 3640 632 3710 gentis
694 3639 851 3694 dolos
897 3655 962 3694 ac
1012 3641 1415 3705 morositatem,
1468 3642 1696 3697 alterius
1747 3643 2015 3697 feritatem

447 3731 693 3785 numeris
726 3732 986 3786 omnibus
1021 3733 1270 3788 absoluta
1300 3734 1606 3788 imitatione
1625 3743 1971 3804 expresserat
1999 3752 2013 3788 :

445 3823 559 3876 imo
607 3837 738 3876 vero
787 3822 950 3892 longo
999 3839 1094 3879 eos
1143 3825 1435 3878 intervallo
1477 3840 1765 3895 superans,
1805 3824 2020 3880 feritate

443 3913 626 3980 dolos,
691 3913 832 3969 dolis
882 3915 1154 3970 feritatem
1206 3917 1460 3971 vincebat
1495 3917 1602 3971 :ad
1647 3917 2018 3972 mentiendum

445 4017 750 4076 promptus,
803 4015 857 4060 et
903 4008 972 4061 ad
1018 4010 1457 4076 persuadendum
1499 4025 1584 4075 ea,
1625 4025 1751 4074 quae
1795 4009 2023 4064 mentie-

446 4097 627 4161 batur,
675 4097 1014 4165 aptissimus.
1058 4098 1273 4152 Fraude
1306 4099 1426 4154 loco
1477 4100 1695 4154 virtutis
1746 4100 2016 4161 utebatur,

444 4204 679 4257 eamque
720 4189 986 4243 adversus
1026 4189 1509 4257 conjunctissimos
1557 4190 1865 4242 exercebat.
1918 4187 2018 4241 Hic

447 4281 501 4334 in
559 4281 844 4344 blandum,
905 4295 970 4332 ac
1013 4279 1106 4346 qui
1141 4278 1371 4332 multum
1410 4279 1463 4332 ci
1494 4279 1720 4332 honoris
1753 4279 2019 4331 habuerat

447 4372 826 4440 imperatorem
895 4383 1257 4437 consurgens,
1330 4369 1742 4422 ornatissimum
1801 4384 1866 4423 ac
1925 4368 2016 4437 qui

445 4478 724 4531 nunquam
780 4462 993 4515 occidat
1048 4459 1302 4515 Ecclesia:
1355 4461 1526 4514 solem
1567 4461 1740 4530 ejicit,
1790 4477 1855 4516 ac
1888 4477 2014 4515 cum

449 4555 539 4607 illo
563 4568 758 4607 omnes
789 4551 904 4607 fere
938 4552 1194 4606 exturbat
1216 4552 1509 4607 antistites.
1546 4550 1696 4608 Hauc
1730 4553 1915 4623 itaque
1947 4555 2016 4608 ab

445 4647 710 4716 apostolis
762 4661 857 4716 per
901 4661 1098 4701 manus
1133 4647 1388 4701 traditam
1431 4645 1830 4700 institutionem
1863 4662 2018 4716 sper-

444 4749 604 4797 nens,
650 4735 848 4790 divinze
901 4737 1086 4791 carnis
1131 4737 1332 4792 Christi
1366 4737 1657 4805 imaginem
1693 4738 1964 4792 exscindit
1999 4755 2014 4804 ;

445 4825 702 4893 idemque
743 4828 794 4879 in
841 4827 1030 4883 Matris
1088 4829 1207 4898 eius
1238 4844 1303 4883 ac
1331 4838 1646 4883 sanctorum
1679 4828 2017 4884 venerandas

449 4916 719 4985 imagines
768 4920 1064 4974 committit
1094 4937 1109 4986 ;
1152 4937 1216 4976 ac
1265 4920 1520 4977 Ecclesiae
1551 4923 1826 4990 graviores
1858 4921 2015 4990 longe

445 5008 784 5080 Egyptiacis
809 5012 1277 5084 densissimasquc
1319 5015 1572 5069 tenebras
1594 5015 1844 5069 oﬂ‘undit.
1879 5013 2018 5068 Hinc

448 5107 804 5170 tyrannorum
835 5117 974 5170 quos
1006 5101 1128 5155 tulit
1161 5103 1438 5171 gentilitas
1471 5105 1740 5158 violentias
1779 5105 2012 5174 patrium

444 5198 622 5245 astum
653 5190 986 5256 admiscens,
1011 5207 1076 5247 ac
1098 5201 1334 5248 veterem
1361 5196 1511 5250 illum
1536 5193 1833 5266 Rapsacem
1863 5195 1890 5234 δ
1924 5211 2017 5250 su-

521 5341 546 5382 b
573 5341 677 5399 lsa.
713 5359 904 5410 xxxvr,
940 5341 998 5396 ‘2.

2115 3281 2237 3352 θεία
2265 3280 2331 3334 τδ
2369 3280 2577 3349 ταύτης
2609 3279 2804 3342 κάλλος
2845 3277 3288 3348 ὲπιλυμήνασθαι
3331 3279 3698 3332 διανίσταται.

2120 3371 2325 3441 Ἀνδρα
2353 3369 2486 3439 γοῦν
2512 3369 2787 3440 ἐπιζητῶν
2823 3369 2922 3439 τῆς
2955 3367 3090 3432 ιδίας
3131 3368 3450 3439 σκαιότητος
3483 3370 3702 3436 ἁπάσης

2116 3461 2445 3534 χωρητικὸν,
2477 3461 2793 3532 ὲφευρίσκει
2820 3460 2985 3513 πλέον
3015 3461 3048 3530 ἢ
3077 3459 3358 3513 ἐϐούλετο·
3383 3460 3586 3513 Λέοντα
3608 3460 3702 3514 τὸν

2118 3553 2424 3621 ἐξάγιστον,
2468 3551 2526 3617 δς
2572 3552 2882 3624 Ἀρμενίοις
2909 3568 2969 3604 τε
3011 3552 3106 3605 καὶ
3154 3552 3459 3621 Ἀσσυρίοις
3497 3555 3704 3606 ἐπανα-

2117 3645 2300 3715 φέρων
2337 3645 2399 3698 τὸ
2428 3646 2605 3714 γένος,
2654 3645 2764 3697 τῶν
2799 3644 2898 3715 μὲν
2943 3644 3196 3697 ἐπλούτει
3241 3645 3300 3696 τὸ
3337 3642 3566 3696 ὓπουλον
3609 3645 3704 3697 καὶ

2117 3737 2413 3808 κακόηθες,
2447 3737 2556 3789 τῶν
2587 3736 2646 3792 δὲ
2677 3737 2738 3790 τὸ
2766 3735 3032 3807 θηριῶδες
3064 3737 3144 3800 είς
3174 3735 3320 3790 ἆπαν
3351 3735 3700 3808 ἐκμιμούμε-

2117 3843 2233 3892 νος,
2275 3828 2475 3899 μάλλον
2509 3828 2608 3900 μὲν
2637 3827 2733 3881 οῦν
2769 3826 2965 3898 μακρῷ
2990 3827 3069 3896 τῷ
3105 3828 3253 3895 μέσῳ
3284 3824 3511 3889 τούτους
3537 3826 3703 3894 ύπερο

2119 3917 2481 3990 σαλλόμενος,
2542 3917 2808 3990 θηριωδίᾳ
2839 3917 2886 3949 ⁸⁸
2922 3917 3020 3988 μὲν
3067 3916 3284 3981 ἐξενίκα
3341 3916 3403 3968 τὸ
3446 3915 3700 3979 ὕπουλον,

2121 4010 2447 4080 ύπουλότητι
2471 4010 2527 4063 δὲ
2558 4011 2622 4062 τὸ
2643 4010 2911 4080 θηριῶδες
2948 4010 3288 4081 παρέτρεχεν
3311 4024 3323 4037 '
3357 4007 3575 4077 ἕτοιμος
3601 4007 3701 4076 μὲν

2116 4099 2446 4168 ψεύσασθαι,
2469 4100 2642 4161 δεινὸς
2671 4101 2716 4150 δ’
2735 4099 3008 4151 ἐπιθεῖναι
3027 4101 3072 4131 ⁶⁶
3092 4100 3277 4151 πίστιν
3303 4101 3414 4156 τοῖς
3435 4097 3704 4165 ἐψευσμέ-

2117 4207 2250 4252 νοις,
2280 4189 2480 4260 ἀρετὴν
2506 4188 2814 4259 ἡγούμενος
2842 4188 2942 4256 τὴν
2961 4190 3200 4258 ἀπάτην,
3235 4188 3330 4239 καὶ
3358 4187 3530 4258 ταύτῃ
3559 4187 3702 4237 κατά

2116 4278 2229 4332 τῶν
2286 4279 2637 4332 οίκειοτάτων
2678 4277 2992 4348 χρώμενος·
3045 4277 3104 4340 ὃς
3151 4276 3254 4345 τῆς
3309 4274 3576 4344 μειλιχίου
3607 4275 3702 4326 καὶ

2117 4369 2289 4422 πολλὰ
2337 4369 2652 4443 τιμησάσης
2699 4367 3112 4434 κατεξαναστὰς
3162 4367 3458 4438 βασιλείας,
3509 4366 3702 4432 ἐξωθεῖ

2051 4499 2092 4554 D
2124 4463 2222 4535 μὲν
2239 4463 2336 4534 τῆς
2372 4462 2702 4532 Ἐκκλησίας
2722 4461 2814 4514 τὸν
2833 4460 3179 4531 παγκόσμιον
3204 4461 3297 4513 καὶ
3315 4459 3508 4514 ἄδυτον
3527 4459 3702 4529 ἥλιον,

2123 4555 2415 4620 συνεξωθεῖ
2441 4555 2498 4608 δὲ
2527 4555 2703 4626 τούτῳ
2732 4553 2842 4608 τῶν
2871 4555 3176 4625 ἀρχιερέων
3207 4551 3407 4624 μικροῦ
3437 4552 3547 4606 δεῖν
3577 4551 3704 4616 τοὺς

2122 4648 2400 4710 ἅπαντας·
2450 4646 2543 4699 καὶ
2583 4647 2683 4718 τὴν
2711 4645 2975 4698 ἀνέκαθεν
3023 4644 3083 4711 ἐξ
3133 4645 3450 4699 ἀποστόλων
3499 4643 3704 4712 ταύτην

2120 4739 2425 4809 παράδοσιν
2474 4739 2608 4809 παρ’
2648 4738 2799 4792 οὐδὲν
2847 4740 3216 4808 ἡγησάμενος,
3275 4738 3552 4809 ὲξορύττει
3604 4737 3706 4807 μὲν

2118 4833 2360 4904 Χριστοῦ
2392 4833 2492 4904 τῆς
2536 4831 2687 4895 θείας
2722 4832 2925 4902 σαρκὸς
2958 4831 3018 4886 τδ
3061 4833 3346 4902 ὁμοίωμα·
3385 4829 3706 4899 συνεξορύτ-

2121 4943 2204 4979 τει
2237 4927 2294 4980 δὲ
2321 4927 2420 4997 τῆς
2450 4926 2643 4979 τούτου
2683 4926 2905 4996 Μητρὸς
2936 4927 3029 4979 καὶ
3072 4928 3292 4980 πάντων
3319 4925 3430 4978 τῶν
3456 4925 3500 4956 ⁸⁷
3533 4923 3706 4992 ἁγίων

2122 5018 2192 5070 τά
2223 5017 2398 5070 σεπτὰ
2425 5017 2804 5088 είκονίσματα,
2830 5019 2924 5070 καὶ
2951 5019 3048 5086 τὴν
3086 5017 3415 5086 Ἐκκλησίαν
3455 5017 3705 5087 ψηλαφη-

2121 5109 2216 5162 τοῦ
2241 5111 2468 5174 σκότους
2499 5110 2874 5181 ἐμπίμπλησι,
2908 5110 3089 5181 πολλῷ
3112 5110 3207 5164 τοῦ
3233 5110 3363 5181 παρ’
3391 5109 3705 5178 Αἰγυπτίοις

2122 5199 2526 5272 χαλεπωτέρου.
2582 5201 2861 5255 Ἐντεῦθεν
2892 5205 2958 5273 τῇ
2993 5201 3280 5274 Ἑλληνικῇ
3316 5203 3405 5272 βία
3448 5200 3544 5260 τὴν
3577 5215 3706 5270 πρρ·

1712 5479 1946 5537 VARIE
2005 5481 2414 5541 LECTIONES.

543 5619 587 5650 "
621 5621 854 5688 ἀφοιδῶς
911 5621 1033 5676 Par.

448 5687 638 5762 eubus.
676 5687 823 5762 ’lfnr.
871 5709 977 5762 mg.

449 5759 685 5813 burium.
724 5761 842 5813 I‘ar.
887 5759 994 5831 mg.

1133 5621 1443 5695 ’θ-πρατείᾳ
1467 5622 1592 5680 Par.

1081 5694 1126 5725 ⁸³
1165 5693 1222 5746 S.
1256 5692 1601 5761 Nicephorus
1655 5692 1958 5763 patriai-clm
2005 5715 2022 5751 :

1079 5763 1122 5796 “
1145 5768 1664 5835 προστητησάμενος
1703 5770 1825 5823 I’ul'.

1671 5627 1714 5659 “
1754 5643 1797 5704 p_
1826 5638 1873 5681 st
1904 5629 2120 5704 somn;
2158 5630 2632 5704 fortasseexcidit
2667 5634 2890 5704 μᾶλλον.

2994 5634 3038 5665 ⁸⁸
3058 5631 3262 5704 Nempe
3291 5631 3520 5688 Michael
3558 5633 3705 5704 Rana

2074 5719 2173 5753 nan
2213 5701 2311 5754 Leo
2362 5700 2454 5755 fl!
2493 5701 2639 5759 fiant.
2669 5700 2907 5771 'pontir.,
2976 5716 3028 5757 ιιι
3064 5700 3235 5772 inepte
3293 5713 3530 5772 notatum
3564 5703 3706 5770 aput

1903 5772 1945 5800 ⁸⁵
1979 5771 2240 5840 θηριωδία
2280 5773 2403 5828 i’nr.

2482 5775 2528 5803 “
2549 5769 2802 5844 ἐπιϐῆναι
2826 5774 2948 5828 Par.
3042 5774 3084 5805 "
3117 5769 3224 5826 τῶν
3255 5788 3365 5828 Otii.
3400 5769 3524 5827 Par.
