  <div class='ocr_page' id='page_1' title='image "/cluster/home/n/w/nwhite01/storage/ocr_20150623/108/hvd.32044073502320/024.png"; bbox 0 0 4080 6212; ppageno 0'>
   <div class='ocr_carea' id='block_1_1' title="bbox 297 325 369 388">
    <p class='ocr_par' dir='ltr' id='par_1_1' title="bbox 297 325 369 388">
     <span class='ocr_line' id='line_1_1' title="bbox 297 325 369 388; baseline -0.028 0"><span class='ocrx_word' id='word_1_1' title='bbox 297 325 369 388; x_wconf 78' lang='lat'><strong>37</strong></span> 
     </span>
    </p>
   </div>
   <div class='ocr_carea' id='block_1_2' title="bbox 1639 301 2351 367">
    <p class='ocr_par' dir='ltr' id='par_1_2' title="bbox 1639 301 2351 367">
     <span class='ocr_line' id='line_1_2' title="bbox 1639 301 2351 367; baseline -0.004 0"><span class='ocrx_word' id='word_1_2' title='bbox 1639 301 2130 367; x_wconf 77' lang='lat' dir='ltr'><strong>TllEOPHANlS</strong></span> <span class='ocrx_word' id='word_1_3' title='bbox 2161 303 2351 365; x_wconf 77' lang='lat' dir='ltr'><strong>VITA.</strong></span> 
     </span>
    </p>
   </div>
   <div class='ocr_carea' id='block_1_3' title="bbox 3505 285 3596 372">
    <p class='ocr_par' dir='ltr' id='par_1_3' title="bbox 3505 285 3596 372">
     <span class='ocr_line' id='line_1_3' title="bbox 3505 285 3596 372; baseline 0.022 -2"><span class='ocrx_word' id='word_1_4' title='bbox 3505 285 3596 372; x_wconf 67' lang='grc' dir='ltr'>δε</span> 
     </span>
    </p>
   </div>
   <div class='ocr_carea' id='block_1_4' title="bbox 300 410 1900 510">
    <p class='ocr_par' dir='ltr' id='par_1_4' title="bbox 300 418 1900 510">
     <span class='ocr_line' id='line_1_4' title="bbox 300 418 1900 510; baseline -0.014 -19"><span class='ocrx_word' id='word_1_5' title='bbox 300 435 530 510; x_wconf 55' lang='lat' dir='ltr'><strong>Taetth</strong></span> <span class='ocrx_word' id='word_1_6' title='bbox 557 429 842 502; x_wconf 74' lang='grc' dir='ltr'>ἀναμίξας</span> <span class='ocrx_word' id='word_1_7' title='bbox 865 426 1152 490; x_wconf 85' lang='grc' dir='ltr'>ἀπόνοιαν,</span> <span class='ocrx_word' id='word_1_8' title='bbox 1182 423 1364 477; x_wconf 65' lang='grc' dir='ltr'>ἐλάλει</span> <span class='ocrx_word' id='word_1_9' title='bbox 1393 421 1492 492; x_wconf 78' lang='grc' dir='ltr'>μὲν</span> <span class='ocrx_word' id='word_1_10' title='bbox 1520 420 1602 484; x_wconf 79' lang='grc' dir='ltr'><strong>εἰς</strong></span> <span class='ocrx_word' id='word_1_11' title='bbox 1631 419 1762 490; x_wconf 74' lang='grc' dir='ltr'>ὕψος</span> <span class='ocrx_word' id='word_1_12' title='bbox 1785 418 1900 472; x_wconf 83' lang='grc' dir='ltr'>ἀνο-</span> 
     </span>
    </p>
   </div>
   <div class='ocr_carea' id='block_1_5' title="bbox 2002 410 3583 510">
    <p class='ocr_par' dir='ltr' id='par_1_5' title="bbox 2010 410 3583 486">
     <span class='ocr_line' id='line_1_5' title="bbox 2010 410 3583 486; baseline 0.004 -19"><span class='ocrx_word' id='word_1_13' title='bbox 2010 429 2229 480; x_wconf 85' lang='lat' dir='ltr'><strong>perans,</strong></span> <span class='ocrx_word' id='word_1_14' title='bbox 2263 412 2608 483; x_wconf 82' lang='lat' dir='ltr'><strong>iniquitatem</strong></span> <span class='ocrx_word' id='word_1_15' title='bbox 2642 413 2697 467; x_wconf 91' lang='lat' dir='ltr'><strong>in</strong></span> <span class='ocrx_word' id='word_1_16' title='bbox 2728 410 2963 468; x_wconf 90' lang='lat' dir='ltr'><strong>sublime</strong></span> <span class='ocrx_word' id='word_1_17' title='bbox 3015 412 3341 486; x_wconf 78' lang='lat' dir='ltr'><strong>loquebatur</strong></span> <span class='ocrx_word' id='word_1_18' title='bbox 3373 433 3387 483; x_wconf 88' lang='lat'>;</span> <span class='ocrx_word' id='word_1_19' title='bbox 3417 427 3471 472; x_wconf 96' lang='lat' dir='ltr'><strong>et</strong></span> <span class='ocrx_word' id='word_1_20' title='bbox 3500 420 3583 473; x_wconf 85' lang='lat' dir='ltr'><strong>ci-</strong></span> 
     </span>
    </p>
   </div>
   <div class='ocr_carea' id='block_1_6' title="bbox 307 512 1901 602">
    <p class='ocr_par' dir='ltr' id='par_1_6' title="bbox 307 512 1901 602">
     <span class='ocr_line' id='line_1_6' title="bbox 307 512 1901 602; baseline -0.015 -16"><span class='ocrx_word' id='word_1_21' title='bbox 307 531 444 602; x_wconf 82' lang='grc' dir='ltr'>μίαν</span> <span class='ocrx_word' id='word_1_22' title='bbox 468 525 568 581; x_wconf 62' lang='grc' dir='ltr'>τὸν</span> <span class='ocrx_word' id='word_1_23' title='bbox 588 521 826 578; x_wconf 77' lang='grc' dir='ltr'>παλαιὸν</span> <span class='ocrx_word' id='word_1_24' title='bbox 846 521 1062 574; x_wconf 71' lang='grc' dir='ltr'>ἑκεῖνον</span> <span class='ocrx_word' id='word_1_25' title='bbox 1095 514 1378 586; x_wconf 67' lang='grc' dir='ltr'>Ῥαψάκην</span> <span class='ocrx_word' id='word_1_26' title='bbox 1404 512 1901 584; x_wconf 85' lang='grc' dir='ltr'>ὑπερϐαλλόμενος·</span> 
     </span>
    </p>
   </div>
   <div class='ocr_carea' id='block_1_7' title="bbox 301 605 1906 692">
    <p class='ocr_par' dir='ltr' id='par_1_7' title="bbox 301 605 1906 692">
     <span class='ocr_line' id='line_1_7' title="bbox 301 605 1906 692; baseline -0.011 -18"><span class='ocrx_word' id='word_1_27' title='bbox 301 624 416 692; x_wconf 76' lang='grc' dir='ltr'>τὴν</span> <span class='ocrx_word' id='word_1_28' title='bbox 443 617 608 671; x_wconf 82' lang='grc' dir='ltr'>πόλιν</span> <span class='ocrx_word' id='word_1_29' title='bbox 653 615 712 668; x_wconf 78' lang='grc' dir='ltr'>δι</span> <span class='ocrx_word' id='word_1_30' title='bbox 755 608 920 675; x_wconf 86' lang='grc' dir='ltr'>Θεοῦ,</span> <span class='ocrx_word' id='word_1_31' title='bbox 947 608 1054 681; x_wconf 73' lang='grc' dir='ltr'>τὴν</span> <span class='ocrx_word' id='word_1_32' title='bbox 1098 607 1428 678; x_wconf 77' lang='grc' dir='ltr'><strong>Ἐκκλησίαν</strong></span> <span class='ocrx_word' id='word_1_33' title='bbox 1474 606 1641 676; x_wconf 79' lang='grc' dir='ltr'>φημὶ,</span> <span class='ocrx_word' id='word_1_34' title='bbox 1687 605 1906 669; x_wconf 77' lang='grc' dir='ltr'><strong>πολλοῖς</strong></span> 
     </span>
    </p>
   </div>
   <div class='ocr_carea' id='block_1_8' title="bbox 312 697 1906 774">
    <p class='ocr_par' dir='ltr' id='par_1_8' title="bbox 312 697 1906 774">
     <span class='ocr_line' id='line_1_8' title="bbox 312 697 1906 774; baseline -0.011 -7"><span class='ocrx_word' id='word_1_35' title='bbox 312 708 643 769; x_wconf 75' lang='grc' dir='ltr'><strong>κατασείειν</strong></span> <span class='ocrx_word' id='word_1_36' title='bbox 665 702 935 774; x_wconf 71' lang='grc' dir='ltr'>ἐπιχείρει</span> <span class='ocrx_word' id='word_1_37' title='bbox 965 703 1082 763; x_wconf 85' lang='grc' dir='ltr'>τοῖς</span> <span class='ocrx_word' id='word_1_38' title='bbox 1107 703 1486 770; x_wconf 82' lang='grc' dir='ltr'>μηχανήμασι.</span> <span class='ocrx_word' id='word_1_39' title='bbox 1516 697 1768 751; x_wconf 77' lang='grc' dir='ltr'><strong>Πολιτεία</strong></span> <span class='ocrx_word' id='word_1_40' title='bbox 1805 697 1906 765; x_wconf 86' lang='grc' dir='ltr'>μὲν</span> 
     </span>
    </p>
   </div>
   <div class='ocr_carea' id='block_1_9' title="bbox 283 786 1907 862">
    <p class='ocr_par' dir='ltr' id='par_1_9' title="bbox 283 786 1907 862">
     <span class='ocr_line' id='line_1_9' title="bbox 283 786 1907 862; baseline -0.012 -5"><span class='ocrx_word' id='word_1_41' title='bbox 283 807 286 810; x_wconf 76' lang='grc'><strong>’</strong></span> <span class='ocrx_word' id='word_1_42' title='bbox 319 798 424 857; x_wconf 79' lang='grc' dir='ltr'>οὖν</span> <span class='ocrx_word' id='word_1_43' title='bbox 455 797 626 860; x_wconf 73' lang='grc' dir='ltr'>εὐθὺς</span> <span class='ocrx_word' id='word_1_44' title='bbox 652 795 830 850; x_wconf 72' lang='grc' dir='ltr'>ἅπασα</span> <span class='ocrx_word' id='word_1_45' title='bbox 857 791 940 856; x_wconf 80' lang='grc' dir='ltr'><strong>τῶ</strong></span> <span class='ocrx_word' id='word_1_46' title='bbox 968 791 1070 862; x_wconf 82' lang='grc' dir='ltr'>τῆς</span> <span class='ocrx_word' id='word_1_47' title='bbox 1094 792 1305 844; x_wconf 75' lang='grc' dir='ltr'>ἐκείνου</span> <span class='ocrx_word' id='word_1_48' title='bbox 1331 788 1452 860; x_wconf 90' lang='grc' dir='ltr'>βίας</span> <span class='ocrx_word' id='word_1_49' title='bbox 1490 788 1749 856; x_wconf 83' lang='grc' dir='ltr'>ὲναυάγει</span> <span class='ocrx_word' id='word_1_50' title='bbox 1777 786 1907 840; x_wconf 83' lang='grc' dir='ltr'>κλύ-</span> 
     </span>
    </p>
   </div>
   <div class='ocr_carea' id='block_1_10' title="bbox 327 878 1905 960">
    <p class='ocr_par' dir='ltr' id='par_1_10' title="bbox 327 878 1905 960">
     <span class='ocr_line' id='line_1_10' title="bbox 327 878 1905 960; baseline -0.009 -15"><span class='ocrx_word' id='word_1_51' title='bbox 327 896 483 954; x_wconf 79' lang='grc' dir='ltr'>δωνι,</span> <span class='ocrx_word' id='word_1_52' title='bbox 521 888 644 960; x_wconf 80' lang='grc' dir='ltr'>μηδ’</span> <span class='ocrx_word' id='word_1_53' title='bbox 680 886 954 954; x_wconf 77' lang='grc' dir='ltr'><strong>ἀντισχεῖν</strong></span> <span class='ocrx_word' id='word_1_54' title='bbox 1001 881 1414 953; x_wconf 83' lang='grc' dir='ltr'>ὲγχειρήσασα·</span> <span class='ocrx_word' id='word_1_55' title='bbox 1442 881 1492 932; x_wconf 78' lang='lat' dir='ltr'><strong>oi</strong></span> <span class='ocrx_word' id='word_1_56' title='bbox 1537 879 1595 932; x_wconf 80' lang='grc' dir='ltr'>δὲ</span> <span class='ocrx_word' id='word_1_57' title='bbox 1650 879 1730 952; x_wconf 79' lang='grc' dir='ltr'>τῷ</span> <span class='ocrx_word' id='word_1_58' title='bbox 1781 878 1905 948; x_wconf 78' lang='grc' dir='ltr'>ὕψει</span> 
     </span>
    </p>
   </div>
   <div class='ocr_carea' id='block_1_11' title="bbox 341 969 1906 1052">
    <p class='ocr_par' dir='ltr' id='par_1_11' title="bbox 341 969 1906 1052">
     <span class='ocr_line' id='line_1_11' title="bbox 341 969 1906 1052; baseline -0.011 -13"><span class='ocrx_word' id='word_1_59' title='bbox 341 985 445 1039; x_wconf 85' lang='grc' dir='ltr'><strong>τῶν</strong></span> <span class='ocrx_word' id='word_1_60' title='bbox 489 978 694 1052; x_wconf 78' lang='grc' dir='ltr'><strong>ἀρετῶν</strong></span> <span class='ocrx_word' id='word_1_61' title='bbox 728 973 1206 1049; x_wconf 77' lang='grc' dir='ltr'>χειραγωγοῦντες</span> <span class='ocrx_word' id='word_1_62' title='bbox 1241 973 1369 1036; x_wconf 81' lang='grc' dir='ltr'>τοὺς</span> <span class='ocrx_word' id='word_1_63' title='bbox 1416 971 1610 1034; x_wconf 83' lang='grc' dir='ltr'>ἀλλους</span> <span class='ocrx_word' id='word_1_64' title='bbox 1659 971 1796 1040; x_wconf 84' lang='grc' dir='ltr'>πρὸς</span> <span class='ocrx_word' id='word_1_65' title='bbox 1836 969 1906 1023; x_wconf 80' lang='grc' dir='ltr'>τὰ</span> 
     </span>
    </p>
   </div>
   <div class='ocr_carea' id='block_1_12' title="bbox 345 1061 1906 1149">
    <p class='ocr_par' dir='ltr' id='par_1_12' title="bbox 345 1061 1906 1149">
     <span class='ocr_line' id='line_1_12' title="bbox 345 1061 1906 1149; baseline -0.011 -17"><span class='ocrx_word' id='word_1_66' title='bbox 345 1077 568 1149; x_wconf 77' lang='grc' dir='ltr'>οὐράνια,</span> <span class='ocrx_word' id='word_1_67' title='bbox 621 1073 740 1133; x_wconf 81' lang='grc' dir='ltr'>τοῖς</span> <span class='ocrx_word' id='word_1_68' title='bbox 788 1071 886 1140; x_wconf 79' lang='grc' dir='ltr'>τῆς</span> <span class='ocrx_word' id='word_1_69' title='bbox 938 1065 1208 1137; x_wconf 80' lang='grc' dir='ltr'>πονηρίας</span> <span class='ocrx_word' id='word_1_70' title='bbox 1255 1065 1463 1122; x_wconf 68' lang='grc' dir='ltr'>ἐκείνου</span> <span class='ocrx_word' id='word_1_71' title='bbox 1513 1061 1906 1133; x_wconf 83' lang='grc' dir='ltr'>παρεσύρησαν</span> 
     </span>
    </p>
   </div>
   <div class='ocr_carea' id='block_1_13' title="bbox 342 1153 1902 1239">
    <p class='ocr_par' dir='ltr' id='par_1_13' title="bbox 342 1153 1902 1239">
     <span class='ocr_line' id='line_1_13' title="bbox 342 1153 1902 1239; baseline -0.012 -15"><span class='ocrx_word' id='word_1_72' title='bbox 342 1169 554 1239; x_wconf 78' lang='grc' dir='ltr'>κύμασι,</span> <span class='ocrx_word' id='word_1_73' title='bbox 587 1165 639 1218; x_wconf 88' lang='grc' dir='ltr'><strong>εί</strong></span> <span class='ocrx_word' id='word_1_74' title='bbox 667 1163 763 1218; x_wconf 80' lang='grc' dir='ltr'>καὶ</span> <span class='ocrx_word' id='word_1_75' title='bbox 789 1160 1128 1234; x_wconf 76' lang='grc' dir='ltr'>μεταμελείᾳ</span> <span class='ocrx_word' id='word_1_76' title='bbox 1151 1158 1250 1227; x_wconf 79' lang='grc' dir='ltr'>τὴν</span> <span class='ocrx_word' id='word_1_77' title='bbox 1278 1153 1446 1228; x_wconf 77' lang='grc' dir='ltr'>ἧτταν</span> <span class='ocrx_word' id='word_1_78' title='bbox 1474 1153 1870 1210; x_wconf 78' lang='grc' dir='ltr'>ἀνεκαλέσαντο</span> <span class='ocrx_word' id='word_1_79' title='bbox 1887 1169 1902 1184; x_wconf 76' lang='grc' dir='ltr'><strong>ο</strong></span> 
     </span>
    </p>
   </div>
   <div class='ocr_carea' id='block_1_14' title="bbox 329 1243 1908 1322">
    <p class='ocr_par' dir='ltr' id='par_1_14' title="bbox 329 1243 1908 1322">
     <span class='ocr_line' id='line_1_14' title="bbox 329 1243 1908 1322; baseline -0.008 -11"><span class='ocrx_word' id='word_1_80' title='bbox 329 1261 378 1313; x_wconf 79' lang='lat' dir='ltr'><strong>el</strong></span> <span class='ocrx_word' id='word_1_81' title='bbox 403 1257 450 1311; x_wconf 74' lang='grc' dir='ltr'>δὲ</span> <span class='ocrx_word' id='word_1_82' title='bbox 482 1256 595 1309; x_wconf 88' lang='grc' dir='ltr'><strong>τῶν</strong></span> <span class='ocrx_word' id='word_1_83' title='bbox 653 1254 751 1307; x_wconf 67' lang='grc' dir='ltr'><strong>ἐπὶ</strong></span> <span class='ocrx_word' id='word_1_84' title='bbox 782 1253 889 1322; x_wconf 80' lang='grc' dir='ltr'>γῆς</span> <span class='ocrx_word' id='word_1_85' title='bbox 941 1253 1036 1306; x_wconf 79' lang='grc' dir='ltr'>καὶ</span> <span class='ocrx_word' id='word_1_86' title='bbox 1086 1250 1300 1304; x_wconf 74' lang='grc' dir='ltr'>ἑαυτῶν</span> <span class='ocrx_word' id='word_1_87' title='bbox 1349 1247 1767 1317; x_wconf 81' lang='grc' dir='ltr'>ἀφειδήσαντες,</span> <span class='ocrx_word' id='word_1_88' title='bbox 1814 1243 1908 1299; x_wconf 82' lang='grc' dir='ltr'>καὶ</span> 
     </span>
    </p>
   </div>
   <div class='ocr_carea' id='block_1_15' title="bbox 319 1335 1907 1421">
    <p class='ocr_par' dir='ltr' id='par_1_15' title="bbox 319 1335 1907 1421">
     <span class='ocr_line' id='line_1_15' title="bbox 319 1335 1907 1421; baseline -0.009 -18"><span class='ocrx_word' id='word_1_89' title='bbox 319 1347 531 1421; x_wconf 73' lang='grc' dir='ltr'>φρενῶν</span> <span class='ocrx_word' id='word_1_90' title='bbox 557 1346 824 1416; x_wconf 62' lang='grc' dir='ltr'><strong>ἀγχινοίᾳ⁵</strong></span> <span class='ocrx_word' id='word_1_91' title='bbox 851 1345 953 1415; x_wconf 77' lang='grc' dir='ltr'>τὴν</span> <span class='ocrx_word' id='word_1_92' title='bbox 986 1343 1255 1413; x_wconf 83' lang='grc' dir='ltr'>πονηρίαν</span> <span class='ocrx_word' id='word_1_93' title='bbox 1289 1341 1700 1410; x_wconf 66' lang='grc' dir='ltr'>ἱκνικήσαντες,</span> <span class='ocrx_word' id='word_1_94' title='bbox 1731 1337 1780 1391; x_wconf 87' lang='grc' dir='ltr'><strong>οί</strong></span> <span class='ocrx_word' id='word_1_95' title='bbox 1807 1335 1907 1407; x_wconf 83' lang='grc' dir='ltr'>μὲν</span> 
     </span>
    </p>
   </div>
   <div class='ocr_carea' id='block_1_16' title="bbox 317 1427 1906 1509">
    <p class='ocr_par' dir='ltr' id='par_1_16' title="bbox 317 1427 1906 1509">
     <span class='ocr_line' id='line_1_16' title="bbox 317 1427 1906 1509; baseline -0.008 -17"><span class='ocrx_word' id='word_1_96' title='bbox 317 1437 460 1509; x_wconf 80' lang='grc' dir='ltr'>λιμῷ</span> <span class='ocrx_word' id='word_1_97' title='bbox 508 1435 1022 1507; x_wconf 70' lang='grc' dir='ltr'>προσεκαρτέρουν,</span> <span class='ocrx_word' id='word_1_98' title='bbox 1065 1434 1111 1486; x_wconf 91' lang='grc' dir='ltr'><strong>οί</strong></span> <span class='ocrx_word' id='word_1_99' title='bbox 1141 1432 1196 1486; x_wconf 83' lang='grc' dir='ltr'>δὲ</span> <span class='ocrx_word' id='word_1_100' title='bbox 1241 1429 1463 1502; x_wconf 80' lang='grc' dir='ltr'>μάστιξι</span> <span class='ocrx_word' id='word_1_101' title='bbox 1505 1428 1747 1499; x_wconf 79' lang='grc' dir='ltr'>ἀνηλεῶς</span> <span class='ocrx_word' id='word_1_102' title='bbox 1779 1427 1906 1499; x_wconf 79' lang='grc' dir='ltr'>ῂκί-</span> 
     </span>
    </p>
   </div>
   <div class='ocr_carea' id='block_1_17' title="bbox 314 1518 1906 1595">
    <p class='ocr_par' dir='ltr' id='par_1_17' title="bbox 314 1518 1906 1595">
     <span class='ocr_line' id='line_1_17' title="bbox 314 1518 1906 1595; baseline -0.007 -10"><span class='ocrx_word' id='word_1_103' title='bbox 314 1531 491 1595; x_wconf 81' lang='grc' dir='ltr'>ζοντο,</span> <span class='ocrx_word' id='word_1_104' title='bbox 529 1528 649 1582; x_wconf 70' lang='grc' dir='ltr'>ἐσθ’</span> <span class='ocrx_word' id='word_1_105' title='bbox 673 1527 766 1580; x_wconf 84' lang='grc' dir='ltr'>ὅτε</span> <span class='ocrx_word' id='word_1_106' title='bbox 792 1526 889 1579; x_wconf 75' lang='grc' dir='ltr'>καὶ</span> <span class='ocrx_word' id='word_1_107' title='bbox 916 1525 1072 1578; x_wconf 77' lang='grc' dir='ltr'>νυκτὶ</span> <span class='ocrx_word' id='word_1_108' title='bbox 1110 1523 1352 1595; x_wconf 76' lang='grc' dir='ltr'>Θαλάττῃ</span> <span class='ocrx_word' id='word_1_109' title='bbox 1381 1518 1906 1592; x_wconf 83' lang='grc' dir='ltr'>παραπεμπόμενοι.</span> 
     </span>
    </p>
   </div>
   <div class='ocr_carea' id='block_1_18' title="bbox 383 1611 1909 1691">
    <p class='ocr_par' dir='ltr' id='par_1_18' title="bbox 383 1611 1909 1691">
     <span class='ocr_line' id='line_1_18' title="bbox 383 1611 1909 1691; baseline -0.007 -17"><span class='ocrx_word' id='word_1_110' title='bbox 383 1622 521 1676; x_wconf 84' lang='grc' dir='ltr'>Τότε</span> <span class='ocrx_word' id='word_1_111' title='bbox 557 1621 648 1691; x_wconf 72' lang='grc' dir='ltr'>δὴ,</span> <span class='ocrx_word' id='word_1_112' title='bbox 703 1619 827 1671; x_wconf 88' lang='grc' dir='ltr'>τότε</span> <span class='ocrx_word' id='word_1_113' title='bbox 858 1617 996 1688; x_wconf 78' lang='grc' dir='ltr'>πρὸς</span> <span class='ocrx_word' id='word_1_114' title='bbox 1037 1615 1192 1668; x_wconf 85' lang='grc' dir='ltr'>πόλιν</span> <span class='ocrx_word' id='word_1_115' title='bbox 1223 1613 1470 1668; x_wconf 82' lang='grc' dir='ltr'>καλεῖται</span> <span class='ocrx_word' id='word_1_116' title='bbox 1497 1612 1595 1666; x_wconf 70' lang='grc' dir='ltr'>καὶ</span> <span class='ocrx_word' id='word_1_117' title='bbox 1636 1612 1664 1664; x_wconf 83' lang='grc' dir='ltr'>ὁ</span> <span class='ocrx_word' id='word_1_118' title='bbox 1695 1611 1909 1682; x_wconf 85' lang='grc' dir='ltr'>θαυμά-</span> 
     </span>
    </p>
   </div>
   <div class='ocr_carea' id='block_1_19' title="bbox 324 1703 1906 1780">
    <p class='ocr_par' dir='ltr' id='par_1_19' title="bbox 324 1703 1906 1780">
     <span class='ocr_line' id='line_1_19' title="bbox 324 1703 1906 1780; baseline -0.008 -13"><span class='ocrx_word' id='word_1_119' title='bbox 324 1730 460 1776; x_wconf 84' lang='grc' dir='ltr'>σιος,</span> <span class='ocrx_word' id='word_1_120' title='bbox 495 1712 554 1764; x_wconf 80' lang='grc' dir='ltr'><strong>οὑ</strong></span> <span class='ocrx_word' id='word_1_121' title='bbox 602 1711 908 1780; x_wconf 77' lang='grc' dir='ltr'>τυραννικῇ</span> <span class='ocrx_word' id='word_1_122' title='bbox 943 1707 1036 1760; x_wconf 84' lang='grc' dir='ltr'>καὶ</span> <span class='ocrx_word' id='word_1_123' title='bbox 1078 1705 1230 1776; x_wconf 70' lang='grc' dir='ltr'>βιαίᾳ</span> <span class='ocrx_word' id='word_1_124' title='bbox 1280 1704 1446 1776; x_wconf 77' lang='grc' dir='ltr'>χειρὶ,</span> <span class='ocrx_word' id='word_1_125' title='bbox 1475 1703 1610 1757; x_wconf 89' lang='grc' dir='ltr'><strong>ἀλλά</strong></span> <span class='ocrx_word' id='word_1_126' title='bbox 1642 1703 1906 1766; x_wconf 81' lang='grc' dir='ltr'>θωπείαις</span> 
     </span>
    </p>
   </div>
   <div class='ocr_carea' id='block_1_20' title="bbox 317 1775 1978 1870">
    <p class='ocr_par' dir='ltr' id='par_1_20' title="bbox 317 1775 1978 1870">
     <span class='ocr_line' id='line_1_20' title="bbox 317 1775 1978 1870; baseline -0.007 -13"><span class='ocrx_word' id='word_1_127' title='bbox 317 1775 437 1866; x_wconf 81' lang='grc' dir='ltr'>ταῖς</span> <span class='ocrx_word' id='word_1_128' title='bbox 460 1803 523 1867; x_wconf 82' lang='grc' dir='ltr'>ἐξ</span> <span class='ocrx_word' id='word_1_129' title='bbox 545 1775 708 1866; x_wconf 75' lang='grc' dir='ltr'>ἔθους</span> <span class='ocrx_word' id='word_1_130' title='bbox 753 1775 919 1870; x_wconf 66' lang='grc' dir='ltr'>δῆθεν</span> <span class='ocrx_word' id='word_1_131' title='bbox 952 1775 1455 1869; x_wconf 74' lang='grc' dir='ltr'>ἐκμαλασσόμενος.</span> <span class='ocrx_word' id='word_1_132' title='bbox 1491 1793 1629 1848; x_wconf 77' lang='grc' dir='ltr'>Κατ’</span> <span class='ocrx_word' id='word_1_133' title='bbox 1655 1793 1902 1865; x_wconf 57' lang='grc' dir='ltr'><strong>Δἐχθρῶν,</strong></span> <span class='ocrx_word' id='word_1_134' title='bbox 1936 1775 1978 1830; x_wconf 73' lang='grc' dir='ltr'><strong><em>Β</em></strong></span> 
     </span>
    </p>
   </div>
   <div class='ocr_carea' id='block_1_21' title="bbox 311 1886 1901 1966">
    <p class='ocr_par' dir='ltr' id='par_1_21' title="bbox 311 1886 1901 1966">
     <span class='ocr_line' id='line_1_21' title="bbox 311 1886 1901 1966; baseline -0.004 -18"><span class='ocrx_word' id='word_1_135' title='bbox 311 1898 505 1966; x_wconf 74' lang='grc' dir='ltr'>φησὶν,</span> <span class='ocrx_word' id='word_1_136' title='bbox 552 1891 882 1964; x_wconf 59' lang='grc' dir='ltr'>ἐπιστρατεία</span> <span class='ocrx_word' id='word_1_137' title='bbox 939 1907 1031 1960; x_wconf 88' lang='grc' dir='ltr'><strong>μοι</strong></span> <span class='ocrx_word' id='word_1_138' title='bbox 1093 1887 1344 1962; x_wconf 68' lang='grc' dir='ltr'>παρίστη</span> <span class='ocrx_word' id='word_1_139' title='bbox 1375 1886 1442 1957; x_wconf 78' lang='grc'><strong>⁸⁸,</strong></span> <span class='ocrx_word' id='word_1_140' title='bbox 1473 1888 1570 1942; x_wconf 76' lang='grc' dir='ltr'>καὶ</span> <span class='ocrx_word' id='word_1_141' title='bbox 1619 1889 1738 1943; x_wconf 76' lang='grc' dir='ltr'>δέον</span> <span class='ocrx_word' id='word_1_142' title='bbox 1780 1890 1901 1954; x_wconf 84' lang='grc' dir='ltr'>ταῖς</span> 
     </span>
    </p>
   </div>
   <div class='ocr_carea' id='block_1_22' title="bbox 306 1980 1903 2058">
    <p class='ocr_par' dir='ltr' id='par_1_22' title="bbox 306 1980 1903 2058">
     <span class='ocr_line' id='line_1_22' title="bbox 306 1980 1903 2058; baseline -0.004 -18"><span class='ocrx_word' id='word_1_143' title='bbox 306 1989 507 2058; x_wconf 78' lang='grc' dir='ltr'>εὐχαῖς</span> <span class='ocrx_word' id='word_1_144' title='bbox 541 1982 978 2040; x_wconf 74' lang='grc' dir='ltr'>καθοπλισθέπα</span> <span class='ocrx_word' id='word_1_145' title='bbox 1000 1981 1292 2054; x_wconf 86' lang='grc' dir='ltr'>πρότερον,</span> <span class='ocrx_word' id='word_1_146' title='bbox 1317 1980 1460 2034; x_wconf 81' lang='grc' dir='ltr'>οὕτω</span> <span class='ocrx_word' id='word_1_147' title='bbox 1496 1980 1764 2052; x_wconf 80' lang='grc' dir='ltr'>συμμῖξαι</span> <span class='ocrx_word' id='word_1_148' title='bbox 1791 1984 1903 2044; x_wconf 86' lang='grc' dir='ltr'>τοῖς</span> 
     </span>
    </p>
   </div>
   <div class='ocr_carea' id='block_1_23' title="bbox 311 2067 1904 2147">
    <p class='ocr_par' dir='ltr' id='par_1_23' title="bbox 311 2067 1904 2147">
     <span class='ocr_line' id='line_1_23' title="bbox 311 2067 1904 2147; baseline -0.006 -16"><span class='ocrx_word' id='word_1_149' title='bbox 311 2077 642 2147; x_wconf 62' lang='grc' dir='ltr'>πολεμίοις.</span> <span class='ocrx_word' id='word_1_150' title='bbox 683 2075 745 2128; x_wconf 86' lang='lat'><strong>&#39;0</strong></span> <span class='ocrx_word' id='word_1_151' title='bbox 774 2075 831 2129; x_wconf 74' lang='grc' dir='ltr'>δὲ</span> <span class='ocrx_word' id='word_1_152' title='bbox 856 2073 918 2127; x_wconf 83' lang='grc' dir='ltr'><strong>τδ</strong></span> <span class='ocrx_word' id='word_1_153' title='bbox 958 2073 1074 2126; x_wconf 91' lang='grc' dir='ltr'><strong>τῶν</strong></span> <span class='ocrx_word' id='word_1_154' title='bbox 1109 2071 1330 2139; x_wconf 83' lang='grc' dir='ltr'>τρόπων</span> <span class='ocrx_word' id='word_1_155' title='bbox 1367 2067 1638 2137; x_wconf 83' lang='grc' dir='ltr'>κακόηθες</span> <span class='ocrx_word' id='word_1_156' title='bbox 1678 2067 1904 2122; x_wconf 68' lang='grc' dir='ltr'>ἐπιστά-</span> 
     </span>
    </p>
   </div>
   <div class='ocr_carea' id='block_1_24' title="bbox 309 2155 1904 2237">
    <p class='ocr_par' dir='ltr' id='par_1_24' title="bbox 309 2155 1904 2237">
     <span class='ocr_line' id='line_1_24' title="bbox 309 2155 1904 2237; baseline -0.007 -17"><span class='ocrx_word' id='word_1_157' title='bbox 309 2185 510 2237; x_wconf 81' lang='grc' dir='ltr'>μενος,</span> <span class='ocrx_word' id='word_1_158' title='bbox 541 2161 723 2236; x_wconf 72' lang='grc' dir='ltr'>νεφρῷ</span> <span class='ocrx_word' id='word_1_159' title='bbox 762 2161 1107 2233; x_wconf 79' lang='grc' dir='ltr'>πολυχρονίῳ</span> <span class='ocrx_word' id='word_1_160' title='bbox 1153 2159 1251 2212; x_wconf 77' lang='grc' dir='ltr'>καὶ</span> <span class='ocrx_word' id='word_1_161' title='bbox 1279 2155 1540 2228; x_wconf 76' lang='grc' dir='ltr'>δυσουρίᾳ</span> <span class='ocrx_word' id='word_1_162' title='bbox 1573 2156 1904 2226; x_wconf 87' lang='grc' dir='ltr'>τρυχόμενος</span> 
     </span>
    </p>
   </div>
   <div class='ocr_carea' id='block_1_25' title="bbox 311 2246 1901 2330">
    <p class='ocr_par' dir='ltr' id='par_1_25' title="bbox 311 2246 1901 2330">
     <span class='ocr_line' id='line_1_25' title="bbox 311 2246 1901 2330; baseline -0.007 -20"><span class='ocrx_word' id='word_1_163' title='bbox 311 2258 567 2330; x_wconf 58' lang='grc' dir='ltr'>ίδργανα</span> <span class='ocrx_word' id='word_1_164' title='bbox 609 2254 712 2324; x_wconf 72' lang='grc' dir='ltr'><strong>γὰρ</strong></span> <span class='ocrx_word' id='word_1_165' title='bbox 759 2253 852 2307; x_wconf 71' lang='grc' dir='ltr'><strong>διὰ</strong></span> <span class='ocrx_word' id='word_1_166' title='bbox 884 2251 982 2306; x_wconf 83' lang='grc' dir='ltr'><strong>τοῦ</strong></span> <span class='ocrx_word' id='word_1_167' title='bbox 1024 2247 1259 2320; x_wconf 83' lang='grc' dir='ltr'>φυσικοῦ</span> <span class='ocrx_word' id='word_1_168' title='bbox 1303 2247 1576 2316; x_wconf 86' lang='grc' dir='ltr'>ὑπονόμου</span> <span class='ocrx_word' id='word_1_169' title='bbox 1615 2249 1680 2315; x_wconf 76' lang='grc' dir='ltr'><strong>τῇ</strong></span> <span class='ocrx_word' id='word_1_170' title='bbox 1727 2246 1901 2319; x_wconf 74' lang='grc' dir='ltr'>κύστῃ</span> 
     </span>
    </p>
   </div>
   <div class='ocr_carea' id='block_1_26' title="bbox 320 2339 1902 2424">
    <p class='ocr_par' dir='ltr' id='par_1_26' title="bbox 320 2339 1902 2424">
     <span class='ocr_line' id='line_1_26' title="bbox 320 2339 1902 2424; baseline 0.001 -32"><span class='ocrx_word' id='word_1_171' title='bbox 320 2349 846 2424; x_wconf 68' lang='grc' dir='ltr'>παραπεμπόμενα,</span> <span class='ocrx_word' id='word_1_172' title='bbox 889 2345 992 2396; x_wconf 83' lang='grc' dir='ltr'>καὶ</span> <span class='ocrx_word' id='word_1_173' title='bbox 1036 2339 1163 2403; x_wconf 80' lang='grc' dir='ltr'>τοὺς</span> <span class='ocrx_word' id='word_1_174' title='bbox 1216 2339 1574 2410; x_wconf 77' lang='grc' dir='ltr'>ἐγκειμένους</span> <span class='ocrx_word' id='word_1_175' title='bbox 1619 2340 1679 2392; x_wconf 80' lang='grc' dir='ltr'>ὲν</span> <span class='ocrx_word' id='word_1_176' title='bbox 1729 2339 1902 2413; x_wconf 69' lang='grc' dir='ltr'>ταύτῃ</span> 
     </span>
    </p>
   </div>
   <div class='ocr_carea' id='block_1_27' title="bbox 309 2430 1900 2502">
    <p class='ocr_par' dir='ltr' id='par_1_27' title="bbox 309 2430 1900 2502">
     <span class='ocr_line' id='line_1_27' title="bbox 309 2430 1900 2502; baseline -0.004 -16"><span class='ocrx_word' id='word_1_177' title='bbox 309 2432 724 2502; x_wconf 60' lang='grc' dir='ltr'>διαθρύπτοντα</span> <span class='ocrx_word' id='word_1_178' title='bbox 750 2430 959 2496; x_wconf 85' lang='grc' dir='ltr'>λίθους,</span> <span class='ocrx_word' id='word_1_179' title='bbox 998 2432 1110 2494; x_wconf 88' lang='grc' dir='ltr'>τοῖς</span> <span class='ocrx_word' id='word_1_180' title='bbox 1134 2430 1291 2494; x_wconf 72' lang='grc' dir='ltr'>ἐκτὸς</span> <span class='ocrx_word' id='word_1_181' title='bbox 1322 2430 1765 2499; x_wconf 78' lang='grc' dir='ltr'>παρεπέμποντο,</span> <span class='ocrx_word' id='word_1_182' title='bbox 1800 2430 1900 2500; x_wconf 82' lang='grc' dir='ltr'>τὴν</span> 
     </span>
    </p>
   </div>
   <div class='ocr_carea' id='block_1_28' title="bbox 309 2520 1903 2594">
    <p class='ocr_par' dir='ltr' id='par_1_28' title="bbox 309 2520 1903 2594">
     <span class='ocr_line' id='line_1_28' title="bbox 309 2520 1903 2594; baseline -0.002 -16"><span class='ocrx_word' id='word_1_183' title='bbox 309 2524 500 2590; x_wconf 72' lang='grc' dir='ltr'>ἔξοδον</span> <span class='ocrx_word' id='word_1_184' title='bbox 530 2523 612 2594; x_wconf 82' lang='grc' dir='ltr'>τῷ</span> <span class='ocrx_word' id='word_1_185' title='bbox 657 2521 813 2593; x_wconf 76' lang='grc' dir='ltr'>ὑγρῷ</span> <span class='ocrx_word' id='word_1_186' title='bbox 847 2521 1250 2592; x_wconf 81' lang='grc' dir='ltr'>περιττώματι,</span> <span class='ocrx_word' id='word_1_187' title='bbox 1281 2521 1357 2583; x_wconf 84' lang='grc' dir='ltr'><strong>ὡς</strong></span> <span class='ocrx_word' id='word_1_188' title='bbox 1398 2520 1641 2587; x_wconf 71' lang='grc' dir='ltr'>δυνατὸν,</span> <span class='ocrx_word' id='word_1_189' title='bbox 1691 2521 1903 2578; x_wconf 81' lang='grc' dir='ltr'>ἀκώλυ-</span> 
     </span>
    </p>
   </div>
   <div class='ocr_carea' id='block_1_29' title="bbox 309 2608 1903 2685">
    <p class='ocr_par' dir='ltr' id='par_1_29' title="bbox 309 2608 1903 2685">
     <span class='ocr_line' id='line_1_29' title="bbox 309 2608 1903 2685; baseline 0.002 -17"><span class='ocrx_word' id='word_1_190' title='bbox 309 2633 403 2668; x_wconf 75' lang='grc' dir='ltr'><strong>τον</strong></span> <span class='ocrx_word' id='word_1_191' title='bbox 466 2613 843 2685; x_wconf 84' lang='grc' dir='ltr'>μηχανώμενα</span> <span class='ocrx_word' id='word_1_192' title='bbox 879 2614 947 2684; x_wconf 80' lang='grc'><strong>⁸³)</strong></span> <span class='ocrx_word' id='word_1_193' title='bbox 973 2628 986 2642; x_wconf 77' lang='grc'><strong>⁸</strong></span> <span class='ocrx_word' id='word_1_194' title='bbox 1031 2613 1242 2677; x_wconf 78' lang='grc' dir='ltr'>τούτοις</span> <span class='ocrx_word' id='word_1_195' title='bbox 1283 2608 1376 2668; x_wconf 81' lang='grc' dir='ltr'>οὖν</span> <span class='ocrx_word' id='word_1_196' title='bbox 1433 2614 1764 2685; x_wconf 84' lang='grc' dir='ltr'>τρυχόμενος</span> <span class='ocrx_word' id='word_1_197' title='bbox 1807 2616 1903 2671; x_wconf 79' lang='grc' dir='ltr'>καὶ</span> 
     </span>
    </p>
   </div>
   <div class='ocr_carea' id='block_1_30' title="bbox 310 2705 1901 2779">
    <p class='ocr_par' dir='ltr' id='par_1_30' title="bbox 310 2705 1901 2779">
     <span class='ocr_line' id='line_1_30' title="bbox 310 2705 1901 2779; baseline -0.001 -17"><span class='ocrx_word' id='word_1_198' title='bbox 310 2708 590 2778; x_wconf 73' lang='grc' dir='ltr'>κλινήρης</span> <span class='ocrx_word' id='word_1_199' title='bbox 617 2706 705 2759; x_wconf 75' lang='grc' dir='ltr'>διὰ</span> <span class='ocrx_word' id='word_1_200' title='bbox 726 2705 842 2776; x_wconf 76' lang='grc' dir='ltr'>βίου</span> <span class='ocrx_word' id='word_1_201' title='bbox 869 2705 1135 2776; x_wconf 82' lang='grc' dir='ltr'>ὑπάρχων</span> <span class='ocrx_word' id='word_1_202' title='bbox 1159 2706 1370 2778; x_wconf 83' lang='grc' dir='ltr'>ἀκατίῳ</span> <span class='ocrx_word' id='word_1_203' title='bbox 1409 2707 1739 2776; x_wconf 82' lang='grc' dir='ltr'>περαιωθεὶς</span> <span class='ocrx_word' id='word_1_204' title='bbox 1765 2708 1901 2779; x_wconf 83' lang='grc' dir='ltr'>πρὸς</span> 
     </span>
    </p>
   </div>
   <div class='ocr_carea' id='block_1_31' title="bbox 305 2797 1899 2870">
    <p class='ocr_par' dir='ltr' id='par_1_31' title="bbox 305 2797 1899 2870">
     <span class='ocr_line' id='line_1_31' title="bbox 305 2797 1899 2870; baseline 0.001 -18"><span class='ocrx_word' id='word_1_205' title='bbox 305 2799 418 2870; x_wconf 78' lang='grc' dir='ltr'>τὴν</span> <span class='ocrx_word' id='word_1_206' title='bbox 461 2797 710 2868; x_wconf 80' lang='grc' dir='ltr'>βασιλίδα</span> <span class='ocrx_word' id='word_1_207' title='bbox 739 2799 898 2851; x_wconf 87' lang='grc' dir='ltr'>πόλιν</span> <span class='ocrx_word' id='word_1_208' title='bbox 949 2797 1433 2870; x_wconf 77' lang='grc' dir='ltr'>ἐγκαθορμίζεται.</span> <span class='ocrx_word' id='word_1_209' title='bbox 1461 2797 1632 2852; x_wconf 86' lang='grc' dir='ltr'>Τοῦτο</span> <span class='ocrx_word' id='word_1_210' title='bbox 1672 2799 1740 2868; x_wconf 79' lang='grc' dir='ltr'>δὴ</span> <span class='ocrx_word' id='word_1_211' title='bbox 1791 2817 1899 2870; x_wconf 85' lang='grc' dir='ltr'>μα-</span> 
     </span>
    </p>
   </div>
   <div class='ocr_carea' id='block_1_32' title="bbox 306 2886 1898 2961">
    <p class='ocr_par' dir='ltr' id='par_1_32' title="bbox 306 2886 1898 2961">
     <span class='ocr_line' id='line_1_32' title="bbox 306 2886 1898 2961; baseline 0.002 -19"><span class='ocrx_word' id='word_1_212' title='bbox 306 2886 431 2942; x_wconf 80' lang='grc' dir='ltr'><strong>θὼν</strong></span> <span class='ocrx_word' id='word_1_213' title='bbox 465 2888 495 2940; x_wconf 83' lang='grc' dir='ltr'>ὁ</span> <span class='ocrx_word' id='word_1_214' title='bbox 515 2886 828 2955; x_wconf 73' lang='grc' dir='ltr'>ἐξάγιστος,</span> <span class='ocrx_word' id='word_1_215' title='bbox 856 2887 1037 2940; x_wconf 78' lang='grc' dir='ltr'>τοιάδε</span> <span class='ocrx_word' id='word_1_216' title='bbox 1065 2888 1243 2961; x_wconf 86' lang='grc' dir='ltr'>τούτῳ</span> <span class='ocrx_word' id='word_1_217' title='bbox 1269 2891 1359 2944; x_wconf 86' lang='grc' dir='ltr'><strong>διά</strong></span> <span class='ocrx_word' id='word_1_218' title='bbox 1387 2908 1530 2953; x_wconf 86' lang='grc' dir='ltr'>τινος</span> <span class='ocrx_word' id='word_1_219' title='bbox 1561 2890 1669 2943; x_wconf 85' lang='grc' dir='ltr'><strong>τῶν</strong></span> <span class='ocrx_word' id='word_1_220' title='bbox 1702 2891 1898 2945; x_wconf 86' lang='grc' dir='ltr'>οίκειο-</span> 
     </span>
    </p>
   </div>
   <div class='ocr_carea' id='block_1_33' title="bbox 306 2978 1896 3054">
    <p class='ocr_par' dir='ltr' id='par_1_33' title="bbox 306 2978 1896 3054">
     <span class='ocr_line' id='line_1_33' title="bbox 306 2978 1896 3054; baseline 0.001 -22"><span class='ocrx_word' id='word_1_221' title='bbox 306 2981 496 3032; x_wconf 82' lang='grc' dir='ltr'>τάτων</span> <span class='ocrx_word' id='word_1_222' title='bbox 517 2979 668 3048; x_wconf 82' lang='grc' dir='ltr'>δηλοῖ</span> <span class='ocrx_word' id='word_1_223' title='bbox 685 2979 784 3051; x_wconf 88' lang='grc' dir='ltr'>(είς</span> <span class='ocrx_word' id='word_1_224' title='bbox 809 2978 932 3049; x_wconf 74' lang='grc' dir='ltr'>ὄψιν</span> <span class='ocrx_word' id='word_1_225' title='bbox 959 2978 1068 3051; x_wconf 79' lang='grc' dir='ltr'><strong>γὰρ</strong></span> <span class='ocrx_word' id='word_1_226' title='bbox 1086 2981 1336 3050; x_wconf 82' lang='grc' dir='ltr'>ἀγαγεῖν,</span> <span class='ocrx_word' id='word_1_227' title='bbox 1367 2981 1427 3050; x_wconf 79' lang='grc' dir='ltr'>τὸ</span> <span class='ocrx_word' id='word_1_228' title='bbox 1447 2983 1691 3054; x_wconf 72' lang='grc' dir='ltr'>στερρὸν,</span> <span class='ocrx_word' id='word_1_229' title='bbox 1717 2978 1896 3052; x_wconf 79' lang='grc' dir='ltr'>οἶμαι,</span> 
     </span>
    </p>
   </div>
   <div class='ocr_carea' id='block_1_34' title="bbox 309 3068 1898 3144">
    <p class='ocr_par' dir='ltr' id='par_1_34' title="bbox 309 3068 1898 3144">
     <span class='ocr_line' id='line_1_34' title="bbox 309 3068 1898 3144; baseline 0.003 -22"><span class='ocrx_word' id='word_1_230' title='bbox 309 3068 408 3122; x_wconf 84' lang='grc' dir='ltr'><strong>τοῦ</strong></span> <span class='ocrx_word' id='word_1_231' title='bbox 435 3069 628 3137; x_wconf 79' lang='grc' dir='ltr'>ἀνδρὸς</span> <span class='ocrx_word' id='word_1_232' title='bbox 659 3068 1139 3141; x_wconf 80' lang='grc' dir='ltr'>διενθυμούμενος,</span> <span class='ocrx_word' id='word_1_233' title='bbox 1163 3071 1424 3142; x_wconf 75' lang='grc' dir='ltr'>ἠρυθρία)</span> <span class='ocrx_word' id='word_1_234' title='bbox 1447 3089 1460 3103; x_wconf 80' lang='grc'><strong><em>⁸</em></strong></span> <span class='ocrx_word' id='word_1_235' title='bbox 1494 3073 1554 3126; x_wconf 84' lang='lat' dir='ltr'><strong>El</strong></span> <span class='ocrx_word' id='word_1_236' title='bbox 1581 3073 1681 3143; x_wconf 78' lang='grc' dir='ltr'>μὲν</span> <span class='ocrx_word' id='word_1_237' title='bbox 1706 3073 1898 3144; x_wconf 84' lang='grc' dir='ltr'>πειθή-</span> 
     </span>
    </p>
   </div>
   <div class='ocr_carea' id='block_1_35' title="bbox 309 3160 1901 3236">
    <p class='ocr_par' dir='ltr' id='par_1_35' title="bbox 309 3160 1901 3236">
     <span class='ocr_line' id='line_1_35' title="bbox 309 3160 1901 3236; baseline 0.004 -25"><span class='ocrx_word' id='word_1_238' title='bbox 309 3175 426 3222; x_wconf 87' lang='grc' dir='ltr'>νιος</span> <span class='ocrx_word' id='word_1_239' title='bbox 472 3160 635 3228; x_wconf 70' lang='grc' dir='ltr'>ἥκεις</span> <span class='ocrx_word' id='word_1_240' title='bbox 663 3161 782 3222; x_wconf 89' lang='grc' dir='ltr'>ταῖς</span> <span class='ocrx_word' id='word_1_241' title='bbox 827 3160 990 3230; x_wconf 67' lang='grc' dir='ltr'>ἐμαῖς</span> <span class='ocrx_word' id='word_1_242' title='bbox 1035 3161 1269 3226; x_wconf 82' lang='grc' dir='ltr'>ἱκεσίαις</span> <span class='ocrx_word' id='word_1_243' title='bbox 1321 3162 1583 3234; x_wconf 79' lang='grc' dir='ltr'>(χρηστάς</span> <span class='ocrx_word' id='word_1_244' title='bbox 1631 3165 1740 3235; x_wconf 87' lang='grc' dir='ltr'><strong>γὰρ</strong></span> <span class='ocrx_word' id='word_1_245' title='bbox 1772 3165 1901 3236; x_wconf 72' lang='grc' dir='ltr'>ἡμῖν</span> 
     </span>
    </p>
   </div>
   <div class='ocr_carea' id='block_1_36' title="bbox 304 3250 1901 3324">
    <p class='ocr_par' dir='ltr' id='par_1_36' title="bbox 304 3250 1901 3324">
     <span class='ocr_line' id='line_1_36' title="bbox 304 3250 1901 3324; baseline 0.003 -20"><span class='ocrx_word' id='word_1_246' title='bbox 304 3251 542 3312; x_wconf 69' lang='grc' dir='ltr'>ἐλπίδας</span> <span class='ocrx_word' id='word_1_247' title='bbox 586 3253 646 3302; x_wconf 81' lang='grc' dir='ltr'>τὸ</span> <span class='ocrx_word' id='word_1_248' title='bbox 683 3250 775 3303; x_wconf 85' lang='grc' dir='ltr'><strong>σὺν</strong></span> <span class='ocrx_word' id='word_1_249' title='bbox 802 3251 1075 3322; x_wconf 85' lang='grc' dir='ltr'>προσηνὲς</span> <span class='ocrx_word' id='word_1_250' title='bbox 1125 3251 1442 3324; x_wconf 80' lang='grc' dir='ltr'>ἐντίθησιν),</span> <span class='ocrx_word' id='word_1_251' title='bbox 1484 3253 1591 3306; x_wconf 84' lang='grc' dir='ltr'>ίσθι</span> <span class='ocrx_word' id='word_1_252' title='bbox 1630 3254 1901 3310; x_wconf 82' lang='grc' dir='ltr'>τοσούτων</span> 
     </span>
    </p>
   </div>
   <div class='ocr_carea' id='block_1_37' title="bbox 306 3342 1903 3412">
    <p class='ocr_par' dir='ltr' id='par_1_37' title="bbox 306 3342 1903 3412">
     <span class='ocr_line' id='line_1_37' title="bbox 306 3342 1903 3412; baseline 0.002 -15"><span class='ocrx_word' id='word_1_253' title='bbox 306 3342 755 3397; x_wconf 79' lang='grc' dir='ltr'>καταπολαύσων</span> <span class='ocrx_word' id='word_1_254' title='bbox 781 3343 828 3374; x_wconf 81' lang='grc'><strong>⁷⁸</strong></span> <span class='ocrx_word' id='word_1_255' title='bbox 857 3343 1057 3408; x_wconf 89' lang='grc' dir='ltr'>καλῶν,</span> <span class='ocrx_word' id='word_1_256' title='bbox 1082 3344 1206 3398; x_wconf 81' lang='grc' dir='ltr'>ὅσον</span> <span class='ocrx_word' id='word_1_257' title='bbox 1231 3345 1374 3408; x_wconf 81' lang='grc' dir='ltr'>είκὸς</span> <span class='ocrx_word' id='word_1_258' title='bbox 1397 3345 1760 3400; x_wconf 82' lang='grc' dir='ltr'>ὲπαπολαύειν</span> <span class='ocrx_word' id='word_1_259' title='bbox 1776 3349 1903 3412; x_wconf 77' lang='grc' dir='ltr'>τοὺς</span> 
     </span>
    </p>
   </div>
   <div class='ocr_carea' id='block_1_38' title="bbox 305 3433 1902 3508">
    <p class='ocr_par' dir='ltr' id='par_1_38' title="bbox 305 3433 1902 3508">
     <span class='ocr_line' id='line_1_38' title="bbox 305 3433 1902 3508; baseline 0.005 -24"><span class='ocrx_word' id='word_1_260' title='bbox 305 3435 407 3504; x_wconf 77' lang='grc' dir='ltr'>τῆς</span> <span class='ocrx_word' id='word_1_261' title='bbox 433 3433 644 3496; x_wconf 78' lang='grc' dir='ltr'>οἰκείας</span> <span class='ocrx_word' id='word_1_262' title='bbox 669 3433 999 3502; x_wconf 76' lang='grc' dir='ltr'>φιλονεικίας</span> <span class='ocrx_word' id='word_1_263' title='bbox 1032 3433 1316 3506; x_wconf 79' lang='grc' dir='ltr'>βασιλικὴν</span> <span class='ocrx_word' id='word_1_264' title='bbox 1350 3435 1656 3508; x_wconf 80' lang='grc' dir='ltr'>συμϐουλὴν</span> <span class='ocrx_word' id='word_1_265' title='bbox 1677 3438 1770 3490; x_wconf 75' lang='grc' dir='ltr'><strong>καὶ</strong></span> <span class='ocrx_word' id='word_1_266' title='bbox 1797 3454 1902 3492; x_wconf 85' lang='grc' dir='ltr'>πα-</span> 
     </span>
    </p>
   </div>
   <div class='ocr_carea' id='block_1_39' title="bbox 309 3524 1902 3600">
    <p class='ocr_par' dir='ltr' id='par_1_39' title="bbox 309 3524 1902 3600">
     <span class='ocr_line' id='line_1_39' title="bbox 309 3524 1902 3600; baseline 0.003 -21"><span class='ocrx_word' id='word_1_267' title='bbox 309 3524 588 3595; x_wconf 77' lang='grc' dir='ltr'>ράκλησιν</span> <span class='ocrx_word' id='word_1_268' title='bbox 610 3526 966 3594; x_wconf 79' lang='grc' dir='ltr'>ποιουμένους</span> <span class='ocrx_word' id='word_1_269' title='bbox 990 3524 1323 3595; x_wconf 79' lang='grc' dir='ltr'>ἐπίπροσθεν</span> <span class='ocrx_word' id='word_1_270' title='bbox 1346 3541 1361 3556; x_wconf 77' lang='grc' dir='ltr'><strong>ο</strong></span> <span class='ocrx_word' id='word_1_271' title='bbox 1393 3526 1492 3596; x_wconf 75' lang='grc' dir='ltr'>τῆς</span> <span class='ocrx_word' id='word_1_272' title='bbox 1523 3544 1582 3581; x_wconf 88' lang='grc' dir='ltr'><strong>τε</strong></span> <span class='ocrx_word' id='word_1_273' title='bbox 1615 3528 1712 3599; x_wconf 83' lang='grc' dir='ltr'>σῆς</span> <span class='ocrx_word' id='word_1_274' title='bbox 1731 3529 1902 3600; x_wconf 82' lang='grc' dir='ltr'>μονῆς</span> 
     </span>
    </p>
   </div>
   <div class='ocr_carea' id='block_1_40' title="bbox 310 3615 1900 3689">
    <p class='ocr_par' dir='ltr' id='par_1_40' title="bbox 310 3615 1900 3689">
     <span class='ocr_line' id='line_1_40' title="bbox 310 3615 1900 3689; baseline 0.004 -23"><span class='ocrx_word' id='word_1_275' title='bbox 310 3615 597 3678; x_wconf 77' lang='grc' dir='ltr'>παντοίοις</span> <span class='ocrx_word' id='word_1_276' title='bbox 645 3615 1007 3686; x_wconf 77' lang='grc' dir='ltr'>ἐξαιρομένης</span> <span class='ocrx_word' id='word_1_277' title='bbox 1056 3617 1379 3686; x_wconf 84' lang='grc' dir='ltr'>χαρίσμασι,</span> <span class='ocrx_word' id='word_1_278' title='bbox 1419 3619 1511 3671; x_wconf 79' lang='grc' dir='ltr'>καὶ</span> <span class='ocrx_word' id='word_1_279' title='bbox 1553 3619 1662 3672; x_wconf 87' lang='grc' dir='ltr'><strong>τῶν</strong></span> <span class='ocrx_word' id='word_1_280' title='bbox 1704 3637 1900 3689; x_wconf 79' lang='grc' dir='ltr'>συγγε-</span> 
     </span>
    </p>
   </div>
   <div class='ocr_carea' id='block_1_41' title="bbox 309 3702 1900 3778">
    <p class='ocr_par' dir='ltr' id='par_1_41' title="bbox 309 3702 1900 3778">
     <span class='ocr_line' id='line_1_41' title="bbox 309 3702 1900 3778; baseline 0.008 -27"><span class='ocrx_word' id='word_1_281' title='bbox 309 3703 432 3752; x_wconf 66' lang='grc' dir='ltr'><strong>νῶν</strong></span> <span class='ocrx_word' id='word_1_282' title='bbox 458 3702 625 3773; x_wconf 77' lang='grc' dir='ltr'>τιμῆς</span> <span class='ocrx_word' id='word_1_283' title='bbox 668 3705 933 3774; x_wconf 79' lang='grc' dir='ltr'>μεγίστης</span> <span class='ocrx_word' id='word_1_284' title='bbox 968 3703 1061 3757; x_wconf 76' lang='grc' dir='ltr'>καὶ</span> <span class='ocrx_word' id='word_1_285' title='bbox 1103 3705 1420 3776; x_wconf 57' lang='grc' dir='ltr'>παρρησίας</span> <span class='ocrx_word' id='word_1_286' title='bbox 1452 3707 1791 3778; x_wconf 75' lang='grc' dir='ltr'>ἠξιωμένων,</span> <span class='ocrx_word' id='word_1_287' title='bbox 1835 3711 1900 3764; x_wconf 80' lang='grc' dir='ltr'><strong>τὰ</strong></span> 
     </span>
    </p>
   </div>
   <div class='ocr_carea' id='block_1_42' title="bbox 307 3790 1900 3871">
    <p class='ocr_par' dir='ltr' id='par_1_42' title="bbox 307 3790 1900 3871">
     <span class='ocr_line' id='line_1_42' title="bbox 307 3790 1900 3871; baseline 0.013 -35"><span class='ocrx_word' id='word_1_288' title='bbox 307 3790 525 3852; x_wconf 74' lang='grc' dir='ltr'>πρῶτα</span> <span class='ocrx_word' id='word_1_289' title='bbox 553 3793 651 3855; x_wconf 77' lang='grc' dir='ltr'>τῆς</span> <span class='ocrx_word' id='word_1_290' title='bbox 698 3796 840 3864; x_wconf 72' lang='grc' dir='ltr'>ἐμῆς</span> <span class='ocrx_word' id='word_1_291' title='bbox 883 3794 1066 3866; x_wconf 74' lang='grc' dir='ltr'>φιλίας</span> <span class='ocrx_word' id='word_1_292' title='bbox 1112 3795 1283 3859; x_wconf 80' lang='grc' dir='ltr'>οἴσεις</span> <span class='ocrx_word' id='word_1_293' title='bbox 1331 3797 1426 3850; x_wconf 78' lang='grc' dir='ltr'>καὶ</span> <span class='ocrx_word' id='word_1_294' title='bbox 1471 3801 1816 3871; x_wconf 67' lang='grc' dir='ltr'>παρρησίας*</span> <span class='ocrx_word' id='word_1_295' title='bbox 1850 3803 1900 3856; x_wconf 88' lang='grc' dir='ltr'><strong>εί</strong></span> 
     </span>
    </p>
   </div>
   <div class='ocr_carea' id='block_1_43' title="bbox 305 3874 1900 3954">
    <p class='ocr_par' dir='ltr' id='par_1_43' title="bbox 305 3874 1900 3954">
     <span class='ocr_line' id='line_1_43' title="bbox 305 3874 1900 3954; baseline 0.009 -28"><span class='ocrx_word' id='word_1_296' title='bbox 305 3875 393 3940; x_wconf 75' lang='grc' dir='ltr'>δὲ,</span> <span class='ocrx_word' id='word_1_297' title='bbox 423 3874 454 3928; x_wconf 81' lang='grc' dir='ltr'><strong>ὃ</strong></span> <span class='ocrx_word' id='word_1_298' title='bbox 501 3876 640 3947; x_wconf 76' lang='grc' dir='ltr'>μηδὲ</span> <span class='ocrx_word' id='word_1_299' title='bbox 668 3877 991 3946; x_wconf 80' lang='grc' dir='ltr'>λογίσασθαι</span> <span class='ocrx_word' id='word_1_300' title='bbox 1028 3881 1209 3950; x_wconf 83' lang='grc' dir='ltr'>θέμις,</span> <span class='ocrx_word' id='word_1_301' title='bbox 1258 3888 1360 3950; x_wconf 71' lang='grc' dir='ltr'>τὴν</span> <span class='ocrx_word' id='word_1_302' title='bbox 1399 3892 1606 3936; x_wconf 78' lang='grc' dir='ltr'>οἰκείαν</span> <span class='ocrx_word' id='word_1_303' title='bbox 1639 3893 1755 3952; x_wconf 72' lang='grc' dir='ltr'>ἔριν</span> <span class='ocrx_word' id='word_1_304' title='bbox 1800 3894 1900 3954; x_wconf 75' lang='grc' dir='ltr'>τῆς</span> 
     </span>
    </p>
   </div>
   <div class='ocr_carea' id='block_1_44' title="bbox 307 3966 1899 4050">
    <p class='ocr_par' dir='ltr' id='par_1_44' title="bbox 307 3966 1899 4050">
     <span class='ocr_line' id='line_1_44' title="bbox 307 3966 1899 4050; baseline 0.008 -33"><span class='ocrx_word' id='word_1_305' title='bbox 307 3967 464 4036; x_wconf 67' lang='grc' dir='ltr'>ἐμῆς</span> <span class='ocrx_word' id='word_1_306' title='bbox 502 3966 717 4031; x_wconf 81' lang='grc' dir='ltr'>ἱκεσίας</span> <span class='ocrx_word' id='word_1_307' title='bbox 750 3972 1244 4042; x_wconf 83' lang='grc' dir='ltr'>προτιμησάμενος,</span> <span class='ocrx_word' id='word_1_308' title='bbox 1296 3973 1610 4047; x_wconf 84' lang='grc' dir='ltr'>ὑπερόπτης</span> <span class='ocrx_word' id='word_1_309' title='bbox 1651 3977 1750 4046; x_wconf 79' lang='grc' dir='ltr'>μὲν</span> <span class='ocrx_word' id='word_1_310' title='bbox 1798 3978 1899 4050; x_wconf 80' lang='grc' dir='ltr'>τῆς</span> 
     </span>
    </p>
   </div>
   <div class='ocr_carea' id='block_1_45' title="bbox 307 4056 1895 4141">
    <p class='ocr_par' dir='ltr' id='par_1_45' title="bbox 307 4056 1895 4141">
     <span class='ocr_line' id='line_1_45' title="bbox 307 4056 1895 4141; baseline 0.009 -31"><span class='ocrx_word' id='word_1_311' title='bbox 307 4056 472 4128; x_wconf 72' lang='grc' dir='ltr'>ἐμῆς</span> <span class='ocrx_word' id='word_1_312' title='bbox 506 4057 820 4129; x_wconf 68' lang='grc' dir='ltr'>συμϐουλῆς</span> <span class='ocrx_word' id='word_1_313' title='bbox 851 4062 911 4125; x_wconf 76' lang='grc' dir='ltr'><strong>τ’,</strong></span> <span class='ocrx_word' id='word_1_314' title='bbox 944 4063 1256 4134; x_wconf 80' lang='grc' dir='ltr'>ὑπερόπτης</span> <span class='ocrx_word' id='word_1_315' title='bbox 1302 4066 1359 4118; x_wconf 82' lang='grc' dir='ltr'>δὲ</span> <span class='ocrx_word' id='word_1_316' title='bbox 1389 4067 1496 4120; x_wconf 76' lang='grc' dir='ltr'><strong>τῶν</strong></span> <span class='ocrx_word' id='word_1_317' title='bbox 1543 4072 1895 4141; x_wconf 79' lang='grc' dir='ltr'>προτεινομέ-</span> 
     </span>
    </p>
   </div>
   <div class='ocr_carea' id='block_1_46' title="bbox 301 4149 1897 4231">
    <p class='ocr_par' dir='ltr' id='par_1_46' title="bbox 301 4149 1897 4231">
     <span class='ocr_line' id='line_1_46' title="bbox 301 4149 1897 4231; baseline 0.01 -29"><span class='ocrx_word' id='word_1_318' title='bbox 301 4167 426 4204; x_wconf 86' lang='grc' dir='ltr'><strong>νων</strong></span> <span class='ocrx_word' id='word_1_319' title='bbox 462 4149 672 4222; x_wconf 78' lang='grc' dir='ltr'>γενήσῃ</span> <span class='ocrx_word' id='word_1_320' title='bbox 702 4152 901 4215; x_wconf 88' lang='grc' dir='ltr'>καλῶν,</span> <span class='ocrx_word' id='word_1_321' title='bbox 936 4154 1084 4207; x_wconf 84' lang='grc' dir='ltr'>ἄκων</span> <span class='ocrx_word' id='word_1_322' title='bbox 1108 4155 1551 4229; x_wconf 78' lang='grc' dir='ltr'>διαπραξάμενος</span> <span class='ocrx_word' id='word_1_323' title='bbox 1581 4162 1724 4231; x_wconf 78' lang='grc' dir='ltr'>ἅπερ</span> <span class='ocrx_word' id='word_1_324' title='bbox 1756 4160 1897 4218; x_wconf 79' lang='grc' dir='ltr'>ἑκὼν</span> 
     </span>
    </p>
   </div>
   <div class='ocr_carea' id='block_1_47' title="bbox 299 4240 1896 4319">
    <p class='ocr_par' dir='ltr' id='par_1_47' title="bbox 299 4240 1896 4319">
     <span class='ocr_line' id='line_1_47' title="bbox 299 4240 1896 4319; baseline 0.008 -25"><span class='ocrx_word' id='word_1_325' title='bbox 299 4241 365 4294; x_wconf 75' lang='grc' dir='ltr'><strong>οὐ</strong></span> <span class='ocrx_word' id='word_1_326' title='bbox 385 4240 601 4311; x_wconf 81' lang='grc' dir='ltr'>βούλει,</span> <span class='ocrx_word' id='word_1_327' title='bbox 623 4243 806 4314; x_wconf 84' lang='grc' dir='ltr'>σαυτῷ</span> <span class='ocrx_word' id='word_1_328' title='bbox 824 4245 1090 4317; x_wconf 82' lang='grc' dir='ltr'>μεγίστης</span> <span class='ocrx_word' id='word_1_329' title='bbox 1113 4247 1376 4319; x_wconf 74' lang='grc' dir='ltr'>αἰσχύνης</span> <span class='ocrx_word' id='word_1_330' title='bbox 1404 4249 1498 4303; x_wconf 79' lang='grc' dir='ltr'>καὶ</span> <span class='ocrx_word' id='word_1_331' title='bbox 1513 4250 1830 4318; x_wconf 82' lang='grc' dir='ltr'>δυσϐουλίας</span> <span class='ocrx_word' id='word_1_332' title='bbox 1848 4253 1896 4286; x_wconf 70' lang='grc'><strong>’³</strong></span> 
     </span>
    </p>
   </div>
   <div class='ocr_carea' id='block_1_48' title="bbox 305 4331 765 4402">
    <p class='ocr_par' dir='ltr' id='par_1_48' title="bbox 305 4331 765 4402">
     <span class='ocr_line' id='line_1_48' title="bbox 305 4331 765 4402; baseline 0.013 -20"><span class='ocrx_word' id='word_1_333' title='bbox 305 4332 407 4402; x_wconf 74' lang='grc' dir='ltr'><strong>ἔσῃ</strong></span> <span class='ocrx_word' id='word_1_334' title='bbox 441 4331 765 4402; x_wconf 75' lang='grc' dir='ltr'>παραίτιος.</span> 
     </span>
    </p>
   </div>
   <div class='ocr_carea' id='block_1_49' title="bbox 404 4539 1891 4618">
    <p class='ocr_par' dir='ltr' id='par_1_49' title="bbox 404 4539 1891 4618">
     <span class='ocr_line' id='line_1_49' title="bbox 404 4539 1891 4618; baseline 0.006 -25"><span class='ocrx_word' id='word_1_335' title='bbox 404 4540 447 4592; x_wconf 91' lang='grc'>0</span> <span class='ocrx_word' id='word_1_336' title='bbox 497 4540 558 4595; x_wconf 87' lang='grc' dir='ltr'>δὲ</span> <span class='ocrx_word' id='word_1_337' title='bbox 611 4539 890 4608; x_wconf 87' lang='grc' dir='ltr'>θειότατος</span> <span class='ocrx_word' id='word_1_338' title='bbox 948 4545 1042 4616; x_wconf 79' lang='grc' dir='ltr'>τῆς</span> <span class='ocrx_word' id='word_1_339' title='bbox 1100 4545 1356 4616; x_wconf 80' lang='grc' dir='ltr'>εὐηθείας</span> <span class='ocrx_word' id='word_1_340' title='bbox 1421 4545 1528 4600; x_wconf 89' lang='grc' dir='ltr'><strong>τῶν</strong></span> <span class='ocrx_word' id='word_1_341' title='bbox 1582 4546 1891 4618; x_wconf 77' lang='grc' dir='ltr'>λεγομένων</span> 
     </span>
    </p>
   </div>
   <div class='ocr_carea' id='block_1_50' title="bbox 1927 3121 1972 3181">
    <p class='ocr_par' dir='ltr' id='par_1_50' title="bbox 1927 3121 1972 3181">
     <span class='ocr_line' id='line_1_50' title="bbox 1927 3121 1972 3181; baseline 0 0"><span class='ocrx_word' id='word_1_342' title='bbox 1927 3121 1972 3181; x_wconf 87' lang='lat' dir='ltr'><strong>C</strong></span> 
     </span>
    </p>
   </div>
   <div class='ocr_carea' id='block_1_51' title="bbox 2004 504 3584 576">
    <p class='ocr_par' dir='ltr' id='par_1_51' title="bbox 2004 504 3584 576">
     <span class='ocr_line' id='line_1_51' title="bbox 2004 504 3584 576; baseline 0.003 -14"><span class='ocrx_word' id='word_1_343' title='bbox 2004 507 2228 562; x_wconf 86' lang='lat' dir='ltr'><strong>vitatem</strong></span> <span class='ocrx_word' id='word_1_344' title='bbox 2261 506 2380 570; x_wconf 86' lang='lat' dir='ltr'><strong>Dei,</strong></span> <span class='ocrx_word' id='word_1_345' title='bbox 2409 522 2532 576; x_wconf 76' lang='lat' dir='ltr'><strong>qua:</strong></span> <span class='ocrx_word' id='word_1_346' title='bbox 2557 519 2640 561; x_wconf 85' lang='lat' dir='ltr'><strong>est</strong></span> <span class='ocrx_word' id='word_1_347' title='bbox 2673 504 2933 573; x_wconf 81' lang='lat' dir='ltr'><strong>Ecclesia,</strong></span> <span class='ocrx_word' id='word_1_348' title='bbox 2960 508 3147 564; x_wconf 86' lang='lat' dir='ltr'><strong>multis</strong></span> <span class='ocrx_word' id='word_1_349' title='bbox 3169 509 3584 567; x_wconf 86' lang='lat' dir='ltr'><strong>machinamen-</strong></span> 
     </span>
    </p>
   </div>
   <div class='ocr_carea' id='block_1_52' title="bbox 2005 599 3582 675">
    <p class='ocr_par' dir='ltr' id='par_1_52' title="bbox 2005 599 3582 675">
     <span class='ocr_line' id='line_1_52' title="bbox 2005 599 3582 675; baseline 0.005 -22"><span class='ocrx_word' id='word_1_350' title='bbox 2005 599 2076 655; x_wconf 91' lang='lat' dir='ltr'><strong>tis</strong></span> <span class='ocrx_word' id='word_1_351' title='bbox 2129 599 2382 669; x_wconf 89' lang='lat' dir='ltr'><strong>dolisque</strong></span> <span class='ocrx_word' id='word_1_352' title='bbox 2447 609 2744 658; x_wconf 74' lang='lat' dir='ltr'><strong>concutere</strong></span> <span class='ocrx_word' id='word_1_353' title='bbox 2789 601 3065 657; x_wconf 87' lang='lat' dir='ltr'><strong>studebat.</strong></span> <span class='ocrx_word' id='word_1_354' title='bbox 3137 601 3336 657; x_wconf 77' lang='lat' dir='ltr'><strong>Statim</strong></span> <span class='ocrx_word' id='word_1_355' title='bbox 3395 605 3582 675; x_wconf 84' lang='lat' dir='ltr'><strong>itaque</strong></span> 
     </span>
    </p>
   </div>
   <div class='ocr_carea' id='block_1_53' title="bbox 2005 693 3582 764">
    <p class='ocr_par' dir='ltr' id='par_1_53' title="bbox 2005 693 3582 764">
     <span class='ocr_line' id='line_1_53' title="bbox 2005 693 3582 764; baseline 0.002 -15"><span class='ocrx_word' id='word_1_356' title='bbox 2005 693 2184 749; x_wconf 89' lang='lat' dir='ltr'><strong>oumis</strong></span> <span class='ocrx_word' id='word_1_357' title='bbox 2230 709 2318 749; x_wconf 91' lang='lat' dir='ltr'><strong>res</strong></span> <span class='ocrx_word' id='word_1_358' title='bbox 2345 693 2563 764; x_wconf 87' lang='lat' dir='ltr'><strong>publica</strong></span> <span class='ocrx_word' id='word_1_359' title='bbox 2597 693 2744 749; x_wconf 88' lang='lat' dir='ltr'><strong>illius</strong></span> <span class='ocrx_word' id='word_1_360' title='bbox 2774 694 3045 750; x_wconf 70' lang='lat' dir='ltr'><strong>violentiae</strong></span> <span class='ocrx_word' id='word_1_361' title='bbox 3074 695 3314 764; x_wconf 85' lang='lat' dir='ltr'><strong>procella</strong></span> <span class='ocrx_word' id='word_1_362' title='bbox 3347 699 3582 752; x_wconf 73' lang='lat' dir='ltr'><strong>naufra-</strong></span> 
     </span>
    </p>
   </div>
   <div class='ocr_carea' id='block_1_54' title="bbox 2005 785 3580 858">
    <p class='ocr_par' dir='ltr' id='par_1_54' title="bbox 2005 785 3580 858">
     <span class='ocr_line' id='line_1_54' title="bbox 2005 785 3580 858; baseline 0.003 -18"><span class='ocrx_word' id='word_1_363' title='bbox 2005 787 2152 857; x_wconf 81' lang='lat' dir='ltr'><strong>gium</strong></span> <span class='ocrx_word' id='word_1_364' title='bbox 2180 785 2379 848; x_wconf 77' lang='lat' dir='ltr'><strong>facere.</strong></span> <span class='ocrx_word' id='word_1_365' title='bbox 2415 802 2538 842; x_wconf 87' lang='lat' dir='ltr'><strong>cutn</strong></span> <span class='ocrx_word' id='word_1_366' title='bbox 2567 802 2634 841; x_wconf 90' lang='lat' dir='ltr'><strong>ne</strong></span> <span class='ocrx_word' id='word_1_367' title='bbox 2665 787 2838 842; x_wconf 89' lang='lat' dir='ltr'><strong>obniti</strong></span> <span class='ocrx_word' id='word_1_368' title='bbox 2871 789 3089 858; x_wconf 84' lang='lat' dir='ltr'><strong>quidem</strong></span> <span class='ocrx_word' id='word_1_369' title='bbox 3129 798 3439 845; x_wconf 85' lang='lat' dir='ltr'><strong>conaretur.</strong></span> <span class='ocrx_word' id='word_1_370' title='bbox 3475 791 3580 857; x_wconf 86' lang='lat' dir='ltr'><strong>Qui</strong></span> 
     </span>
    </p>
   </div>
   <div class='ocr_carea' id='block_1_55' title="bbox 2003 867 3580 949">
    <p class='ocr_par' dir='ltr' id='par_1_55' title="bbox 2003 867 3580 949">
     <span class='ocr_line' id='line_1_55' title="bbox 2003 867 3580 949; baseline 0.004 -19"><span class='ocrx_word' id='word_1_371' title='bbox 2003 877 2266 932; x_wconf 90' lang='lat' dir='ltr'><strong>virtutum</strong></span> <span class='ocrx_word' id='word_1_372' title='bbox 2293 893 2402 946; x_wconf 87' lang='lat' dir='ltr'><strong>quo</strong></span> <span class='ocrx_word' id='word_1_373' title='bbox 2429 879 2970 947; x_wconf 71' lang='lat' dir='ltr'><strong>praestabantmento</strong></span> <span class='ocrx_word' id='word_1_374' title='bbox 2996 879 3221 949; x_wconf 81' lang='lat' dir='ltr'><strong>reliquis</strong></span> <span class='ocrx_word' id='word_1_375' title='bbox 3250 880 3317 935; x_wconf 84' lang='lat' dir='ltr'><strong>ad</strong></span> <span class='ocrx_word' id='word_1_376' title='bbox 3339 867 3580 937; x_wconf 71' lang='lat' dir='ltr'><strong>caelestia</strong></span> 
     </span>
    </p>
   </div>
   <div class='ocr_carea' id='block_1_56' title="bbox 2006 969 3578 1043">
    <p class='ocr_par' dir='ltr' id='par_1_56' title="bbox 2006 969 3578 1043">
     <span class='ocr_line' id='line_1_56' title="bbox 2006 969 3578 1043; baseline 0 -17"><span class='ocrx_word' id='word_1_377' title='bbox 2006 969 2173 1026; x_wconf 83' lang='lat' dir='ltr'><strong>duces</strong></span> <span class='ocrx_word' id='word_1_378' title='bbox 2225 979 2401 1034; x_wconf 78' lang='lat' dir='ltr'><strong>erant,</strong></span> <span class='ocrx_word' id='word_1_379' title='bbox 2453 969 2601 1025; x_wconf 92' lang='lat' dir='ltr'><strong>illius</strong></span> <span class='ocrx_word' id='word_1_380' title='bbox 2649 970 2907 1040; x_wconf 67' lang='lat' dir='ltr'><strong>nequitia</strong></span> <span class='ocrx_word' id='word_1_381' title='bbox 2950 972 3207 1026; x_wconf 81' lang='lat' dir='ltr'><strong>fluctibus</strong></span> <span class='ocrx_word' id='word_1_382' title='bbox 3259 987 3421 1028; x_wconf 86' lang='lat' dir='ltr'><strong>secus</strong></span> <span class='ocrx_word' id='word_1_383' title='bbox 3468 970 3578 1043; x_wconf 93' lang='lat' dir='ltr'><strong>agi,</strong></span> 
     </span>
    </p>
   </div>
   <div class='ocr_carea' id='block_1_57' title="bbox 2005 1059 3582 1130">
    <p class='ocr_par' dir='ltr' id='par_1_57' title="bbox 2005 1059 3582 1130">
     <span class='ocr_line' id='line_1_57' title="bbox 2005 1059 3582 1130; baseline 0.001 -15"><span class='ocrx_word' id='word_1_384' title='bbox 2005 1068 2238 1130; x_wconf 88' lang='lat' dir='ltr'><strong>astuque</strong></span> <span class='ocrx_word' id='word_1_385' title='bbox 2268 1059 2468 1129; x_wconf 85' lang='lat' dir='ltr'><strong>decipi,</strong></span> <span class='ocrx_word' id='word_1_386' title='bbox 2507 1060 2720 1115; x_wconf 88' lang='lat' dir='ltr'><strong>tametsi</strong></span> <span class='ocrx_word' id='word_1_387' title='bbox 2751 1061 3083 1130; x_wconf 74' lang='lat' dir='ltr'><strong>pcenitentize</strong></span> <span class='ocrx_word' id='word_1_388' title='bbox 3112 1062 3353 1117; x_wconf 88' lang='lat' dir='ltr'><strong>remedio</strong></span> <span class='ocrx_word' id='word_1_389' title='bbox 3378 1078 3582 1117; x_wconf 79' lang='lat' dir='ltr'><strong>noxam</strong></span> 
     </span>
    </p>
   </div>
   <div class='ocr_carea' id='block_1_58' title="bbox 2006 1149 3581 1224">
    <p class='ocr_par' dir='ltr' id='par_1_58' title="bbox 2006 1149 3581 1224">
     <span class='ocr_line' id='line_1_58' title="bbox 2006 1149 3581 1224; baseline 0.002 -18"><span class='ocrx_word' id='word_1_390' title='bbox 2006 1151 2363 1207; x_wconf 86' lang='lat' dir='ltr'><strong>resareivere.</strong></span> <span class='ocrx_word' id='word_1_391' title='bbox 2417 1149 2519 1217; x_wconf 86' lang='lat' dir='ltr'><strong>Qui</strong></span> <span class='ocrx_word' id='word_1_392' title='bbox 2565 1159 2749 1206; x_wconf 87' lang='lat' dir='ltr'><strong>autem</strong></span> <span class='ocrx_word' id='word_1_393' title='bbox 2787 1166 2876 1207; x_wconf 85' lang='lat' dir='ltr'><strong>res</strong></span> <span class='ocrx_word' id='word_1_394' title='bbox 2907 1160 3173 1215; x_wconf 89' lang='lat' dir='ltr'><strong>terrenas,</strong></span> <span class='ocrx_word' id='word_1_395' title='bbox 3215 1168 3382 1222; x_wconf 84' lang='lat' dir='ltr'><strong>seque</strong></span> <span class='ocrx_word' id='word_1_396' title='bbox 3431 1156 3581 1224; x_wconf 86' lang='lat' dir='ltr'><strong>ipsos</strong></span> 
     </span>
    </p>
   </div>
   <div class='ocr_carea' id='block_1_59' title="bbox 2006 1243 3576 1316">
    <p class='ocr_par' dir='ltr' id='par_1_59' title="bbox 2006 1243 3576 1316">
     <span class='ocr_line' id='line_1_59' title="bbox 2006 1243 3576 1316; baseline 0 -17"><span class='ocrx_word' id='word_1_397' title='bbox 2006 1254 2423 1299; x_wconf 86' lang='lat' dir='ltr'><strong>contemnentes</strong></span> <span class='ocrx_word' id='word_1_398' title='bbox 2464 1244 2661 1299; x_wconf 88' lang='lat' dir='ltr'><strong>mentis</strong></span> <span class='ocrx_word' id='word_1_399' title='bbox 2691 1243 2913 1299; x_wconf 86' lang='lat' dir='ltr'><strong>solertia</strong></span> <span class='ocrx_word' id='word_1_400' title='bbox 2953 1243 3132 1299; x_wconf 86' lang='lat' dir='ltr'><strong>scelus</strong></span> <span class='ocrx_word' id='word_1_401' title='bbox 3161 1244 3425 1308; x_wconf 74' lang='lat' dir='ltr'><strong>vicerant,</strong></span> <span class='ocrx_word' id='word_1_402' title='bbox 3465 1261 3576 1316; x_wconf 88' lang='lat' dir='ltr'><strong>qua</strong></span> 
     </span>
    </p>
   </div>
   <div class='ocr_carea' id='block_1_60' title="bbox 2007 1332 3581 1403">
    <p class='ocr_par' dir='ltr' id='par_1_60' title="bbox 2007 1332 3581 1403">
     <span class='ocr_line' id='line_1_60' title="bbox 2007 1332 3581 1403; baseline -0.001 -13"><span class='ocrx_word' id='word_1_403' title='bbox 2007 1334 2152 1390; x_wconf 81' lang='lat' dir='ltr'><strong>fame</strong></span> <span class='ocrx_word' id='word_1_404' title='bbox 2193 1333 2642 1399; x_wconf 84' lang='lat' dir='ltr'><strong>conficiebantur,</strong></span> <span class='ocrx_word' id='word_1_405' title='bbox 2690 1349 2800 1403; x_wconf 86' lang='lat' dir='ltr'><strong>qua</strong></span> <span class='ocrx_word' id='word_1_406' title='bbox 2845 1333 3160 1389; x_wconf 81' lang='lat' dir='ltr'><strong>verberibus</strong></span> <span class='ocrx_word' id='word_1_407' title='bbox 3200 1332 3318 1387; x_wconf 90' lang='lat' dir='ltr'><strong>dire</strong></span> <span class='ocrx_word' id='word_1_408' title='bbox 3381 1336 3581 1388; x_wconf 61' lang='lat' dir='ltr'><strong>excrul</strong></span> 
     </span>
    </p>
   </div>
   <div class='ocr_carea' id='block_1_61' title="bbox 2007 1405 3583 1495">
    <p class='ocr_par' dir='ltr' id='par_1_61' title="bbox 2007 1405 3583 1495">
     <span class='ocr_line' id='line_1_61' title="bbox 2007 1405 3583 1495; baseline -0.002 -12"><span class='ocrx_word' id='word_1_409' title='bbox 2007 1427 2299 1483; x_wconf 88' lang='lat' dir='ltr'><strong>ciabantur</strong></span> <span class='ocrx_word' id='word_1_410' title='bbox 2330 1443 2344 1479; x_wconf 91' lang='lat'><strong>:</strong></span> <span class='ocrx_word' id='word_1_411' title='bbox 2381 1439 2776 1495; x_wconf 88' lang='lat' dir='ltr'><strong>nonnunquam</strong></span> <span class='ocrx_word' id='word_1_412' title='bbox 2793 1425 2974 1480; x_wconf 64' lang='lat' dir='ltr'><strong>etiam</strong></span> <span class='ocrx_word' id='word_1_413' title='bbox 3007 1433 3168 1480; x_wconf 91' lang='lat' dir='ltr'><strong>noctu</strong></span> <span class='ocrx_word' id='word_1_414' title='bbox 3206 1405 3583 1494; x_wconf 81' lang='lat' dir='ltr'><strong>conjicieban-</strong></span> 
     </span>
    </p>
   </div>
   <div class='ocr_carea' id='block_1_62' title="bbox 2009 1519 2394 1575">
    <p class='ocr_par' dir='ltr' id='par_1_62' title="bbox 2009 1519 2394 1575">
     <span class='ocr_line' id='line_1_62' title="bbox 2009 1519 2394 1575; baseline -0.003 0"><span class='ocrx_word' id='word_1_415' title='bbox 2009 1528 2098 1575; x_wconf 87' lang='lat' dir='ltr'><strong>tur</strong></span> <span class='ocrx_word' id='word_1_416' title='bbox 2137 1519 2190 1574; x_wconf 90' lang='lat' dir='ltr'><strong>in</strong></span> <span class='ocrx_word' id='word_1_417' title='bbox 2219 1532 2394 1574; x_wconf 87' lang='lat' dir='ltr'><strong>mare.</strong></span> 
     </span>
    </p>
   </div>
   <div class='ocr_carea' id='block_1_63' title="bbox 2077 1611 3581 1682">
    <p class='ocr_par' dir='ltr' id='par_1_63' title="bbox 2077 1611 3581 1682">
     <span class='ocr_line' id='line_1_63' title="bbox 2077 1611 3581 1682; baseline -0.002 -14"><span class='ocrx_word' id='word_1_418' title='bbox 2077 1614 2231 1668; x_wconf 89' lang='lat' dir='ltr'><strong>Tunc</strong></span> <span class='ocrx_word' id='word_1_419' title='bbox 2256 1613 2442 1682; x_wconf 80' lang='lat' dir='ltr'><strong>igitur,</strong></span> <span class='ocrx_word' id='word_1_420' title='bbox 2476 1621 2604 1666; x_wconf 89' lang='lat' dir='ltr'><strong>tunc</strong></span> <span class='ocrx_word' id='word_1_421' title='bbox 2634 1611 2701 1665; x_wconf 88' lang='lat' dir='ltr'><strong>ad</strong></span> <span class='ocrx_word' id='word_1_422' title='bbox 2725 1622 2998 1666; x_wconf 83' lang='lat' dir='ltr'><strong>certamen</strong></span> <span class='ocrx_word' id='word_1_423' title='bbox 3039 1618 3266 1666; x_wconf 80' lang='lat' dir='ltr'><strong>vocatur</strong></span> <span class='ocrx_word' id='word_1_424' title='bbox 3292 1611 3452 1666; x_wconf 87' lang='lat' dir='ltr'><strong>etiam</strong></span> <span class='ocrx_word' id='word_1_425' title='bbox 3495 1611 3581 1665; x_wconf 81' lang='lat' dir='ltr'><strong>vir</strong></span> 
     </span>
    </p>
   </div>
   <div class='ocr_carea' id='block_1_64' title="bbox 2008 1704 3580 1774">
    <p class='ocr_par' dir='ltr' id='par_1_64' title="bbox 2008 1704 3580 1774">
     <span class='ocr_line' id='line_1_64' title="bbox 2008 1704 3580 1774; baseline -0.001 -15"><span class='ocrx_word' id='word_1_426' title='bbox 2008 1705 2388 1769; x_wconf 88' lang='lat' dir='ltr'><strong>admirandus,</strong></span> <span class='ocrx_word' id='word_1_427' title='bbox 2445 1721 2554 1760; x_wconf 84' lang='lat' dir='ltr'><strong>non</strong></span> <span class='ocrx_word' id='word_1_428' title='bbox 2607 1705 2824 1774; x_wconf 83' lang='lat' dir='ltr'><strong>quidem</strong></span> <span class='ocrx_word' id='word_1_429' title='bbox 2883 1720 3044 1758; x_wconf 89' lang='lat' dir='ltr'><strong>manu</strong></span> <span class='ocrx_word' id='word_1_430' title='bbox 3104 1704 3402 1774; x_wconf 78' lang='lat' dir='ltr'><strong>tyrannica,</strong></span> <span class='ocrx_word' id='word_1_431' title='bbox 3435 1712 3580 1758; x_wconf 87' lang='lat' dir='ltr'><strong>etut</strong></span> 
     </span>
    </p>
   </div>
   <div class='ocr_carea' id='block_1_65' title="bbox 2010 1795 3582 1865">
    <p class='ocr_par' dir='ltr' id='par_1_65' title="bbox 2010 1795 3582 1865">
     <span class='ocr_line' id='line_1_65' title="bbox 2010 1795 3582 1865; baseline -0.001 -15"><span class='ocrx_word' id='word_1_432' title='bbox 2010 1796 2158 1850; x_wconf 89' lang='lat' dir='ltr'><strong>illata</strong></span> <span class='ocrx_word' id='word_1_433' title='bbox 2189 1796 2239 1850; x_wconf 92' lang='lat' dir='ltr'><strong>vi</strong></span> <span class='ocrx_word' id='word_1_434' title='bbox 2276 1796 2579 1850; x_wconf 81' lang='lat' dir='ltr'><strong>adducatur</strong></span> <span class='ocrx_word' id='word_1_435' title='bbox 2608 1811 2623 1858; x_wconf 85' lang='lat'><strong>;</strong></span> <span class='ocrx_word' id='word_1_436' title='bbox 2655 1797 2748 1850; x_wconf 87' lang='lat' dir='ltr'><strong>sed</strong></span> <span class='ocrx_word' id='word_1_437' title='bbox 2782 1803 2840 1848; x_wconf 92' lang='lat' dir='ltr'><strong>ut</strong></span> <span class='ocrx_word' id='word_1_438' title='bbox 2866 1802 3094 1865; x_wconf 76' lang='lat' dir='ltr'><strong>tyranno</strong></span> <span class='ocrx_word' id='word_1_439' title='bbox 3120 1795 3402 1852; x_wconf 86' lang='lat' dir='ltr'><strong>consuetis</strong></span> <span class='ocrx_word' id='word_1_440' title='bbox 3427 1796 3582 1850; x_wconf 89' lang='lat' dir='ltr'><strong>blan-</strong></span> 
     </span>
    </p>
   </div>
   <div class='ocr_carea' id='block_1_66' title="bbox 2009 1885 3572 1953">
    <p class='ocr_par' dir='ltr' id='par_1_66' title="bbox 2009 1885 3572 1953">
     <span class='ocr_line' id='line_1_66' title="bbox 2009 1885 3572 1953; baseline -0.001 -10"><span class='ocrx_word' id='word_1_441' title='bbox 2009 1888 2158 1943; x_wconf 90' lang='lat' dir='ltr'><strong>ditiis</strong></span> <span class='ocrx_word' id='word_1_442' title='bbox 2195 1902 2258 1942; x_wconf 89' lang='lat' dir='ltr'><strong>ac</strong></span> <span class='ocrx_word' id='word_1_443' title='bbox 2283 1887 2422 1942; x_wconf 91' lang='lat' dir='ltr'><strong>dolis</strong></span> <span class='ocrx_word' id='word_1_444' title='bbox 2451 1885 2518 1940; x_wconf 91' lang='lat' dir='ltr'><strong>ad</strong></span> <span class='ocrx_word' id='word_1_445' title='bbox 2558 1886 2662 1940; x_wconf 91' lang='lat' dir='ltr'><strong>iter</strong></span> <span class='ocrx_word' id='word_1_446' title='bbox 2697 1885 3012 1941; x_wconf 85' lang='lat' dir='ltr'><strong>inducatur.</strong></span> <span class='ocrx_word' id='word_1_447' title='bbox 3036 1886 3314 1942; x_wconf 83' lang='lat' dir='ltr'><strong>Adversus</strong></span> <span class='ocrx_word' id='word_1_448' title='bbox 3358 1885 3572 1953; x_wconf 82' lang='lat' dir='ltr'><strong>hostes,</strong></span> 
     </span>
    </p>
   </div>
   <div class='ocr_carea' id='block_1_67' title="bbox 2009 1977 3578 2047">
    <p class='ocr_par' dir='ltr' id='par_1_67' title="bbox 2009 1977 3578 2047">
     <span class='ocr_line' id='line_1_67' title="bbox 2009 1977 3578 2047; baseline -0.002 -12"><span class='ocrx_word' id='word_1_449' title='bbox 2009 1980 2211 2042; x_wconf 84' lang='lat' dir='ltr'><strong>aiebat,</strong></span> <span class='ocrx_word' id='word_1_450' title='bbox 2245 1978 2370 2033; x_wconf 91' lang='lat' dir='ltr'><strong>belli</strong></span> <span class='ocrx_word' id='word_1_451' title='bbox 2404 1978 2535 2032; x_wconf 90' lang='lat' dir='ltr'><strong>mihi</strong></span> <span class='ocrx_word' id='word_1_452' title='bbox 2594 1977 2768 2033; x_wconf 89' lang='lat' dir='ltr'><strong>moles</strong></span> <span class='ocrx_word' id='word_1_453' title='bbox 2801 1977 3071 2032; x_wconf 89' lang='lat' dir='ltr'><strong>incumbit</strong></span> <span class='ocrx_word' id='word_1_454' title='bbox 3103 1996 3117 2034; x_wconf 86' lang='lat'><strong>:</strong></span> <span class='ocrx_word' id='word_1_455' title='bbox 3148 1977 3243 2033; x_wconf 90' lang='lat' dir='ltr'><strong>sed</strong></span> <span class='ocrx_word' id='word_1_456' title='bbox 3284 1986 3578 2047; x_wconf 87' lang='lat' dir='ltr'><strong>antequam</strong></span> 
     </span>
    </p>
   </div>
   <div class='ocr_carea' id='block_1_68' title="bbox 2011 2069 3580 2138">
    <p class='ocr_par' dir='ltr' id='par_1_68' title="bbox 2011 2069 3580 2138">
     <span class='ocr_line' id='line_1_68' title="bbox 2011 2069 3580 2138; baseline 0.001 -17"><span class='ocrx_word' id='word_1_457' title='bbox 2011 2083 2203 2123; x_wconf 88' lang='lat' dir='ltr'><strong>manus</strong></span> <span class='ocrx_word' id='word_1_458' title='bbox 2223 2084 2344 2124; x_wconf 89' lang='lat' dir='ltr'><strong>cum</strong></span> <span class='ocrx_word' id='word_1_459' title='bbox 2375 2069 2482 2126; x_wconf 87' lang='lat' dir='ltr'><strong>illis</strong></span> <span class='ocrx_word' id='word_1_460' title='bbox 2509 2083 2815 2134; x_wconf 88' lang='lat' dir='ltr'><strong>conseram,</strong></span> <span class='ocrx_word' id='word_1_461' title='bbox 2869 2083 3090 2138; x_wconf 90' lang='lat' dir='ltr'><strong>precum</strong></span> <span class='ocrx_word' id='word_1_462' title='bbox 3135 2077 3351 2123; x_wconf 88' lang='lat' dir='ltr'><strong>tuarum</strong></span> <span class='ocrx_word' id='word_1_463' title='bbox 3387 2069 3580 2138; x_wconf 79' lang='lat' dir='ltr'><strong>praesi-</strong></span> 
     </span>
    </p>
   </div>
   <div class='ocr_carea' id='block_1_69' title="bbox 2009 2151 3580 2225">
    <p class='ocr_par' dir='ltr' id='par_1_69' title="bbox 2009 2151 3580 2225">
     <span class='ocr_line' id='line_1_69' title="bbox 2009 2151 3580 2225; baseline 0.001 -17"><span class='ocrx_word' id='word_1_464' title='bbox 2009 2153 2096 2209; x_wconf 91' lang='lat' dir='ltr'><strong>dio</strong></span> <span class='ocrx_word' id='word_1_465' title='bbox 2128 2153 2342 2207; x_wconf 88' lang='lat' dir='ltr'><strong>muniar</strong></span> <span class='ocrx_word' id='word_1_466' title='bbox 2365 2168 2590 2208; x_wconf 88' lang='lat' dir='ltr'><strong>necesse</strong></span> <span class='ocrx_word' id='word_1_467' title='bbox 2612 2161 2716 2207; x_wconf 90' lang='lat' dir='ltr'><strong>est.</strong></span> <span class='ocrx_word' id='word_1_468' title='bbox 2737 2151 3097 2222; x_wconf 82' lang='lat' dir='ltr'><strong>Theophanes</strong></span> <span class='ocrx_word' id='word_1_469' title='bbox 3127 2165 3331 2219; x_wconf 90' lang='lat' dir='ltr'><strong>autem,</strong></span> <span class='ocrx_word' id='word_1_470' title='bbox 3361 2155 3580 2225; x_wconf 85' lang='lat' dir='ltr'><strong>cognita</strong></span> 
     </span>
    </p>
   </div>
   <div class='ocr_carea' id='block_1_70' title="bbox 2010 2242 3578 2312">
    <p class='ocr_par' dir='ltr' id='par_1_70' title="bbox 2010 2242 3578 2312">
     <span class='ocr_line' id='line_1_70' title="bbox 2010 2242 3578 2312; baseline 0.004 -16"><span class='ocrx_word' id='word_1_471' title='bbox 2010 2242 2247 2298; x_wconf 89' lang='lat' dir='ltr'><strong>hominis</strong></span> <span class='ocrx_word' id='word_1_472' title='bbox 2282 2243 2511 2308; x_wconf 85' lang='lat' dir='ltr'><strong>malitia,</strong></span> <span class='ocrx_word' id='word_1_473' title='bbox 2543 2243 2796 2312; x_wconf 87' lang='lat' dir='ltr'><strong>quamvis</strong></span> <span class='ocrx_word' id='word_1_474' title='bbox 2836 2259 3030 2298; x_wconf 89' lang='lat' dir='ltr'><strong>renum</strong></span> <span class='ocrx_word' id='word_1_475' title='bbox 3053 2254 3107 2299; x_wconf 92' lang='lat' dir='ltr'><strong>et</strong></span> <span class='ocrx_word' id='word_1_476' title='bbox 3134 2247 3307 2300; x_wconf 65' lang='lat' dir='ltr'><strong>urina:</strong></span> <span class='ocrx_word' id='word_1_477' title='bbox 3343 2246 3578 2304; x_wconf 82' lang='lat' dir='ltr'><strong>dillicul-</strong></span> 
     </span>
    </p>
   </div>
   <div class='ocr_carea' id='block_1_71' title="bbox 2011 2335 3578 2407">
    <p class='ocr_par' dir='ltr' id='par_1_71' title="bbox 2011 2335 3578 2407">
     <span class='ocr_line' id='line_1_71' title="bbox 2011 2335 3578 2407; baseline 0.003 -17"><span class='ocrx_word' id='word_1_478' title='bbox 2011 2343 2120 2390; x_wconf 90' lang='lat' dir='ltr'><strong>tate</strong></span> <span class='ocrx_word' id='word_1_479' title='bbox 2177 2335 2450 2390; x_wconf 82' lang='lat' dir='ltr'><strong>laboraret</strong></span> <span class='ocrx_word' id='word_1_480' title='bbox 2483 2335 2902 2405; x_wconf 86' lang='lat' dir='ltr'><strong>(instrumentis</strong></span> <span class='ocrx_word' id='word_1_481' title='bbox 2943 2336 3088 2391; x_wconf 89' lang='lat' dir='ltr'><strong>enim</strong></span> <span class='ocrx_word' id='word_1_482' title='bbox 3125 2353 3220 2407; x_wconf 88' lang='lat' dir='ltr'><strong>per</strong></span> <span class='ocrx_word' id='word_1_483' title='bbox 3272 2340 3578 2396; x_wconf 86' lang='lat' dir='ltr'><strong>naturalem</strong></span> 
     </span>
    </p>
   </div>
   <div class='ocr_carea' id='block_1_72' title="bbox 2007 2425 3578 2498">
    <p class='ocr_par' dir='ltr' id='par_1_72' title="bbox 2007 2425 3578 2498">
     <span class='ocr_line' id='line_1_72' title="bbox 2007 2425 3578 2498; baseline 0.003 -16"><span class='ocrx_word' id='word_1_484' title='bbox 2007 2425 2317 2482; x_wconf 86' lang='lat' dir='ltr'><strong>cuniculum</strong></span> <span class='ocrx_word' id='word_1_485' title='bbox 2351 2425 2403 2479; x_wconf 91' lang='lat' dir='ltr'><strong>in</strong></span> <span class='ocrx_word' id='word_1_486' title='bbox 2427 2426 2667 2481; x_wconf 87' lang='lat' dir='ltr'><strong>vesicam</strong></span> <span class='ocrx_word' id='word_1_487' title='bbox 2719 2425 2998 2495; x_wconf 87' lang='lat' dir='ltr'><strong>admissis,</strong></span> <span class='ocrx_word' id='word_1_488' title='bbox 3025 2444 3146 2498; x_wconf 75' lang='lat' dir='ltr'><strong>quze</strong></span> <span class='ocrx_word' id='word_1_489' title='bbox 3191 2429 3397 2498; x_wconf 86' lang='lat' dir='ltr'><strong>lapides</strong></span> <span class='ocrx_word' id='word_1_490' title='bbox 3440 2432 3578 2486; x_wconf 79' lang='lat' dir='ltr'><strong>insi-</strong></span> 
     </span>
    </p>
   </div>
   <div class='ocr_carea' id='block_1_73' title="bbox 2007 2518 3576 2585">
    <p class='ocr_par' dir='ltr' id='par_1_73' title="bbox 2007 2518 3576 2585">
     <span class='ocr_line' id='line_1_73' title="bbox 2007 2518 3576 2585; baseline 0.003 -11"><span class='ocrx_word' id='word_1_491' title='bbox 2007 2527 2092 2574; x_wconf 91' lang='lat' dir='ltr'><strong>tos</strong></span> <span class='ocrx_word' id='word_1_492' title='bbox 2179 2518 2580 2585; x_wconf 87' lang='lat' dir='ltr'><strong>commolirent,</strong></span> <span class='ocrx_word' id='word_1_493' title='bbox 2639 2519 2882 2575; x_wconf 88' lang='lat' dir='ltr'><strong>humidis</strong></span> <span class='ocrx_word' id='word_1_494' title='bbox 2941 2523 3304 2578; x_wconf 72' lang='lat' dir='ltr'><strong>excrementis</strong></span> <span class='ocrx_word' id='word_1_495' title='bbox 3368 2525 3576 2579; x_wconf 77' lang='lat' dir='ltr'><strong>exitum</strong></span> 
     </span>
    </p>
   </div>
   <div class='ocr_carea' id='block_1_74' title="bbox 2006 2610 3576 2683">
    <p class='ocr_par' dir='ltr' id='par_1_74' title="bbox 2006 2610 3576 2683">
     <span class='ocr_line' id='line_1_74' title="bbox 2006 2610 3576 2683; baseline 0.004 -19"><span class='ocrx_word' id='word_1_496' title='bbox 2006 2610 2422 2683; x_wconf 54' lang='lat' dir='ltr'><strong>praebebat)“</strong></span> <span class='ocrx_word' id='word_1_497' title='bbox 2469 2627 2591 2666; x_wconf 90' lang='lat' dir='ltr'><strong>cum</strong></span> <span class='ocrx_word' id='word_1_498' title='bbox 2643 2611 2897 2668; x_wconf 80' lang='lat' dir='ltr'><strong>maximis</strong></span> <span class='ocrx_word' id='word_1_499' title='bbox 2945 2612 3206 2668; x_wconf 88' lang='lat' dir='ltr'><strong>molestiis</strong></span> <span class='ocrx_word' id='word_1_500' title='bbox 3261 2626 3576 2683; x_wconf 77' lang='lat' dir='ltr'><strong>vexaretur,</strong></span> 
     </span>
    </p>
   </div>
   <div class='ocr_carea' id='block_1_75' title="bbox 2007 2701 3576 2777">
    <p class='ocr_par' dir='ltr' id='par_1_75' title="bbox 2007 2701 3576 2777">
     <span class='ocr_line' id='line_1_75' title="bbox 2007 2701 3576 2777; baseline 0.004 -21"><span class='ocrx_word' id='word_1_501' title='bbox 2007 2702 2172 2770; x_wconf 91' lang='lat' dir='ltr'><strong>inque</strong></span> <span class='ocrx_word' id='word_1_502' title='bbox 2211 2702 2410 2757; x_wconf 88' lang='lat' dir='ltr'><strong>lectulo</strong></span> <span class='ocrx_word' id='word_1_503' title='bbox 2448 2711 2689 2774; x_wconf 69' lang='lat' dir='ltr'><strong>mgrotus</strong></span> <span class='ocrx_word' id='word_1_504' title='bbox 2723 2701 2943 2758; x_wconf 86' lang='lat' dir='ltr'><strong>assidue</strong></span> <span class='ocrx_word' id='word_1_505' title='bbox 2973 2702 3343 2770; x_wconf 87' lang='lat' dir='ltr'><strong>decumberet,</strong></span> <span class='ocrx_word' id='word_1_506' title='bbox 3372 2706 3576 2777; x_wconf 82' lang='lat' dir='ltr'><strong>scapha</strong></span> 
     </span>
    </p>
   </div>
   <div class='ocr_carea' id='block_1_76' title="bbox 2007 2793 3576 2864">
    <p class='ocr_par' dir='ltr' id='par_1_76' title="bbox 2007 2793 3576 2864">
     <span class='ocr_line' id='line_1_76' title="bbox 2007 2793 3576 2864; baseline 0.006 -19"><span class='ocrx_word' id='word_1_507' title='bbox 2007 2802 2188 2846; x_wconf 89' lang='lat' dir='ltr'><strong>tamen</strong></span> <span class='ocrx_word' id='word_1_508' title='bbox 2217 2793 2282 2846; x_wconf 90' lang='lat' dir='ltr'><strong>ad</strong></span> <span class='ocrx_word' id='word_1_509' title='bbox 2318 2793 2507 2848; x_wconf 87' lang='lat' dir='ltr'><strong>urbem</strong></span> <span class='ocrx_word' id='word_1_510' title='bbox 2553 2794 2758 2862; x_wconf 80' lang='lat' dir='ltr'><strong>regiam</strong></span> <span class='ocrx_word' id='word_1_511' title='bbox 2813 2794 3048 2864; x_wconf 88' lang='lat' dir='ltr'><strong>trajecit.</strong></span> <span class='ocrx_word' id='word_1_512' title='bbox 3091 2794 3244 2861; x_wconf 85' lang='lat' dir='ltr'><strong>Quod</strong></span> <span class='ocrx_word' id='word_1_513' title='bbox 3289 2811 3414 2852; x_wconf 91' lang='lat' dir='ltr'><strong>cum</strong></span> <span class='ocrx_word' id='word_1_514' title='bbox 3455 2814 3576 2854; x_wconf 73' lang='lat' dir='ltr'><strong>sce~</strong></span> 
     </span>
    </p>
   </div>
   <div class='ocr_carea' id='block_1_77' title="bbox 2004 2883 3569 2958">
    <p class='ocr_par' dir='ltr' id='par_1_77' title="bbox 2004 2883 3569 2958">
     <span class='ocr_line' id='line_1_77' title="bbox 2004 2883 3569 2958; baseline 0.004 -20"><span class='ocrx_word' id='word_1_515' title='bbox 2004 2883 2336 2941; x_wconf 87' lang='lat' dir='ltr'><strong>lestissimus</strong></span> <span class='ocrx_word' id='word_1_516' title='bbox 2367 2885 2457 2940; x_wconf 89' lang='lat' dir='ltr'><strong>ille</strong></span> <span class='ocrx_word' id='word_1_517' title='bbox 2506 2885 2879 2951; x_wconf 80' lang='lat' dir='ltr'><strong>intellexisset,</strong></span> <span class='ocrx_word' id='word_1_518' title='bbox 2913 2886 3091 2941; x_wconf 85' lang='lat' dir='ltr'><strong>sancti</strong></span> <span class='ocrx_word' id='word_1_519' title='bbox 3150 2887 3253 2942; x_wconf 90' lang='lat' dir='ltr'><strong>viri</strong></span> <span class='ocrx_word' id='word_1_520' title='bbox 3284 2898 3569 2958; x_wconf 86' lang='lat' dir='ltr'><strong>aspectum</strong></span> 
     </span>
    </p>
   </div>
   <div class='ocr_carea' id='block_1_78' title="bbox 2005 2975 3574 3048">
    <p class='ocr_par' dir='ltr' id='par_1_78' title="bbox 2005 2975 3574 3048">
     <span class='ocr_line' id='line_1_78' title="bbox 2005 2975 3574 3048; baseline 0.003 -20"><span class='ocrx_word' id='word_1_521' title='bbox 2005 2977 2170 3046; x_wconf 72' lang='lat' dir='ltr'><strong>(ejus</strong></span> <span class='ocrx_word' id='word_1_522' title='bbox 2211 2985 2342 3046; x_wconf 88' lang='lat' dir='ltr'><strong>puto</strong></span> <span class='ocrx_word' id='word_1_523' title='bbox 2377 2975 2739 3032; x_wconf 85' lang='lat' dir='ltr'><strong>constantiam</strong></span> <span class='ocrx_word' id='word_1_524' title='bbox 2783 2977 2968 3031; x_wconf 87' lang='lat' dir='ltr'><strong>animo</strong></span> <span class='ocrx_word' id='word_1_525' title='bbox 3009 2980 3311 3048; x_wconf 87' lang='lat' dir='ltr'><strong>reputans)</strong></span> <span class='ocrx_word' id='word_1_526' title='bbox 3345 2980 3574 3046; x_wconf 80' lang='lat' dir='ltr'><strong>veritus,</strong></span> 
     </span>
    </p>
   </div>
   <div class='ocr_carea' id='block_1_79' title="bbox 2006 3068 3574 3138">
    <p class='ocr_par' dir='ltr' id='par_1_79' title="bbox 2006 3068 3574 3138">
     <span class='ocr_line' id='line_1_79' title="bbox 2006 3068 3574 3138; baseline 0.004 -16"><span class='ocrx_word' id='word_1_527' title='bbox 2006 3083 2101 3138; x_wconf 91' lang='lat' dir='ltr'><strong>per</strong></span> <span class='ocrx_word' id='word_1_528' title='bbox 2133 3083 2299 3122; x_wconf 90' lang='lat' dir='ltr'><strong>unum</strong></span> <span class='ocrx_word' id='word_1_529' title='bbox 2328 3069 2566 3138; x_wconf 85' lang='lat' dir='ltr'><strong>aliquem</strong></span> <span class='ocrx_word' id='word_1_530' title='bbox 2602 3068 2854 3122; x_wconf 63' lang='lat' dir='ltr'><strong>maximae</strong></span> <span class='ocrx_word' id='word_1_531' title='bbox 2887 3068 3029 3123; x_wconf 89' lang='lat' dir='ltr'><strong>inter</strong></span> <span class='ocrx_word' id='word_1_532' title='bbox 3060 3070 3204 3126; x_wconf 80' lang='lat' dir='ltr'><strong>illius</strong></span> <span class='ocrx_word' id='word_1_533' title='bbox 3244 3071 3574 3128; x_wconf 84' lang='lat' dir='ltr'><strong>domesticos</strong></span> 
     </span>
    </p>
   </div>
   <div class='ocr_carea' id='block_1_80' title="bbox 2009 3159 3574 3230">
    <p class='ocr_par' dir='ltr' id='par_1_80' title="bbox 2009 3159 3574 3230">
     <span class='ocr_line' id='line_1_80' title="bbox 2009 3159 3574 3230; baseline 0.003 -16"><span class='ocrx_word' id='word_1_534' title='bbox 2009 3160 2153 3223; x_wconf 84' lang='lat' dir='ltr'><strong>fidei,</strong></span> <span class='ocrx_word' id='word_1_535' title='bbox 2193 3161 2307 3214; x_wconf 71' lang='lat' dir='ltr'><strong>haec</strong></span> <span class='ocrx_word' id='word_1_536' title='bbox 2344 3159 2421 3213; x_wconf 92' lang='lat' dir='ltr'><strong>illi</strong></span> <span class='ocrx_word' id='word_1_537' title='bbox 2456 3159 2772 3230; x_wconf 85' lang='lat' dir='ltr'><strong>significat:</strong></span> <span class='ocrx_word' id='word_1_538' title='bbox 2812 3159 2868 3214; x_wconf 94' lang='lat' dir='ltr'><strong>Si</strong></span> <span class='ocrx_word' id='word_1_539' title='bbox 2911 3160 3131 3226; x_wconf 88' lang='lat' dir='ltr'><strong>venisti,</strong></span> <span class='ocrx_word' id='word_1_540' title='bbox 3167 3170 3228 3217; x_wconf 92' lang='lat' dir='ltr'><strong>ut</strong></span> <span class='ocrx_word' id='word_1_541' title='bbox 3271 3163 3404 3218; x_wconf 91' lang='lat' dir='ltr'><strong>mihi</strong></span> <span class='ocrx_word' id='word_1_542' title='bbox 3451 3179 3574 3219; x_wconf 90' lang='lat' dir='ltr'><strong>mo-</strong></span> 
     </span>
    </p>
   </div>
   <div class='ocr_carea' id='block_1_81' title="bbox 2004 3252 3575 3324">
    <p class='ocr_par' dir='ltr' id='par_1_81' title="bbox 2004 3252 3575 3324">
     <span class='ocr_line' id='line_1_81' title="bbox 2004 3252 3575 3324; baseline 0.006 -20"><span class='ocrx_word' id='word_1_543' title='bbox 2004 3269 2120 3308; x_wconf 84' lang='lat' dir='ltr'><strong>rem</strong></span> <span class='ocrx_word' id='word_1_544' title='bbox 2158 3269 2316 3324; x_wconf 89' lang='lat' dir='ltr'><strong>geras</strong></span> <span class='ocrx_word' id='word_1_545' title='bbox 2343 3253 2360 3324; x_wconf 95' lang='lat'>(</span> <span class='ocrx_word' id='word_1_546' title='bbox 2384 3268 2592 3306; x_wconf 88' lang='lat' dir='ltr'><strong>tnorum</strong></span> <span class='ocrx_word' id='word_1_547' title='bbox 2619 3252 2766 3308; x_wconf 90' lang='lat' dir='ltr'><strong>enim</strong></span> <span class='ocrx_word' id='word_1_548' title='bbox 2800 3269 2907 3323; x_wconf 89' lang='lat' dir='ltr'><strong>qua</strong></span> <span class='ocrx_word' id='word_1_549' title='bbox 2946 3254 3208 3324; x_wconf 71' lang='lat' dir='ltr'><strong>prmditus</strong></span> <span class='ocrx_word' id='word_1_550' title='bbox 3257 3271 3316 3311; x_wconf 90' lang='lat' dir='ltr'><strong>es</strong></span> <span class='ocrx_word' id='word_1_551' title='bbox 3350 3256 3575 3324; x_wconf 89' lang='lat' dir='ltr'><strong>lenitas,</strong></span> 
     </span>
    </p>
   </div>
   <div class='ocr_carea' id='block_1_82' title="bbox 2007 3342 3577 3414">
    <p class='ocr_par' dir='ltr' id='par_1_82' title="bbox 2007 3342 3577 3414">
     <span class='ocr_line' id='line_1_82' title="bbox 2007 3342 3577 3414; baseline 0.005 -18"><span class='ocrx_word' id='word_1_552' title='bbox 2007 3353 2064 3399; x_wconf 91' lang='lat' dir='ltr'><strong>ut</strong></span> <span class='ocrx_word' id='word_1_553' title='bbox 2092 3344 2160 3398; x_wconf 90' lang='lat' dir='ltr'><strong>de</strong></span> <span class='ocrx_word' id='word_1_554' title='bbox 2195 3355 2246 3398; x_wconf 84' lang='lat' dir='ltr'><strong>te</strong></span> <span class='ocrx_word' id='word_1_555' title='bbox 2287 3342 2336 3397; x_wconf 91' lang='lat' dir='ltr'><strong>id</strong></span> <span class='ocrx_word' id='word_1_556' title='bbox 2365 3358 2599 3413; x_wconf 88' lang='lat' dir='ltr'><strong>sperem,</strong></span> <span class='ocrx_word' id='word_1_557' title='bbox 2634 3342 2792 3398; x_wconf 82' lang='lat' dir='ltr'><strong>facile</strong></span> <span class='ocrx_word' id='word_1_558' title='bbox 2821 3344 3195 3414; x_wconf 87' lang='lat' dir='ltr'><strong>suadet),seio</strong></span> <span class='ocrx_word' id='word_1_559' title='bbox 3229 3356 3341 3401; x_wconf 88' lang='lat' dir='ltr'><strong>tam</strong></span> <span class='ocrx_word' id='word_1_560' title='bbox 3387 3347 3577 3404; x_wconf 86' lang='lat' dir='ltr'><strong>multis</strong></span> 
     </span>
    </p>
   </div>
   <div class='ocr_carea' id='block_1_83' title="bbox 2005 3435 3569 3508">
    <p class='ocr_par' dir='ltr' id='par_1_83' title="bbox 2005 3435 3569 3508">
     <span class='ocr_line' id='line_1_83' title="bbox 2005 3435 3569 3508; baseline 0.003 -18"><span class='ocrx_word' id='word_1_561' title='bbox 2005 3445 2056 3490; x_wconf 90' lang='lat' dir='ltr'><strong>te</strong></span> <span class='ocrx_word' id='word_1_562' title='bbox 2081 3435 2237 3490; x_wconf 89' lang='lat' dir='ltr'><strong>bonis</strong></span> <span class='ocrx_word' id='word_1_563' title='bbox 2283 3435 2596 3499; x_wconf 81' lang='lat' dir='ltr'><strong>fruiturum,</strong></span> <span class='ocrx_word' id='word_1_564' title='bbox 2631 3449 2796 3506; x_wconf 89' lang='lat' dir='ltr'><strong>quam</strong></span> <span class='ocrx_word' id='word_1_565' title='bbox 2832 3435 3017 3490; x_wconf 90' lang='lat' dir='ltr'><strong>multis</strong></span> <span class='ocrx_word' id='word_1_566' title='bbox 3051 3451 3147 3492; x_wconf 91' lang='lat' dir='ltr'><strong>eos</strong></span> <span class='ocrx_word' id='word_1_567' title='bbox 3181 3436 3287 3491; x_wconf 91' lang='lat' dir='ltr'><strong>frui</strong></span> <span class='ocrx_word' id='word_1_568' title='bbox 3336 3455 3433 3508; x_wconf 88' lang='lat' dir='ltr'><strong>par</strong></span> <span class='ocrx_word' id='word_1_569' title='bbox 3463 3450 3569 3502; x_wconf 90' lang='lat' dir='ltr'><strong>est,</strong></span> 
     </span>
    </p>
   </div>
   <div class='ocr_carea' id='block_1_84' title="bbox 2001 3527 3578 3598">
    <p class='ocr_par' dir='ltr' id='par_1_84' title="bbox 2001 3527 3578 3598">
     <span class='ocr_line' id='line_1_84' title="bbox 2001 3527 3578 3598; baseline 0.003 -18"><span class='ocrx_word' id='word_1_570' title='bbox 2001 3528 2094 3598; x_wconf 89' lang='lat' dir='ltr'><strong>qui</strong></span> <span class='ocrx_word' id='word_1_571' title='bbox 2144 3527 2380 3597; x_wconf 69' lang='lat' dir='ltr'><strong>propriae</strong></span> <span class='ocrx_word' id='word_1_572' title='bbox 2431 3527 2697 3582; x_wconf 87' lang='lat' dir='ltr'><strong>voluntati</strong></span> <span class='ocrx_word' id='word_1_573' title='bbox 2742 3527 3088 3598; x_wconf 89' lang='lat' dir='ltr'><strong>imperatoris</strong></span> <span class='ocrx_word' id='word_1_574' title='bbox 3140 3528 3472 3584; x_wconf 79' lang='lat' dir='ltr'><strong>voluntatem</strong></span> <span class='ocrx_word' id='word_1_575' title='bbox 3519 3541 3578 3585; x_wconf 84' lang='lat' dir='ltr'><strong>et</strong></span> 
     </span>
    </p>
   </div>
   <div class='ocr_carea' id='block_1_85' title="bbox 2001 3619 3571 3696">
    <p class='ocr_par' dir='ltr' id='par_1_85' title="bbox 2001 3619 3571 3696">
     <span class='ocr_line' id='line_1_85' title="bbox 2001 3619 3571 3696; baseline 0.003 -22"><span class='ocrx_word' id='word_1_576' title='bbox 2001 3619 2293 3674; x_wconf 86' lang='lat' dir='ltr'><strong>consiliqu</strong></span> <span class='ocrx_word' id='word_1_577' title='bbox 2346 3629 2735 3688; x_wconf 85' lang='lat' dir='ltr'><strong>anteponunt:</strong></span> <span class='ocrx_word' id='word_1_578' title='bbox 2786 3629 3011 3690; x_wconf 86' lang='lat' dir='ltr'><strong>tumque</strong></span> <span class='ocrx_word' id='word_1_579' title='bbox 3073 3622 3412 3696; x_wconf 89' lang='lat' dir='ltr'><strong>monasterio</strong></span> <span class='ocrx_word' id='word_1_580' title='bbox 3475 3632 3571 3678; x_wconf 89' lang='lat' dir='ltr'><strong>tuo</strong></span> 
     </span>
    </p>
   </div>
   <div class='ocr_carea' id='block_1_86' title="bbox 2001 3711 3573 3784">
    <p class='ocr_par' dir='ltr' id='par_1_86' title="bbox 2001 3711 3573 3784">
     <span class='ocr_line' id='line_1_86' title="bbox 2001 3711 3573 3784; baseline 0.003 -19"><span class='ocrx_word' id='word_1_581' title='bbox 2001 3711 2180 3766; x_wconf 89' lang='lat' dir='ltr'><strong>omnis</strong></span> <span class='ocrx_word' id='word_1_582' title='bbox 2217 3712 2432 3782; x_wconf 83' lang='lat' dir='ltr'><strong>generis</strong></span> <span class='ocrx_word' id='word_1_583' title='bbox 2468 3711 2792 3766; x_wconf 88' lang='lat' dir='ltr'><strong>muneribus</strong></span> <span class='ocrx_word' id='word_1_584' title='bbox 2833 3721 3018 3777; x_wconf 89' lang='lat' dir='ltr'><strong>aucto,</strong></span> <span class='ocrx_word' id='word_1_585' title='bbox 3079 3721 3191 3766; x_wconf 91' lang='lat' dir='ltr'><strong>tum</strong></span> <span class='ocrx_word' id='word_1_586' title='bbox 3245 3714 3573 3784; x_wconf 87' lang='lat' dir='ltr'><strong>propinquis</strong></span> 
     </span>
    </p>
   </div>
   <div class='ocr_carea' id='block_1_87' title="bbox 2000 3800 3572 3873">
    <p class='ocr_par' dir='ltr' id='par_1_87' title="bbox 2000 3800 3572 3873">
     <span class='ocr_line' id='line_1_87' title="bbox 2000 3800 3572 3873; baseline 0.003 -19"><span class='ocrx_word' id='word_1_587' title='bbox 2000 3800 2110 3855; x_wconf 91' lang='lat' dir='ltr'><strong>tuis</strong></span> <span class='ocrx_word' id='word_1_588' title='bbox 2157 3800 2411 3854; x_wconf 76' lang='lat' dir='ltr'><strong>maximis</strong></span> <span class='ocrx_word' id='word_1_589' title='bbox 2458 3800 2817 3870; x_wconf 85' lang='lat' dir='ltr'><strong>dignitatibus</strong></span> <span class='ocrx_word' id='word_1_590' title='bbox 2882 3801 3177 3872; x_wconf 84' lang='lat' dir='ltr'><strong>favoreque</strong></span> <span class='ocrx_word' id='word_1_591' title='bbox 3235 3806 3384 3873; x_wconf 85' lang='lat' dir='ltr'><strong>regio</strong></span> <span class='ocrx_word' id='word_1_592' title='bbox 3439 3820 3572 3858; x_wconf 86' lang='lat' dir='ltr'><strong>con-</strong></span> 
     </span>
    </p>
   </div>
   <div class='ocr_carea' id='block_1_88' title="bbox 1998 3877 3569 3959">
    <p class='ocr_par' dir='ltr' id='par_1_88' title="bbox 1998 3877 3569 3959">
     <span class='ocr_line' id='line_1_88' title="bbox 1998 3877 3569 3959; baseline 0.006 -21"><span class='ocrx_word' id='word_1_593' title='bbox 1998 3887 2292 3952; x_wconf 86' lang='lat' dir='ltr'><strong>decoratis,</strong></span> <span class='ocrx_word' id='word_1_594' title='bbox 2345 3889 2551 3956; x_wconf 86' lang='lat' dir='ltr'><strong>primas</strong></span> <span class='ocrx_word' id='word_1_595' title='bbox 2586 3889 2730 3959; x_wconf 83' lang='lat' dir='ltr'><strong>apud</strong></span> <span class='ocrx_word' id='word_1_596' title='bbox 2765 3907 2850 3944; x_wconf 89' lang='lat' dir='ltr'><strong>me</strong></span> <span class='ocrx_word' id='word_1_597' title='bbox 2884 3877 3141 3945; x_wconf 68' lang='lat' dir='ltr'><strong>amicitiae</strong></span> <span class='ocrx_word' id='word_1_598' title='bbox 3173 3907 3236 3946; x_wconf 88' lang='lat' dir='ltr'><strong>ac</strong></span> <span class='ocrx_word' id='word_1_599' title='bbox 3265 3895 3569 3948; x_wconf 83' lang='lat' dir='ltr'><strong>auctorita-</strong></span> 
     </span>
    </p>
   </div>
   <div class='ocr_carea' id='block_1_89' title="bbox 1998 3976 3570 4053">
    <p class='ocr_par' dir='ltr' id='par_1_89' title="bbox 1998 3976 3570 4053">
     <span class='ocr_line' id='line_1_89' title="bbox 1998 3976 3570 4053; baseline 0.008 -25"><span class='ocrx_word' id='word_1_600' title='bbox 1998 3976 2069 4030; x_wconf 91' lang='lat' dir='ltr'><strong>tis</strong></span> <span class='ocrx_word' id='word_1_601' title='bbox 2095 3986 2279 4046; x_wconf 84' lang='lat' dir='ltr'><strong>partes</strong></span> <span class='ocrx_word' id='word_1_602' title='bbox 2322 3979 2439 4046; x_wconf 91' lang='lat' dir='ltr'><strong>ipse</strong></span> <span class='ocrx_word' id='word_1_603' title='bbox 2464 3981 2840 4047; x_wconf 88' lang='lat' dir='ltr'><strong>consequeris.</strong></span> <span class='ocrx_word' id='word_1_604' title='bbox 2875 3980 2994 4042; x_wconf 91' lang='lat' dir='ltr'><strong>Sin,</strong></span> <span class='ocrx_word' id='word_1_605' title='bbox 3033 3983 3177 4048; x_wconf 91' lang='lat' dir='ltr'><strong>quod</strong></span> <span class='ocrx_word' id='word_1_606' title='bbox 3213 3983 3298 4035; x_wconf 78' lang='lat' dir='ltr'><strong>vix</strong></span> <span class='ocrx_word' id='word_1_607' title='bbox 3329 3985 3570 4053; x_wconf 85' lang='lat' dir='ltr'><strong>cogitare</strong></span> 
     </span>
    </p>
   </div>
   <div class='ocr_carea' id='block_1_90' title="bbox 2002 4065 3569 4145">
    <p class='ocr_par' dir='ltr' id='par_1_90' title="bbox 2002 4065 3569 4145">
     <span class='ocr_line' id='line_1_90' title="bbox 2002 4065 3569 4145; baseline 0.007 -25"><span class='ocrx_word' id='word_1_608' title='bbox 2002 4065 2085 4122; x_wconf 87' lang='lat' dir='ltr'><strong>fas</strong></span> <span class='ocrx_word' id='word_1_609' title='bbox 2128 4077 2234 4131; x_wconf 88' lang='lat' dir='ltr'><strong>est,</strong></span> <span class='ocrx_word' id='word_1_610' title='bbox 2273 4069 2543 4138; x_wconf 77' lang='lat' dir='ltr'><strong>pervicaci</strong></span> <span class='ocrx_word' id='word_1_611' title='bbox 2589 4069 2775 4124; x_wconf 90' lang='lat' dir='ltr'><strong>animo</strong></span> <span class='ocrx_word' id='word_1_612' title='bbox 2825 4081 2918 4125; x_wconf 90' lang='lat' dir='ltr'><strong>tuo</strong></span> <span class='ocrx_word' id='word_1_613' title='bbox 2947 4087 3136 4142; x_wconf 89' lang='lat' dir='ltr'><strong>preces</strong></span> <span class='ocrx_word' id='word_1_614' title='bbox 3161 4089 3311 4130; x_wconf 87' lang='lat' dir='ltr'><strong>meas</strong></span> <span class='ocrx_word' id='word_1_615' title='bbox 3345 4075 3569 4145; x_wconf 84' lang='lat' dir='ltr'><strong>postha-</strong></span> 
     </span>
    </p>
   </div>
   <div class='ocr_carea' id='block_1_91' title="bbox 1997 4155 3568 4235">
    <p class='ocr_par' dir='ltr' id='par_1_91' title="bbox 1997 4155 3568 4235">
     <span class='ocr_line' id='line_1_91' title="bbox 1997 4155 3568 4235; baseline 0.009 -25"><span class='ocrx_word' id='word_1_616' title='bbox 1997 4155 2205 4222; x_wconf 86' lang='lat' dir='ltr'><strong>buerls,</strong></span> <span class='ocrx_word' id='word_1_617' title='bbox 2236 4167 2289 4212; x_wconf 93' lang='lat' dir='ltr'><strong>et</strong></span> <span class='ocrx_word' id='word_1_618' title='bbox 2329 4159 2624 4214; x_wconf 88' lang='lat' dir='ltr'><strong>consilium</strong></span> <span class='ocrx_word' id='word_1_619' title='bbox 2661 4175 2843 4214; x_wconf 88' lang='lat' dir='ltr'><strong>meum</strong></span> <span class='ocrx_word' id='word_1_620' title='bbox 2873 4161 3198 4232; x_wconf 80' lang='lat' dir='ltr'><strong>neglexeris,</strong></span> <span class='ocrx_word' id='word_1_621' title='bbox 3231 4179 3296 4219; x_wconf 90' lang='lat' dir='ltr'><strong>ac</strong></span> <span class='ocrx_word' id='word_1_622' title='bbox 3321 4181 3443 4235; x_wconf 65' lang='lat' dir='ltr'><strong>quae</strong></span> <span class='ocrx_word' id='word_1_623' title='bbox 3467 4167 3568 4224; x_wconf 89' lang='lat' dir='ltr'><strong>tibi</strong></span> 
     </span>
    </p>
   </div>
   <div class='ocr_carea' id='block_1_92' title="bbox 1997 4251 3568 4326">
    <p class='ocr_par' dir='ltr' id='par_1_92' title="bbox 1997 4251 3568 4326">
     <span class='ocr_line' id='line_1_92' title="bbox 1997 4251 3568 4326; baseline 0.008 -24"><span class='ocrx_word' id='word_1_624' title='bbox 1997 4259 2401 4321; x_wconf 84' lang='lat' dir='ltr'><strong>proponuntur,</strong></span> <span class='ocrx_word' id='word_1_625' title='bbox 2441 4251 2584 4306; x_wconf 90' lang='lat' dir='ltr'><strong>bona</strong></span> <span class='ocrx_word' id='word_1_626' title='bbox 2617 4251 2792 4308; x_wconf 84' lang='lat' dir='ltr'><strong>fueris</strong></span> <span class='ocrx_word' id='word_1_627' title='bbox 2847 4263 3193 4326; x_wconf 65' lang='lat' dir='ltr'><strong>aSpernatus,</strong></span> <span class='ocrx_word' id='word_1_628' title='bbox 3248 4256 3452 4312; x_wconf 82' lang='lat' dir='ltr'><strong>invitus</strong></span> <span class='ocrx_word' id='word_1_629' title='bbox 3486 4261 3568 4314; x_wconf 86' lang='lat' dir='ltr'><strong>fa-</strong></span> 
     </span>
    </p>
   </div>
   <div class='ocr_carea' id='block_1_93' title="bbox 1995 4339 3570 4420">
    <p class='ocr_par' dir='ltr' id='par_1_93' title="bbox 1995 4339 3570 4420">
     <span class='ocr_line' id='line_1_93' title="bbox 1995 4339 3570 4420; baseline 0.009 -27"><span class='ocrx_word' id='word_1_630' title='bbox 1995 4339 2166 4404; x_wconf 89' lang='lat' dir='ltr'><strong>ciens,</strong></span> <span class='ocrx_word' id='word_1_631' title='bbox 2198 4356 2321 4411; x_wconf 64' lang='lat' dir='ltr'><strong>quae</strong></span> <span class='ocrx_word' id='word_1_632' title='bbox 2348 4342 2536 4398; x_wconf 87' lang='lat' dir='ltr'><strong>volens</strong></span> <span class='ocrx_word' id='word_1_633' title='bbox 2568 4359 2814 4407; x_wconf 79' lang='lat' dir='ltr'><strong>recusas,</strong></span> <span class='ocrx_word' id='word_1_634' title='bbox 2848 4346 3072 4401; x_wconf 80' lang='lat' dir='ltr'><strong>maximi</strong></span> <span class='ocrx_word' id='word_1_635' title='bbox 3121 4347 3217 4402; x_wconf 90' lang='lat' dir='ltr'><strong>tibi</strong></span> <span class='ocrx_word' id='word_1_636' title='bbox 3248 4349 3363 4420; x_wconf 86' lang='lat' dir='ltr'><strong>ipse</strong></span> <span class='ocrx_word' id='word_1_637' title='bbox 3405 4350 3570 4406; x_wconf 78' lang='lat' dir='ltr'><strong>dede-</strong></span> 
     </span>
    </p>
   </div>
   <div class='ocr_carea' id='block_1_94' title="bbox 1921 4433 3088 4505">
    <p class='ocr_par' dir='ltr' id='par_1_94' title="bbox 1921 4433 3088 4505">
     <span class='ocr_line' id='line_1_94' title="bbox 1921 4433 3088 4505; baseline 0.008 -20"><span class='ocrx_word' id='word_1_638' title='bbox 1921 4449 1966 4505; x_wconf 75' lang='lat' dir='ltr'>n</span> <span class='ocrx_word' id='word_1_639' title='bbox 1994 4433 2140 4488; x_wconf 90' lang='lat' dir='ltr'><strong>coris</strong></span> <span class='ocrx_word' id='word_1_640' title='bbox 2164 4448 2227 4488; x_wconf 91' lang='lat' dir='ltr'><strong>ac</strong></span> <span class='ocrx_word' id='word_1_641' title='bbox 2254 4434 2581 4490; x_wconf 87' lang='lat' dir='ltr'><strong>calamitatis</strong></span> <span class='ocrx_word' id='word_1_642' title='bbox 2613 4445 2804 4490; x_wconf 87' lang='lat' dir='ltr'><strong>auctor</strong></span> <span class='ocrx_word' id='word_1_643' title='bbox 2838 4438 3088 4494; x_wconf 79' lang='lat' dir='ltr'><strong>cxsistes.</strong></span> 
     </span>
    </p>
   </div>
   <div class='ocr_carea' id='block_1_95' title="bbox 2061 4541 3564 4617">
    <p class='ocr_par' dir='ltr' id='par_1_95' title="bbox 2061 4541 3564 4617">
     <span class='ocr_line' id='line_1_95' title="bbox 2061 4541 3564 4617; baseline 0.005 -20"><span class='ocrx_word' id='word_1_644' title='bbox 2061 4541 2140 4597; x_wconf 81' lang='lat' dir='ltr'><strong>Ad</strong></span> <span class='ocrx_word' id='word_1_645' title='bbox 2173 4543 2289 4600; x_wconf 73' lang='lat' dir='ltr'><strong>lucc</strong></span> <span class='ocrx_word' id='word_1_646' title='bbox 2319 4545 2399 4597; x_wconf 87' lang='lat' dir='ltr'><strong>vir</strong></span> <span class='ocrx_word' id='word_1_647' title='bbox 2425 4545 2668 4613; x_wconf 88' lang='lat' dir='ltr'><strong>divinus,</strong></span> <span class='ocrx_word' id='word_1_648' title='bbox 2701 4558 2984 4617; x_wconf 86' lang='lat' dir='ltr'><strong>perspecta</strong></span> <span class='ocrx_word' id='word_1_649' title='bbox 3013 4547 3282 4604; x_wconf 82' lang='lat' dir='ltr'><strong>dictorum</strong></span> <span class='ocrx_word' id='word_1_650' title='bbox 3309 4551 3564 4614; x_wconf 81' lang='lat' dir='ltr'><strong>stultitia,</strong></span> 
     </span>
    </p>
   </div>
   <div class='ocr_carea' id='block_1_96' title="bbox 306 4627 1900 4711">
    <p class='ocr_par' dir='ltr' id='par_1_96' title="bbox 306 4627 1893 4708">
     <span class='ocr_line' id='line_1_96' title="bbox 306 4627 1893 4708; baseline 0.007 -29"><span class='ocrx_word' id='word_1_651' title='bbox 306 4627 730 4700; x_wconf 76' lang='grc' dir='ltr'>ὲκμυκτηρξσας</span> <span class='ocrx_word' id='word_1_652' title='bbox 780 4631 870 4685; x_wconf 80' lang='grc' dir='ltr'>τὸν</span> <span class='ocrx_word' id='word_1_653' title='bbox 899 4634 1184 4703; x_wconf 77' lang='grc' dir='ltr'>εἰρηκότα,</span> <span class='ocrx_word' id='word_1_654' title='bbox 1236 4635 1470 4688; x_wconf 89' lang='grc' dir='ltr'>τοιοῖσδε</span> <span class='ocrx_word' id='word_1_655' title='bbox 1515 4635 1694 4704; x_wconf 88' lang='grc' dir='ltr'>λόγοις</span> <span class='ocrx_word' id='word_1_656' title='bbox 1731 4637 1893 4708; x_wconf 81' lang='grc' dir='ltr'>ἀμεί-</span> 
     </span>
    </p>
   </div>
   <div class='ocr_carea' id='block_1_97' title="bbox 2002 4627 3566 4711">
    <p class='ocr_par' dir='ltr' id='par_1_97' title="bbox 2002 4635 3566 4711">
     <span class='ocr_line' id='line_1_97' title="bbox 2002 4635 3566 4711; baseline 0.006 -23"><span class='ocrx_word' id='word_1_657' title='bbox 2002 4645 2380 4704; x_wconf 76' lang='lat' dir='ltr'><strong>iuetoretnque</strong></span> <span class='ocrx_word' id='word_1_658' title='bbox 2417 4635 2677 4701; x_wconf 83' lang='lat' dir='ltr'><strong>irridens,</strong></span> <span class='ocrx_word' id='word_1_659' title='bbox 2732 4636 2808 4691; x_wconf 88' lang='lat' dir='ltr'><strong>ita</strong></span> <span class='ocrx_word' id='word_1_660' title='bbox 2863 4638 3056 4692; x_wconf 87' lang='lat' dir='ltr'><strong>nuntio</strong></span> <span class='ocrx_word' id='word_1_661' title='bbox 3097 4641 3566 4711; x_wconf 79' lang='lat' dir='ltr'><strong>respondetzEgo</strong></span> 
     </span>
    </p>
   </div>
   <div class='ocr_carea' id='block_1_98' title="bbox 307 4719 1888 4798">
    <p class='ocr_par' dir='ltr' id='par_1_98' title="bbox 307 4719 1888 4798">
     <span class='ocr_line' id='line_1_98' title="bbox 307 4719 1888 4798; baseline 0.006 -26"><span class='ocrx_word' id='word_1_662' title='bbox 307 4719 463 4774; x_wconf 84' lang='grc' dir='ltr'>ϐεται</span> <span class='ocrx_word' id='word_1_663' title='bbox 488 4721 583 4774; x_wconf 79' lang='grc' dir='ltr'><strong>τὸν</strong></span> <span class='ocrx_word' id='word_1_664' title='bbox 609 4726 969 4794; x_wconf 83' lang='grc' dir='ltr'>πεπομφότα·</span> <span class='ocrx_word' id='word_1_665' title='bbox 998 4726 1310 4797; x_wconf 79' lang='grc' dir='ltr'>Χρημάτων</span> <span class='ocrx_word' id='word_1_666' title='bbox 1330 4728 1428 4798; x_wconf 79' lang='grc' dir='ltr'>μὲν</span> <span class='ocrx_word' id='word_1_667' title='bbox 1449 4727 1544 4782; x_wconf 70' lang='grc' dir='ltr'>καὶ</span> <span class='ocrx_word' id='word_1_668' title='bbox 1570 4729 1888 4798; x_wconf 87' lang='grc' dir='ltr'>κτημάτων,</span> 
     </span>
    </p>
   </div>
   <div class='ocr_carea' id='block_1_99' title="bbox 314 4813 1890 4889">
    <p class='ocr_par' dir='ltr' id='par_1_99' title="bbox 314 4813 1890 4889">
     <span class='ocr_line' id='line_1_99' title="bbox 314 4813 1890 4889; baseline 0.006 -26"><span class='ocrx_word' id='word_1_669' title='bbox 314 4813 411 4864; x_wconf 65' lang='grc' dir='ltr'>καὶ</span> <span class='ocrx_word' id='word_1_670' title='bbox 433 4815 538 4867; x_wconf 73' lang='grc' dir='ltr'>ὅσα</span> <span class='ocrx_word' id='word_1_671' title='bbox 573 4814 675 4884; x_wconf 81' lang='grc' dir='ltr'>τῆς</span> <span class='ocrx_word' id='word_1_672' title='bbox 707 4816 992 4888; x_wconf 86' lang='grc' dir='ltr'>παρούσης</span> <span class='ocrx_word' id='word_1_673' title='bbox 1022 4819 1139 4871; x_wconf 74' lang='grc' dir='ltr'>ἐστὶ</span> <span class='ocrx_word' id='word_1_674' title='bbox 1183 4819 1323 4872; x_wconf 68' lang='grc' dir='ltr'>καλὰ</span> <span class='ocrx_word' id='word_1_675' title='bbox 1359 4817 1562 4889; x_wconf 83' lang='grc' dir='ltr'>βιοτῆς,</span> <span class='ocrx_word' id='word_1_676' title='bbox 1591 4819 1800 4884; x_wconf 82' lang='grc' dir='ltr'>οὐδενὸς</span> <span class='ocrx_word' id='word_1_677' title='bbox 1829 4821 1890 4875; x_wconf 81' lang='grc' dir='ltr'>ὲν</span> 
     </span>
    </p>
   </div>
   <div class='ocr_carea' id='block_1_100' title="bbox 319 4902 1887 4984">
    <p class='ocr_par' dir='ltr' id='par_1_100' title="bbox 319 4902 1887 4984">
     <span class='ocr_line' id='line_1_100' title="bbox 319 4902 1887 4984; baseline 0.008 -31"><span class='ocrx_word' id='word_1_678' title='bbox 319 4902 478 4972; x_wconf 62' lang='grc' dir='ltr'>χρείᾳ</span> <span class='ocrx_word' id='word_1_679' title='bbox 521 4906 871 4978; x_wconf 76' lang='grc' dir='ltr'>καθέστηκαο</span> <span class='ocrx_word' id='word_1_680' title='bbox 917 4909 954 4963; x_wconf 79' lang='grc' dir='ltr'><strong>ἀ</strong></span> <span class='ocrx_word' id='word_1_681' title='bbox 983 4910 1032 4942; x_wconf 82' lang='grc'><strong>⁷³</strong></span> <span class='ocrx_word' id='word_1_682' title='bbox 1090 4911 1198 4982; x_wconf 84' lang='grc' dir='ltr'><strong>γάρ</strong></span> <span class='ocrx_word' id='word_1_683' title='bbox 1256 4911 1464 4976; x_wconf 76' lang='grc' dir='ltr'>νεάζων</span> <span class='ocrx_word' id='word_1_684' title='bbox 1507 4912 1887 4984; x_wconf 87' lang='grc' dir='ltr'>ἀπεσεισάμην</span> 
     </span>
    </p>
   </div>
   <div class='ocr_carea' id='block_1_101' title="bbox 314 4990 1887 5073">
    <p class='ocr_par' dir='ltr' id='par_1_101' title="bbox 314 4990 1887 5073">
     <span class='ocr_line' id='line_1_101' title="bbox 314 4990 1887 5073; baseline 0.008 -30"><span class='ocrx_word' id='word_1_685' title='bbox 314 4990 610 5061; x_wconf 85' lang='grc' dir='ltr'>δυνάμενος</span> <span class='ocrx_word' id='word_1_686' title='bbox 673 4997 947 5068; x_wconf 77' lang='grc' dir='ltr'>χρῆσθαι,</span> <span class='ocrx_word' id='word_1_687' title='bbox 1022 4999 1100 5072; x_wconf 83' lang='grc' dir='ltr'>τῷ</span> <span class='ocrx_word' id='word_1_688' title='bbox 1164 4999 1400 5072; x_wconf 80' lang='grc' dir='ltr'>Χριστοῦ</span> <span class='ocrx_word' id='word_1_689' title='bbox 1472 5003 1887 5073; x_wconf 81' lang='grc' dir='ltr'>κεκρατημένος</span> 
     </span>
    </p>
   </div>
   <div class='ocr_carea' id='block_1_102' title="bbox 303 5081 1884 5166">
    <p class='ocr_par' dir='ltr' id='par_1_102' title="bbox 303 5081 1884 5166">
     <span class='ocr_line' id='line_1_102' title="bbox 303 5081 1884 5166; baseline 0.009 -31"><span class='ocrx_word' id='word_1_690' title='bbox 303 5081 497 5156; x_wconf 79' lang='grc' dir='ltr'>ἔρωτι,</span> <span class='ocrx_word' id='word_1_691' title='bbox 540 5088 652 5152; x_wconf 85' lang='grc' dir='ltr'><strong>πῶς</strong></span> <span class='ocrx_word' id='word_1_692' title='bbox 683 5089 752 5142; x_wconf 84' lang='grc' dir='ltr'>ἂν</span> <span class='ocrx_word' id='word_1_693' title='bbox 781 5092 1009 5161; x_wconf 83' lang='grc' dir='ltr'>γηραιὸς</span> <span class='ocrx_word' id='word_1_694' title='bbox 1036 5093 1121 5146; x_wconf 70' lang='grc' dir='ltr'><strong>ἐπ’</strong></span> <span class='ocrx_word' id='word_1_695' title='bbox 1146 5092 1399 5164; x_wconf 80' lang='grc' dir='ltr'>ἁθετήσει</span> <span class='ocrx_word' id='word_1_696' title='bbox 1425 5094 1518 5147; x_wconf 89' lang='grc' dir='ltr'><strong>τοῦ</strong></span> <span class='ocrx_word' id='word_1_697' title='bbox 1551 5093 1884 5166; x_wconf 80' lang='grc' dir='ltr'>ποθουμένου</span> 
     </span>
    </p>
   </div>
   <div class='ocr_carea' id='block_1_103' title="bbox 301 5177 1883 5258">
    <p class='ocr_par' dir='ltr' id='par_1_103' title="bbox 301 5177 1883 5258">
     <span class='ocr_line' id='line_1_103' title="bbox 301 5177 1883 5258; baseline 0.009 -31"><span class='ocrx_word' id='word_1_698' title='bbox 301 5177 710 5252; x_wconf 78' lang='grc' dir='ltr'>προσδέξομαι;</span> <span class='ocrx_word' id='word_1_699' title='bbox 759 5183 1051 5238; x_wconf 76' lang='grc' dir='ltr'>καὶταῦτα</span> <span class='ocrx_word' id='word_1_700' title='bbox 1091 5185 1201 5239; x_wconf 89' lang='grc' dir='ltr'><strong>τῶν</strong></span> <span class='ocrx_word' id='word_1_701' title='bbox 1244 5187 1608 5257; x_wconf 77' lang='grc' dir='ltr'>ἐπικειμένων</span> <span class='ocrx_word' id='word_1_702' title='bbox 1639 5187 1883 5258; x_wconf 86' lang='grc' dir='ltr'>νοσημά-</span> 
     </span>
    </p>
   </div>
   <div class='ocr_carea' id='block_1_104' title="bbox 291 5271 1885 5350">
    <p class='ocr_par' dir='ltr' id='par_1_104' title="bbox 291 5271 1885 5350">
     <span class='ocr_line' id='line_1_104' title="bbox 291 5271 1885 5350; baseline 0.009 -31"><span class='ocrx_word' id='word_1_703' title='bbox 291 5285 416 5321; x_wconf 82' lang='grc' dir='ltr'><strong>των</strong></span> <span class='ocrx_word' id='word_1_704' title='bbox 444 5271 524 5340; x_wconf 76' lang='grc' dir='ltr'>τῷ</span> <span class='ocrx_word' id='word_1_705' title='bbox 577 5272 794 5345; x_wconf 82' lang='grc' dir='ltr'>σώματι</span> <span class='ocrx_word' id='word_1_706' title='bbox 823 5279 1046 5348; x_wconf 88' lang='grc' dir='ltr'>ταχεῖαν</span> <span class='ocrx_word' id='word_1_707' title='bbox 1083 5278 1396 5350; x_wconf 88' lang='grc' dir='ltr'>μηνυόντων</span> <span class='ocrx_word' id='word_1_708' title='bbox 1435 5279 1536 5350; x_wconf 77' lang='grc' dir='ltr'>τὴν</span> <span class='ocrx_word' id='word_1_709' title='bbox 1585 5279 1762 5344; x_wconf 77' lang='grc' dir='ltr'>ἔξοδον</span> <span class='ocrx_word' id='word_1_710' title='bbox 1793 5281 1885 5334; x_wconf 79' lang='grc' dir='ltr'>καὶ</span> 
     </span>
    </p>
   </div>
   <div class='ocr_carea' id='block_1_105' title="bbox 286 5359 1883 5444">
    <p class='ocr_par' dir='ltr' id='par_1_105' title="bbox 286 5359 1883 5444">
     <span class='ocr_line' id='line_1_105' title="bbox 286 5359 1883 5444; baseline 0.011 -34"><span class='ocrx_word' id='word_1_711' title='bbox 286 5359 402 5430; x_wconf 74' lang='grc' dir='ltr'>τὴν</span> <span class='ocrx_word' id='word_1_712' title='bbox 444 5360 645 5430; x_wconf 85' lang='grc' dir='ltr'>κτῆσιν</span> <span class='ocrx_word' id='word_1_713' title='bbox 674 5364 880 5422; x_wconf 90' lang='grc' dir='ltr'>τούτων</span> <span class='ocrx_word' id='word_1_714' title='bbox 921 5369 1158 5438; x_wconf 89' lang='grc' dir='ltr'>ματαίαν</span> <span class='ocrx_word' id='word_1_715' title='bbox 1200 5370 1679 5439; x_wconf 82' lang='grc' dir='ltr'>ὑπεμφαινόντων·</span> <span class='ocrx_word' id='word_1_716' title='bbox 1716 5373 1883 5444; x_wconf 78' lang='grc' dir='ltr'>μονῆς</span> 
     </span>
    </p>
   </div>
   <div class='ocr_carea' id='block_1_106' title="bbox 284 5450 1884 5535">
    <p class='ocr_par' dir='ltr' id='par_1_106' title="bbox 284 5450 1884 5535">
     <span class='ocr_line' id='line_1_106' title="bbox 284 5450 1884 5535; baseline 0.01 -33"><span class='ocrx_word' id='word_1_717' title='bbox 284 5450 348 5503; x_wconf 75' lang='grc' dir='ltr'>δὲ</span> <span class='ocrx_word' id='word_1_718' title='bbox 379 5453 480 5506; x_wconf 81' lang='grc' dir='ltr'>καὶ</span> <span class='ocrx_word' id='word_1_719' title='bbox 534 5457 820 5526; x_wconf 84' lang='grc' dir='ltr'>συγγενῶν</span> <span class='ocrx_word' id='word_1_720' title='bbox 857 5458 976 5531; x_wconf 82' lang='grc' dir='ltr'>Θεῷ</span> <span class='ocrx_word' id='word_1_721' title='bbox 1017 5460 1264 5532; x_wconf 77' lang='grc' dir='ltr'>μελήσει,</span> <span class='ocrx_word' id='word_1_722' title='bbox 1302 5454 1347 5531; x_wconf 81' lang='grc' dir='ltr'>ᾧ</span> <span class='ocrx_word' id='word_1_723' title='bbox 1397 5463 1490 5517; x_wconf 76' lang='grc' dir='ltr'>καὶ</span> <span class='ocrx_word' id='word_1_724' title='bbox 1535 5463 1884 5535; x_wconf 83' lang='grc' dir='ltr'>παρατίθημι</span> 
     </span>
    </p>
   </div>
   <div class='ocr_carea' id='block_1_107' title="bbox 1995 4729 3566 4798">
    <p class='ocr_par' dir='ltr' id='par_1_107' title="bbox 1995 4729 3566 4798">
     <span class='ocr_line' id='line_1_107' title="bbox 1995 4729 3566 4798; baseline 0.006 -16"><span class='ocrx_word' id='word_1_725' title='bbox 1995 4742 2095 4783; x_wconf 93' lang='lat' dir='ltr'><strong>nec</strong></span> <span class='ocrx_word' id='word_1_726' title='bbox 2118 4729 2389 4798; x_wconf 87' lang='lat' dir='ltr'><strong>pecuniis,</strong></span> <span class='ocrx_word' id='word_1_727' title='bbox 2411 4743 2512 4783; x_wconf 92' lang='lat' dir='ltr'><strong>nec</strong></span> <span class='ocrx_word' id='word_1_728' title='bbox 2533 4729 3010 4798; x_wconf 89' lang='lat' dir='ltr'><strong>possessionibus,</strong></span> <span class='ocrx_word' id='word_1_729' title='bbox 3037 4739 3132 4786; x_wconf 89' lang='lat' dir='ltr'><strong>aut</strong></span> <span class='ocrx_word' id='word_1_730' title='bbox 3152 4733 3279 4788; x_wconf 85' lang='lat' dir='ltr'><strong>ullis</strong></span> <span class='ocrx_word' id='word_1_731' title='bbox 3297 4733 3421 4790; x_wconf 90' lang='lat' dir='ltr'><strong>aliis</strong></span> <span class='ocrx_word' id='word_1_732' title='bbox 3445 4736 3566 4791; x_wconf 70' lang='lat' dir='ltr'><strong>vita:</strong></span> 
     </span>
    </p>
   </div>
   <div class='ocr_carea' id='block_1_108' title="bbox 1993 4819 3566 4892">
    <p class='ocr_par' dir='ltr' id='par_1_108' title="bbox 1993 4819 3566 4892">
     <span class='ocr_line' id='line_1_108' title="bbox 1993 4819 3566 4892; baseline 0.005 -18"><span class='ocrx_word' id='word_1_733' title='bbox 1993 4819 2157 4890; x_wconf 88' lang='lat' dir='ltr'><strong>hujus</strong></span> <span class='ocrx_word' id='word_1_734' title='bbox 2185 4819 2348 4876; x_wconf 87' lang='lat' dir='ltr'><strong>bonis</strong></span> <span class='ocrx_word' id='word_1_735' title='bbox 2377 4821 2616 4891; x_wconf 82' lang='lat' dir='ltr'><strong>indigeo.</strong></span> <span class='ocrx_word' id='word_1_736' title='bbox 2641 4820 2772 4888; x_wconf 62' lang='lat' dir='ltr'><strong>Qua</strong></span> <span class='ocrx_word' id='word_1_737' title='bbox 2802 4822 2947 4876; x_wconf 91' lang='lat' dir='ltr'><strong>enim</strong></span> <span class='ocrx_word' id='word_1_738' title='bbox 2974 4824 3317 4892; x_wconf 87' lang='lat' dir='ltr'><strong>adolescens,</strong></span> <span class='ocrx_word' id='word_1_739' title='bbox 3341 4842 3465 4882; x_wconf 90' lang='lat' dir='ltr'><strong>cum</strong></span> <span class='ocrx_word' id='word_1_740' title='bbox 3499 4829 3566 4884; x_wconf 93' lang='lat' dir='ltr'><strong>iis</strong></span> 
     </span>
    </p>
   </div>
   <div class='ocr_carea' id='block_1_109' title="bbox 1996 4911 3562 4992">
    <p class='ocr_par' dir='ltr' id='par_1_109' title="bbox 1996 4911 3562 4992">
     <span class='ocr_line' id='line_1_109' title="bbox 1996 4911 3562 4992; baseline 0.006 -25"><span class='ocrx_word' id='word_1_741' title='bbox 1996 4911 2103 4967; x_wconf 91' lang='lat' dir='ltr'><strong>frui</strong></span> <span class='ocrx_word' id='word_1_742' title='bbox 2139 4929 2379 4984; x_wconf 88' lang='lat' dir='ltr'><strong>possem,</strong></span> <span class='ocrx_word' id='word_1_743' title='bbox 2404 4930 2590 4970; x_wconf 88' lang='lat' dir='ltr'><strong>amore</strong></span> <span class='ocrx_word' id='word_1_744' title='bbox 2612 4915 2818 4971; x_wconf 86' lang='lat' dir='ltr'><strong>Christi</strong></span> <span class='ocrx_word' id='word_1_745' title='bbox 2851 4916 3224 4977; x_wconf 82' lang='lat' dir='ltr'><strong>inflammatus</strong></span> <span class='ocrx_word' id='word_1_746' title='bbox 3253 4923 3562 4992; x_wconf 75' lang='lat' dir='ltr'><strong>repudiari,</strong></span> 
     </span>
    </p>
   </div>
   <div class='ocr_carea' id='block_1_110' title="bbox 1994 5005 3564 5085">
    <p class='ocr_par' dir='ltr' id='par_1_110' title="bbox 1994 5005 3564 5085">
     <span class='ocr_line' id='line_1_110' title="bbox 1994 5005 3564 5085; baseline 0.004 -23"><span class='ocrx_word' id='word_1_747' title='bbox 1994 5020 2056 5062; x_wconf 85' lang='lat' dir='ltr'><strong>ea</strong></span> <span class='ocrx_word' id='word_1_748' title='bbox 2086 5005 2200 5077; x_wconf 89' lang='lat' dir='ltr'><strong>jam</strong></span> <span class='ocrx_word' id='word_1_749' title='bbox 2233 5022 2398 5063; x_wconf 87' lang='lat' dir='ltr'><strong>senex</strong></span> <span class='ocrx_word' id='word_1_750' title='bbox 2445 5009 2721 5079; x_wconf 83' lang='lat' dir='ltr'><strong>quonme</strong></span> <span class='ocrx_word' id='word_1_751' title='bbox 2761 5011 3120 5081; x_wconf 89' lang='lat' dir='ltr'><strong>complectar,</strong></span> <span class='ocrx_word' id='word_1_752' title='bbox 3155 5028 3217 5068; x_wconf 87' lang='lat' dir='ltr'><strong>ac</strong></span> <span class='ocrx_word' id='word_1_753' title='bbox 3254 5028 3380 5068; x_wconf 82' lang='lat' dir='ltr'><strong>eum</strong></span> <span class='ocrx_word' id='word_1_754' title='bbox 3406 5015 3564 5085; x_wconf 86' lang='lat' dir='ltr'><strong>cujus</strong></span> 
     </span>
    </p>
   </div>
   <div class='ocr_carea' id='block_1_111' title="bbox 1992 5098 3564 5173">
    <p class='ocr_par' dir='ltr' id='par_1_111' title="bbox 1992 5098 3564 5173">
     <span class='ocr_line' id='line_1_111' title="bbox 1992 5098 3564 5173; baseline 0.004 -21"><span class='ocrx_word' id='word_1_755' title='bbox 1992 5098 2268 5154; x_wconf 87' lang='lat' dir='ltr'><strong>desiderio</strong></span> <span class='ocrx_word' id='word_1_756' title='bbox 2293 5109 2504 5164; x_wconf 82' lang='lat' dir='ltr'><strong>teneor,</strong></span> <span class='ocrx_word' id='word_1_757' title='bbox 2527 5110 2874 5156; x_wconf 88' lang='lat' dir='ltr'><strong>contemnam</strong></span> <span class='ocrx_word' id='word_1_758' title='bbox 2901 5103 3244 5173; x_wconf 71' lang='lat' dir='ltr'><strong>?prresertim</strong></span> <span class='ocrx_word' id='word_1_759' title='bbox 3279 5119 3403 5159; x_wconf 90' lang='lat' dir='ltr'><strong>cum</strong></span> <span class='ocrx_word' id='word_1_760' title='bbox 3437 5119 3564 5159; x_wconf 86' lang='lat' dir='ltr'><strong>cor-</strong></span> 
     </span>
    </p>
   </div>
   <div class='ocr_carea' id='block_1_112' title="bbox 1992 5192 3561 5265">
    <p class='ocr_par' dir='ltr' id='par_1_112' title="bbox 1992 5192 3561 5265">
     <span class='ocr_line' id='line_1_112' title="bbox 1992 5192 3561 5265; baseline 0.001 -19"><span class='ocrx_word' id='word_1_761' title='bbox 1992 5207 2095 5264; x_wconf 91' lang='lat' dir='ltr'><strong>pus</strong></span> <span class='ocrx_word' id='word_1_762' title='bbox 2147 5193 2352 5248; x_wconf 87' lang='lat' dir='ltr'><strong>morbis</strong></span> <span class='ocrx_word' id='word_1_763' title='bbox 2409 5192 2718 5248; x_wconf 86' lang='lat' dir='ltr'><strong>confectum</strong></span> <span class='ocrx_word' id='word_1_764' title='bbox 2763 5194 2854 5259; x_wconf 87' lang='lat' dir='ltr'><strong>sit,</strong></span> <span class='ocrx_word' id='word_1_765' title='bbox 2909 5203 2969 5249; x_wconf 87' lang='lat' dir='ltr'><strong>ut</strong></span> <span class='ocrx_word' id='word_1_766' title='bbox 3019 5196 3142 5250; x_wconf 67' lang='lat' dir='ltr'><strong>vitae</strong></span> <span class='ocrx_word' id='word_1_767' title='bbox 3197 5195 3318 5250; x_wconf 82' lang='lat' dir='ltr'><strong>finis</strong></span> <span class='ocrx_word' id='word_1_768' title='bbox 3375 5195 3561 5265; x_wconf 88' lang='lat' dir='ltr'><strong>procul</strong></span> 
     </span>
    </p>
   </div>
   <div class='ocr_carea' id='block_1_113' title="bbox 1991 5282 3560 5353">
    <p class='ocr_par' dir='ltr' id='par_1_113' title="bbox 1991 5282 3560 5353">
     <span class='ocr_line' id='line_1_113' title="bbox 1991 5282 3560 5353; baseline 0.003 -17"><span class='ocrx_word' id='word_1_769' title='bbox 1991 5282 2184 5339; x_wconf 88' lang='lat' dir='ltr'><strong>abesse</strong></span> <span class='ocrx_word' id='word_1_770' title='bbox 2226 5299 2336 5338; x_wconf 92' lang='lat' dir='ltr'><strong>non</strong></span> <span class='ocrx_word' id='word_1_771' title='bbox 2391 5283 2589 5353; x_wconf 90' lang='lat' dir='ltr'><strong>possit,</strong></span> <span class='ocrx_word' id='word_1_772' title='bbox 2634 5295 2689 5340; x_wconf 89' lang='lat' dir='ltr'><strong>et</strong></span> <span class='ocrx_word' id='word_1_773' title='bbox 2745 5283 2862 5338; x_wconf 68' lang='lat' dir='ltr'><strong>haec</strong></span> <span class='ocrx_word' id='word_1_774' title='bbox 2914 5284 3096 5340; x_wconf 87' lang='lat' dir='ltr'><strong>inania</strong></span> <span class='ocrx_word' id='word_1_775' title='bbox 3151 5300 3274 5340; x_wconf 89' lang='lat' dir='ltr'><strong>esse</strong></span> <span class='ocrx_word' id='word_1_776' title='bbox 3323 5293 3560 5340; x_wconf 84' lang='lat' dir='ltr'><strong>constet.</strong></span> 
     </span>
    </p>
   </div>
   <div class='ocr_carea' id='block_1_114' title="bbox 1991 5373 3561 5445">
    <p class='ocr_par' dir='ltr' id='par_1_114' title="bbox 1991 5373 3561 5445">
     <span class='ocr_line' id='line_1_114' title="bbox 1991 5373 3561 5445; baseline 0.001 -18"><span class='ocrx_word' id='word_1_777' title='bbox 1991 5373 2146 5444; x_wconf 87' lang='lat' dir='ltr'><strong>Quod</strong></span> <span class='ocrx_word' id='word_1_778' title='bbox 2179 5381 2359 5428; x_wconf 88' lang='lat' dir='ltr'><strong>autem</strong></span> <span class='ocrx_word' id='word_1_779' title='bbox 2412 5373 2480 5428; x_wconf 89' lang='lat' dir='ltr'><strong>ad</strong></span> <span class='ocrx_word' id='word_1_780' title='bbox 2525 5374 2920 5430; x_wconf 85' lang='lat' dir='ltr'><strong>monasterium</strong></span> <span class='ocrx_word' id='word_1_781' title='bbox 2959 5375 3404 5445; x_wconf 82' lang='lat' dir='ltr'><strong>propinquosque</strong></span> <span class='ocrx_word' id='word_1_782' title='bbox 3434 5389 3561 5445; x_wconf 83' lang='lat' dir='ltr'><strong>per-</strong></span> 
     </span>
    </p>
   </div>
   <div class='ocr_carea' id='block_1_115' title="bbox 1991 5463 3559 5537">
    <p class='ocr_par' dir='ltr' id='par_1_115' title="bbox 1991 5463 3559 5537">
     <span class='ocr_line' id='line_1_115' title="bbox 1991 5463 3559 5537; baseline 0.001 -17"><span class='ocrx_word' id='word_1_783' title='bbox 1991 5466 2144 5530; x_wconf 88' lang='lat' dir='ltr'><strong>tinet,</strong></span> <span class='ocrx_word' id='word_1_784' title='bbox 2171 5464 2224 5521; x_wconf 93' lang='lat' dir='ltr'><strong>id</strong></span> <span class='ocrx_word' id='word_1_785' title='bbox 2253 5463 2360 5521; x_wconf 68' lang='lat' dir='ltr'><strong>lico</strong></span> <span class='ocrx_word' id='word_1_786' title='bbox 2399 5465 2504 5521; x_wconf 88' lang='lat' dir='ltr'><strong>erit</strong></span> <span class='ocrx_word' id='word_1_787' title='bbox 2545 5479 2711 5532; x_wconf 66' lang='lat' dir='ltr'><strong>curae,</strong></span> <span class='ocrx_word' id='word_1_788' title='bbox 2758 5465 2848 5522; x_wconf 90' lang='lat' dir='ltr'><strong>cui</strong></span> <span class='ocrx_word' id='word_1_789' title='bbox 2885 5475 3146 5537; x_wconf 87' lang='lat' dir='ltr'><strong>utrosque</strong></span> <span class='ocrx_word' id='word_1_790' title='bbox 3183 5465 3506 5521; x_wconf 89' lang='lat' dir='ltr'><strong>commendo</strong></span> <span class='ocrx_word' id='word_1_791' title='bbox 3541 5481 3559 5522; x_wconf 91' lang='lat'><strong>:</strong></span> 
     </span>
    </p>
   </div>
   <div class='ocr_carea' id='block_1_116' title="bbox 1661 5582 2333 5642">
    <p class='ocr_par' dir='ltr' id='par_1_116' title="bbox 1661 5582 2333 5642">
     <span class='ocr_line' id='line_1_116' title="bbox 1661 5582 2333 5642; baseline 0 -4"><span class='ocrx_word' id='word_1_792' title='bbox 1661 5583 1889 5641; x_wconf 69' lang='grc' dir='ltr'><strong>νΑΡιΙᾸΞ</strong></span> <span class='ocrx_word' id='word_1_793' title='bbox 1929 5582 2333 5642; x_wconf 78' lang='lat' dir='ltr'><strong>LECTIONES.</strong></span> 
     </span>
    </p>
   </div>
   <div class='ocr_carea' id='block_1_117' title="bbox 387 5666 870 5738">
    <p class='ocr_par' dir='ltr' id='par_1_117' title="bbox 387 5666 870 5738">
     <span class='ocr_line' id='line_1_117' title="bbox 387 5666 870 5738; baseline 0.017 -22"><span class='ocrx_word' id='word_1_794' title='bbox 387 5666 436 5699; x_wconf 76' lang='grc'><strong><em>⁸⁸</em></strong></span> <span class='ocrx_word' id='word_1_795' title='bbox 462 5667 709 5738; x_wconf 75' lang='grc' dir='ltr'>παρίστη</span> <span class='ocrx_word' id='word_1_796' title='bbox 745 5668 870 5738; x_wconf 65' lang='lat' dir='ltr'><strong>far.</strong></span> 
     </span>
    </p>
   </div>
   <div class='ocr_carea' id='block_1_118' title="bbox 281 5673 1589 5806">
    <p class='ocr_par' dir='ltr' id='par_1_118' title="bbox 281 5673 1589 5806">
     <span class='ocr_line' id='line_1_118' title="bbox 281 5673 1589 5768; baseline 0.023 -58"><span class='ocrx_word' id='word_1_797' title='bbox 281 5730 327 5768; x_wconf 54' lang='grc' dir='ltr'>υ</span> <span class='ocrx_word' id='word_1_798' title='bbox 387 5673 436 5699; x_wconf 71' lang='grc' dir='ltr'>ἰ</span> <span class='ocrx_word' id='word_1_799' title='bbox 462 5673 709 5738; x_wconf 78' lang='grc' dir='ltr'>παρέστη</span> <span class='ocrx_word' id='word_1_800' title='bbox 750 5673 870 5724; x_wconf 85' lang='lat' dir='ltr'><strong>Par.</strong></span> <span class='ocrx_word' id='word_1_801' title='bbox 977 5673 1022 5704; x_wconf 83' lang='lat'><strong>&quot;</strong></span> <span class='ocrx_word' id='word_1_802' title='bbox 1057 5677 1420 5747; x_wconf 77' lang='grc' dir='ltr'>μηχανόμενοι</span> <span class='ocrx_word' id='word_1_803' title='bbox 1466 5675 1589 5731; x_wconf 70' lang='lat' dir='ltr'><strong>Par-</strong></span> 
     </span>
     <span class='ocr_line' id='line_1_119' title="bbox 364 5731 798 5806; baseline 0.009 -17"><span class='ocrx_word' id='word_1_804' title='bbox 364 5732 686 5806; x_wconf 77' lang='lat' dir='ltr'><strong>Legebatur</strong></span> <span class='ocrx_word' id='word_1_805' title='bbox 714 5731 798 5794; x_wconf 72' lang='grc' dir='ltr'>οὗ.</span> 
     </span>
    </p>
   </div>
   <div class='ocr_carea' id='block_1_119' title="bbox 1689 5677 2345 5733">
    <p class='ocr_par' dir='ltr' id='par_1_119' title="bbox 1689 5677 2345 5733">
     <span class='ocr_line' id='line_1_120' title="bbox 1689 5677 2345 5733; baseline 0.002 -1"><span class='ocrx_word' id='word_1_806' title='bbox 1689 5677 1732 5709; x_wconf 75' lang='grc' dir='ltr'><strong>⁷ο</strong></span> <span class='ocrx_word' id='word_1_807' title='bbox 1776 5677 2168 5732; x_wconf 82' lang='grc' dir='ltr'>καταπολαύων</span> <span class='ocrx_word' id='word_1_808' title='bbox 2219 5679 2345 5733; x_wconf 81' lang='lat' dir='ltr'><strong>Par.</strong></span> 
     </span>
    </p>
   </div>
   <div class='ocr_carea' id='block_1_120' title="bbox 2450 5673 3555 5750">
    <p class='ocr_par' dir='ltr' id='par_1_120' title="bbox 2450 5673 3555 5750">
     <span class='ocr_line' id='line_1_121' title="bbox 2450 5673 3555 5750; baseline -0.005 -18"><span class='ocrx_word' id='word_1_809' title='bbox 2450 5679 2490 5709; x_wconf 78' lang='grc'><strong>⁷³</strong></span> <span class='ocrx_word' id='word_1_810' title='bbox 2535 5674 2702 5750; x_wconf 72' lang='grc' dir='ltr'>βούλῃ</span> <span class='ocrx_word' id='word_1_811' title='bbox 2729 5676 2849 5732; x_wconf 79' lang='lat' dir='ltr'><strong>l’at‘.</strong></span> <span class='ocrx_word' id='word_1_812' title='bbox 2964 5675 3006 5706; x_wconf 68' lang='grc' dir='ltr'><strong><em>τ’</em></strong></span> <span class='ocrx_word' id='word_1_813' title='bbox 3032 5673 3377 5737; x_wconf 77' lang='grc' dir='ltr'>δυσϐουλείας</span> <span class='ocrx_word' id='word_1_814' title='bbox 3430 5673 3555 5728; x_wconf 68' lang='lat' dir='ltr'><strong>Par.</strong></span> 
     </span>
    </p>
   </div>
  </div>
