4006 6216
396 210 466 276 43
1089 298 1105 313 ⁸
1668 209 1964 274 ΤΗΕΟΡΕ

2065 211 2161 275 lIS
2196 208 2414 280 VITA.‘
3576 222 3649 288 Η

397 314 643 374 destituti
699 315 933 373 aliorum
986 315 1245 374 manibus
1297 316 1658 386 ducebantur,
1698 333 1964 390 verosque

2075 318 2165 396 ξίᾳ
2191 322 2239 356 ⁸³
2299 324 2600 400 πεδώμενοι
2642 327 2715 397 ⁸⁸,
2755 329 2846 399 ὑφ’
2873 330 3080 405 ἐτέρων
3127 334 3648 411 χειραγωγούμενοι,

395 408 563 465 duces
598 407 808 464 lumina
834 408 1178 482 requirentes
1203 419 1489 477 venerant,
1527 411 1636 467 voti
1674 421 1974 483 compotes

388 498 520 556 tacti
550 501 669 557 sine
692 501 965 557 laboreita
992 500 1264 568 redibant,
1291 509 1352 557 ut
1375 500 1566 556 aliena:
1581 515 1777 557 manus
1807 514 1974 572 opera

393 592 539 647 nulla
574 592 1003 649 desideraretur.
1020 592 1250 661 ~Claudi,
1278 591 1524 649 membra
1551 592 1823 664 corporis,
1850 591 1973 664 qui-

385 684 495 740 bus
519 685 672 756 gradi
705 685 977 740 insuetum
1019 697 1124 751 est,
1160 685 1311 740 humi
1348 683 1494 740 laede
1534 684 1838 751 trahentes,
1874 691 1970 739 aut

401 775 609 830 alienas
655 790 853 831 manus
872 775 953 830 ad
998 775 1105 831 iter
1140 783 1489 843 mutuantes,
1542 790 1867 846 caprearum
1912 775 1969 833 in

386 880 599 922 morem
628 862 793 922 rectis
819 867 966 923 tibiis
1002 865 1251 923 saliendo
1278 867 1653 925 discedebant.
1711 865 1815 935 Qui
1864 882 1972 922 αυτ

387 957 553 1021 rium,
589 964 684 1011 aut
713 957 912 1029 linguae
937 972 1166 1013 munere
1187 955 1337 1027 fungi
1363 972 1475 1013 non
1504 966 1777 1027 poterant,
1825 959 1969 1014 miro

386 1062 640 1118 novoque
670 1059 865 1105 eventu
882 1049 1125 1104 aliorum
1155 1047 1517 1105 fabulantium
1552 1065 1834 1107 sermones
1864 1065 1966 1105 au-

385 1140 618 1207 dientes,
640 1142 756 1213 pari
788 1157 913 1197 cum
939 1141 1021 1197 eis
1044 1156 1177 1197 voce
1206 1143 1412 1213 gratias
1428 1142 1681 1214 agebant.
1702 1141 1964 1209 Feminae,

385 1246 509 1302 quae
533 1241 798 1303 perpetuo
834 1231 985 1287 ﬂuxu
1018 1233 1303 1305 sanguinis
1335 1233 1667 1301 laborantes,
1700 1233 1853 1289 insiti
1876 1248 1967 1289 ca-

384 1322 520 1378 loris
548 1324 795 1379 discessu
831 1334 1083 1380 emortuo
1126 1341 1269 1396 pene
1312 1341 1545 1399 corpore
1574 1326 1809 1396 fuerant,
1856 1340 1965 1381 non

383 1414 600 1469 Domini
629 1415 879 1479 ﬁmbriae,
914 1417 1008 1472 sed
1041 1418 1184 1472 servi
1216 1433 1359 1474 arca:
1402 1428 1656 1475 contactu
1701 1419 1968 1474 mirabili-

370 1512 465 1560 ter
525 1505 806 1560 exsiccata
841 1504 1017 1574 ﬂuxu,
1060 1508 1200 1579 grati
1246 1510 1513 1581 prohique
1556 1509 1727 1565 animi
1770 1525 1965 1566 monu-

379 1604 567 1651 mento
603 1597 905 1667 gratiarum
952 1599 1185 1656 actionis
1209 1599 1387 1657 fontes
1412 1603 1758 1673 promebant.
1826 1601 1964 1658 Chi—

378 1687 716 1758 rographum
747 1686 1036 1760 ﬂagitiosis
1077 1691 1391 1749 actionibus
1413 1671 1672 1765 plenum,
1709 1708 1835 1749 cum
1868 1693 1964 1750 ob-
1994 1671 2038 1729 Β

378 1779 654 1850 signatum
680 1795 825 1836 arca:
853 1781 1134 1838 admotum
1172 1794 1337 1851 esset,
1364 1784 1445 1841 sic
1472 1800 1667 1842 omnes
1692 1786 1962 1843 mundum

378 1879 736 1938 aspexerunt,
771 1885 837 1927 ac
865 1871 912 1927 si
937 1873 1074 1928 nihil
1104 1889 1349 1945 unquam
1376 1875 1427 1931 in
1457 1891 1524 1931 eo
1550 1876 1751 1934 fuisset
1823 1878 1966 1935 scri-

376 1967 530 2028 ptum
559 1977 574 2022 ;
618 1962 915 2033 cunctique
940 1965 1303 2034 apostolicam
1343 1975 1664 2036 potestatem
1693 1983 1768 2023 ex
1802 1968 1965 2039 hujus

376 2062 505 2104 arca
535 2061 850 2107 manantem
881 2064 1271 2124 suspexerunt.
1303 2054 1532 2122 Verum,
1567 2059 1692 2129 quis
1721 2075 1808 2124 ea,
1844 2076 1968 2130 quae

377 2147 509 2196 tunc
532 2141 601 2196 ab
631 2142 751 2212 ipso
775 2153 926 2212 gesta
949 2154 1100 2210 sunt.
1124 2147 1446 2219 singulatim
1464 2151 1658 2215 _valeat
1681 2166 1964 2218 enarrare,

377 2243 504 2283 cum
555 2244 623 2284 ne
663 2246 865 2300 genera
892 2234 1116 2304 quidem
1170 2239 1452 2292 numerari
1491 2237 1653 2294 facile
1714 2244 1967 2310 queant?

376 2320 570 2392 quisve
613 2321 800 2395 etiam,
824 2326 1076 2393 quamvis
1111 2326 1187 2381 illi
1217 2328 1415 2400 lingua:
1456 2330 1569 2385 sint
1613 2330 1802 2387 decem
1836 2350 1965 2390 ora-

365 2426 483 2483 .que
512 2411 724 2481 decem,
758 2414 977 2485 scriptis
1001 2419 1368 2492 consignare?

448 2621 723 2694 lntegrum
742 2623 909 2697 igitur
951 2640 1156 2683 annum
1188 2629 1244 2684 in
1278 2631 1481 2702 templo
1508 2632 1738 2691 illustris
1754 2634 1962 2692 Christi

374 2716 638 2788 martyris
668 2717 919 2789 Procopii
948 2722 1292 2787 commorati,
1345 2739 1415 2779 ne
1450 2726 1724 2797 supplices
1778 2729 1963 2786 divino

377 2809 483 2864 viri
515 2823 750 2865 munere
779 2810 1164 2880 prohiberent,
1198 2815 1284 2870 vix
1316 2817 1532 2873 tandem
1551 2819 1841 2891 aliquando
1862 2822 1965 2877 iter

364 2901 443 2958 .ad
470 2900 590 2972 ejus
606 2901 1001 2959 monasterium
1020 2916 1168 2961 recta
1185 2909 1606 2978 contenderunt,
1627 2925 1751 2966 cum
1770 2914 1964 2971 ordine

373 2993 719 3067 quadruplici
793 2995 938 3053 circa
991 2996 1254 3055 feretrum
1310 3000 1487 3071 ipsius
1553 3003 1951 3062 constitissent.
1983 3023 2026 3081 (ξ

371 3083 551 3143 Medio
584 3088 731 3143 enim
762 3089 902 3145 inter
923 3089 1112 3145 Patres
1132 3089 1255 3145 loco
1289 3092 1573 3147 constituti
1605 3093 1709 3149 viri
1740 3096 1956 3154 nobiles

371 3178 430 3234 in
471 3179 729 3237 humeros
758 3184 1061 3249 sublatum,
1114 3184 1264 3239 velut
1301 3200 1489 3241 arcam
1542 3189 1835 3259 quamdam
1864 3206 1958 3262 ge-

369 3270 629 3341 stabant;
660 3273 715 3328 in
745 3289 852 3345 qua
874 3290 984 3330 non
1030 3290 1167 3332 urna
1196 3287 1315 3333 erat
1336 3277 1536 3350 ingrati
1557 3281 1745 3351 populi
1767 3282 1953 3338 cibum

370 3376 730 3432 conservans,
766 3382 876 3423 non
923 3366 1150 3439 lapideae
1181 3370 1402 3438 tabulas,
1444 3386 1556 3427 non
1590 3373 1744 3445 virga
1774 3377 1954 3433 Aaron

361 3490 391 3509 ..
413 3494 447 3512 ρ
486 3494 504 3513 .
547 3493 565 3512 .
601 3456 697 3528 qui
717 3458 974 3514 virtutem
995 3463 1145 3515 omni
1168 3462 1597 3530 reprehensione
1616 3464 1953 3535 superiorem

358 3549 708 3619 ostenderat,
741 3551 1042 3624 innataque
1073 3554 1469 3625 tranquillitate
1499 3554 1711 3610 invidiae
1737 3556 1956 3613 aculeos

358 3638 695 3705 zobtuderat;
731 3642 827 3712 qui
859 3642 1148 3700 charitatis
1172 3644 1482 3714 insignibus
1513 3646 1712 3702 eximie
1738 3647 1955 3701 clarue-

367 3741 490 3798 rat;
523 3733 616 3803 qui
666 3732 792 3800 tidc,
818 3734 910 3790 cui
951 3734 1089 3791 nihil
1142 3735 1455 3807 ambiguum
1489 3746 1594 3804 est,
1656 3737 1711 3793 in
1764 3738 1956 3808 primis

359 3826 723 3897 praestiterat,
782 3828 953 3899 inque
1013 3844 1076 3885 ea
1124 3828 1562 3886 adversariorum
1623 3830 1956 3887 munitiones

368 3924 682 3987 everterat;
729 3919 824 3990 qui
854 3935 952 3991 spe
980 3918 1187 3978 Christi
1217 3920 1537 3979 ﬁrmissima
1564 3923 1714 3979 velut
1735 3923 1960 3981 thorace

369 4010 616 4066 munitus
646 4019 810 4082 atque
827 4021 1130 4083 protectus,
1162 4014 1403 4072 hostium
1432 4016 1538 4072 tela
1578 4032 1808 4088 prorsus
1834 4019 1956 4073 ina-

360 4100 461 4155 .nia
508 4105 786 4173 stultaque
834 4105 1183 4171 ostenderat;
1233 4107 1327 4174 qui
1387 4105 1661 4160 donorum
1720 4106 1957 4176 Spiritus

368 4193 572 4251 ﬂuvius
590 4204 745 4263 erat;
777 4198 870 4267 qui
899 4205 1092 4266 pectus
1119 4211 1284 4250 omne
1314 4195 1515 4263 quibus
1546 4195 1799 4250 aﬂluebat
1829 4210 1954 4266 gra-

370 4287 486 4355 tiis,
513 4289 848 4344 exhilararet
870 4305 893 4355 ,;
936 4289 992 4342 in
1023 4287 1286 4341 Ecclesiae
1313 4287 1662 4341 ﬁrmamento
1684 4286 1766 4341 sol
1793 4301 1956 4342 occa-

2073 415 2166 470 τὸν
2187 415 2356 482 ὅντως
2384 420 2728 491 χειραγωγὸν
2756 422 3143 494 ἐπιζητοῦντες
3169 425 3447 499 ὀφθαλμὸν
3475 431 3648 506 ἐπήρο-

2072 523 2231 578 χοντο
2254 546 2271 573 ,
2325 509 2421 562 καὶ
2476 509 2539 564 τὸ
2598 509 2933 583 ποθούμενον
2993 514 3254 586 άμόχθως
3303 519 3650 591 εὑρίσκοντες

2072 597 2464 671 ἐπανήρχοντο,
2499 600 2594 655 τοῦ
2643 605 3106 676 χειραγωγεῖσθαι
3143 609 3282 678 μετά
3334 611 3437 684 τῆς
3492 615 3650 669 νόσου

2070 688 2562 761 δραπετεύσαντες.
2583 694 2763 749 Χωλοὶ
2793 694 2862 750 τὰ
2899 696 3034 768 μέλδη
3081 698 3176 753 τοῦ
3214 700 3489 772 σώματος,
3516 704 3552 760 ἀ
3584 709 3651 778 τῇ

2071 784 2142 855 γῇ
2178 781 2526 855 προσϐαίνειν
2573 785 2674 839 οὐκ
2723 785 2916 842 εἴωθεν
2938 788 2984 823 ⁸⁵
3016 788 3105 844 ἐπ’
3136 790 3365 861 ἐδάφους
3390 795 3651 867 καθυϐρίο

2072 871 2279 938 ζοντες,
2305 874 2356 927 oi
2387 875 2488 939 τὰς
2517 876 2722 949 ἐτέρων
2759 881 2950 952 χεῖρας
2976 880 3350 954 δανειζόμενοι
3375 887 3515 957 πρὸς
3552 887 3653 959 τὴν

2069 964 2303 1032 ἐλευσιν,
2356 967 2617 1043 δορκάδος
2678 971 2837 1044 δίκην
2887 973 3171 1045 ἁλλόμενοι
3239 976 3397 1031 ποσὶν
3443 978 3653 1048 ἀρτίοις

2068 1063 2350 1119 ἐποιοῦντο
2378 1066 2477 1138 τὴν
2506 1065 2878 1140 ἀναχώρησιν.
2919 1069 3116 1141 Ἀκοῆς
3140 1069 3197 1127 δὲ
3223 1071 3317 1127 καὶ
3341 1071 3435 1124 τοῦ
3470 1071 3652 1141 λέγειν

2070 1156 2246 1230 ἕτεροι
2276 1156 2768 1222 καταδικασθέντες
2818 1160 2917 1231 τὴν
2952 1161 3230 1235 στέρησιν,
3290 1162 3389 1233 τῆς
3446 1164 3651 1233 ἑτέρων

2066 1246 2284 1317 ὁμιλίας
2309 1248 2627 1319 παραδόξως
2646 1249 3032 1318 ἐπακούοντες,
3061 1248 3345 1323 ὁμόφωνον
3369 1251 3466 1323 τὴν
3484 1254 3650 1323 εὐχα-

2068 1339 2280 1411 ριστίαν
2314 1342 2598 1414 ἐνήργουν.
2628 1341 3042 1415 Αίμοῤῥοοῦντα
3073 1342 3272 1411 γύναια
3300 1346 3368 1415 τῇ
3409 1343 3651 1414 διηνεκεῖ

2065 1431 2221 1503 χύσει
2241 1433 2333 1487 τοῦ
2381 1434 2635 1504 αἵματος,
2670 1431 2762 1488 τοῦ
2791 1434 3036 1505 ἐμφύτου
3080 1433 3286 1506 θερμοῦ
3328 1438 3394 1505 τῇ
3432 1436 3651 1506 ἀποχω-

2070 1525 2227 1594 ρήσει
2259 1526 2398 1596 πρὸς
2418 1525 2685 1598 νέκρωσιν
2710 1527 3059 1597 ἀπαγόμενα,
3091 1528 3154 1581 ού
3203 1528 3512 1601 κρασπέδου
3548 1532 3647 1582 Δε-

2067 1616 2346 1683 σποτικοῦ,
2374 1618 2622 1689 δουλικῆς
2642 1618 2696 1671 δέ
2718 1618 2892 1690 θήκης
2916 1619 3290 1691 ἐφαπτόμενα,
3333 1619 3647 1687 παραδόξως

2064 1710 2535 1783 ἀναξηρανθείσης
2593 1712 2694 1783 τῆς
2756 1712 3003 1784 ῥύσεως,
3053 1713 3238 1784 πηγὰς
3290 1713 3646 1784 εὐχαριστίας

2064 1805 2423 1877 εὐγνωμόνως
2451 1805 2765 1870 ἀνέϐλυζον.
2794 1804 3173 1877 Χειρόγραφον
3208 1804 3403 1876 μεστὸν
3436 1802 3642 1874 μοχθη-

2067 1897 2177 1969 ρῶν
2200 1898 2451 1969 πράξεων
2473 1897 2912 1968 ἐσφραγισμένον
2937 1899 3004 1967 τῇ
3053 1895 3193 1972 θήκῃ
3218 1889 3643 1965 προσανατεθέν,

2064 1987 2140 2049 ὡς
2173 1987 2534 2058 μηδεπώποτε
2560 1986 2771 2058 γραφὲν
2801 1990 2911 2050 τοῖς
2943 1988 3109 2041 πᾶσιν
3139 1986 3462 2056 ἐγνωρίζετο
3481 2025 3495 2049 ,
3551 1986 3645 2036 καὶ

2063 2078 2165 2149 τὴν
2185 2078 2550 2151 ἁποστολικὴν
2579 2078 2828 2144 ἐξουσίαν
2860 2077 3172 2149 ἐθαύμαζον
3209 2078 3308 2146 τῆς
3328 2072 3522 2128 τούτου
3552 2073 3649 2144 θή-

2066 2188 2169 2242 κης
2192 2170 2621 2235 ἀναϐλύζουσαν.
2660 2169 2821 2225 Ἀλλά
2846 2169 2929 2232 τίς
2947 2168 3013 2223 ἂν
3038 2167 3195 2236 λόγος
3214 2167 3324 2220 τῶν
3353 2165 3475 2218 τότε
3505 2180 3648 2234 πρα-

2064 2261 2303 2331 χθέντων
2330 2260 2506 2332 τούτῳ
2535 2262 2595 2318 τὸ
2644 2261 2849 2329 πλῆθος
2882 2259 3026 2314 κατά
3058 2258 3227 2330 μέρος
3259 2256 3500 2323 ἐξειπεῖν
3550 2253 3648 2308 δυ-

2067 2351 2314 2418 νήσεται,
2339 2352 2540 2419 ὄπουγε
2569 2351 2660 2405 καὶ
2685 2351 2806 2405 κατ’
2831 2346 2972 2414 εἶδος
2997 2350 3098 2403 οὐκ
3125 2348 3349 2419 εὐχερές
3371 2365 3387 2417 ;
3412 2348 3573 2412 ποῖος
3589 2346 3649 2402 δὲ

2062 2444 2247 2513 γραφῇ
2279 2442 2633 2513 παραδοῦναι,
2658 2443 2763 2499 κᾶν
2792 2442 2989 2499 είδέκα
3016 2442 3299 2514 στομάτων
3338 2441 3435 2495 καὶ
3462 2441 3642 2510 γλωσ-

2065 2533 2173 2588 σῶν
2196 2533 2617 2606 εύμοιρήσειενς
3692 2530 3695 2535 ’

2134 2627 2297 2682 Ὀλον
2321 2627 2451 2697 γοῦν
2481 2628 2730 2682 ἐνιαυτὸν
2754 2628 2832 2701 τῷ
2866 2628 2980 2700 ναῷ
3009 2629 3104 2683 τοῦ
3156 2630 3469 2684 καλλινίκου
3496 2631 3645 2702 [lpo—

2064 2717 2256 2772 κοπίου
2303 2722 2913 2791 προσκαρτερήσαντες,
2955 2721 3051 2776 τοῦ
3110 2724 3186 2793 μὴ
3222 2721 3322 2792 τὴν
3352 2720 3646 2790 θεόϐρυτον

2064 2812 2224 2886 χάριν
2245 2811 2339 2866 τοῦ
2363 2812 2609 2883 μάκαρος
2624 2813 2943 2869 ἀναστεῖλαι
2978 2814 3084 2866 τῶν
3111 2813 3406 2884 δεομένων,
3430 2811 3528 2882 eos
3550 2813 3645 2866 καὶ

2068 2903 2221 2973 μόλις
2248 2902 2348 2974 τὴν
2374 2904 2504 2958 εὐθὺ
2537 2904 2638 2974 τῆς
2665 2905 2872 2962 ἐκείνου
2921 2905 3086 2977 μονῆς
3113 2904 3299 2975 τρίϐον
3324 2904 3493 2975 ᾔεσαν
3514 2941 3530 2968 ,
3558 2919 3648 2956 τε·

2062 2996 2354 3067 τραμερῶς
2394 2997 2533 3064 σφᾶς
2574 2997 2772 3062 αὐτοὺς
2807 2999 2937 3068 περὶ
2964 2995 3060 3068 τὴν
3092 2994 3268 3067 θήκην
3298 2993 3638 3060 ἐντάξαντες.

2059 3085 2241 3139 Μέσον
2264 3087 2371 3159 γάρ
2395 3086 2505 3144 τῶν
2528 3087 2787 3158 Πατέρων
2819 3089 2866 3140 οἱ
2896 3088 3183 3158 πρόκριτοι
3216 3086 3445 3157 ὤμοισιν
3471 3084 3643 3156 ἄραν-

2057 3196 2169 3243 τες,
2200 3175 2287 3234 οἷά
2313 3197 2435 3234 τινα
2458 3181 2686 3237 κιϐωτὸν
2717 3182 2997 3251 ἐκόμιζον,
3050 3180 3111 3237 οὐ
3140 3180 3378 3252 στάμνον
3408 3178 3640 3250 ἔχουσαν

2058 3269 2206 3324 ἔνδον
2235 3272 2565 3342 ἀγνωμόνων
2605 3271 2814 3343 τροφῆς
2841 3271 3229 3343 φυλακτήριον,
3283 3271 3380 3327 καὶ
3421 3270 3640 3334 πλάκας

2056 3362 2285 3426 λιθίνας,
2317 3364 2409 3417 καὶ
2442 3363 2541 3434 τὴν
2573 3363 2767 3435 ῥάϐδον
2798 3364 2844 3395 ⁸⁸
2874 3402 2889 3418 .
2911 3404 2956 3419 ..
2997 3381 3133 3434 μων.
3158 3362 3265 3418 Τοῦ
3290 3362 3540 3434 σώματος
3565 3378 3580 3392 ⁸
3612 3365 3641 3417 6

2062 3455 2219 3524 μόνος
2245 3455 2424 3521 δείξας
2452 3456 2653 3527 ἀρετήν
2700 3456 2978 3528 ἀνωτέραν
3033 3456 3228 3528 μώμου
3258 3455 3479 3524 παντὸς,
3528 3456 3641 3526 ἀμ-

2057 3545 2255 3607 ϐλύνας
2292 3562 2351 3598 τε
2382 3545 2577 3614 φθόνου
2629 3547 2828 3618 κέντρα
2862 3548 2927 3618 τῇ
2963 3547 3167 3618 φυσικῇ
3224 3544 3583 3617 γαληνότητι·
3610 3546 3639 3597 6

2058 3635 2278 3707 θεσμοῖς
2307 3636 2530 3705 ἀγάπης
2550 3635 2751 3706 ἐξόχως
2775 3635 3156 3707 λαμπόμενοςι
3184 3634 3220 3687 ό
3242 3634 3423 3692 πίστει
3467 3633 3637 3705 μηδὲν

2058 3728 2406 3800 ἀμφήριστον
2435 3728 2754 3802 κεκτημένῃ
2814 3728 2974 3800 μόνος
3006 3727 3376 3800 φραξάμενος,
3424 3727 3519 3781 καὶ
3571 3724 3639 3779 τά

2057 3820 2164 3874 τῶν
2194 3821 2454 3876 ἐναντίων
2479 3820 2804 3877 καταϐαλὼν
2838 3820 3170 3893 ὀχυρώματα
3188 3832 3203 3849 ⁸
3242 3819 3271 3873 ὁ
3300 3818 3472 3875 ἐλπίδι
3503 3818 3642 3889 Χρι-

2061 3913 2189 3968 στοῦ
2218 3916 2284 3986 τῇ
2310 3915 2701 3988 ἀρραγεστάτη
2739 3912 2830 3967 διά
2859 3913 2974 3984 βίον
3014 3911 3485 3984 θωρακισάμενος,
3540 3910 3637 3963 καὶ

2058 4006 2127 4059 τά
2147 4008 2255 4061 τῶν
2283 4008 2556 4077 πολεμίων
2589 4007 2655 4061 δι’
2688 4007 2858 4076 αὐτῆς
2892 4005 3020 4076 βέλη
3052 4004 3214 4074 κωφά
3244 4004 3410 4057 πᾶσιν
3438 4003 3640 4057 ἐναποο

2057 4096 2235 4160 δείξας
2266 4098 2358 4149 καὶ⁵
2386 4098 2620 4167 μάταιασ
2665 4099 2693 4149 ὁ
2722 4096 2968 4164 ποταμὸς
3016 4097 3127 4150 τῶν
3150 4096 3513 4166 χαρισμάτων
3542 4094 3637 4147 τοῦ

2059 4189 2375 4259 Πνεύματος
2394 4205 2408 4219 ·
2438 4189 2467 4240 6
2497 4189 2676 4241 πᾶσαν
2709 4187 2935 4258 καρδίαν
2966 4186 3234 4257 ίλαρύνων
3260 4188 3379 4246 ταῖς
3411 4185 3597 4264 χάρισι
3617 4200 3635 4220 ο

2056 4282 2085 4334 6
2115 4280 2206 4334 τοῦ
2251 4282 2347 4350 τῆς
2389 4279 2715 4351 Ἑκκλησίας
2752 4278 3136 4350 στερεώματος
3169 4276 3363 4341 ἄδυτος
3390 4276 3574 4345 ἣλιος·
3606 4278 3636 4333 ὁ

362 4398 493 4439 sum
522 4383 796 4447 nesciens,
830 4393 1155 4450 semperque
1187 4378 1406 4435 lucidus
1434 4387 1583 4435 esset
1614 4394 1629 4433 :
1660 4379 1752 4449 qui
1783 4378 1951 4434 haere-

2065 4371 2229 4443 κόρας
2267 4370 2369 4442 μὲν
2401 4370 2743 4442 αἰρεσιωτῶν
2782 4368 3064 4442 ἀμϐλύνας
3102 4372 3170 4442 τῇ
3201 4367 3310 4421 τῶν
3347 4369 3635 4441 δογμάτων

373 4474 609 4530 ticorum
658 4472 850 4529 oculos
881 4471 1148 4528 doctrinae
1197 4470 1488 4543 splendore
1538 4472 1957 4541 perstrinxerat,

371 4566 700 4638 plerumque
746 4565 961 4623 animos
995 4564 1061 4620 ad
1088 4563 1249 4623 [idem
1299 4563 1633 4634 iuculpatam
1664 4563 1958 4620 direxerat.

441 4656 485 4711 Ο
514 4660 898 4729 ιεςνοιειιιίυηι
928 4657 1175 4715 medice!
1231 4671 1265 4713 ο
1304 4667 1652 4726 peccatorum
1697 4656 1962 4727 propitia-

371 4747 468 4815 tio,
493 4747 695 4818 largire
731 4750 868 4804 mihi
898 4749 1131 4804 celerem
1164 4762 1408 4803 mearum
1442 4745 1833 4818 aegritudinum
1857 4762 1960 4802 cu-

360 4838 635 4893 rationem
665 4856 679 4892 :
709 4847 771 4892 ut
812 4847 1133 4908 recuperata
1197 4838 1457 4903 sanitate,
1513 4853 1737 4893 rursum
1774 4839 1842 4893 ad
1898 4847 1952 4895 te

372 4929 601 5002 supplex
637 4931 914 4996 accedam,
948 4932 1197 5001 gratique
1229 4930 1397 4986 animi
1426 4929 1796 4986 testimonium
1822 4930 1954 4988 εσθ-

362 5040 510 5082 νταιξι.
561 5022 763 5080 Libera
788 5039 879 5080 me
907 5038 937 5078 a
968 5024 1245 5094 periculis,
1303 5040 1426 5096 qua:
1473 5025 1715 5094 quotidie
1770 5025 1955 5079 immi-

371 5125 523 5177 ncnt.
561 5123 622 5172 ut
647 5130 770 5171 cum
805 5114 1192 5186 pulcherrimis
1224 5114 1381 5170 lactis
1412 5130 1509 5186 pro
1541 5114 1680 5169 virili
1721 5132 1839 5171 mea
1866 5118 1951 5171 in-

360 5208 638 5275 .cuhuero,
664 5207 885 5263 illorum
922 5213 976 5261 te
1010 5214 1288 5262 auctorem
1311 5208 1599 5278 perspicue
1632 5223 1947 5280 agnoscam.

2056 4463 2627 4538 λαμπρότητι,ψυχὰς
2660 4464 2716 4518 δέ
2756 4460 3020 4532 θεοφιλῶν
3048 4462 3470 4535 χειραγωγήσας
3499 4461 3636 4533 πρὸς

2056 4557 2240 4611 πίστιν
2280 4557 2600 4629 ἀμώμητον.

2129 4652 2202 4707 Τὸ
2227 4650 2335 4706 τῶν
2374 4649 2614 4704 ἀσθενῶν
2652 4649 2913 4720 ίατήριον,
2950 4648 3058 4704 τῶν
3102 4648 3403 4702 πταιόντων
3427 4646 3488 4700 τὸ
3521 4645 3635 4699 ἱλα-

2060 4746 2305 4817 στήριον,
2333 4745 2475 4799 δίδου
2506 4760 2596 4815 μοι
2621 4743 2729 4797 τῶν
2757 4742 3122 4813 ἐπικειμένων
3145 4741 3469 4811 νοσημάτων
3490 4738 3634 4791 ἐλευ-

2058 4836 2246 4910 θερίαν
2273 4838 2526 4907 τάχιστα,
2579 4837 2669 4890 ἵνα
2698 4836 2894 4907 ῥαΐσας
2930 4833 3082 4904 φανῶ
3119 4833 3282 4889 πάλιν
3329 4831 3516 4902 ίκέτης
3545 4832 3636 4883 £6-

2058 4935 2333 5003 χάριστος.
2397 4930 2550 4983 Δίδου
2584 4945 2675 5000 μοι
2712 4929 2819 4983 τῶν
2865 4930 3136 4999 ὁσημέραι
3192 4923 3633 4997 προσγινομένων

2059 5024 2436 5095 περιστάσεων
2464 5021 2866 5093 ἀπολύτρωσιν,
2902 5021 2989 5077 ἵνα
3019 5022 3139 5082 ταῖς
3171 5016 3487 5080 καλλίσταις
3521 5015 3632 5067 τῶν

2061 5115 2311 5186 πράξεων
2348 5113 2730 5183 ἐκδαπανήσας
2757 5113 2818 5165 τὸ
2839 5110 3120 5175 δύνασθαι,
3149 5107 3629 5183 Δημιουργὸνέπι-

2058 5209 2256 5281 γράψω
2313 5207 2421 5262 τῶν
2457 5204 2897 5278 κατορθωμάτων
2955 5205 3291 5277 σαφέστατα,
3343 5198 3628 5272 ἁμαρτιῶν

1652 5393 1893 5451 VARUE
1924 5394 2318 5454 LECTIONES

418 5514 470 5547 ⁸³
504 5513 685 5590 malim
725 5514 961 5587 ἀορασίᾳ
990 5528 1096 5590 mg.
1126 5510 1449 5590 Par._male.
1524 5511 1572 5544 ⁸³
1603 5511 1926 5590 πεδούμενοι
1953 5511 2080 5590 Ιξίιι.
2157 5513 2203 5545 ⁸⁸
2220 5512 2412 5590 οῖωθμεν
2445 5512 2597 5590 Par...
2621 5511 2717 5568 sed
2749 5512 2897 5590 aliud
2930 5512 3121 5568 vitium
3144 5511 3292 5567 latet.
3384 5509 3434 5542 '°
3470 5506 3629 5590 Deest

368 5597 556 5656 unum
567 5580 755 5641 folium
786 5579 811 5641 ξ
836 5579 947 5641 nec
976 5579 1163 5640 minus
1185 5583 1241 5638 in
1266 5579 1597 5653 Lipomano,
1656 5579 1947 5641 etsi'illius
1977 5585 2249 5656 interpres
2275 5585 2423 5641 velut
2452 5584 2600 5639 nulla
2633 5591 2781 5640 esset
2808 5584 3004 5641 lacuna
3065 5590 3266 5638 cuncta
3324 5579 3624 5637 connectit.

372 5669 486 5726 mg.
518 5650 648 5710 Par.
