4006 6216
342 216 410 280 47
1245 235 1266 245 -ν
1511 207 2002 270 THEOPHANIS
2051 208 2443 273 OFFICIUM.
3533 208 3606 274 48

347 333 612 396 imbutus,
651 326 839 383 mundi
879 325 1062 384 dulcia
1081 323 1460 390 tiiliilirfecisti,
1489 339 1755 396 perquam
1788 326 1917 382 bea-

2050 326 2487 398 [ἀριτιᾞιοτικὴν
2519 326 2866 398 τερπνότητα
2897 325 3050 382 οὐδὲν
3100 301 3309 399 ἡγήσω,
3365 344 3603 400 παμμα-

348 423 583 481 tissime.

414 515 595 572 Ferali
623 513 788 570 modo
835 513 1055 567 irruens
1087 509 1200 566 Leo
1249 518 1517 581 tyrannus
1563 508 1768 564 electos
1801 525 1925 580 per-

347 619 570 665 secutus
612 614 716 672 est,
776 620 884 659 non
925 602 1105 657 ferens
1164 601 1352 656 videre
1386 600 1589 655 Christi
1617 601 1923 672 imaginem

349 699 758 757 venerationem
817 695 1064 749 habere:
1117 707 1243 747 cum
1298 692 1495 761 quibus
1526 700 1576 747 te
1603 707 1839 762 quoque,
1889 706 1923 747 ο

241 839 257 855 .
349 793 730 864 Theophanes,
766 786 1048 842 damnavit
1078 784 1292 840 exsilio.

540 907 661 964 Odc
723 907 777 972 5,
818 913 1042 960 tractus.
1096 901 1218 956 Non
1250 902 1304 955 in
1336 901 1620 970 sapientia.

403 1003 594 1058 Divina
616 1003 810 1073 plenus
843 1001 982 1065 luce,
998 998 1380 1068 Theophanes,
1404 995 1921 1070 apparuisti,chari-

337 1099 464 1153 tatis
490 1096 542 1152 vi
575 1095 885 1150 desiderato
913 1092 1214 1156 cohaerens,
1252 1104 1285 1144 ο
1317 1089 1475 1144 beate
1512 1105 1526 1142 :
1557 1103 1676 1144 eam
1701 1089 1772 1144 ob
1803 1104 1917 1145 rem

335 1191 629 1260 gloriosam
655 1199 804 1244 tuam
842 1184 1162 1240 memoriam
1187 1196 1536 1238 veneramur.

407 1279 573 1350 Impia
616 1277 813 1332 Leonis
850 1275 1106 1343 dOgmata
1149 1271 1247 1326 tibi
1287 1271 1624 1325 interdicens
1689 1267 1778 1340 pie
1821 1271 1918 1325 ad-

335 1371 559 1427 modum
591 1366 923 1423 conlirmasti
971 1363 1228 1418 Ecclesiae
1249 1363 1431 1433 leges:
1472 1361 1830 1432 quamobrem
1868 1372 1918 1416 te

335 1463 590 1518 Christus
614 1459 821 1514 clarum
860 1455 1144 1511 miraculis
1167 1453 1368 1510 eﬂ‘ecit.

410 1556 738 1620 Roboratus,
787 1552 869 1606 vir
899 1560 1108 1614 sancte,
1142 1551 1359 1604 animus
1409 1548 1547 1618 spei,
1600 1557 1764 1619 atque
1790 1548 1916 1604 ﬁdei

336 1650 612 1712 ﬁrmitate,
683 1644 862 1701 carnis
908 1641 1340 1698 imbecillitatem
1399 1641 1667 1706 roborat;
1725 1642 1916 1712 utique

334 1754 660 1798 conservum
694 1751 895 1808 corpus
929 1737 1036 1790 Deo
1063 1732 1391 1789 concilians.

692 1849 904 1913 Sessio,
933 1855 1097 1900 tonus
1119 1846 1172 1900 5.
1208 1844 1400 1899 Divina
1433 1842 1558 1912 ﬁde.

413 1946 602 2000 Divina
631 1943 891 2014 praeditus
919 1939 1288 2001 aemulatione,
1326 1937 1553 2006 impium
1587 1936 1786 2006 dogma
1817 1935 1914 1990 de-

338 2047 570 2093 testatus
601 2050 684 2100 es,
735 2032 1030 2100 multisque
1081 2045 1146 2084 ac
1176 2028 1345 2083 variis
1400 2027 1658 2096 periculis
1703 2041 1763 2082 es
1819 2026 1916 2082 de-

336 2131 585 2193 functus,
614 2127 818 2197 injuste
846 2125 1166 2194 deportatus
1197 2120 1416 2184 exsilio,
1445 2122 1663 2190 pieque,
1715 2133 1748 2174 o
1786 2119 1916 2173 bea-

338 2224 572 2288 tissime,
603 2225 1040 2274 consummatus.
1093 2215 1257 2268 Pater
1286 2211 1666 2280 Theophanes,
1695 2210 1916 2265 Christo

337 2315 448 2370 Deo
479 2312 742 2382 suppliea,
768 2320 830 2363 ut
853 2321 1046 2376 magna
1079 2320 1178 2359 nos
1204 2302 1576 2357 misericordia
1608 2304 1792 2355 donet.

471 2427 584 2482 Odc
614 2426 666 2480 4.
706 2423 996 2478 Sublimem
1021 2419 1220 2473 elatum
1269 2418 1445 2470 videns
1475 2425 1522 2469 te
1547 2415 1804 2469 Ecclesia.

405 2520 682 2578 Coelorum
720 2515 814 2570 tibi
867 2525 1120 2583 regnum,
1154 2510 1236 2564 vir
1271 2517 1480 2572 sancte,
1529 2515 1778 2576 paratum
1834 2517 1917 2571 est

340 2625 601 2684 tanquam
643 2608 863 2671 athletae
895 2623 907 2658 :
941 2615 1158 2660 terreno
1199 2603 1343 2656 enim
1378 2601 1734 2655 tabernaculo
1786 2617 1918 2670 gau-

339 2707 475 2760 dens
502 2699 799 2757 t'ranslatus
817 2713 876 2752 es
915 2696 1162 2755 clamans
1190 2691 1422 2747 Domino
1453 2708 1467 2745 :
1514 2689 1699 2746 Gloria
1725 2701 1918 2764 poten-

342 2799 431 2852 tia
465 2804 592 2858 tuae,
628 2790 879 2846 Dmnine.
1723 2768 1726 2771 ’

411 2885 793 2958 Triumphator
813 2880 1175 2950 TheOphanes
1197 2877 1420 2934 effectus
1442 2891 1520 2931 es.
1541 2874 1918 2930 Venerandam

341 2982 543 3054 quippe
582 2975 790 3034 Christi
836 2974 1066 3044 eﬂigiem
1119 2987 1225 3026 non
1277 2970 1518 3025 abnuisti
1556 2970 1755 3033 colere,
1808 2966 1919 3021 Deo

2028 436 2278 475 καριστε.

2142 437 2278 475 ιστε.

2105 437 2394 582 ξΟρμήσας
2417 509 2703 584 θηριωδῶς
2735 513 2920 581 ἐδίωξε
2949 511 3100 566 Λέων
3125 512 3154 564 ὁ
3191 510 3451 582 τύραννος
3479 509 3603 574 τοὺς

2026 605 2338 672 ἐκλεκτοὺς,
2384 607 2459 676 μὴ
2514 606 2698 675 φέρων
2730 608 2862 677 όρᾷν
2893 605 3215 675 τιμωμένην
3263 605 3446 657 εἰκόνα
3475 604 3606 674 Χρι-

2026 696 2174 750 στοῦ.
2195 697 2330 751 Μεθ’
2362 694 2441 754 ὢν
2472 699 2564 752 καὶ
2593 698 2678 764 σὲ,
2709 698 3002 768 Θεόφανες,
3027 697 3292 769 ὑπερορίᾳ
3319 696 3606 750 κατεδίκα-

2025 805 2136 844 σεν.

2291 904 2400 974 ᾨδ.
2435 910 2507 972 γ’.
2544 903 2604 959 Ὀ
2635 903 2851 976 είρμός.
2892 906 3013 958 Οὐκ
3048 904 3118 956 ἐν
3154 903 3360 972 σοφίᾳ.

2091 993 2272 1058 Φωτὺς
2317 996 2412 1049 τοῦ
2444 996 2590 1050 Θείου
2621 997 3004 1069 πεπλησμένος
3030 995 3273 1069 ὼράθης,
3311 992 3604 1062 Θεόφανες,

2019 1086 2087 1140 δι’
2110 1087 2331 1158 ἀγάπης
2367 1090 2696 1160 συγκραθεὶς
2718 1089 2795 1159 τῷ
2826 1088 3170 1158 ποθουμένῳ,
3209 1086 3478 1156 μακάριε·
3521 1086 3604 1138 διὸ

2023 1179 2115 1232 σοῦ
2141 1180 2240 1251 τὴν
2273 1180 2476 1244 ἔνδοξον
2501 1183 2720 1252 μνήμην
2743 1180 3097 1252 γεραίρομεν.

2104 1269 2517 1341 Ἀπαγορεύσας
2558 1271 2629 1323 τὰ
2653 1271 2888 1341 δυσσεϐῆ
2941 1269 3035 1322 τοῦ
3076 1269 3308 1332 Λέοντος
3337 1267 3605 1338 δόγματα,

2018 1359 2145 1422 τοὺς
2172 1360 2409 1431 θεσμοὺς
2442 1363 2789 1426 πανευσεσῶς
2843 1366 2943 1434 τῆς
3006 1361 3332 1432 Ἐκκλησίας
3371 1362 3603 1432 ἐκράτυο

2019 1466 2114 1514 νας
2135 1467 2148 1481 ⁸
2184 1451 2267 1506 διὸ
2297 1452 2357 1506 σὲ
2387 1453 2630 1524 θαύμασι
2657 1455 2892 1524 Χριστὸς
2915 1454 3156 1519 ἑδόξασε.

2089 1545 2494 1616 Νενευρωμένη
2517 1546 2618 1615 τῆς
2674 1547 2888 1609 ἐλπίδος
2930 1547 3025 1599 καὶ
3057 1535 3317 1609 πίστεως,
3350 1547 3484 1610 ὃσιε,
3511 1546 3604 1614 τῆς

2020 1637 2221 1706 σαρκὸς
2266 1638 2326 1690 τὸ
2350 1639 2574 1702 ἀσθενὲς
2603 1639 2751 1710 ψυχὴ
2803 1640 3126 1711 στερρότητι
3184 1642 3442 1709 ῥώννυσι,
3489 1637 3605 1710 Θεῷ

1944 1719 1986 1773 Β
2014 1725 2348 1782 οἰκειώσασα
2374 1730 2531 1800 σῶμα
2551 1731 2863 1803 ὁμόδουλον.

2283 1844 2564 1914 Κάθισμα.
2606 1841 2702 1916 ἦχ.
2734 1845 2803 1914 γ’.
2840 1846 3014 1912 Θείας
3058 1847 3341 1911 πίστεως.

2085 1937 2255 2008 Ζῆλον
2285 1937 2469 1989 ἔνθεον
2516 1938 3028 2007 προσκεκτημένος,
3080 1938 3260 2008 δόγμα
3314 1936 3482 1990 ἄθεον
3510 1936 3612 1987 άπ-

2017 2028 2305 2094 sesama»,
2331 2028 2427 2080 καὶ
2450 2028 2716 2092 κινδύνοις
2745 2030 3107 2100 πολυτρόποις
3123 2029 3427 2100 ὡμίλησας,
3447 2029 3611 2096 ὑπερ·

2018 2121 2198 2191 ορίαις
2229 2120 2430 2183 ἀδίκως
2481 2120 2832 2188 στελλόμενος
2863 2123 2952 2174 καὶ
2976 2122 3238 2186 εὖσεῦῶς,
3261 2122 3600 2191 παμμάκαρ,

2016 2211 2414 2279 τελειούμενος.
2474 2212 2655 2280 Πάτερ
2719 2212 3014 2279 Θεόφανες,
3073 2213 3307 2280 Χριστὸν
3351 2213 3441 2264 τὸν
3474 2211 3606 2263 Θεὸν

2019 2301 2228 2354 ἱκέτευε
2261 2300 2608 2370 δωρήσασθαι
2638 2303 2770 2369 ἡμῖν
2802 2303 2860 2352 τὸ
2891 2301 3036 2370 μέγα
3069 2301 3244 2364 ἔλεος.

2096 2411 2206 2480 ᾨδ.
2238 2411 2300 2464 δ’.
2352 2410 2720 2478 Ἐπαρθέντα
2758 2427 2831 2464 σε
2859 2411 3075 2466 ἰδοῦσα
3108 2413 3144 2479 ή
3187 2412 3543 2477 Ἐκκλησία.

2099 2500 2164 2554 Ἦ
2183 2501 2432 2571 οὐράνιος
2475 2503 2806 2571 ἡτοίμασται
2845 2501 3092 2571 βασιλεία
3134 2502 3209 2567 ὡς
3240 2502 3446 2575 ἀθλητῇ
3495 2521 3602 2568 σοι,

2018 2592 2224 2656 ἔνδοξεε
2263 2591 2360 2662 τῆς
2385 2593 2494 2662 γὰρ
2518 2593 2763 2661 ἐπιγείου
2799 2593 3006 2664 χαίρων
3044 2594 3342 2664 μετετέοης
3372 2596 3603 2666 σκηνῆς,

2020 2683 2161 2756 βοῶν
2189 2684 2267 2756 τῷ
2291 2686 2537 2763 Δεσπότη
2567 2701 2575 2718 ο
2605 2685 2741 2749 Δόξα
2769 2687 2834 2755 τῇ
2861 2685 3092 2756 δυνάμει
3122 2703 3238 2753 σου,
3273 2686 3467 2756 Κύριε.

2089 2862 2528 2932 Στεφανηφόρος,
2545 2860 2837 2930 Θεόφανες,
2857 2859 3186 2930 άνεδείχθης.
3203 2860 3274 2912 Τὸ
3290 2861 3398 2937 γάρ
3416 2859 3611 2916 σεπτὸν

2021 2953 2308 3023 εἰκόνισμα
2332 2953 2592 3024 Χριστοῦ,
2625 2952 2850 3023 Θεοφόρε
2895 2953 3111 3022 μάκαρ,
3151 2953 3253 3004 οὐκ
3285 2953 3508 3022 ἠρνήσω
3535 2969 3611 3003 τις

345 3044 547 3136 al‘llate,
576 3072 657 3126 vir
689 3070 883 3124 beate:
919 3065 1126 3120 idcirco
1159 3063 1326 3118 etiam
1352 3061 1630 3117 clamabas
1667 3078 1682 3115 :
1737 3057 1921 3114 Gloria

2050 3047 2169 3117 ιᾷνο
2221 3045 2304 3098 διὸ
2341 3046 2435 3100 καὶ
2465 3044 2734 3116 ἕκραξες’
2783 3045 2921 3110 Δόξα
2966 3046 3032 3115 τῇ
3071 3044 3300 3114 δυνάμει
3329 3061 3446 3109 σου,
3498 3044 3611 3096 Κύ-

342 3164 599 3237 potentize
629 3171 756 3225 tuae,
799 3159 1047 3214 Domine.

416 3254 623 3312 Exsilio
647 3253 854 3324 eiectus
877 3249 962 3304 vir
987 3255 1212 3304 sanctus
1249 3246 1401 3316 impii
1432 3243 1650 3316 tyranni
1681 3242 1924 3307 decreto,

346 3349 633 3407 imbecilla:
669 3347 852 3402 carnis
901 3344 1108 3399 nullam
1153 3356 1381 3412 prorsus
1415 3341 1681 3394 rationem
1712 3335 1924 3400 habuit,

293 3438 298 3443 ’
347 3442 590 3498 clamans
657 3439 882 3493 Auctori
937 3433 1191 3491 :Cloria
1268 3430 1527 3503 potentiae
1599 3440 1738 3494 tuas,
1819 3425 1928 3480 Do-

346 3549 398 3588 ιιι
407 3547 509 3587 me.

419 3619 718 3693 Magniﬁcis
778 3615 1030 3673 ellulsisti
1089 3612 1394 3677 miraculis,
1433 3611 1516 3665 vir
1564 3610 1674 3666 Deo
1727 3608 1926 3678 plene:

349 3713 494 3768 Deus
528 3724 763 3780 namque
793 3704 1233 3762 vicemreddidit
1298 3701 1683 3766 sustinentiae;
1739 3711 1931 3768 quatu-

346 3805 532 3860 obrem
555 3803 717 3858 etiam
742 3801 888 3855 velut
905 3813 936 3852 e
959 3797 1107 3851 fonte
1129 3794 1478 3850 sanationum
1509 3791 1744 3848 remedia
1768 3802 1934 3860 egen-

349 3896 496 3952 tibus
525 3893 733 3960 fundis,
759 3892 839 3946 vir
870 3888 1260 3946 sacratissime.

627 4006 740 4062 Ode
762 4005 815 4061 5.
847 4003 945 4071 Tu,
976 4003 1218 4066 Domine,
1243 4016 1412 4054 meum
1450 3999 1647 4054 lumen.

418 4102 674 4158 Piissima
693 4098 943 4157 doctrina
963 4098 1282 4152 orthodoxae
1314 4094 1440 4148 ﬁdei
1463 4092 1768 4147 doctrinam
1793 4104 1934 4159 prac-

351 4196 554 4252 dicavit
583 4201 811 4249 sanctus
839 4189 1225 4260 Theophanes,
1253 4185 1492 4255 Spiritus
1544 4184 1664 4240 luce
1693 4183 1930 4236 illustra-

353 4298 464 4342 tus.

424 4378 637 4438 Uberes
696 4372 914 4430 divitias
965 4367 1149 4425 divino
1201 4379 1366 4421 sensu
1407 4361 1595 4436 egenis
1651 4360 1930 4416 distribui-

355 4471 448 4538 sti,
484 4467 698 4525 Domini
727 4470 997 4536 praecepto
1032 4460 1354 4522 obsecutus,
1389 4456 1470 4510 vir
1497 4456 1820 4515 clarissime.

425 4649 530 4715 Qui
572 4647 639 4703 ad
672 4643 927 4701 Auctoris
961 4639 1249 4712 imaginem
1275 4638 1460 4695 animo
1482 4635 1735 4692 conditus
1757 4651 1930 4702 esses,

356 4743 736 4797 intemeratam
774 4735 992 4793 Domini
1050 4732 1402 4790 venerabaris
1443 4729 1753 4800 imaginem,
1788 4728 1935 4785 desi-

357 4833 509 4890 derio
535 4831 882 4886 exosculans.

391 4927 506 4982 Ode
530 4924 583 4982 6.
612 4920 954 4990 .Sacriﬁcabo
989 4919 1084 4973 tibi
1109 4935 1226 4973 cum
1259 4935 1378 4972 voce
1416 4916 1617 4981 laudis,
1651 4915 1894 4972 Domina.

430 5019 613 5090 Dirige
655 5015 720 5070 ad
761 5015 1019 5090 virtutem
1051 5013 1218 5067 vitam
1250 5027 1452 5077 meam,
1495 5011 1578 5064 vir
1603 5017 1810 5073 sancte,
1838 5021 1941 5061 re—

363 5087 948 5180 ligiosaeinstitulionis
974 5102 1224 5158 semitam
1255 5102 1390 5167 tuis,
1437 5100 1621 5164 Pater,
1683 5099 1940 5168 precibus

361 5200 753 5270 complanans;
800 5210 964 5266 quam
997 5209 1150 5264 roga,
1207 5194 1290 5248 vir
1316 5193 1494 5260 beate,
1554 5202 1612 5248 ut
1646 5202 1796 5247 recto
1825 5201 1939 5252 tra-

364 5293 495 5348 mite
533 5291 748 5351 concite
782 5303 846 5345 ac
881 5296 1138 5362 contente
1169 5301 1512 5361 percurram.

433 5384 631 5442 Sobrie
691 5390 950 5455 casteque
1004 5380 1170 5435 vitam
1228 5376 1506 5450 peregisti,
1562 5376 1644 5432 vir
1705 5385 1939 5434 sancte:

365 5476 563 5546 quippe
585 5491 708 5531 cum
736 5473 1046 5548 prudentia,
1070 5470 1411 5534 fortitudine,
1459 5483 1524 5524 ac
1545 5468 1758 5540 justitia
1799 5482 1943 5540 pra:-

366 5569 516 5624 ditus
572 5567 758 5637 fuisti,
811 5569 1184 5636 virtutumque
1243 5564 1416 5621 choro
1479 5571 1708 5618 ornatus
1763 5560 1941 5617 eluxi-

363 5659 457 5719 ui.

2030 3154 2136 3208 ριε.

2099 3227 2512 3298 Μεθιστάμενος
2541 3226 2926 3298 προστάγματι
2949 3226 3044 3280 τοῦ
3073 3227 3336 3296 τυράννου
3365 3224 3457 3279 τοῦ
3484 3225 3611 3279 δυσ-

2033 3318 2225 3382 σεὸοὖς
2259 3321 2286 3372 ὁ
2315 3319 2482 3384 ὅσιος,
2532 3318 2736 3388 σαρκὸς
2764 3320 3049 3381 ἀσθενείας
3077 3318 3214 3381 ὅλως
3241 3318 3341 3370 οὐκ
3371 3318 3613 3391 ἐφρόντιρ

2032 3430 2113 3482 σε,
2137 3412 2470 3485 κραυγάζων
2497 3411 2574 3483 τῷ
2616 3413 2911 3473 Κτίσαντιο
2937 3412 3076 3476 Δόξα
3106 3414 3171 3482 τῇ
3218 3411 3447 3480 δυνάμει
3493 3426 3609 3475 σου,

2031 3505 2224 3578 Κύριε.

2111 3598 2519 3669 Ἐμεγαλὺνθης
2550 3600 2662 3662 τοῖς
2695 3596 2960 3668 θαύμασι,
2989 3596 3243 3667 θεοφόρε’
3293 3599 3321 3649 ὁ
3350 3598 3458 3667 γὰρ
3481 3598 3614 3661 Θεὸς

2029 3690 2302 3761 ὴμείψατό
2336 3707 2395 3742 σε
2422 3690 2523 3760 τῆς
2557 3689 2882 3759 καρτερίαςσ
2929 3687 3051 3741 ὅθεν
3100 3688 3196 3741 καὶ
3249 3688 3452 3758 ἰάματα
3507 3703 3615 3759 πη·

2030 3783 2219 3852 γάζεις
2263 3785 2376 3848 τοῖς
2442 3781 2735 3859 χρῄζουσιν
2793 3781 2981 3852 ὥσπερ
3051 3782 3117 3833 ὲκ
3174 3781 3393 3850 πηγῆς,
3457 3779 3616 3850 ἱερώ-

2029 3893 2183 3932 τατε.

2397 3990 2502 4060 ᾮδ.
2532 3995 2594 4043 ε’.
2623 3988 2729 4054 Σὺ,
2770 3986 2947 4063 Κύριέ
2970 3973 3115 4056 μου,
3144 3985 3291 4060 φῶς

2101 4083 2259 4150 Λόγῳ
2291 4079 2615 4134 πανευσεϐεἰ
2645 4079 2938 4150 όρθοδόξως
2953 4079 3219 4147 ἐκήρυξεν
3248 4078 3276 4128 ὁ
3313 4077 3458 4138 ὅσιος
3485 4076 3616 4129 Θεοο

2033 4173 2207 4243 φάνης
2238 4170 2299 4224 τὸ
2327 4171 2431 4240 τῆς
2461 4171 2699 4232 πίστεως
2732 4169 2934 4236 δόγμα,
2970 4167 3046 4236 τῷ
3086 4165 3365 4236 Πνεύματι
3401 4165 3612 4233 λαμπό-

2077 4281 2216 4318 ενος.

2077 4281 2164 4318 evo
2201 4303 2216 4318 .

2035 4283 2074 4336 μ
2103 4280 2338 4409 Πὶῗοῦτον
2396 4349 2716 4420 παντοδαπῆ
2769 4347 3072 4419 θεοφρόνως
3101 4345 3378 4414 διένειμας
3443 4361 3614 4413 προσ-

1959 4426 2006 4484 D
2031 4449 2268 4518 τάγματι
2291 4447 2386 4501 τοῦ
2412 4444 2684 4500 Δεσπότου
2715 4443 2826 4505 τοῖς
2865 4441 3027 4512 πενίᾳ
3064 4438 3297 4504 συξῶσιν
3326 4438 3614 4508 ἑπόμενος,

2039 4542 2389 4612 πανεύφημε.

2113 4634 2293 4706 ’Έχων
2319 4633 2417 4704 τὴν
2455 4630 2632 4704 ψυχὴν
2658 4628 2776 4684 κατ’
2809 4627 2994 4682 εἰκόνα
3018 4627 3111 4681 τοῦ
3144 4624 3465 4689 κτίσαντος,
3519 4624 3618 4695 τὴν

2037 4724 2303 4796 ἄχραντον
2329 4723 2422 4782 τοῦ
2453 4721 2724 4776 Δεσπὸτου
2750 4719 3108 4788 προσεκύνεις
3140 4716 3345 4783 εἰκόνα,
3362 4715 3440 4787 τῷ
3467 4714 3618 4784 πόοῳ

2039 4817 2441 4887 ἀσπαζόμενος.

2075 4909 2184 4981 ᾨδ.
2218 4907 2291 4974 ς’.
2325 4908 2498 4966 Θύσω
2522 4921 2622 4967 οἷοι
2644 4905 2794 4978 μετὰ
2818 4903 3026 4975 φωνῆς
3062 4899 3368 4966 αἰνέσεως,
3396 4899 3590 4966 Κύριε.

2115 5001 2322 5062 ’Ἰθυνον
2372 4999 2508 5072 πρὸς
2537 5000 2739 5070 άρετὴν
2766 4998 2855 5051 τὸν
2889 4995 3002 5067 βίον
3051 5011 3176 5064 μου,
3207 4993 3322 5045 ὃσιε
3348 5007 3360 5020 ·
3393 4992 3494 5060 τὴν
3524 4994 3622 5062 τῆς

2043 5095 2327 5164 ἀσκήσεως
2371 5093 2557 5169 τρίϐον
2589 5094 2711 5162 ταῖς
2771 5091 2957 5165 εὐχαῖς
3007 5105 3135 5151 σου,
3176 5085 3382 5156 Πάτερ,
3426 5083 3623 5153 ἐξομα-

2043 5187 2219 5253 λίσας,
2249 5189 2315 5258 ἢν
2371 5183 2638 5248 συντόνως
2671 5182 2993 5254 εὐθυπορεῖν
3044 5198 3135 5253 με,
3196 5180 3407 5250 μάκαρ,
3459 5175 3621 5240 ἀξίω-

2047 5299 2159 5336 σον.

2109 5373 2410 5445 Σωφρόνως
2466 5389 2560 5431 σου
2619 5369 2718 5442 τὴν
2775 5366 2921 5441 ζωὴν
2975 5365 3253 5435 διήνυσας,
3299 5361 3445 5415 ὄσιε’
3479 5358 3623 5428 μετᾲ

2039 5467 2353 5538 φρονήσεως
2381 5466 2488 5536 γὰρ
2519 5465 2697 5536 ἔσχες,
2735 5463 2833 5516 σὺν
2870 5456 3092 5528 ἀνδρείᾳ
3140 5455 3248 5525 γὰρ
3277 5453 3376 5524 τὴν
3414 5451 3624 5504 δικαιο-

2041 5561 2232 5631 σύνην,
2265 5559 2362 5615 καὶ
2392 5559 2468 5636 τῷ
2491 5558 2677 5630 κύκλῳ
2705 5555 2816 5612 τῶν
2843 5549 3058 5628 ἀρετῶν
3089 5549 3295 5624 ἐφάνης
3311 5543 3622 5621 κοσμούμεο

2047 5667 2133 5712 νος
2140 5691 2151 5703 .
