4080 6212
421 420 485 492 51
1600 418 2093 496 THEOPHANIS
2130 436 2524 503 OFFICIUM.

3609 439 3682 504 52

420 547 606 594 monte
669 539 833 593 situm
889 537 1236 608 Polychronii
1291 539 1754 608 nuncupationem
1810 540 1989 596 habet.

2117 549 2429 618 προσφέρων
2456 548 2730 619 ίερουργεῖ
2759 549 2818 603 ἐν
2845 551 2911 620 τῇ
2939 549 2998 603 ἐν
3021 549 3100 621 τῷ
3125 551 3238 604 τῶν
3258 549 3681 623 Σιγγριανιαίων

421 629 624 686 Factus
667 629 992 694 monachus,
1041 643 1275 698 praeesse
1328 631 1481 685 nullo
1514 632 1673 686 modo
1711 633 1994 697 sustinuit,

423 726 516 782 sed
546 726 600 779 in
628 725 820 780 cellula
845 724 1065 786 sedens,
1096 737 1356 778 manuum
1403 725 1588 780 labore
1622 725 1821 780 victum
1849 741 2000 795 para-

423 817 536 880 bat,
563 814 868 871 scribendis
891 815 1173 870 codicibus
1202 832 1322 871 sese
1352 817 1670 887 impendens
1697 833 1873 874 annos
1903 834 1997 873 sex

423 909 715 963 continuos
747 907 800 961 in
829 907 1007 962 insula
1054 907 1198 963 dicta
1226 907 1580 982 Calon'ymus,
1629 911 1684 965 in
1715 926 1780 965 eo
1807 925 2000 964 monaa

426 1002 596 1057 sterio
635 1001 777 1070 quod
807 1009 1160 1056 eitstruxerat
1193 1020 1207 1057 :
1257 1003 1569 1073 iterumque
1595 1004 1888 1059 revertitur
1933 1003 2001 1058 ad

427 1093 730 1165 Singrianze
774 1106 1039 1150 montem.
1079 1095 1279 1153 Etatis
1325 1105 1507 1152 autem
1555 1106 1699 1152 anno
1730 1098 2002 1168 quinqua-

427 1189 634 1260 gesimo
689 1190 996 1260 aegritudini
1059 1191 1451 1262 corpusculum
1500 1190 1752 1258 traditur,
1786 1195 2004 1260 ,nempe

426 1284 606 1339 vesica
649 1291 1008 1355 petrescente,
1069 1299 1135 1338 ac
1165 1299 1355 1338 renum
1388 1283 1622 1338 molesto
1672 1283 1749 1336 illi
1791 1281 2001 1336 dolore.

430 1377 509 1432 Ex
544 1377 638 1432 illo
693 1376 952 1447 deinceps
985 1378 1177 1432 morbo
1223 1377 1422 1432 aﬂlicta
1465 1371 1795 1438 valetudine,
1834 1381 2002 1430 totam

427 1471 596 1526 vitam
633 1469 773 1526 lecto
802 1471 1134 1525 decumbens
1169 1471 1300 1540 egit,
1328 1484 1428 1525 nec
1463 1469 1565 1525 sibi
1593 1478 1804 1524 motum
1839 1468 2006 1537 impcé

429 1579 553 1618 rare
582 1563 790 1619 valens.
839 1561 1034 1618 Postea
1064 1560 1172 1616 Leo
1205 1562 1499 1617 Armenius
1549 1561 1760 1631 imperii
1793 1567 2002 1629 sceptra

427 1657 707 1728 capessit:
761 1672 950 1712 verum
998 1657 1128 1726 quid
1163 1657 1240 1710 illi
1271 1655 1554 1720 acciderit,
1607 1668 1770 1709 nemo
1808 1652 2002 1706 nescit.

428 1747 707 1804 Hactenus
747 1765 878 1804 vero
932 1749 1095 1803 homo
1125 1747 1354 1804 demens
1392 1746 1770 1815 scelestusque
1802 1743 1869 1797 ad
1909 1741 2004 1796 Dei

426 1839 604 1894 virum
642 1839 825 1905 mittit,
849 1839 1112 1909 jubetque
1139 1835 1341 1900 veniat,
1383 1852 1447 1892 ac
1471 1837 1574 1892 sibi
1602 1844 2004 1905 comprecetur,

427 1933 572 2003 quod
599 1933 862 1988 adversus
887 1933 1070 1988 hastes
1094 1933 1493 2002 expeditionem
1527 1938 1882 2000 suscepturus
1913 1930 2003 1984 sit.-

427 2025 522 2079 Ille
558 2024 703 2093 quod
739 2037 886 2094 aegro
937 2033 1167 2093 corpore
1195 2039 1316 2078 sese
1361 2039 1580 2078 movere
1606 2038 1711 2077 non
1742 2029 1947 2092 posset,
1976 2034 2007 2075 e

428 2115 677 2183 plaustro
731 2115 784 2168 in
807 2116 1066 2184 scapham
1097 2103 1427 2169 transfertur
1492 2115 1656 2184 inque
1705 2113 1891 2167 urbem
1922 2127 2008 2166 re-

428 2206 574 2277 giam
597 2206 813 2260 vehitur
851 2225 864 2261 :
896 2222 994 2260 nec
1033 2216 1214 2261 tamen
1270 2211 1504 2277 tyranno
1538 2206 1589 2260 in
1651 2214 2005 2274 consriectnm

426 2299 612 2352 venire
637 2307 960 2352 cancessum
994 2315 1010 2360 ς
1040 2298 1133 2352 sed
1166 2298 1418 2352 ministro
1451 2298 1516 2352 ad
1542 2303 1666 2351 eum
1701 2298 1893 2362 misso,
1923 2293 2004 2363 Si,

429 2389 897 2459 inquit,hortan'ti
930 2389 1064 2442 mihi
1091 2389 1374 2453 annueris,
1416 2404 1542 2442 cum
1587 2388 1704 2454 tibi,
1745 2398 1855 2442 tum
1894 2403 2008 2442 ιιιο-

429 2478 673 2534 nasterio
695 2481 791 2531 tuo
825 2476 963 2531 bene
1009 2477 1241 2541 iaciam;
1291 2477 1374 2533 sin
1413 2486 1618 2541 autem,
1675 2479 1878 2549 probro
1913 2494 2010 2548 pu-
2048 2480 2061 2494 '

427 2569 572 2625 blico
601 2582 632 2622 e
659 2567 810 2622 furca
844 2567 1039 2636 laqueo
1072 2566 1425 2636 suspendam.
1464 2581 1526 2620 ac
1561 2565 1784 2634 reliquis
1809 2564 1862 2618 in
1895 2575 2007 2618 ter-

429 2676 611 2720 rorem
670 2665 962 2730 exponam.
1024 2656 1163 2712 TUm
1222 2651 1545 2720 confessor,
1596 2655 1738 2722 Noli,
1805 2656 2001 2727 inquit,

431 2756 653 2811 tuorum
706 2757 998 2807 munerum
1062 2751 1352 2806 thesauros
1401 2750 1679 2804 eﬂ'underc
1720 2767 1734 2802 :
1775 2749 2005 2819 patibuli

433 2859 564 2900 vero
606 2843 836 2914 lignum,
877 2841 999 2898 sive
1037 2840 1202 2896 etiam
1237 2841 1418 2910 ignem
1458 2838 1650 2909 expedi
1696 2838 1857 2893 hodie
1896 2857 1908 2893 :
1956 2838 2012 2892 id

428 2937 580 2993 enim
612 2950 718 3006 qua
755 2934 1041 2990 dilectione
1095 2933 1151 2988 in
1193 2933 1472 2988 Christum
1537 2933 1703 2999 feror,
1741 2930 2014 2986 desiderio

432 3029 616 3100 cupio.
700 3025 800 3083 llis
851 3025 1091 3093 auditis,
1155 3025 1446 3096 impudens
1502 3029 1766 3095 tyrannus
1815 3021 2014 3076 Joanni

433 3121 609 3177 ariolo
665 3118 910 3186 tradidit,
968 3117 1178 3173 homini
1225 3117 1424 3171 eruditi
1463 3131 1663 3170 nomen
1729 3112 2010 3178 ambienti,

2101 643 2218 714 ὄρει
2251 643 2482 716 κειμένῃ
2514 645 2673 713 μονῇ,
2719 643 3056 715 Πολυχρονίᾳ
3078 643 3367 717 λεγομένῃ.
3427 644 3678 715 Μοναχοῦ

2099 736 2158 789 δέ
2191 734 2356 789 αὑτοῦ
2388 735 2704 804 γενομένου,
2737 734 2846 788 οὐδ’
2873 736 3010 798 ὅλως
3033 735 3092 788 τὸ
3113 735 3304 806 ἄρχειν
3325 737 3676 803 κατεδέξατο·

2102 826 2220 880 ἀλλ’
2253 829 2313 879 ἐν
2337 829 2402 897 τῇ
2431 826 2597 898 κέλλῃ
2629 825 3014 895 καθεζόμενος,
3033 826 3092 894 ἐξ
3117 827 3335 879 οἰκείων
3362 827 3560 898 χειρῶν
3585 827 3682 899 τὴν

2101 919 2310 990 τροφὴν
2338 919 2640 989 ἐπορίζετο,
2677 917 3068 988 καλλιγραφῶν
3114 917 3311 986 ἑξαετῆ
3345 919 3537 988 χρόνον
3567 917 3684 986 διηα

2102 1009 2275 1073 νεκῶς
2299 1010 2356 1063 ἐν
2383 1012 2450 1079 τῇ
2490 1000 2800 1080 καλῶυμένῃ
2853 1010 3001 1079 νήσῳ
3034 1008 3134 1077 τῆς
3168 1007 3528 1078 Καλωνύμου,
3559 1009 3618 1060 ἐν

2107 1102 2472 1172 συνεστήσατο
2517 1101 2679 1163 αὐτὸς
2724 1102 2893 1170 μονῇέ
2927 1088 3023 1153 καὶ
3070 1100 3229 1154 πάλιν
3258 1098 3474 1172 ἔρχεται
3505 1101 3563 1152 ἐν
3607 1098 3684 1168 τῷ

2104 1195 2204 1263 τῆς
2257 1192 2588 1265 Σιγγριανῆς
2614 1193 2752 1264 ὄρει.
2797 1193 2888 1264 Τῷ
2917 1194 2974 1247 δὲ
3007 1192 3362 1264 πεντηκοστῷ
3407 1193 3506 1261 τῆς
3535 1191 3682 1260 ζωῆς

2107 1288 2272 1343 αὐτοῦ
2329 1290 2530 1358 χρόνῳ,
2575 1287 2828 1359 ἀσθενείᾳ
2885 1289 2992 1341 τινὶ
3027 1287 3403 1358 παραδίδοται,
3462 1287 3584 1356 ἥτις
3613 1279 3684 1355 ἦν

2104 1382 2338 1444 λιθίασις
2355 1380 2598 1445 κύστεως
2625 1381 2718 1434 καὶ
2738 1381 3057 1456 νεφριτικῆς
3076 1379 3398 1441 ἀκολουθίας
3423 1379 3684 1447 σύμπτω-

2110 1489 2204 1542 μα.
2252 1471 2346 1524 Ἐκ
2368 1471 2560 1524 τούτου
2587 1469 2772 1524 λοιπὸν
2789 1469 2886 1524 τοῦ
2915 1469 3150 1540 χαλεποῦ
3178 1468 3684 1540 νοσήματοςέμεινε

2105 1565 2193 1618 διὰ
2226 1564 2428 1627 παντὸς
2459 1564 2553 1616 τοῦ
2582 1563 2698 1632 βίου
2745 1564 3010 1634 κλινήρης
3059 1565 3155 1617 καὶ
3206 1562 3480 1633 ἀκίνητος.
3527 1564 3686 1617 Μετά

2105 1655 2281 1710 ταῦτα
2325 1654 2542 1720 ἐδέξατο
2594 1655 2662 1708 τὰ
2697 1657 2956 1724 σκῆπτρα
2997 1655 3096 1724 τῆς
3155 1653 3437 1723 βασιλείας
3475 1653 3626 1706 Λέων
3657 1653 3688 1706 6

2118 1748 2423 1819 Ἀρμένιος.
2497 1747 2640 1801 Ἀλλ’
2703 1740 2792 1800 οἷα
2851 1745 3028 1816 τούτῳ
3073 1744 3443 1815 συμϐέϐηκεν,
3509 1744 3686 1808 οὐδεὶς

2108 1838 2311 1908 ἀγνοεὶῒ
2344 1836 2496 1902 Τέως
2525 1839 2583 1892 δὲ
2611 1841 2640 1894 6
2667 1839 2894 1907 ἀνόητος
2919 1839 3014 1892 κα.)⁸
3040 1837 3254 1900 ἀνόσιος
3291 1837 3498 1906 πέμπει
3549 1836 3688 1904 πρὸς

2106 1934 2198 1987 τὸν
2239 1933 2333 1986 τοῦ
2383 1933 2519 1986 Θεοῦ
2575 1932 2885 2002 ἄνθρωπον,
2928 1924 3101 1995 Ἐλθέ,
3135 1929 3329 1998 λέγων,
3362 1928 3514 1992 εὖξαι
3547 1927 3690 1995 ὑπὲρ

2107 2024 2286 2095 ἡμῶν,
2315 2023 2397 2077 ὅτι
2420 2023 2562 2076 κατά
2601 2021 2895 2092 βαρϐάρων
2925 2021 3262 2091 ἀπέρχομαι.
3306 2019 3478 2080 Αὐτὸς
3503 2017 3560 2070 δὲ
3602 2016 3691 2070 διὰ

2106 2116 2168 2169 τὸ
2186 2115 2442 2184 ἀκίνητος
2467 2109 2627 2175 εἶναι,
2645 2114 2708 2166 ἐκ
2727 2112 2827 2182 τῆς
2847 2110 3064 2181 ἀμάξης
3093 2109 3357 2181 μετετέθη
3385 2109 3464 2172 είς
3482 2108 3690 2171 πλοῖον,

2108 2209 2204 2262 καὶ
2237 2207 2378 2280 ἢχθη
2414 2207 2550 2278 πρὸς
2586 2207 2688 2274 τὴν
2722 2204 3108 2276 βασιλεύουσαν
3134 2221 3148 2234 ο
3183 2203 3278 2255 καλ.
3303 2202 3400 2272 τῆς
3429 2201 3526 2271 μὲν
3562 2199 3693 2253 δυσ-

2109 2300 2284 2362 ειδοῦς
2314 2299 2491 2369 ὅψεως
2551 2297 2646 2351 τοῦ
2678 2298 2942 2366 τυράννου
2987 2283 3086 2348 οῦκ
3114 2294 3270 2362 ἔτυχε
3290 2310 3305 2324 ·
3352 2293 3490 2362 πλὴν
3522 2291 3695 2362 μηνύ-

2113 2413 2195 2448 σει
2223 2394 2493 2463 ἐχρὴσατο
2523 2390 2659 2462 πρὸς
2683 2388 2864 2450 αὑτὸν,
2901 2388 2963 2440 Et
2997 2384 3374 2446 κατανεύσεις,
3408 2382 3601 2450 λέγων,
3623 2385 3690 2452 τῇ

2110 2477 2463 2552 παρακλήσει
2517 2494 2653 2548 μου,
2685 2475 2779 2529 καὶ
2813 2465 2895 2528 σο⁶ι
2925 2475 3018 2529 καὶ
3043 2477 3108 2543 τῇ
3163 2474 3296 2542 μονῇ
3353 2489 3448 2524 σου
3507 2469 3692 2537 ἀγαθὰ

2112 2573 2362 2643 παρέξω·
2402 2573 2450 2622 εἰ
2479 2567 2535 2623 δὲ
2592 2569 2666 2638 μή
2705 2583 2792 2636 γε,
2827 2557 2968 2635 ξύλῳ
2995 2565 3231 2633 ἀγχόνης
3257 2559 3303 2594 ’θ
3327 2578 3387 2614 σε
3423 2559 3690 2630 παραδει-

2113 2663 2387 2737 γματίσω,
2419 2661 2514 2716 καὶ
2535 2661 2644 2714 τῶν
2669 2658 2872 2712 λοιπῶν
2908 2658 2988 2718 είς
3028 2655 3192 2725 φόϐον
3223 2671 3283 2707 σε
3332 2653 3594 2723 προθήσω
3616 2665 3631 2680 ⁸
3664 2649 3695 2702 6

2112 2757 2168 2810 δέ
2196 2752 2557 2822 δμολογητὴς,
2605 2749 2726 2802 Τῶν
2751 2747 2970 2819 δωρεῶν
3016 2763 3134 2804 σου,
3181 2743 3309 2812 ἔφη,
3346 2741 3420 2811 μὴ
3448 2738 3697 2808 κενώσης

2112 2845 2240 2907 τοὺς
2268 2839 2580 2912 θησαυρούς
2604 2855 2618 2868 ·
2654 2838 2714 2892 τδ
2746 2837 2804 2890 δέ
2830 2836 3062 2906 ἀγχόνης
3105 2833 3283 2900 ξύλον,
3307 2831 3340 2900 ἥ
3368 2832 3463 2884 καὶ
3490 2829 3551 2882 τὸ
3585 2827 3698 2897 πῦρ

2115 2934 2436 3006 εὐτρέπισον
2455 2932 2520 3002 σή
2531 2947 2593 3001 με
2605 2947 2695 3000 ρον
2711 2947 2725 2960 ο
2752 2927 2910 2982 τοῦτο
2938 2927 3048 2997 γὰρ
3073 2925 3298 2994 ἐφίεμαι
3325 2923 3411 2976 διὰ
3425 2923 3524 2992 τὴν
3541 2919 3634 2972 τοῦ
3650 2917 3694 2949 ’⁸

2113 3017 2352 3097 Χριστοῦ
2409 3041 2508 3094 μου
2545 3021 2789 3090 ἀγάπην.
2838 3018 3026 3072 Ταῦτα
3079 3018 3106 3070 6
3164 3015 3386 3085 ἀναιδὴς
3436 3010 3697 3074 ἀκούσας,

2115 3118 2436 3190 παρέδωκεν
2491 3113 2654 3168 αὑτὸν
2719 3113 2944 3183 Ἰωάννη
2979 3109 3057 3180 τῷ
3097 3109 3287 3181 μάντει
3331 3105 3461 3176 περὶ
3505 3103 3701 3170 λόγους

434 3212 638 3282 quique
690 3209 1176 3265 Iconomachorum
1197 3206 1321 3262 odio
1347 3207 1398 3261 in
1424 3206 1606 3261 ﬁdeles
1635 3207 1825 3275 plenus
1845 3210 2012 3266 esset,

2117 3208 2489 3282 αῦχοῦντικαὶ
2520 3207 2581 3259 τὸ
2641 3205 2797 3275 μῖσος
2825 3202 2935 3255 τῶν
2987 3199 3375 3269 Εἰκονομὰχων
3416 3191 3701 3265 ἐμπεπληο

438 3306 557 3362 fore
581 3316 735 3359 ratus
763 3313 823 3356 ut
852 3303 898 3357 is
933 3302 1255 3370 obliquitate
1295 3302 1348 3354 in
1383 3301 1670 3353 adversum
1725 3299 1825 3352 viri
1875 3313 2011 3352 con;

437 3398 698 3455 stantiam
752 3395 1016 3451 ﬂecteret.
1091 3392 1424 3464 Assumptus
1477 3393 1566 3447 illc
1623 3393 1676 3446 in
1741 3379 2016 3446 llormida‘:

440 3492 620 3562 Sergii
649 3507 714 3547 ac
745 3489 943 3543 Bacchi
1000 3487 1337 3542 monasterio
1377 3487 1520 3556 quod
1557 3486 1758 3556 palatio
1783 3485 2014 3554 adjacet,

438 3599 506 3640 ac
532 3581 902 3653 disputatione
931 3594 1052 3634 cum
1080 3578 1252 3633 ariolo
1274 3591 1624 3647 congressus,
1649 3591 1824 3647 coque
1851 3577 2016 3639 virto,

440 3691 506 3732 ac
533 3675 751 3732 eximiae
781 3671 1061 3742 sapientiae
1093 3670 1146 3723 vi
1193 3670 1467 3739 perculso,
1501 3670 1865 3738 praeclareque
1889 3683 2020 3722 cou-

442 3769 648 3827 stantia
694 3765 930 3838 prodita,
963 3764 1048 3818 vir
1079 3771 1304 3818 sanctus
1330 3760 1620 3816 confusum
1649 3777 1773 3815 eum
1821 3761 1888 3814 ait
1939 3760 2019 3813 in-

356 3856 364 3864 ’
443 3877 639 3918 sanum
669 3863 965 3926 tyrannum
997 3854 1244 3928 ablegat;
1278 3856 1552 3923 miserque
1599 3855 1784 3909 rustici
1825 3853 2019 3921 magis,

439 3971 610 4030 quam
639 3953 878 4011 oratoris
899 3950 1003 4006 sibi
1038 3960 1236 4004 nomen
1261 3948 1476 4003 ascivit.
1499 3947 1812 4003 Ascendens
1841 3947 2025 4014 itaque

443 4050 512 4105 ad
531 4049 944 4119 imperatorem,
965 4043 1228 4107 Facilius,
1254 4041 1454 4112 inquit,
1481 4041 1683 4096 ferrum
1708 4045 1833 4094 cera
1858 4038 2028 4092 emota

2119 3303 2322 3377 σμένῳ,
2354 3292 2704 3372 στρεϐλότητι
2731 3294 3153 3351 ἀντεπεκκλῖναι
3185 3291 3348 3344 αὐτὸν
3376 3285 3699 3370 ἡγούμενος.

2122 3374 2218 3460 Ὃς
2269 3374 2646 3464 παραληφθεὶς
2675 3390 2733 3442 ἐν
2765 3391 2832 3459 τῇ
2892 3376 3106 3456 Ὀρμίδι
3165 3384 3301 3452 μονῇ
3349 3378 3574 3450 Σεργίου
3607 3374 3704 3429 καὶ

2118 3489 2331 3558 Βάκχου
2356 3487 2420 3556 τῇ
2452 3481 2834 3555 παρακειμένῃ
2865 3479 2943 3550 τῷ
2980 3467 3249 3546 παλατίῳ,
3310 3473 3407 3527 καὶ
3443 3470 3579 3543 πρὸς
3609 3467 3701 3521 λόο

2120 3599 2232 3650 γων
2262 3579 2498 3648 ἅμιλλαν
2531 3575 2612 3645 τῷ
2645 3574 2838 3643 μάντει
2889 3565 3183 3628 συνελθὼν,
3246 3565 3342 3618 καλ⁸
3387 3560 3578 3615 τοῦτον
3613 3558 3709 3629 ήτι

2120 3674 2315 3744 τήσας,
2351 3671 2442 3724 καὶ
2470 3669 2546 3738 τῷ
2587 3666 2830 3737 περιόντι
2861 3665 2957 3731 τῆς
2990 3661 3184 3730 σοφίας
3229 3654 3705 3725 καταδροντήσας,

2124 3768 2219 3821 καὶ
2251 3757 2311 3819 τδ
2337 3761 2672 3834 ἀμετάθετον
2719 3756 3122 3824 ἐνδειξάμενος,
3175 3749 3366 3804 τοῦτον
3394 3745 3708 3820 ᾐσχυμένον

2125 3863 2204 3923 εἰς
2231 3859 2323 3912 τὸν
2349 3854 2586 3927 μανιώδη
2615 3851 2874 3922 τύραννον
2903 3836 3247 3914 ἀπέπεμψεν.
3266 3840 3552 3911 Ἀγροίκου
3575 3835 3713 3907 μᾶλ-

2125 3953 2217 4006 λον
2341 3950 2570 4022 ῥήτορος
2619 3935 2778 4010 δόξαν
2809 3943 2838 3996 6
2867 3930 3099 4000 δείλαιος
3164 3933 3532 4004 ἀπηνέγκατο.
3612 3928 3710 4022 Ὃς

2128 4018 2368 4101 ἀνελθὼν
2397 4018 2532 4112 πρὸς
2558 4037 2740 4098 αὑτὸν,
2774 4036 3065 4105 Κρεῖσσον,
3091 4030 3220 4100 ἔφη,
3254 4023 3495 4098 βασιλεῦ,
3557 4018 3714 4092 κηρῷ

446 4142 574 4206 lias,
612 4115 785 4210 quam
818 4137 920 4190 viri
945 4136 1188 4192 animum
1222 4134 1276 4187 in
1312 4133 1386 4196 id,
1419 4133 1562 4202 quod
1600 4131 1695 4185 tibi
1724 4130 2016 4185 collibitum

2133 4127 2370 4210 μαλάξαι
2402 4136 2644 4203 σίδηρον,
2707 4128 2740 4200 ἢ
2798 4131 2989 4181 πεῖσαι
3027 4125 3118 4178 τδν
3178 4121 3348 4190 ἀνδρα
3398 4115 3710 4187 μεταθεῖναι

445 4242 550 4299 est,
587 4207 910 4286 transferas.
947 4227 1041 4280 His
1072 4225 1294 4286 auditis,
1345 4230 1612 4293 tyrannus
1642 4223 1706 4276 ad
1736 4221 2016 4274 Eleutheri‘

2133 4207 2268 4303 πρὸς
2294 4230 2352 4282 τὸ
2389 4215 2471 4281 σοὶ
2516 4224 2728 4294 ἐφετὸν.
2781 4209 2999 4275 Τούτων
3030 4213 3339 4273 ἐπακούσας
3367 4208 3396 4259 6
3425 4207 3708 4276 τύραννος,

448 4341 576 4382 eum
636 4324 839 4395 palatia
881 4321 1142 4380 traducit,
1189 4318 1356 4386 inque
1402 4315 1741 4369 tcuebricosa
1795 4315 2016 4383 quadan'

2139 4295 2366 4395 μετάγει
2397 4319 2584 4372 τοῦτον
2630 4317 2710 4379 είς
2738 4315 2807 4367 τὰ
2873 4308 3214 4379 Ἐλευθερίου
3262 4301 3558 4366 ἀνάκτορα.
3588 4295 3712 4395 Ακαὶ

448 4388 679 4474 radicula
735 4405 1041 4473 concludit,
1083 4407 1227 4463 datis
1275 4404 1440 4459 etiam
1476 4403 1822 4465 custodibus,
1860 4410 1920 4456 ut
1967 4416 2016 4455 nt

2137 4413 2450 4471 κατακλείει
2513 4409 2673 4464 αὑτὸν
2726 4407 2783 4459 ἐν
2816 4423 2922 4457 τινι
2976 4401 3235 4468 οἰκήματι
3297 4388 3712 4455 σκοτεινοτάτῳ,

450 4510 576 4581 quis
601 4507 764 4563 etiam
801 4493 997 4559 atl‘ecto
1017 4498 1232 4570 corpori
1265 4497 1633 4552 ministerium
1673 4493 2032 4564 impenderet.

2139 4507 2491 4574 καταστήσας
2524 4503 2617 4556 καὶ
2649 4498 2938 4570 φρουροὺς,
2957 4493 3032 4556 ὡς
3062 4487 3195 4562 μηδέ
3226 4481 3590 4540 διακονεῖσθαι
3615 4479 3716 4534 αύο

451 4569 511 4658 ln
543 4608 692 4659 hunc
721 4596 947 4653 modum
977 4569 1172 4650 exacto
1195 4590 1440 4654 biennio,
1473 4587 1728 4651 amictus,
1759 4602 1823 4642 ac
1857 4602 2016 4656 angu-

2135 4599 2228 4652 τὸν
2275 4569 2426 4666 παρὰ
2456 4609 2620 4654 τινος.
2657 4569 2812 4642 Οῦτω
2846 4585 2994 4654 διετῆ
3028 4582 3218 4653 χρόνον
3243 4575 3474 4634 τελέσας
3506 4569 3719 4666 Glicia-set

454 4695 564 4751 stia
593 4693 903 4758 confectus,
955 4689 1040 4746 vel
1069 4689 1150 4745 sic
1179 4693 1418 4761 tyranno
1475 4683 1738 4754 pudorem
1781 4680 2034 4735 incussit.

453 4788 703 4858 Cumque
729 4785 975 4859 quotidie
1007 4782 1090 4837 vis
1120 4779 1495 4840 adhiberetur,
1531 4784 1590 4830 ut
1625 4773 1769 4829 illius
1796 4770 2040 4827 consiliis

457 4881 702 4938 animum
727 4875 1187 4940 accommodaret,
1208 4889 1309 4930 nec
1345 4873 1390 4928 is
1430 4870 1728 4942 quidquam
1758 4882 1816 4921 se
1838 4865 2039 4920 mentis

458 4972 720 5030 lirmitate‘
746 4969 1069 5029 remitteret,
1095 4966 1290 5021 exsilio
1320 4965 1599 5035 relegatur
1631 4961 1688 5015 in
1716 4954 2040 5014 Samothra-

457 5079 556 5125 cen
591 5065 847 5121 insulam.
917 5063 1052 5117 Eam
1081 5060 1136 5114 in
1176 5059 1428 5114 exsilium
1472 5053 1856 5110 abductionem
1890 5049 2042 5104 brevi

459 5157 646 5216 secuta
672 5155 891 5212 eductio
920 5169 951 5208 e
979 5166 1232 5222 corpore.
1257 5149 1386 5204 Post
1413 5148 1558 5202 enim
1589 5145 1708 5200 dics
1731 5154 1842 5198 tres
1877 5156 2044 5211 supra

457 5248 674 5321 viginti,
707 5251 1093 5302 consummato
1122 5256 1187 5296 ea
1239 5241 1292 5294 in
1343 5237 1522 5293 insula
1568 5237 1695 5291 vitae
1745 5232 2044 5294 curriculo,

462 5342 574 5398 illic
595 5339 883 5413 requievit,
922 5343 1111 5394 sancte
1144 5349 1210 5390 ac
1253 5341 1446 5404 pacate
1474 5329 1540 5385 ad
1572 5327 1865 5383 Dominum
1898 5339 2046 5379 com-

462 5434 727 5505 migrans.
774 5429 914 5501 Quid
954 5440 1136 5486 autem
1173 5424 1343 5483 refert
1385 5423 1566 5478 dicere
1617 5427 1824 5492 quanta
1862 5418 2041 5473 locUm

467 5525 850 5583 benedictione
906 5521 1234 5596 impleverit,
1266 5533 1332 5574 ac
1362 5524 1568 5587 quanta
1595 5513 1859 5584 praedium
1884 5523 2046 5566 sana-

465 5617 678 5674 tionum
702 5633 929 5676 munera
951 5631 1048 5689 per
1079 5615 1233 5671 illum
1265 5619 1620 5669 consecutum
1647 5607 1756 5664 sit?

2136 4689 2232 4744 καὶ
2255 4685 2638 4758 στενοχωρίαις
2665 4680 3009 4748 πιεζόμενος.
3053 4671 3359 4742 κατῄσχυνε
3411 4667 3514 4718 κάν
3544 4661 3722 4730 τούτῳ

2135 4781 2228 4835 τὸν
2269 4753 2548 4846 τύραννον.
2617 4771 2769 4825 Ἐπεὶ
2799 4768 2855 4821 δέ
2887 4765 3009 4819 καθ’
3043 4762 3279 4830 ἑκάστην
3325 4753 3604 4820 ὐποκύζαι
3651 4753 3719 4820 τῇ

2139 4864 2306 4925 αὐτοῦ
2333 4841 2496 4938 βουλῇ
2529 4861 2894 4934 ἠναγκάζετο.
2928 4854 3014 4938 μὴ
3040 4853 3209 4918 εἴξας,
3242 4844 3542 4938 ἐξορίζεται
3573 4841 3721 4938 ἐν.τῇ

2139 4965 2237 5033 τῆς
2278 4929 2644 5028 Σαμοθρᾴκης
2681 4951 2850 5021 νήσῳ.
2902 4935 2962 4999 Ἢ
3011 4944 3066 4996 δὲ
3113 4941 3248 5011 πρὸς
3425 4929 3724 5033 ὑπερ-ορίαν

2141 5024 2414 5123 ἀπαγωγὴ
2444 5024 2664 5118 ταχεῖαν
2696 5045 2818 5114 ἔσχε
2847 5043 2946 5110 τὴν
2977 5037 3086 5092 ἀπὸ
3116 5034 3210 5088 τοῦ
3231 5024 3728 5123 σώματοςΔὲξαγωζ

2143 5116 2282 5218 γῆν..
2315 5116 2581 5213 Ἡμέραις
2607 5139 2716 5210 γὰρ
2750 5136 2896 5206 τρισὶ
2923 5129 3057 5202 πρὸς
3087 5131 3205 5190 ταῖς
3255 5124 3429 5177 εῐκοσι
3458 5119 3556 5218 την

2146 5237 2296 5309 νήσῳ
2329 5233 2476 5305 ζωὴν
2525 5230 2786 5290 διανύσας
2848 5227 2966 5278 ἐκεῖ
3003 5215 3406 5277 κατεπαύσατο,
3480 5203 3730 5262 ἀπελθὼν

2147 5297 2212 5386 ἐν
2239 5297 2615 5399 Ιέυρίῳδσίως
2641 5323 2735 5376 καὶ
2759 5315 3069 5390 εἰρηνικῶς.
3096 5310 3236 5365 Τίδέ
3263 5306 3368 5378 χρὴ
3394 5304 3572 5399 λέγειν

2152 5439 2254 5492 σης
2287 5387 2666 5492 μένέύλογίας
2698 5412 2788 5466 τὸν
2813 5387 2987 5463 ’τόπον
3021 5403 3344 5471 ἐνέπλησεν,
3381 5393 3480 5450 καὶ
3517 5387 3734 5444 ὁπόσων

2153 5502 2210 5568 δέ
2238 5510 2489 5583 ίατρείων
2517 5510 2546 5562 6
2574 5506 2751 5578 χῶρος
2782 5505 2990 5565 ἐκεῖνος
3012 5497 3363 5569 ηὑπόρησενς

1748 5787 1982 5846 VARUE
2021 5781 2422 5844 LECTlONES.

545 5879 592 5925 δ’
618 5891 820 5962 ἀγχόνῃ
848 5879 974 5944 Par.
1049 5875 1092 5920 θί
1118 5886 1215 5958 τὴν
1241 5886 1328 5940 διὰ
1357 5885 1448 5940 τοῦ
1474 5885 1596 5940 Par.
