4080 6212
342 367 413 434 ειυς
1529 363 2020 424 THEOPHANIS
2067 363 2468 424 OFFlClUM.
3565 337 3641 428 n-

786 480 896 552 ᾯδ.
936 477 1000 544 ζ’.
1047 481 1150 534 Ἐν
1176 479 1254 547 τῇ
1285 477 1534 549 καμίνῳ.

412 578 494 630 Τὸ
526 576 651 630 κατ’
683 575 876 629 εἰκόνα
899 575 964 627 σὺ
988 573 1344 645 κεκτημένος,
1377 571 1474 626 καὶ
1497 573 1756 644 ὁμοίωσιν
1782 573 1829 605 ’⁸
1853 570 1953 642 βίῳ

347 669 755 741 λαμπροτάτῳ,
811 667 1023 738 Πάτερ,
1073 663 1442 738 προειληφὼς,
1500 663 1568 718 δι’
1625 665 1952 736 ἀμφοτέρων

350 759 774 832 ὐπερέλαμψας,
803 758 1186 828 Εὐλογημένος
1216 753 1266 810 εἷ
1296 759 1352 811 ὲν
1377 756 1456 827 τῷ
1501 756 1636 828 ναῷ,
1661 755 1821 827 βοῶν,
1851 756 1951 826 τῆς

357 855 527 925 δόξης
560 872 673 918 σου,
701 852 896 922 Κύριε.
1359 849 1377 855 ”
1393 845 1436 854 “’

454 942 764 1014 Ὀμολογίας
795 957 892 994 σου
921 939 1196 1010 στεφάνῳ,
1229 939 1431 1010 Πάτερ,
1461 938 1778 1010 διέπρεψας,
1804 938 1950 1011 ἔργῳ

370 1035 646 1105 διήλεγξας
698 1035 895 1104 λόγους
957 1034 1065 1087 τῶν
1114 1033 1417 1097 δυσσεδῶν,
1457 1034 1584 1096 τοὺς
1617 1033 1843 1093 πιστοὺς
1895 1032 1953 1085 δὲ

369 1129 722 1193 ἐσεσαίωσας,
770 1127 1150 1198 Εὐλογημένος
1179 1122 1231 1180 εἴ
1257 1128 1316 1180 ὲν
1345 1126 1424 1198 τῷ
1453 1126 1592 1197 ναῷ,
1644 1125 1807 1197 βοῶν,
1852 1124 1952 1197 τῆς

359 1223 510 1289 6651;;
540 1239 664 1287 σου,
695 1220 894 1292 Κύριε.

421 1313 514 1384 Τῷ
545 1314 902 1386 στερῤοτάτῳ
966 1314 1024 1366 ὲν
1054 1311 1336 1385 προθυμίᾳ
1376 1311 1474 1376 τὰς
1515 1312 1609 1365 τοῦ
1673 1310 1946 1383 σώματος,

351 1406 560 1477 Πάτερ,
584 1406 896 1476 ἀλγηδόνας
925 1407 1162 1475 ἧνεγκας
1182 1403 1486 1476 καρτερῶς,
1512 1404 1851 1475 εὐχαριστῶν
1872 1405 1950 1478 τῷ

350 1496 605 1565 Δεσπὸτῃ
636 1513 754 1559 σου,
787 1494 1166 1565 Εὐλογημένος
1199 1489 1251 1546 εἶ
1281 1496 1339 1547 ὲν
1360 1493 1438 1564 τῷ
1483 1494 1618 1564 ναῷ,
1651 1493 1809 1564 βοῶν,
1851 1495 1951 1565 τῆς

349 1588 513 1658 δόξης
551 1605 670 1651 σου,
701 1587 896 1656 Κύριε.
1605 1597 1618 1608 ’

619 1678 731 1748 ᾨδ.
765 1683 836 1747 η’.
865 1676 1075 1742 Χεῖρας
1103 1675 1442 1743 ἐκπετάσας
1467 1677 1712 1747 Δανιήλ.

432 1768 742 1838 Θεώμενος,
772 1769 980 1840 μάκαρ,
1010 1768 1070 1822 τὺ
1102 1769 1329 1841 στερῤδν
1361 1770 1464 1838 τῆς
1496 1771 1597 1840 σῆς
1643 1771 1949 1834 ὲνστάσεως

1972 476 2023 537 Α

2572 476 2687 533 Ode
2719 476 2771 532 7.
2807 476 2874 530 In
2893 493 3124 533 summa.

2122 569 2196 628 Ut
2224 571 2292 626 ad
2326 569 2620 641 imaginem
2655 585 2808 626 esses
2858 571 3118 640 adeptus,
3179 570 3406 642 vitaque
3436 573 3636 630 claris-

2053 667 2190 722 sima
2217 665 2657 730 similitudinem,
2677 666 3232 730 Pater,.consecutus,
3252 673 3487 734 utroque
3515 665 3634 720 exi.-

2054 761 2162 815 mie
2188 759 2418 826 fulsisti;
2461 759 2712 814 clamans
2743 777 2758 814 :
2796 757 3143 814 Benedictus.
3163 773 3244 824 es,
3295 757 3548 824 Domine,
3575 756 3631 810 in

2055 851 2256 920 templo
2290 850 2477 921 gloriae
2515 859 2641 903 tuae.

2125 943 2505 1000 Confessionis
2543 951 2670 1007 tuas,
2701 938 2887 1007 Pater,
2921 954 3125 994 corona
3154 937 3437 1003 claruisti;
3469 953 3662 1009 opere

2054 1036 2320 1106 factisque
2349 1036 2639 1105 impiorum
2677 1033 2845 1088 verba
2896 1031 3218 1094 confutasti,
3269 1030 3458 1085 ﬁdeles
3498 1046 3628 1085 vero

2053 1129 2430 1194 conﬁrmasti,
2464 1129 2712 1184 clamans
2752 1149 2767 1183 ;
2806 1125 3132 1182 Benedictus
3164 1140 3247 1192 es,
3284 1123 3531 1190 Domine,
3577 1123 3633 1178 in

2053 1224 2256 1294 templo
2278 1223 2468 1294 gloriae
2507 1230 2636 1277 tuae.

2123 1315 2468 1370 Firmissimo
2499 1313 2783 1383 alacrique
2846 1311 3014 1366 animi
3065 1309 3638 1380 propositocorporis

2051 1409 2290 1475 dolores,
2309 1406 2492 1472 Pater,
2515 1405 2730 1461 fortiter
2761 1403 3056 1476 pertulisti,
3091 1408 3198 1456 Deo
3215 1401 3416 1473 gratias
3432 1415 3632 1471 agens;

2051 1502 2298 1558 clamans
2330 1518 2344 1555 :
2376 1498 2704 1555 Benedictus
2733 1513 2814 1562 es,
2845 1495 3108 1561 Domine,-
3131 1493 3184 1548 in
3217 1493 3421 1565 templo
3453 1491 3640 1564 gloria:

2051 1604 2178 1649 10:13.

2332 1685 2446 1742 Ode
2473 1685 2526 1741 8.
2581 1682 2832 1737 Manibus
2871 1681 3117 1752 expansis
3142 1677 3353 1733 Daniel;

2121 1778 2342 1846 Videns,
2372 1778 2454 1832 vir
2486 1778 2664 1841 beate,
2694 1776 2803 1830 Leo
2819 1768 3084 1846 tyrannus
3107 1772 3261 1826 ﬁrmo
3284 1779 3336 1825 te
3362 1766 3664 1840 proposito'

359 1861 517 1915 Λέων
599 1832 895 1933 τύραννος,
929 1832 1306 1933 ’ὐπερορίασε
1337 1832 1520 1934 ἔκρινε
1553 1832 1880 1934 ’πικροτάτῃ

2070 1871 2132 1926 γιιῑ
2158 1871 2351 1936 obniti,
2369 1870 2694 1941 gravissimo
2711 1867 3084 1937 nequissimus
3110 1865 3390 1920 damnavit
3416 1859 3634 1916 exsilio:

359 1953 760 2022 παμπόνηροςο
807 1955 866 2006 ὲν
924 1953 1234 2025 εὐφροσύνῃ
1290 1955 1349 2008 δὲ
1407 1953 1552 2025 βοῶν
1608 1955 1820 2024 ταύτην
1843 1958 1951 2010 ὑπ-

358 2044 610 2112 ήνεγκας
634 2059 649 2073 ·
677 2042 983 2114 ΕὐΜγεῖτε,
1015 2045 1196 2100 πάντα
1225 2045 1296 2099 τὰ
1321 2045 1459 2118 ἔργα
1487 2045 1582 2100 τοῦ
1609 2048 1838 2115 Κυρίου,
1862 2050 1954 2105 τὸν

365 2135 603 2208 Κύριον.

455 2229 583 2280 Ἐπὶ
606 2229 668 2282 τὸ
693 2228 1054 2300 πρωτὸτυπον
1084 2228 1241 2294 εἰδὼς
1268 2229 1366 2300 τὴν
1394 2229 1495 2301 τῆς
1528 2231 1736 2293 εἰκόνος
1788 2233 1954 2303 τιμὴν

363 2319 804 2386 διαϐιϐαζεσθαι,
837 2322 931 2374 ἐπὶ
962 2321 1021 2375 τὸ
1077 2321 1290 2376 στάδιον
1324 2322 1559 2394 ἔδραμες
1617 2322 1856 2394 ἀθλητὴς
1881 2323 1957 2387 ὡς

361 2413 746 2481 ἐννομώτατος
767 2430 780 2444 ·
808 2413 904 2467 καὶ
951 2413 1178 2485 νικητὴς
1207 2414 1545 2485 ἀναδειχθεὶς
1594 2415 1858 2484 στέφανον
1882 2415 1958 2468 εἴ·

358 2507 546 2575 ληφας
578 2505 948 2575 ἀναμέλπωνο
993 2507 1180 2560 Πάντα
1228 2507 1298 2561 τὰ
1345 2506 1502 2580 ἔργα,
1537 2509 1832 2580 ἀνυμνεῖτε
1865 2508 1956 2562 τὸν

361 2596 598 2666 Κύριον.

437 2685 712 2756 Οὐράνιον
741 2686 863 2740 ἀντὶ
896 2687 996 2757 τῆς
1028 2686 1086 2740 ἐν
1121 2689 1188 2758 γῇ
1232 2687 1440 2758 σκηνήν
1467 2704 1550 2741 σοι
1583 2687 1785 2742 δέδωκε
1818 2686 1959 2742 πάν-

357 2795 482 2831 των
537 2777 776 2849 Κύριος·
813 2778 935 2832 ἀντὶ
976 2777 1292 2842 στενὼσεως
1325 2773 1484 2850 εὗρες
1530 2779 1586 2832 δὲ
1639 2779 1960 2851 πλατυσμὸν

363 2869 770 2936 ἀγαλλιάσεως,
828 2871 888 2923 ὲν
937 2871 1252 2943 παραδείσῳ
1303 2871 1517 2943 τρυφῆς
1567 2873 1706 2943 μετὰ
1747 2873 1959 2944 μαρτύ-

372 2978 483 3029 ρων
510 2959 684 3030 βοῶν·
719 2962 1029 3031 Εὐλογεῖτε,
1088 2965 1266 3017 πάντα
1307 2963 1377 3018 τὰ
1423 2963 1562 3035 ἔργα
1594 2965 1824 3033 Κυρίου,
1870 2967 1962 3020 τὸν

372 3052 606 3123 Κύριον.

445 3143 592 3251 titus}.
621 3141 1103 3251 ὲλάμφθηςνοητῷ
1128 3145 1230 3251 ,καὶ
1263 3146 1392 3218 θείῳ
1423 3145 1725 3214 Πνεύματι,
1773 3149 1963 3221 μάκαρ
1994 3190 2038 3251 C

364 3235 683 3306 Θεόφανες·
716 3237 840 3292 ὅθεν
876 3238 1083 3308 ἰάματα
1125 3239 1311 3310 βρύεις
1347 3240 1502 3314 [γὰρ]
1535 3244 1647 3305 τοϊς
1696 3243 1753 3296 ὲν
1783 3242 1962 3296 πίστει

366 3343 460 3382 σοι
501 3329 928 3400 προστρέχουσι,
986 3330 1082 3383 καὶ
1119 3331 1218 3401 τὴν
1255 3332 1419 3401 ἁγίαν
1474 3350 1569 3387 σου
1601 3333 1756 3405 σορὸν
1813 3333 1965 3404 πόθῳ

365 3419 699 3490 γεραίρουσι
736 3421 830 3475 καὶ
863 3420 1059 3491 βοῶσι·
1098 3423 1280 3476 Πάντα
1305 3424 1374 3477 τὰ
1400 3425 1574 3496 ἔργα,
1619 3426 1836 3496 ὑμνεῖτε
1873 3426 1966 3480 τὸν

371 3506 606 3580 Κύριον.

729 3599 836 3670 ᾮδ.
875 3599 939 3656 θ’.
975 3602 1152 3668 Λίθος
1186 3603 1636 3676 ἀχειρότμητος.

457 3690 708 3744 Ἀπαντα
742 3692 832 3744 τὸν
877 3692 993 3762 βίον
1045 3695 1350 3765 σκορπίσας
1385 3699 1496 3760 τοῖς
1523 3697 1817 3769 δεομένοις,
1845 3699 1966 3754 θεο-

387 3781 546 3852 φὸρε,
573 3784 670 3852 τὴν
696 3783 1049 3854 δικαιοσύνην
1078 3785 1256 3854 σοφῶς
1309 3787 1668 3858 ἁντεκομίζου
1716 3809 1796 3845 σοι
1831 3795 1966 3846 ἀνα-

379 3875 704 3941 τέλλουσαν,
731 3876 850 3930 ἀντὶ
884 3875 1142 3948 φθαρτῶν
1171 3877 1508 3949 δρεπόμενος
1561 3881 1627 3934 τὰ
1675 3883 1740 3935 δι’
1772 3884 1970 3948 αἰῶνος

389 3965 772 4021 ἀνατέλλοντα.

467 4056 681 4120 Νάσους
717 4059 1050 4130 θεραπεύεις,
1103 4065 1435 4136 παμμάκαρ,
1490 4063 1584 4118 τοῦ
1611 4065 1971 4137 Παρακλητου

382 4154 453 4222 τῇ
495 4151 720 4223 δυνάμει
738 4170 753 4184 ο
780 4154 1044 4226 δαίμονας
1067 4160 1254 4228 σαφῶς
1275 4157 1600 4222 ἀπελαύνεις
1622 4160 1688 4230 τῇ
1721 4160 1973 4232 ἐνεργείᾳ

377 4244 600 4309 τούτου,
645 4247 902 4301 πανύλὸιε
928 4264 943 4279 ⁶
975 4249 1060 4303 διὸ
1089 4251 1272 4304 πιστοὶ
1303 4249 1568 4322 θεώμενοί
1602 4269 1685 4318 σε,
1718 4252 1971 4323 θεοφόρε,

381 4335 794 4410 μακαρίζομεν.

467 4429 534 4482 Ἦ
581 4431 652 4500 σὴ
715 4433 1055 4502 φωτοφόρος,
1119 4434 1370 4506 θεόφρον,
1435 4434 1536 4505 τῆς
1591 4436 1974 4506 μεταστάσεως

2060 1969 2115 2014 ιιι
2152 1974 2283 2014 vero
2307 1959 2460 2013 laetus
2503 1955 2804 2027 pertulisti,
2843 1953 3089 2009 clamans
3115 1969 3130 2007 :
3155 1947 3482 2012 Benedicite,
3517 1961 3640 2002 oni-

2061 2051 2154 2104 nia
2184 2064 2352 2120 opera
2373 2047 2605 2113 Domini,
2641 2045 2953 2102 Dominum.

2131 2235 2270 2290 Cum
2314 2233 2644 2303 intelligeres
2675 2229 2939 2284 honorem
2975 2223 3227 2297 imaginis
3259 2221 3329 2277 ad
3358 2217 3646 2290 exemplar

2064 2327 2320 2390 transire,
2345 2325 2412 2379 ad
2447 2323 2682 2379 stadium
2718 2329 2777 2376 ut
2807 2333 2971 2390 quam
3000 2316 3280 2388 legitimus
3315 2313 3514 2368 athleta
3540 2327 3641 2366 cu-

2068 2418 2315 2483 curristi,
2347 2417 2638 2486 victorque
2695 2413 3030 2470 acclamatus
3063 2423 3326 2465 coronam
3362 2405 3641 2476 accepisti,

2066 2512 2282 2570 dulcius
2309 2510 2606 2566 concinens
2629 2527 2642 2563 :
2665 2505 2860 2562 Omnia
2878 2515 3066 2576 Opera,
3087 2501 3306 2556 laudate
3330 2497 3653 2555 Dominum.

2136 2698 2369 2755 Caeleste
2393 2695 2490 2750 tibi
2519 2709 2618 2766 pro
2650 2707 2716 2748 eo
2747 2691 2891 2763 quod
2923 2689 2976 2744 in
3020 2698 3164 2744 terra
3199 2694 3283 2741 est
3316 2683 3646 2738 tabernacu-

2067 2793 2178 2849 lum
2208 2791 2592 2846 universorum
2629 2785 2895 2840 Dominus
2923 2781 3196 2838 contulit:
3231 2785 3505 2845 arctaeque
3545 2788 3646 2828 cu-

2077 2883 2271 2941 stodiae
2313 2881 2435 2937 loco
2482 2877 2827 2934 latitudinem
2885 2868 3268 2929 exsultationis
3312 2867 3367 2921 in
3397 2863 3649 2936 paradiso

2071 2975 2365 3045 voluptatis
2407 2988 2531 3029 cum
2557 2968 2893 3040 martyribus
2925 2961 3207 3024 invenisti,
3239 2960 3483 3015 clamans
3508 2973 3523 3010 :
3545 2954 3662 3010 Be--

2069 3066 2332 3132 nedicite,
2365 3063 2549 3119 omnia
2577 3075 2744 3131 opera
2771 3054 3010 3120 Domini,
3047 3051 3363 3107 Dominum.

2144 3156 2383 3229 Spiritali
2404 3155 2524 3210 luce
2548 3154 2855 3208 illustratus
2884 3164 2967 3213 es,
2988 3162 3051 3202 ac
3071 3143 3256 3200 divino
3287 3141 3489 3212 Spiritu
3519 3153 3664 3210 ρετ-ν

2067 3251 2246 3317 fusus,
2280 3249 2367 3304 vir
2423 3247 2579 3302 beate
2614 3243 2979 3314 Theophanes
3021 3255 3036 3293 :
3091 3236 3327 3305 indeque
3385 3233 3653 3290 sanitates-

2065 3339 2297 3398 scaturis
2351 3337 2602 3393 ﬁdelibus
2642 3334 2708 3390 ad
2755 3343 2805 3388 te
2859 3325 3341 3400 confugientibus,
3387 3332 3648 3391 tuumque

2067 3441 2316 3488 sanctum
2375 3429 2617 3486 loculum
2671 3440 2858 3481 amore
2882 3419 3292 3482 venerantibus,
3317 3431 3381 3473 ac
3409 3416 3651 3471 claman-

2069 3521 2213 3577 tibus
2247 3518 2480 3576 :Omnia
2507 3532 2693 3588 opera,
2729 3513 2946 3568 laudate
2977 3507 3293 3564 Dominum.

2365 3611 2482 3666 Ode
2507 3608 2560 3664 9.
2591 3607 2754 3677 Lapis
2783 3605 2894 3659 sine
2912 3617 3072 3656 manu
3084 3598 3368 3670 'prwcisus.

2140 3703 2299 3760 Omni
2354 3701 2659 3758 substantia
2711 3707 2801 3752 tua
2858 3696 2913 3750 in
2967 3707 3169 3762 egenos
3214 3685 3655 3754 distributa,vir

2070 3799 2254 3854 divino
2278 3809 2443 3850 sensu
2479 3791 2721 3862 praedite,
2743 3787 3014 3860 justitiam
3048 3784 3226 3855 palam
3252 3780 3349 3836 tibi
3383 3779 3652 3834 orientem

2072 3891 2216 3945 illius
2232 3887 2454 3958 praemio
2477 3885 2708 3939 retulisti
2738 3902 2750 3937 :
2769 3896 2868 3951 pro
2885 3881 2950 3936 iis
2973 3893 3093 3949 qua:
3110 3884 3239 3931 sunt
3257 3871 3651 3941 corruptibilia,

2072 3997 2132 4036 ea
2158 3981 2450 4046 decerpens
2483 3991 2605 4045 qua:
2631 3975 2691 4027 in
2717 3972 2981 4028 saeculum
3011 3972 3314 4024 virescunt.

2142 4071 2361 4126 Morbos
2397 4082 2579 4131 curas,
2616 4067 2699 4120 vir
2728 4061 3069 4126 beatissime,
3093 4055 3360 4114 Paraeleti
3387 4053 3648 4126 potentia.

2073 4165 2457 4230 dmmonesque
2482 4159 2658 4230 palam
2685 4156 2831 4211 illius
2859 4154 2912 4209 vi
2947 4153 3142 4224 abigis,
3176 4152 3261 4207 vir
3283 4149 3599 4207 felicissime
3636 4167 3649 4202 :

2075 4257 2280 4331 idcirco
2319 4268 2423 4310 nos
2475 4251 2665 4308 ﬁdeles
2695 4260 2748 4307 te
2787 4257 3112 4306 contuentes
3139 4247 3361 4304 beatum
3393 4244 3656 4316 praedica-

2145 4438 2372 4504 Lucida,
2413 4437 2602 4494 divino
2644 4451 2811 4493 sensu
2862 4433 3122 4506 praedite,
3157 4439 3261 4489 Mle
3314 4427 3657 4501 migrationis

380 4526 566 4595 ἡμέρα
591 4525 804 4590 πάντας
854 4527 1242 4598 προσκαλεῖται
1262 4530 1385 4593 τοὺς
1412 4530 1636 4590 πιστοὺς
1667 4530 1804 4600 πρὸς
1838 4544 1963 4600 μετ-

2079 4526 2196 4583 dies
2236 4525 2422 4582 ﬁdeles
2465 4540 2658 4582 omnes
2683 4523 2898 4588 invitat,
2928 4530 2988 4576 ut
3025 4518 3456 4576 sanctiﬁcatione
3487 4514 3657 4585 parti-

381 4615 573 4668 ουσίαν
626 4615 723 4669 τοῦ
781 4617 1156 4688 ἀγιάσματος·
1201 4618 1375 4690 ἥνπερ
1435 4617 1530 4674 καὶ
1556 4619 1651 4674 νῦν
1677 4620 1974 4692 γηθόμενοι

383 4710 768 4782 ἐπιτελοῦμεν,
799 4712 1086 4784 ἱερώτατε.

454 4800 660 4872 Νὲμοις
689 4806 792 4874 τὴν
815 4805 918 4875 σὴν
943 4806 1173 4875 ἄφθονον
1200 4807 1360 4878 χάριν
1379 4805 1458 4879 τῷ
1482 4807 1593 4861 τῶν
1615 4807 1855 4865 ἐπαίνων
1878 4824 1972 4865 σου

385 4894 517 4957 τοὺς
547 4894 741 4964 λόγους
766 4898 1043 4965 πλέξαντι,
1079 4899 1329 4971 θεόφρον,
1380 4899 1709 4972 προθύμως·
1747 4903 1970 4974 ὁμότροο

394 4985 497 5038 πον
528 5003 605 5040 σοι
633 4987 830 5059 ὥσπερ
857 4990 1152 5060 ὁμώνυμον
1181 4991 1367 5048 τοῦτον
1401 4993 1615 5059 δεικνὺς
1655 4994 1974 5066 πρεσϐείαις

392 5077 520 5140 ταῖς
544 5077 991 5150 εὐπροσδέκτοις,
1019 5081 1306 5154 ἱερώτατε.

2080 4624 2327 4696 cipentur
2355 4639 2369 4678 :
2413 4635 2577 4692 quam
2612 4626 2662 4674 et
2712 4632 2861 4672 nunc
2889 4613 3187 4686 gaudentes
3221 4611 3552 4681 peragimus,
3574 4607 3658 4663 vir

2081 4717 2477 4776 sacratissime.

2152 4811 2407 4873 Tribuas,
2424 4818 2631 4876 quaeso,
2654 4801 2876 4857 uberem
2901 4808 3047 4853 tuam
3066 4793 3294 4866 gratiam
3311 4792 3409 4856 illi,
3425 4789 3516 4862 qui
3539 4797 3660 4844 tua-

2082 4919 2203 4958 rum
2237 4901 2455 4956 laudum
2482 4911 2703 4953 carmen
2731 4892 2899 4948 alacri
2924 4889 3108 4945 animo
3123 4887 3296 4943 texuit
3322 4884 3660 4950 :iisdemque

2083 5008 2262 5052 tecum
2284 4993 2552 5053 moribus,
2572 4989 2650 5043 uti
2679 4995 2733 5044 et
2755 4985 2947 5042 eodem
2989 4989 3245 5038 censetur
3276 4977 3517 5043 nomine,
3549 4975 3662 5027 Deo

2081 5088 2252 5160 gratis
2285 5085 2540 5158 precibus
2571 5080 2676 5137 tuis
2714 5078 2900 5147 facito,
2930 5075 3014 5131 vir
3034 5072 3427 5131 sacratissime.

1684 5287 1920 5345 VAllle
1965 5285 2377 5346 LECTIONES.

473 5379 520 5411 η
547 5382 774 5453 ὁμοίωσι
798 5382 926 5438 Par.
