4080 6212
431 247 508 311 99
1813 234 2304 297 THEOPHANIS

3609 244 3713 314 100

429 363 654 429 insuper
678 356 815 413 alios
836 356 889 411 in
918 354 1289 411 abdicatorum
1319 349 1496 403 locum
1535 346 1768 402 instituit
1793 347 2015 401 ordina-

2128 348 2337 402 ἔκθεσιν
2366 349 2642 420 ἔγγραφον
2668 353 2947 424 ἐξήνεγκε,
2978 353 3076 425 τὴν
3107 356 3248 409 κατὰ
3269 357 3451 413 πᾶσαν
3486 358 3714 434 Ἐκκλη-

429 455 508 510 ri:
529 470 593 507 ac
618 453 860 516 demum,
889 464 1012 520 quae
1037 461 1183 501 nunc
1212 459 1308 515 per
1334 458 1552 497 omnem
1584 439 2018 495 orthodoxorum

427 546 727 603 Ecclesium
770 542 1104 612 publicatur.
1166 535 1389 606 scriptis
1424 533 1738 587 mandatam
1771 530 1893 586 ﬁdei
1927 546 2025 585 ex-

428 637 759 708 positionem
795 630 1088 702 evuigavit.
1139 627 1277 683 Cum
1320 641 1447 680 vero
1496 625 1697 696 impius
1749 614 1915 678 Arius
1956 623 2025 679 ad

429 732 603 798 ipsam
637 720 1127 796 praesens'astaret
1165 729 1221 773 et
1282 717 1711 781 examinarctur,
1755 715 2024 771 Eusebius

431 814 785 877 Nicomediae,
815 808 1112 881 Theognis,
1141 807 1327 872 Maris,
1362 805 1670 871 Narcissus,
1695 804 2024 875 Theophan-

428 924 518 965 tns
551 918 603 962 et
631 905 1006 975 Patrophilus,
1036 902 1359 972 blasphemo
1404 900 1527 954 ﬁdei
1584 897 1766 953 libello
1799 912 2028 967 compo-

426 1002 533 1054 sito
575 998 895 1069 synodoque
924 994 1148 1060 tradito,
1184 1003 1389 1062 partem
1420 990 1539 1060 ejus
1587 1004 1876 1060 suscepere
1928 988 2025 1043 de-

429 1090 754 1146 fendendam
783 1106 798 1142 :
831 1104 942 1157 quo
992 1088 1047 1142 in
1091 1085 1264 1140 frusta
1313 1083 1559 1149 conciso,
1595 1082 1714 1152 ejus
1755 1091 2023 1150 auctores,

427 1192 636 1237 mutata
701 1180 993 1242 sententia,
1058 1178 1458 1232 damnaverunt
1523 1174 1740 1239 Arium,
1801 1184 2029 1243 excepto

427 1274 705 1337 Secundo,
736 1270 1092 1326 Ptolemaidis
1127 1268 1363 1341 Egypti,
1401 1277 1453 1323 et
1495 1267 1744 1330 Theona,
1782 1265 2022 1321 Marma-

426 1366 568 1420 rices
613 1363 934 1434 episcopis:
980 1361 1180 1431 quibus
1222 1374 1348 1413 mox
1398 1373 1522 1413 cum
1569 1357 1700 1412 Ario
1748 1356 1937 1425 ejectis
1976 1365 2030 1411 et

427 1458 779 1512 anathemate
810 1455 1110 1526 percussis,
1139 1467 1245 1507 una
1278 1451 1459 1505 cuncti
1483 1466 1607 1506 cum
1635 1450 2029 1520 angustissimo

430 1551 772 1620 imperatore
804 1547 1233 1610 subscribentes,
1265 1552 1515 1600 sanctum
1539 1543 1662 1598 ﬁdei
1696 1541 2027 1611 symbolum,

427 1644 677 1697 felicibus
731 1640 894 1696 etiam
949 1636 1355 1707 precationibus
1421 1643 1477 1689 et
1541 1632 2025 1688 acclamationibus

426 1732 647 1798 additis,
692 1729 1146 1801 publicaverunt:
1183 1738 1347 1795 atque
1377 1725 1451 1779 ita
1482 1731 1783 1779 conventus
1812 1721 2024 1776 solutus

425 1833 530 1880 est.

498 1914 613 1967 lloc
637 1927 780 1966 anno
812 1910 1037 1979 Crispus
1085 1904 1431 1976 imperatoris
1497 1903 1639 1958 ﬁlius
1677 1902 2028 1958 Christianus

424 2004 651 2060 cﬁ‘ectus
678 2004 914 2059 decessit
946 2019 959 2055 :
990 2009 1043 2055 et
1077 1998 1393 2070 Byzantium
1436 1996 1603 2065 coepit
1627 1993 1811 2050 condi.

493 2178 695 2236 Coacta
729 2188 812 2233 est
859 2186 1043 2231 saneta
1090 2183 1145 2229 et
1189 2169 1514 2229 universalis
1565 2168 1741 2239 prima
1776 2166 2017 2237 synodus

424 2272 748 2328 duodecima
782 2269 1098 2330 indictione,
1144 2282 1290 2321 anno
1322 2264 1500 2335 magni
1537 2261 1881 2318 Constantini
1930 2261 2014 2313 vi-

2053 1689 2100 1748 B

2128 440 2250 495 σίαν
2278 442 2578 513 ὁρθοδόξων
2633 444 2726 497 νῦν
2770 445 3278 516 ἀπαγγελλομένην.
3315 447 3452 502 Τότε
3491 449 3709 521 Ἀρείου

2123 532 2219 589 τοῦ
2245 533 2543 598 δυσσεϐοῦς
2568 535 2837 606 παρόντος
2869 539 2928 589 ὲν
2964 539 3031 607 τῇ
3065 537 3271 607 συνόδῳ
3302 538 3399 592 καὶ
3447 541 3713 610 κρινομέ-

2125 645 2241 689 νου,
2270 627 2528 690 Εὐσέὸιος
2553 628 2582 681 δ
2610 627 3006 698 Νικομηδείας,
3055 629 3153 683 καὶ
3182 629 3433 697 Θέογνις,
3475 633 3570 686 καὶ
3594 631 3720 688 Μά-

2128 738 2213 793 ρις
2243 720 2310 785 ⁷⁸,
2375 721 2470 773 καὶ
2506 720 2837 791 Νάρκισσος,
2870 723 2964 775 καὶ
2995 722 3327 789 Θεόφαντος,
3371 726 3468 777 καὶ
3496 725 3716 795 Πατρόο

2127 810 2281 879 φιλος
2313 808 2696 865 ἀντεποιοῦντο
2727 811 2965 882 Ἀρείου,
2988 813 3434 878 οἳσυντάξαντες
3465 815 3713 880 πίστεως

2127 900 2284 969 λόγον
2315 901 2637 974 βλάσφημον
2660 902 2943 958 ἐπέδωκαν
2982 907 3049 976 τῇ
3074 906 3296 976 συνόδῳ.
3324 908 3431 961 Τοῦ
3456 908 3514 963 δὲ
3548 911 3711 981 δι.αρ-

2129 994 2445 1066 ῥηχθέντος,
2491 994 2541 1047 οἱ
2588 996 2951 1067 πεποιηκότες
3010 997 3200 1050 τοῦτον
3244 998 3718 1071 ἀπιστραφέντες

2130 1084 2495 1138 κατεδίκασαν
2535 1085 2757 1156 Ἀρειον
2816 1087 2985 1156 χωρὶς
3016 1089 3310 1143 Σεκούνδου
3343 1090 3719 1162 Πτολεμαΐδος

2128 1174 2228 1245 τῆς
2278 1175 2581 1243 Αἰγύπτου,
2616 1177 2714 1229 καὶ
2745 1176 2934 1231 Θεωνᾶ
2970 1178 3062 1231 τοῦ
3114 1181 3493 1251 Μαρμαρικῆς
3540 1184 3611 1250 ⁷⁵,
3637 1177 3719 1237 ὧν

2130 1264 2507 1336 ἐκϐληθέντων
2544 1269 2643 1321 σὺν
2687 1268 2883 1340 Ἀρείῳ
2921 1271 3015 1323 καὶ
3044 1271 3618 1340 ἁναθεματισθέντων.
3654 1276 3719 1327 τὸ

2131 1357 2286 1427 ἅγιον
2334 1358 2604 1429 σύμϐολον
2645 1361 2744 1430 τῆς
2795 1362 3037 1426 πίστεως
3065 1363 3445 1433 ἀνηγόρευσαν
3481 1367 3550 1427 ⁷⁷,
3578 1368 3717 1419 ὑπο-

2130 1450 2445 1520 γράψαντες
2486 1450 2560 1521 (8)
2611 1452 2846 1516 ἅπαντες
2883 1453 2979 1507 σὺν
3006 1453 3084 1523 τῷ
3118 1456 3513 1526 πανσεδασμίῳ
3545 1456 3591 1487 ⁷⁸
3618 1457 3717 1525 βα-

2134 1540 2291 1607 σιλεῖ,
2336 1544 2426 1594 καὶ
2459 1541 2811 1613 εὐφήμησαν,
2852 1543 2948 1597 καὶ
2990 1543 3166 1607 οὕτως
3196 1545 3413 1614 διελύθη
3462 1549 3491 1599 ὁ
3519 1547 3715 1600 σύλλο-

2133 1648 2247 1700 τος.

2198 1894 2386 1964 Τούτῳ
2437 1893 2514 1962 τῷ
2545 1893 2656 1947 ἔτει
2686 1894 2934 1965 Κρίσπος
2990 1898 3017 1949 ὁ
3048 1895 3164 1959 υἱὸς
3206 1896 3301 1949 τοῦ
3332 1897 3597 1967 βασιλέως
3628 1900 3710 1970 (9)

2129 1984 2456 2054 Χριστιανὸς
2484 1984 2755 2057 ἐκοιμήθη
2777 2002 2792 2018 ’
2836 1987 2930 2038 καὶ
2950 1974 3011 2040 τὸ
3046 1987 3343 2053 Βυζάντιον
3365 1991 3569 2061 ⁸ἤρξατο
3595 1993 3714 2044 xtl-

2130 2074 2322 2139 ζεσθαι
2357 2075 2491 2147 (101.

2202 2168 2441 2237 Συνέστη
2468 2163 2560 2220 οὖν
2599 2170 2631 2238 ἡ
2666 2169 2799 2237 ἁγία
2840 2172 2931 2223 καὶ
2970 2173 3326 2243 οίκουμενικὴ
3360 2175 3551 2248 πρώτη
3588 2178 3717 2230 σύν-

2124 2261 2242 2324 οδος
2276 2263 2341 2331 τῇ
2369 2260 2647 2333 δωδεκάτῃ
2705 2263 3000 2316 ίνδικτιῶνι
3037 2264 3149 2335 (11)
3194 2266 3303 2320 ἔτει
3342 2270 3583 2337 εἰκοστῷ
3619 2270 3711 2322 τοῦ

1748 2396 1983 2455 VARIE
2020 2396 2429 2453 LECTlONES.

500 2528 549 2559 ⁷⁸
573 2526 755 2596 Μάρις
788 2524 832 2577 Α
862 2533 913 2579 et
946 2522 1060 2588 alii,
1100 2523 1296 2593 Μάρης
1335 2520 1481 2589 vulg.

1559 2520 1606 2550 "
1634 2518 2013 2589 Μαρμαρίκης
2044 2518 2109 2571 Α.
2186 2519 2229 2549 ⁷⁷
2261 2518 2647 2588 ὑπηγόρευσαν
2675 2518 2743 2572 Α.

2820 2519 2865 2551 ⁷⁸
2898 2520 3296 2591 πανσεδασμίῳ
3322 2521 3387 2586 Α,
3418 2522 3533 2577 σεδ.
3562 2524 3711 2594 vulg.

1740 2634 1882 2689 JAC.
1912 2634 2126 2689 GUARI
2157 2633 2389 2689 NOTAE.

498 2737 575 2806 (8)
610 2736 753 2806 Idem
787 2736 840 2789 in
871 2736 1100 2806 _cap.‘_9
1148 2730 1650 2806 Gelasittsqttoque
1704 2731 2007 2803 Cyzicenus

427 2802 577 2864 torno
604 2808 641 2858 ll
669 2805 830 2862 Conc.
868 2802 1087 2859 Parisiis
1108 2817 1255 2856 anno
1292 2802 1428 2856 1650
1461 2802 1874 2872 impressorum.

501 2880 578 2946 (9)
608 2874 1384 2946 VicettnalibusConstantini
1408 2870 1578 2946 patris
1607 2871 1861 2946 Crisp_ttm
1885 2870 2007 2946 obi-

2114 2731 2311 2787 Cliristi
2371 2733 2496 2797 3l6,
2558 2748 2711 2804 quem
2766 2733 2935 2804 ipsum
2975 2749 3091 2804 esse
3111 2733 3287 2800 scibit,
3328 2751 3429 2804 quo
3485 2733 3711 2793 Nicena

2118 2806 2350 2871 synodus
2395 2813 2471 2856 est
2508 2801 2790 2856 absoluta.
2828 2801 3026 2857 Verum
3084 2803 3227 2857 haud
3286 2801 3351 2857 de
3419 2810 3706 2871 em-reniis,

2120 2875 2213 2926 sed
2253 2876 2319 2928 dc
2348 2874 2451 2927 CP.
2490 2875 2710 2927 conditu
2756 2883 3020 2943 praesente
3047 2874 3247 2927 Christi
3288 2890 3433 2928 anno
3481 2876 3585 2929 3l6
3618 2879 3709 2933 in-

428 2942 536 3004 isse
559 2942 852 3002 'ronlirmat
900 2961 964 2999 ex
1004 2944 1173 2997 ldatio
1205 2942 1460 2998 Petavius
1498 2944 1591 2997 lib.
1643 2958 1699 2997 χι
1746 2942 1823 2995 De
1862 2942 2004 3014 doct.
2040 2951 2082 3007 c
2116 2944 2474 3014 ειὶιιιιιιεηρει
2533 2942 3087 3014 εθιηιοέΒυζὰντιον
3145 2943 3347 3013 ἤρξατο
3399 2946 3710 3014 κτίζεσθαι,

425 3028 586 3086 temp.
627 3033 748 3087 cap.
784 3017 875 3071 41.
902 3016 1121 3087 Annum
1164 3014 1415 3087 eumdem
1454 3014 1604 3087 prius
1630 3022 1814 3082 aperte
1840 3012 2008 3087 scrip-

426 3082 575 3143 serat
616 3082 955 3141 Soiomenus
986 3085 1079 3139 lib.
1119 3099 1163 3148 _t,
1229 3098 1349 3152 cap.
1385 3082 1438 3136 5.
1491 3082 1605 3135 Vox
1643 3097 1805 3151 porro
1868 3083 2014 3134 ὲκοι-

429 3159 599 3230 μήθη,
625 3159 773 3212 nulla
812 3159 862 3230 vi
884 3155 1440 3230 grecensita,_m_ortetnn
1469 3153 1771 3230 opperiisse
1813 3153 2011 3230 arguit.

426 3222 681 3284 Alienum
719 3227 985 3296 siquidem
1042 3239 1071 3278 a
1119 3225 1347 3296 crimine
1375 3222 1806 3296 Constantinum
1836 3222 2015 3276 decla-

428 3314 571 3362 rare,
605 3298 715 3351 imo
744 3294 927 3366 pietati
958 3309 1119 3362 quam
1156 3294 1560 3366 Studiosis_sime
1601 3294 1887 3366 addictum
1922 3307 2016 3345 ce-

428 3368 641 3422 lebrare,
690 3362 789 3436 pro
823 3366 1031 3419 viribus
1083 3364 1360 3418 contendit
1406 3362 1802 3436 Theophanes_:
1836 3376 1918 3436 _ac
1948 3376 2015 3415 ne.

428 3438 554 3507 quis
575 3431 751 3504 Crispi
782 3436 1047 3505 sanguine
1068 3436 1501 3507 contaminatum
1527 3434 1733 3507 credat,
1758 3431 2012 3507 Crispum

427 3503 675 3586 legitimo
704 3503 1344 3586 conjugiqproereatutn
1382 3503 1592 3586 inducit
1617 3503 2006 3586 Theophanes,

426 3572 624 3644 ct'ejus
651 3572 899 3630 mulieris
934 3572 1126 3636 lilium.
1164 3590 1327 3642 qnatn
1364 3574 1545 3626 cteteri
1576 3572 1827 3644 historici
1891 3572 2014 3624 libi-

429 3642 680 3701 dinosam
704 3656 757 3701 et
782 3646 1051 3700 furentem
1073 3645 1124 3697 in
1145 3644 1451 3713 privignum
1472 3658 1758 3696 novercam
1783 3642 2013 3710 ﬁngunt.

432 3717 500 3773 Ut
530 3725 588 3769 ut
628 3733 687 3772 se
721 3718 995 3779 habuerit,
1037 3726 1264 3767 matrem
1317 3716 1398 3766 vel
1449 3728 1766 3773 novercam.
1822 3728 1851 3764 a
1884 3726 2016 3765 nece

428 3787 625 3857 Crispo
672 3788 817 3841 iltata
875 3800 977 3841 suo
1018 3785 1237 3857 silentio
1264 3782 2016 3857 _innoxiatn_demonstravit

427 3852 622 3912 auctor
656 3857 789 3910 Vitta
806 3856 1161 3917 Constantini,
1184 3866 1238 3908 et
1258 3853 1548 3908 Socrates:
1580 3852 1838 3906 invidiam
1874 3852 2016 3919 pari-

430 3938 512 3983 ter
535 3943 753 3982 omnetn
781 3944 808 3981 a
847 3927 1208 3982 Constantino
1237 3925 1445 3993 depulit
1470 3924 1809 3977 Sozomenus
1843 3920 1950 3993 lib.
1976 3938 2014 3988 t,

427 4013 554 4067 cap.
585 4000 639 4060 5,
675 4008 861 4067 aperte
908 3995 1149 4067 defendit
1176 3991 1461 4067 Evagrins,
1519 3994 1613 4067 lib.
1646 4008 1727 4067 ut,
1765 4008 1888 4062 cap.
1924 3991 2013 4057 4t,

428 4063 663 4137 quorum
697 4063 1085 4137 auctoritatem
1113 4064 1254 4118 haud
1292 4063 1494 4137 temere
1522 4063 1886 4131 Theophanes
1923 4078 2017 4115 ex-

428 4132 594 4207 cepit,
648 4148 702 4191 ct
738 4139 933 4191 exinde
978 4135 1262 4207 Ccdrenus
1315 4144 1369 4189 et
1406 4132 1747 4203 Nicephorus
1787 4142 2014 4187 secutus

427 4206 626 4261 estlib.
664 4206 1058 4278 vtt,cap.55._
1189 4273 1199 4278 _
1333 4273 1352 4278 _
1420 4274 1450 4278 __
1555 4272 1585 4278 η
1689 4272 1701 4278 _
1864 4268 1892 4278 ,Α
1938 4269 1948 4278 .

505 4279 617 4343 (l0)
656 4268 810 4343 Quod
853 4268 966 4329 'non
996 4273 1297 4328 advertitur
1329 4273 1507 4336 facile,
1537 4272 1843 4343 discrimen
1864 4268 2007 4323 i‘nt'er

428 4339 695 4418 Byaatttit‘
727 4347 1005 4418 conditum
1031 4352 1098 4418 et
1130 4345 1373 4418 encaenia
1409 4339 1900 4418 ponendum.th
1942 4345 2012 4395 de

430 4410 653 4472 conditu
687 4418 805 4472 solo
836 4413 1157 4482 Theophani
1180 4429 1361 4467 sermo
1391 4410 1514 4468 est:
1549 4428 1711 4480 quem
1746 4410 2017 4482 Constan-

434 4489 533 4542 tini
565 4481 1184 4553 vincennalibusprimo
1230 4492 1491 4536 tentatum
1527 4482 1784 4536 Socrates
1825 4481 2019 4553 asserit

431 4558 526 4612 lib.
558 4575 597 4621 ι,
622 4572 743 4625 cap.
774 4558 838 4609 12
867 4572 881 4609 :
940 4551 1270 4625 ’θ’βασιλεὺς
1288 4554 1603 4625 ἐπιτελέσας
1626 4551 1897 4625 δημοτελῆ
1922 4554 2021 4625 τῆς

431 4621 865 4696 είκοσαετὴρίδος
906 4621 1070 4679 αὑτοῦ
1111 4621 1741 4696 ἑορτὴνηευθέωςᾉίιτδ]
1788 4625 1916 4696 περὶ
1960 4622 2022 4696 τὸ

430 4691 811 4767 ἀνορθοῦντας
842 4696 1138 4767 ἐκκλησίας
1168 4691 1523 4767 ἐσοζοιᾷδαξεν.
1570 4691 1772 4767 Eripis:
1802 4691 2020 4767 amas-

430 4761 660 4836 τοηᾶτερὶ
698 4770 792 4829 τὰς
822 4761 1223 4830 ἄλλας’πὸλεις,
1247 4765 1343 4817 καὶ
1365 4768 1422 4817 ὲν
1447 4768 1513 4835 τῇ
1529 4761 1696 4815 αὑτοῦ
1724 4762 2019 4836 ἐπωνιξμῳ,

431 4838 501 4907 ῆν
559 4831 855 4907 Βυζάντιον
925 4836 1271 4907 καλουμένην
1350 4836 1412 4889 τὸ
1488 4831 1807 4907 ἇιρότερονκ
1851 4831 2021 4907 nitiq-

437 4903 498 4960 σε
531 4924 545 4937 ο
612 4905 911 4974 Imperator
960 4903 1191 4959 simulat
1227 4903 1423 4974 festum
1466 4903 1697 4958 solemne
1740 4903 1807 4954 ad
1840 4905 2023 4955 vicesi-

433 4992 580 5030 ntunt
621 4992 819 5029 annum
853 4976 1059 5044 imperii
1097 4978 1181 5028 sui
1211 4977 1587 5038 celebrauerat,
1615 4974 1764 5026 nulla
1787 4975 2023 5039 interpuo

434 5048 543 5102 sita
591 5054 776 5111 mora’,
838 5047 906 5098 ad
954 5045 1202 5100 ecclesias
1252 5048 1601 5101 exstruendas
1659 5059 1809 5097 omne
1867 5058 2022 5095 suum

434 5119 675 5173 studium
717 5116 983 5170 contulit:
1037 5117 1282 5186 istudque
1322 5118 1597 5185 praestitit,
1658 5130 1777 5167 cum
1806 5115 1859 5167 in
1901 5113 2022 5165 aliis

434 5188 815 5252 urbibus,-tum
843 5204 907 5240 ea
961 5188 1050 5240 cui
1083 5203 1269 5241 nomen
1302 5204 1456 5240 suum
1488 5189 1829 5257 imposuerat.
1851 5200 2025 5257 quant

434 5260 645 5327 quidem
678 5258 999 5327 Byzantium
1033 5258 1160 5310 olint
1219 5258 1540 5327 appellatam
1562 5257 1767 5326 magnis
1790 5256 2020 5308 adauxit

434 5330 698 5395 adiﬁciis.
742 5332 916 5395 Quam
944 5329 1309 5382 encaeniormn
1340 5340 1394 5382 et
1422 5330 1674 5382 conditus
1706 5328 2022 5380 varietatem

439 5401 594 5470 titulo
639 5404 833 5470 capitis
887 5399 960 5453 ἃ
997 5398 1139 5453 libro
1178 5414 1230 5452 χι
1289 5398 1362 5453 De
1407 5399 1650 5451 doctrina
1706 5406 2023 5470 temporum,

435 5466 689 5524 Petavius
709 5466 978 5524 statuerat
1032 5484 1127 5539 per
1161 5478 1331 5524 totum
1368 5479 1532 5538 caput
1557 5484 1664 5522 non
1704 5469 2022 5539 observans,

437 5540 601 5592 istum
652 5556 775 5593 cunt
825 5542 932 5595 illis
989 5536 1297 5595 confundit.
1332 5536 1538 5603 Graici,
1595 5540 1791 5605 inquit,
1844 5536 2027 5590 mundi

436 5624 606 5661 annos
662 5610 965 5681 Christique
1042 5612 1189 5665 varie
1241 5619 1573 5679 computant,
1627 5612 1753 5661 dum
1793 5609 2027 5681 chelonia

436 5681 763 5734 Constantini
786 5678 1037 5744 referunt.
1097 5681 1429 5751 Theophanes
1452 5700 1515 5735 an
1525 5700 1553 5734 n
1563 5696 1645 5733 mn
1665 5680 1844 5732 mundi
1864 5678 1931 5731 58
1946 5680 2023 5742 tti,

2119 3018 2312 3082 pergit,
2355 3013 2686 3080 Theophanes
2744 3011 3083 3068 Constantini
3143 3011 3213 3068 32
3283 3031 3479 3068 annum
3550 3011 3712 3073 illuni

2118 3084 2269 3152 facit.
2348 3083 2623 3151 Nusquam
2665 3100 2678 3137 :
2713 3083 2805 3137 sed
2859 3085 3175 3138 vicesimum
3236 3086 3473 3139 inculcat
3520 3088 3711 3141 Theo-

2118 3158 2345 3222 phanes,
2405 3170 2565 3227 quem
2593 3154 2843 3227 eumdem
2884 3155 3318 3227 canoninmejus
3343 3157 3704 3227 chronologi-

2116 3240 2240 3278 CIIHI
2298 3225 2547 3290 superius
2614 3224 2879 3278 exhibuit.
2942 3224 3034 3277 llis
3087 3224 3238 3278 addit
3297 3243 3310 3279 :
3368 3224 3713 3293 Theophanes

2118 3293 2338 3365 alterum
2358 3294 2696 3362 computandi
2719 3295 2976 3348 rationem
2992 3294 3223 3357 adhibet,
3247 3296 3529 3349 secundum
3546 3313 3712 3365 quam

2117 3364 2313 3433 natalis
2364 3364 2718 3433 Dionysianus
2790 3367 3029 3418 convenit
3094 3381 3233 3416 anno
3302 3366 3484 3418 mundi
3541 3368 3709 3427 5495,

2119 3432 2418 3488 Graecorum
2458 3432 2577 3488 vero
2633 3435 2891 3486 sententia
2920 3433 3076 3488 5500.
3134 3435 3203 3488 At
3261 3445 3408 3489 certe
3437 3451 3554 3489 eatn
3584 3454 3715 3492 esse

2118 3502 2460 3575 Theophani,
2492 3520 2612 3571 qua:
2646 3502 2881 3573 Georgio
2906 3506 3156 3575 Syncello
3186 3507 3531 3573 computandi
3577 3524 3715 3561 nor-

2120 3589 2309 3638 tnatn,
2371 3574 2636 3645 Gent'gio_
2673 3590 2819 3640 vero,
2885 3574 3006 3643 quae
3065 3574 3299 3645 ϐιαιςίε-
3323 3576 3713 3645 Dionysianam

2117 3659 2279 3696 terant
2317 3657 2461 3696 anno
2506 3642 2646 3715 5.500
2680 3642 3049 3715 statttentibtts
3097 3645 3211 3713 ipse
3259 3642 3617 3715 Theophanes
3655 3649 3710 3701 itt

2118 3716 2410 3785 protentio,
2443 3722 2496 3785 et
2549 3711 2813 3783 Georgius
2867 3730 2969 3769 suo
3005 3715 3055 3766 in
3106 3711 3291 3783 opere,
3335 3726 3389 3768 et
3414 3711 3714 3785 utriusque

2120 3784 2329 3857 scripta
2360 3786 2425 3837 ad
2454 3784 2685 3857 invicem
2716 3795 3039 3857 comparata
3054 3794 3324 3839 testantur
3353 3803 3366 3839 :
3394 3786 3461 3840 de
3502 3784 3711 3857 quibus

2116 3867 2279 3922 supra
2317 3854 2369 3907 in
2398 3855 2673 3907 annotatis
2705 3856 2770 3907 ad
2810 3852 3164 3909 Promtniunt.

2190 3924 2301 3993 (ll)
2335 3922 2679 3979 Manifestum
2709 3923 3057 3993 Theophanis
3091 3923 3412 3980 indictiones
3446 3924 3533 3979 hic
3589 3926 3709 3995 pri-

2118 4009 2267 4047 mum
2306 3996 2655 4048 memorantis
2701 4008 2946 4048 errorem
2992 3995 3079 4053 hic
3119 3997 3704 4064 detecturowquiedam

2120 4064 2271 4143 prius
2297 4073 2603 4143 occurrunt
2632 4064 3009 4143 supponenda.
3072 4065 3130 4143 l._
3167 4063 3386 4143 Graecos
3416 4063 3630 4120 Latinis
3654 4069 3707 4119 in

2120 4133 2515 4204 indictionibns
2544 4134 2901 4187 numerandis
2929 4135 3184 4189 assentiri
3221 4152 3235 4188 :
3262 4137 3505 4204 adeoque
3536 4152 3707 4198 anno,

2118 4220 2229 4271 quo
2256 4203 2508 4257 Christus
2549 4206 2722 4257 lucem
2753 4205 2987 4273 aspexit,
3025 4220 3187 4258 unam
3245 4205 3387 4274 apud
3446 4214 3711 4274 utrosque

2122 4274 2284 4341 attigi,
2320 4276 2530 4328 tertiam
2570 4275 2837 4337 videlicet,
2878 4285 2931 4328 et
2957 4290 3101 4328 anno
3135 4277 3389 4343 praesenti
3438 4275 3572 4329 1650
3599 4287 3715 4330 ter»

2048 4383 2093 4437 Β
2125 4347 2252 4437 tiam
2306 4347 2512 4424 pariter
2549 4347 2853 4437 Ιςιξιχεξιιεοινί.
2910 4345 2966 4437 93
3006 4346 3047 4397 Α
3086 4345 3288 4400 Christi
3344 4346 3603 4400 natalitiis
3641 4346 3711 4427 ad

2126 4414 2353 4481 hujusce
2384 4416 2513 4468 anni
2548 4415 2772 4468 limitem
2807 4415 3057 4469 eumdem
3089 4431 3209 4469 esse
3244 4432 3557 4480 numerum,
3614 4418 3712 4483 qui

2122 4494 2205 4536 est
2235 4485 2381 4555 mille
2412 4495 2795 4540 sescentorum
2821 4495 2874 4539 et
2896 4486 3313 4555 quinquaginta.
3356 4488 3409 4539 5.
3439 4489 3481 4540 Δ
3515 4488 3707 4540 tnundi

2122 4554 2344 4607 conditu
2383 4572 2557 4608 annos
2591 4557 2812 4623 putandi
2849 4565 2959 4609 tres
2994 4571 3115 4609 esse
3145 4558 3284 4624 apud
3318 4556 3536 4611 Graacos
3564 4558 3712 4610 cele-

2125 4624 2337 4677 briOt‘es
2374 4625 2583 4678 tnodos.
2636 4624 2698 4677 Ili
2742 4626 2941 4693 quippe
2991 4627 3176 4678 tttttttdi
3220 4626 3390 4693 5-595,
3436 4628 3520 4680 isti
3545 4626 3709 4686 5500.

2123 4710 2245 4762 qua:
2281 4692 2498 4764 Georgii
2558 4695 2790 4764 Syncelli
2824 4692 2890 4748 et,
2914 4694 3260 4764 Theophanis
3287 4692 3555 4751 sententia
3601 4706 3709 4759 est,

2124 4766 2216 4817 alii
2258 4764 2399 4818 5508
2454 4766 2735 4818 Christum
2787 4775 2909 4819 ortu
2973 4780 3075 4818 suo
3134 4777 3306 4820 terras
3355 4782 3714 4821 consecrasse

2125 4835 2441 4901 praedicant.
2477 4833 2573 4889 His
2602 4835 2920 4903 praemissis,
2961 4836 3154 4890 demus
3183 4835 3521 4906 Theophani,
3552 4837 3710 4903 juxta

2127 4906 2377 4977 proprios
2403 4905 2505 4959 sibi
2528 4908 2781 4977 calculos
2825 4907 3096 4977 hic-uenam
3151 4905 3417 4977 synodum
3453 4923 3597 4960 anno
3643 4912 3715 4959 ab

2123 4976 2254 5028 orbe
2278 4978 2500 5029 condito
2523 4975 2663 5029 5816
2680 4988 2732 5030 et
2759 4993 2787 5029 a
2812 4975 3033 5029 Christo
3060 4975 3311 5030 nato—5H3
3342 4977 3671 5031 celebratam
3697 4995 3711 5030 :

2124 5058 2248 5097 cum
2282 5046 2371 5099 ille
2395 5056 2552 5101 ortus
2582 5048 2666 5100 sui
2706 5048 2961 5101 comitem
3010 5047 3264 5100 habuerit
3299 5049 3512 5101 tertiam
3546 5050 3716 5101 indic-

2124 5116 2370 5187 tionem:
2415 5117 2629 5170 Nieaena
2665 5117 2905 5187 synodus
2951 5132 3057 5169 non
3113 5119 3168 5171 in
3216 5118 3302 5181 i2,
3340 5118 3433 5172 sed
3475 5118 3529 5170 itt
3556 5118 3591 5171 4
3625 5119 3714 5170 in-

2124 5184 2418 5240 dietionem
2451 5184 2750 5256 reperietur
2774 5187 3035 5253 incidere,
3064 5202 3129 5241 ac
3175 5189 3337 5243 simul
3369 5203 3607 5241 errorem
3658 5192 3712 5241 in

2127 5256 2301 5325 posita
2336 5256 2635 5312 indictioae
2664 5274 2930 5326 arguere:
2968 5259 3051 5312 vel
3087 5259 3139 5310 itt
3173 5261 3463 5313 adversum
3491 5257 3712 5312 Nicaana

2126 5329 2335 5396 synodo
2367 5328 2648 5381 indictioni
2692 5329 3030 5382 duodecimae
3069 5329 3307 5399 alligata,
3352 5330 3525 5398 ipsam
3555 5345 3707 5383 eam-

2125 5408 2249 5469 ttem
2277 5399 2542 5469 synodum
2570 5400 2715 5453 haud
2763 5399 2876 5467 jam
2910 5399 3145 5469 amplius
3193 5403 3245 5453 in
3281 5400 3468 5453 mumli
3489 5399 3630 5453 5816
3656 5408 3718 5469 et

2125 5468 2328 5521 Cltrisn
2368 5468 2500 5525 .516.
2567 5484 2755 5523 verum
2786 5471 2838 5523 in
2872 5468 3061 5523 mundi
3092 5470 3233 5524 5824
3287 5481 3341 5523 et
3370 5471 3575 5523 Christi
3606 5468 3717 5522 324

2127 5539 2428 5603 incurrere,
2463 5553 2529 5593 ac
2556 5541 2720 5594 simul
2765 5541 3159 5595 hallucinatum
3197 5540 3717 5609 Tlteophanemrde-

2127 5609 2548 5679 prehendemus.
2592 5610 2809 5665 Erroris
2836 5627 3059 5665 causam
3088 5621 3144 5665 et
3170 5608 3455 5679 reparandi
3492 5608 3715 5664 modum

2128 5678 2495 5746 praemisimus
2535 5691 2660 5734 nota
2697 5682 2749 5736 in
2785 5685 2966 5751 operis
3001 5678 3412 5736 titulutn’scxta.
