  <div class='ocr_page' id='page_1' title='image "/cluster/home/n/w/nwhite01/storage/ocr_20150623/108/hvd.32044073502320/061.png"; bbox 0 0 4080 6212; ppageno 0'>
   <div class='ocr_carea' id='block_1_1' title="bbox 469 297 567 363">
    <p class='ocr_par' dir='ltr' id='par_1_1' title="bbox 469 297 567 363">
     <span class='ocr_line' id='line_1_1' title="bbox 469 297 567 363; baseline 0 0"><span class='ocrx_word' id='word_1_1' title='bbox 469 297 567 363; x_wconf 89' lang='lat'>1-11</span> 
     </span>
    </p>
   </div>
   <div class='ocr_carea' id='block_1_2' title="bbox 1854 285 2345 346">
    <p class='ocr_par' dir='ltr' id='par_1_2' title="bbox 1854 285 2345 346">
     <span class='ocr_line' id='line_1_2' title="bbox 1854 285 2345 346; baseline -0.002 -1"><span class='ocrx_word' id='word_1_2' title='bbox 1854 286 1957 345; x_wconf 74' lang='grc' dir='ltr'><strong>ΤΠ</strong></span> <span class='ocrx_word' id='word_1_3' title='bbox 1967 285 2345 346; x_wconf 71' lang='grc' dir='ltr'><strong>ΕΟῘἮᾹΝΙΞ</strong></span> 
     </span>
    </p>
   </div>
   <div class='ocr_carea' id='block_1_3' title="bbox 3616 273 3721 342">
    <p class='ocr_par' dir='ltr' id='par_1_3' title="bbox 3616 273 3721 342">
     <span class='ocr_line' id='line_1_3' title="bbox 3616 273 3721 342; baseline 0 -1"><span class='ocrx_word' id='word_1_4' title='bbox 3616 273 3721 342; x_wconf 70' lang='lat'>112</span> 
     </span>
    </p>
   </div>
   <div class='ocr_carea' id='block_1_4' title="bbox 462 376 2042 471">
    <p class='ocr_par' dir='ltr' id='par_1_4' title="bbox 462 397 2042 471">
     <span class='ocr_line' id='line_1_4' title="bbox 462 397 2042 471; baseline -0.008 -10"><span class='ocrx_word' id='word_1_5' title='bbox 462 401 1109 463; x_wconf 66' lang='lat' dir='ltr'><strong>fundamentis’effossum</strong></span> <span class='ocrx_word' id='word_1_6' title='bbox 1138 398 1354 471; x_wconf 73' lang='lat' dir='ltr'><strong>deiecit,</strong></span> <span class='ocrx_word' id='word_1_7' title='bbox 1410 397 1608 453; x_wconf 79' lang='lat' dir='ltr'><strong>rudera</strong></span> <span class='ocrx_word' id='word_1_8' title='bbox 1650 397 2042 466; x_wconf 78' lang='lat' dir='ltr'><strong>exportavit,ct</strong></span> 
     </span>
    </p>
   </div>
   <div class='ocr_carea' id='block_1_5' title="bbox 2147 376 3731 471">
    <p class='ocr_par' dir='ltr' id='par_1_5' title="bbox 2148 376 3731 464">
     <span class='ocr_line' id='line_1_5' title="bbox 2148 376 3731 464; baseline -0.003 -16"><span class='ocrx_word' id='word_1_9' title='bbox 2148 393 2548 464; x_wconf 63' lang='grc' dir='ltr'><strong>κατασκάψασα</strong></span> <span class='ocrx_word' id='word_1_10' title='bbox 2579 393 2622 426; x_wconf 81' lang='grc'><strong>⁸⁸</strong></span> <span class='ocrx_word' id='word_1_11' title='bbox 2643 435 2656 458; x_wconf 89' lang='grc'><strong>,</strong></span> <span class='ocrx_word' id='word_1_12' title='bbox 2704 391 2797 446; x_wconf 65' lang='grc' dir='ltr'><strong>καὶ</strong></span> <span class='ocrx_word' id='word_1_13' title='bbox 2826 376 2916 446; x_wconf 76' lang='grc' dir='ltr'>τὸν</span> <span class='ocrx_word' id='word_1_14' title='bbox 2953 392 3081 463; x_wconf 76' lang='grc' dir='ltr'><strong>χοῦν</strong></span> <span class='ocrx_word' id='word_1_15' title='bbox 3115 391 3473 463; x_wconf 63' lang='grc' dir='ltr'><strong>ἀπορρίψασα</strong></span> <span class='ocrx_word' id='word_1_16' title='bbox 3515 391 3586 456; x_wconf 79' lang='grc'><strong>⁸⁸,</strong></span> <span class='ocrx_word' id='word_1_17' title='bbox 3621 391 3731 446; x_wconf 70' lang='grc' dir='ltr'><strong>ὑπὸ</strong></span> 
     </span>
    </p>
   </div>
   <div class='ocr_carea' id='block_1_6' title="bbox 461 490 2042 562">
    <p class='ocr_par' dir='ltr' id='par_1_6' title="bbox 461 490 2042 562">
     <span class='ocr_line' id='line_1_6' title="bbox 461 490 2042 562; baseline -0.006 -12"><span class='ocrx_word' id='word_1_18' title='bbox 461 509 663 554; x_wconf 78' lang='lat' dir='ltr'><strong>cuncta</strong></span> <span class='ocrx_word' id='word_1_19' title='bbox 691 497 760 552; x_wconf 88' lang='lat' dir='ltr'><strong>ab</strong></span> <span class='ocrx_word' id='word_1_20' title='bbox 784 495 928 552; x_wconf 66' lang='lat' dir='ltr'><strong>Elio</strong></span> <span class='ocrx_word' id='word_1_21' title='bbox 970 492 1208 547; x_wconf 83' lang='lat' dir='ltr'><strong>Adriano</strong></span> <span class='ocrx_word' id='word_1_22' title='bbox 1235 492 1508 562; x_wconf 85' lang='lat' dir='ltr'><strong>quondam</strong></span> <span class='ocrx_word' id='word_1_23' title='bbox 1542 491 1610 544; x_wconf 85' lang='lat' dir='ltr'><strong>ibi</strong></span> <span class='ocrx_word' id='word_1_24' title='bbox 1645 490 1861 559; x_wconf 79' lang='lat' dir='ltr'><strong>magnis</strong></span> <span class='ocrx_word' id='word_1_25' title='bbox 1889 504 2042 543; x_wconf 86' lang='lat' dir='ltr'><strong>sum-</strong></span> 
     </span>
    </p>
   </div>
   <div class='ocr_carea' id='block_1_7' title="bbox 461 580 2042 659">
    <p class='ocr_par' dir='ltr' id='par_1_7' title="bbox 461 580 2042 659">
     <span class='ocr_line' id='line_1_7' title="bbox 461 580 2042 659; baseline -0.007 -16"><span class='ocrx_word' id='word_1_26' title='bbox 461 588 648 659; x_wconf 86' lang='lat' dir='ltr'><strong>ptibus</strong></span> <span class='ocrx_word' id='word_1_27' title='bbox 675 594 987 643; x_wconf 87' lang='lat' dir='ltr'><strong>constructa</strong></span> <span class='ocrx_word' id='word_1_28' title='bbox 1028 583 1282 638; x_wconf 90' lang='lat' dir='ltr'><strong>demolita</strong></span> <span class='ocrx_word' id='word_1_29' title='bbox 1323 593 1406 637; x_wconf 90' lang='lat' dir='ltr'><strong>est</strong></span> <span class='ocrx_word' id='word_1_30' title='bbox 1437 591 1488 636; x_wconf 88' lang='lat' dir='ltr'><strong>et</strong></span> <span class='ocrx_word' id='word_1_31' title='bbox 1527 580 1867 651; x_wconf 81' lang='lat' dir='ltr'><strong>expurgavit.</strong></span> <span class='ocrx_word' id='word_1_32' title='bbox 1897 581 2042 634; x_wconf 78' lang='lat' dir='ltr'><strong>(Ion-</strong></span> 
     </span>
    </p>
   </div>
   <div class='ocr_carea' id='block_1_8' title="bbox 463 673 2045 739">
    <p class='ocr_par' dir='ltr' id='par_1_8' title="bbox 463 673 2045 739">
     <span class='ocr_line' id='line_1_8' title="bbox 463 673 2045 739; baseline -0.003 -9"><span class='ocrx_word' id='word_1_33' title='bbox 463 679 638 739; x_wconf 73' lang='lat' dir='ltr'><strong>[estim</strong></span> <span class='ocrx_word' id='word_1_34' title='bbox 689 691 815 730; x_wconf 85' lang='lat' dir='ltr'><strong>vero</strong></span> <span class='ocrx_word' id='word_1_35' title='bbox 865 683 1113 729; x_wconf 90' lang='lat' dir='ltr'><strong>sanctum</strong></span> <span class='ocrx_word' id='word_1_36' title='bbox 1161 683 1575 730; x_wconf 79' lang='lat' dir='ltr'><strong>monumentum</strong></span> <span class='ocrx_word' id='word_1_37' title='bbox 1628 673 1907 727; x_wconf 89' lang='lat' dir='ltr'><strong>detectum</strong></span> <span class='ocrx_word' id='word_1_38' title='bbox 1937 711 1951 736; x_wconf 91' lang='lat'><strong>,</strong></span> <span class='ocrx_word' id='word_1_39' title='bbox 1993 681 2045 725; x_wconf 88' lang='lat' dir='ltr'><strong>et</strong></span> 
     </span>
    </p>
   </div>
   <div class='ocr_carea' id='block_1_9' title="bbox 475 761 2046 834">
    <p class='ocr_par' dir='ltr' id='par_1_9' title="bbox 475 761 2046 834">
     <span class='ocr_line' id='line_1_9' title="bbox 475 761 2046 834; baseline -0.003 -13"><span class='ocrx_word' id='word_1_40' title='bbox 475 766 706 821; x_wconf 83' lang='lat' dir='ltr'><strong>Calvarii</strong></span> <span class='ocrx_word' id='word_1_41' title='bbox 737 765 887 819; x_wconf 90' lang='lat' dir='ltr'><strong>locus</strong></span> <span class='ocrx_word' id='word_1_42' title='bbox 913 761 1236 834; x_wconf 90' lang='lat' dir='ltr'><strong>patefactus,</strong></span> <span class='ocrx_word' id='word_1_43' title='bbox 1258 774 1311 818; x_wconf 93' lang='lat' dir='ltr'><strong>et</strong></span> <span class='ocrx_word' id='word_1_44' title='bbox 1335 765 1422 819; x_wconf 92' lang='lat' dir='ltr'><strong>his</strong></span> <span class='ocrx_word' id='word_1_45' title='bbox 1450 764 1696 834; x_wconf 76' lang='lat' dir='ltr'><strong>proxime</strong></span> <span class='ocrx_word' id='word_1_46' title='bbox 1720 771 1832 818; x_wconf 85' lang='lat' dir='ltr'><strong>tres</strong></span> <span class='ocrx_word' id='word_1_47' title='bbox 1855 777 2046 816; x_wconf 85' lang='lat' dir='ltr'><strong>cruces</strong></span> 
     </span>
    </p>
   </div>
   <div class='ocr_carea' id='block_1_10' title="bbox 462 853 2045 924">
    <p class='ocr_par' dir='ltr' id='par_1_10' title="bbox 462 853 2045 924">
     <span class='ocr_line' id='line_1_10' title="bbox 462 853 2045 924; baseline -0.003 -14"><span class='ocrx_word' id='word_1_48' title='bbox 462 858 527 910; x_wconf 78' lang='lat' dir='ltr'><strong>ad</strong></span> <span class='ocrx_word' id='word_1_49' title='bbox 558 856 821 910; x_wconf 76' lang='lat' dir='ltr'><strong>orientem</strong></span> <span class='ocrx_word' id='word_1_50' title='bbox 856 853 1067 910; x_wconf 75' lang='lat' dir='ltr'><strong>eﬂ‘ossa:</strong></span> <span class='ocrx_word' id='word_1_51' title='bbox 1100 875 1113 910; x_wconf 92' lang='lat'><strong>:</strong></span> <span class='ocrx_word' id='word_1_52' title='bbox 1148 856 1240 910; x_wconf 83' lang='lat' dir='ltr'><strong>sed</strong></span> <span class='ocrx_word' id='word_1_53' title='bbox 1273 865 1327 910; x_wconf 90' lang='lat' dir='ltr'><strong>et</strong></span> <span class='ocrx_word' id='word_1_54' title='bbox 1367 856 1680 911; x_wconf 90' lang='lat' dir='ltr'><strong>studiosius</strong></span> <span class='ocrx_word' id='word_1_55' title='bbox 1714 855 2045 924; x_wconf 84' lang='lat' dir='ltr'><strong>investigan-</strong></span> 
     </span>
    </p>
   </div>
   <div class='ocr_carea' id='block_1_11' title="bbox 467 947 2044 1019">
    <p class='ocr_par' dir='ltr' id='par_1_11' title="bbox 467 947 2044 1019">
     <span class='ocr_line' id='line_1_11' title="bbox 467 947 2044 1019; baseline -0.001 -17"><span class='ocrx_word' id='word_1_56' title='bbox 467 948 610 1002; x_wconf 90' lang='lat' dir='ltr'><strong>tibus</strong></span> <span class='ocrx_word' id='word_1_57' title='bbox 645 947 780 1002; x_wconf 86' lang='lat' dir='ltr'><strong>clavi</strong></span> <span class='ocrx_word' id='word_1_58' title='bbox 811 947 972 1002; x_wconf 87' lang='lat' dir='ltr'><strong>etiam</strong></span> <span class='ocrx_word' id='word_1_59' title='bbox 1008 948 1223 1019; x_wconf 86' lang='lat' dir='ltr'><strong>reperti.</strong></span> <span class='ocrx_word' id='word_1_60' title='bbox 1255 949 1447 1004; x_wconf 80' lang='lat' dir='ltr'><strong>Anxiis</strong></span> <span class='ocrx_word' id='word_1_61' title='bbox 1473 963 1602 1004; x_wconf 86' lang='lat' dir='ltr'><strong>vero</strong></span> <span class='ocrx_word' id='word_1_62' title='bbox 1647 947 1881 1012; x_wconf 91' lang='lat' dir='ltr'><strong>cunctis,</strong></span> <span class='ocrx_word' id='word_1_63' title='bbox 1923 961 2044 1015; x_wconf 61' lang='lat' dir='ltr'><strong>qua:</strong></span> 
     </span>
    </p>
   </div>
   <div class='ocr_carea' id='block_1_12' title="bbox 465 1036 2042 1108">
    <p class='ocr_par' dir='ltr' id='par_1_12' title="bbox 465 1036 2042 1108">
     <span class='ocr_line' id='line_1_12' title="bbox 465 1036 2042 1108; baseline 0 -19"><span class='ocrx_word' id='word_1_64' title='bbox 465 1039 653 1108; x_wconf 92' lang='lat' dir='ltr'><strong>utique</strong></span> <span class='ocrx_word' id='word_1_65' title='bbox 681 1053 812 1091; x_wconf 77' lang='lat' dir='ltr'><strong>crux</strong></span> <span class='ocrx_word' id='word_1_66' title='bbox 845 1037 1122 1093; x_wconf 79' lang='lat' dir='ltr'><strong>Dominica</strong></span> <span class='ocrx_word' id='word_1_67' title='bbox 1175 1039 1330 1104; x_wconf 83' lang='lat' dir='ltr'><strong>foret,</strong></span> <span class='ocrx_word' id='word_1_68' title='bbox 1366 1048 1420 1093; x_wconf 90' lang='lat' dir='ltr'><strong>et</strong></span> <span class='ocrx_word' id='word_1_69' title='bbox 1449 1038 1601 1093; x_wconf 73' lang='lat' dir='ltr'><strong>beata</strong></span> <span class='ocrx_word' id='word_1_70' title='bbox 1634 1039 1834 1093; x_wconf 83' lang='lat' dir='ltr'><strong>Helena</strong></span> <span class='ocrx_word' id='word_1_71' title='bbox 1866 1036 2042 1090; x_wconf 86' lang='lat' dir='ltr'><strong>valido</strong></span> 
     </span>
    </p>
   </div>
   <div class='ocr_carea' id='block_1_13' title="bbox 462 1127 2044 1200">
    <p class='ocr_par' dir='ltr' id='par_1_13' title="bbox 462 1127 2044 1200">
     <span class='ocr_line' id='line_1_13' title="bbox 462 1127 2044 1200; baseline 0.001 -20"><span class='ocrx_word' id='word_1_72' title='bbox 462 1138 697 1183; x_wconf 68' lang='lat' dir='ltr'><strong>munere</strong></span> <span class='ocrx_word' id='word_1_73' title='bbox 745 1127 993 1183; x_wconf 87' lang='lat' dir='ltr'><strong>confecta</strong></span> <span class='ocrx_word' id='word_1_74' title='bbox 1017 1171 1030 1194; x_wconf 93' lang='lat'><strong>,</strong></span> <span class='ocrx_word' id='word_1_75' title='bbox 1062 1127 1335 1184; x_wconf 83' lang='lat' dir='ltr'><strong>Macarius</strong></span> <span class='ocrx_word' id='word_1_76' title='bbox 1375 1129 1662 1200; x_wconf 89' lang='lat' dir='ltr'><strong>episcopus</strong></span> <span class='ocrx_word' id='word_1_77' title='bbox 1694 1129 1898 1200; x_wconf 86' lang='lat' dir='ltr'><strong>proprii</strong></span> <span class='ocrx_word' id='word_1_78' title='bbox 1946 1142 2044 1182; x_wconf 88' lang='lat' dir='ltr'><strong>uo-</strong></span> 
     </span>
    </p>
   </div>
   <div class='ocr_carea' id='block_1_14' title="bbox 461 1215 2042 1284">
    <p class='ocr_par' dir='ltr' id='par_1_14' title="bbox 461 1215 2042 1284">
     <span class='ocr_line' id='line_1_14' title="bbox 461 1215 2042 1284; baseline 0 -11"><span class='ocrx_word' id='word_1_79' title='bbox 461 1215 625 1274; x_wconf 74' lang='lat' dir='ltr'><strong>tr&#39;tiitis</strong></span> <span class='ocrx_word' id='word_1_80' title='bbox 674 1221 997 1275; x_wconf 87' lang='lat' dir='ltr'><strong>claritudine</strong></span> <span class='ocrx_word' id='word_1_81' title='bbox 1039 1221 1264 1284; x_wconf 89' lang='lat' dir='ltr'><strong>beatus,</strong></span> <span class='ocrx_word' id='word_1_82' title='bbox 1313 1220 1539 1275; x_wconf 83' lang='lat' dir='ltr'><strong>dubium</strong></span> <span class='ocrx_word' id='word_1_83' title='bbox 1597 1236 1761 1277; x_wconf 90' lang='lat' dir='ltr'><strong>omne</strong></span> <span class='ocrx_word' id='word_1_84' title='bbox 1805 1221 1909 1275; x_wconf 87' lang='lat' dir='ltr'><strong>ﬁde</strong></span> <span class='ocrx_word' id='word_1_85' title='bbox 1945 1236 2042 1276; x_wconf 89' lang='lat' dir='ltr'><strong>sua</strong></span> 
     </span>
    </p>
   </div>
   <div class='ocr_carea' id='block_1_15' title="bbox 460 1310 2045 1383">
    <p class='ocr_par' dir='ltr' id='par_1_15' title="bbox 460 1310 2045 1383">
     <span class='ocr_line' id='line_1_15' title="bbox 460 1310 2045 1383; baseline 0.001 -19"><span class='ocrx_word' id='word_1_86' title='bbox 460 1310 729 1366; x_wconf 75' lang='lat' dir='ltr'><strong>dissolvit.</strong></span> <span class='ocrx_word' id='word_1_87' title='bbox 787 1312 1085 1367; x_wconf 88' lang='lat' dir='ltr'><strong>lllustrium</strong></span> <span class='ocrx_word' id='word_1_88' title='bbox 1137 1313 1283 1366; x_wconf 89' lang='lat' dir='ltr'><strong>enim</strong></span> <span class='ocrx_word' id='word_1_89' title='bbox 1339 1311 1930 1383; x_wconf 80' lang='lat' dir='ltr'><strong>fetninarumcuidam</strong></span> <span class='ocrx_word' id='word_1_90' title='bbox 1981 1313 2045 1366; x_wconf 91' lang='lat' dir='ltr'><strong>de</strong></span> 
     </span>
    </p>
   </div>
   <div class='ocr_carea' id='block_1_16' title="bbox 464 1399 2045 1469">
    <p class='ocr_par' dir='ltr' id='par_1_16' title="bbox 464 1399 2045 1469">
     <span class='ocr_line' id='line_1_16' title="bbox 464 1399 2045 1469; baseline 0.002 -19"><span class='ocrx_word' id='word_1_91' title='bbox 464 1401 571 1451; x_wconf 87' lang='lat' dir='ltr'><strong>vita</strong></span> <span class='ocrx_word' id='word_1_92' title='bbox 613 1400 931 1469; x_wconf 66' lang='lat' dir='ltr'><strong>desperatae,</strong></span> <span class='ocrx_word' id='word_1_93' title='bbox 982 1408 1036 1454; x_wconf 89' lang='lat' dir='ltr'><strong>et</strong></span> <span class='ocrx_word' id='word_1_94' title='bbox 1069 1399 1180 1469; x_wconf 91' lang='lat' dir='ltr'><strong>jam</strong></span> <span class='ocrx_word' id='word_1_95' title='bbox 1221 1399 1459 1454; x_wconf 84' lang='lat' dir='ltr'><strong>animant</strong></span> <span class='ocrx_word' id='word_1_96' title='bbox 1509 1399 1717 1468; x_wconf 79' lang='lat' dir='ltr'><strong>agenti,</strong></span> <span class='ocrx_word' id='word_1_97' title='bbox 1776 1399 1940 1469; x_wconf 83' lang='lat' dir='ltr'><strong>hujus</strong></span> <span class='ocrx_word' id='word_1_98' title='bbox 1991 1409 2045 1453; x_wconf 88' lang='lat' dir='ltr'><strong>et</strong></span> 
     </span>
    </p>
   </div>
   <div class='ocr_carea' id='block_1_17' title="bbox 463 1489 2042 1561">
    <p class='ocr_par' dir='ltr' id='par_1_17' title="bbox 463 1489 2042 1561">
     <span class='ocr_line' id='line_1_17' title="bbox 463 1489 2042 1561; baseline 0.001 -19"><span class='ocrx_word' id='word_1_99' title='bbox 463 1489 678 1543; x_wconf 86' lang='lat' dir='ltr'><strong>illarum</strong></span> <span class='ocrx_word' id='word_1_100' title='bbox 725 1493 968 1546; x_wconf 89' lang='lat' dir='ltr'><strong>crucium</strong></span> <span class='ocrx_word' id='word_1_101' title='bbox 1013 1491 1250 1545; x_wconf 89' lang='lat' dir='ltr'><strong>admotis</strong></span> <span class='ocrx_word' id='word_1_102' title='bbox 1275 1489 1460 1561; x_wconf 89' lang='lat' dir='ltr'><strong>lignis,</strong></span> <span class='ocrx_word' id='word_1_103' title='bbox 1495 1489 1834 1545; x_wconf 88' lang='lat' dir='ltr'><strong>Dominicam</strong></span> <span class='ocrx_word' id='word_1_104' title='bbox 1872 1507 2042 1561; x_wconf 78' lang='lat' dir='ltr'><strong>agno-</strong></span> 
     </span>
    </p>
   </div>
   <div class='ocr_carea' id='block_1_18' title="bbox 462 1579 2044 1654">
    <p class='ocr_par' dir='ltr' id='par_1_18' title="bbox 462 1579 2044 1654">
     <span class='ocr_line' id='line_1_18' title="bbox 462 1579 2044 1654; baseline 0.004 -22"><span class='ocrx_word' id='word_1_105' title='bbox 462 1579 559 1634; x_wconf 78' lang='lat' dir='ltr'><strong>vit.</strong></span> <span class='ocrx_word' id='word_1_106' title='bbox 594 1579 727 1634; x_wconf 77' lang='lat' dir='ltr'><strong>Nam</strong></span> <span class='ocrx_word' id='word_1_107' title='bbox 770 1591 828 1635; x_wconf 93' lang='lat' dir='ltr'><strong>ut</strong></span> <span class='ocrx_word' id='word_1_108' title='bbox 867 1581 932 1637; x_wconf 89' lang='lat' dir='ltr'><strong>ad</strong></span> <span class='ocrx_word' id='word_1_109' title='bbox 957 1581 1234 1636; x_wconf 81' lang='lat' dir='ltr'><strong>inﬁrmam</strong></span> <span class='ocrx_word' id='word_1_110' title='bbox 1269 1583 1384 1638; x_wconf 90' lang='lat' dir='ltr'><strong>sola</strong></span> <span class='ocrx_word' id='word_1_111' title='bbox 1417 1582 1649 1638; x_wconf 88' lang='lat' dir='ltr'><strong>accessit</strong></span> <span class='ocrx_word' id='word_1_112' title='bbox 1677 1583 1889 1648; x_wconf 89' lang='lat' dir='ltr'><strong>umbra,</strong></span> <span class='ocrx_word' id='word_1_113' title='bbox 1923 1599 2044 1654; x_wconf 83' lang='lat' dir='ltr'><strong>quae</strong></span> 
     </span>
    </p>
   </div>
   <div class='ocr_carea' id='block_1_19' title="bbox 463 1673 2042 1744">
    <p class='ocr_par' dir='ltr' id='par_1_19' title="bbox 463 1673 2042 1744">
     <span class='ocr_line' id='line_1_19' title="bbox 463 1673 2042 1744; baseline 0.001 -18"><span class='ocrx_word' id='word_1_114' title='bbox 463 1673 672 1744; x_wconf 86' lang='lat' dir='ltr'><strong>absque</strong></span> <span class='ocrx_word' id='word_1_115' title='bbox 699 1674 914 1744; x_wconf 76' lang='lat' dir='ltr'><strong>spiritu,</strong></span> <span class='ocrx_word' id='word_1_116' title='bbox 955 1684 1010 1729; x_wconf 92' lang='lat' dir='ltr'><strong>et</strong></span> <span class='ocrx_word' id='word_1_117' title='bbox 1057 1674 1206 1729; x_wconf 91' lang='lat' dir='ltr'><strong>omni</strong></span> <span class='ocrx_word' id='word_1_118' title='bbox 1240 1685 1390 1730; x_wconf 84' lang='lat' dir='ltr'><strong>motu</strong></span> <span class='ocrx_word' id='word_1_119' title='bbox 1416 1674 1672 1730; x_wconf 89' lang='lat' dir='ltr'><strong>destituta</strong></span> <span class='ocrx_word' id='word_1_120' title='bbox 1697 1673 1930 1743; x_wconf 82' lang='lat' dir='ltr'><strong>jacebat,</strong></span> <span class='ocrx_word' id='word_1_121' title='bbox 1963 1675 2042 1729; x_wconf 87' lang='lat' dir='ltr'><strong>di-</strong></span> 
     </span>
    </p>
   </div>
   <div class='ocr_carea' id='block_1_20' title="bbox 459 1765 2039 1837">
    <p class='ocr_par' dir='ltr' id='par_1_20' title="bbox 459 1765 2039 1837">
     <span class='ocr_line' id='line_1_20' title="bbox 459 1765 2039 1837; baseline 0.001 -19"><span class='ocrx_word' id='word_1_122' title='bbox 459 1766 580 1819; x_wconf 84' lang='lat' dir='ltr'><strong>vina</strong></span> <span class='ocrx_word' id='word_1_123' title='bbox 607 1766 815 1821; x_wconf 88' lang='lat' dir='ltr'><strong>virtute</strong></span> <span class='ocrx_word' id='word_1_124' title='bbox 849 1765 1138 1821; x_wconf 80' lang='lat' dir='ltr'><strong>confestim</strong></span> <span class='ocrx_word' id='word_1_125' title='bbox 1179 1767 1408 1832; x_wconf 80' lang='lat' dir='ltr'><strong>exsiliit,</strong></span> <span class='ocrx_word' id='word_1_126' title='bbox 1433 1773 1488 1821; x_wconf 90' lang='lat' dir='ltr'><strong>et</strong></span> <span class='ocrx_word' id='word_1_127' title='bbox 1535 1781 1731 1837; x_wconf 85' lang='lat' dir='ltr'><strong>magna</strong></span> <span class='ocrx_word' id='word_1_128' title='bbox 1761 1781 1893 1820; x_wconf 89' lang='lat' dir='ltr'><strong>voce</strong></span> <span class='ocrx_word' id='word_1_129' title='bbox 1931 1766 2039 1820; x_wconf 87' lang='lat' dir='ltr'><strong>Deo</strong></span> 
     </span>
    </p>
   </div>
   <div class='ocr_carea' id='block_1_21' title="bbox 458 1855 2048 1912">
    <p class='ocr_par' dir='ltr' id='par_1_21' title="bbox 458 1855 2048 1912">
     <span class='ocr_line' id='line_1_21' title="bbox 458 1855 2048 1912; baseline 0.001 -2"><span class='ocrx_word' id='word_1_130' title='bbox 458 1856 673 1911; x_wconf 88' lang='lat' dir='ltr'><strong>laudem</strong></span> <span class='ocrx_word' id='word_1_131' title='bbox 720 1857 971 1912; x_wconf 88' lang='lat' dir='ltr'><strong>reddidit.</strong></span> <span class='ocrx_word' id='word_1_132' title='bbox 1004 1856 1353 1912; x_wconf 88' lang='lat' dir='ltr'><strong>Pientissima</strong></span> <span class='ocrx_word' id='word_1_133' title='bbox 1379 1872 1510 1912; x_wconf 90' lang='lat' dir='ltr'><strong>vero</strong></span> <span class='ocrx_word' id='word_1_134' title='bbox 1551 1855 1752 1912; x_wconf 79' lang='lat' dir='ltr'><strong>Helena</strong></span> <span class='ocrx_word' id='word_1_135' title='bbox 1783 1872 1904 1911; x_wconf 91' lang='lat' dir='ltr'><strong>cum</strong></span> <span class='ocrx_word' id='word_1_136' title='bbox 1939 1867 2048 1912; x_wconf 90' lang='lat' dir='ltr'><strong>tre-</strong></span> 
     </span>
    </p>
   </div>
   <div class='ocr_carea' id='block_1_22' title="bbox 457 1947 2044 2017">
    <p class='ocr_par' dir='ltr' id='par_1_22' title="bbox 457 1947 2044 2017">
     <span class='ocr_line' id='line_1_22' title="bbox 457 1947 2044 2017; baseline 0.001 -16"><span class='ocrx_word' id='word_1_137' title='bbox 457 1962 609 2002; x_wconf 90' lang='lat' dir='ltr'><strong>more</strong></span> <span class='ocrx_word' id='word_1_138' title='bbox 636 1955 691 2002; x_wconf 88' lang='lat' dir='ltr'><strong>et</strong></span> <span class='ocrx_word' id='word_1_139' title='bbox 718 1947 954 2017; x_wconf 90' lang='lat' dir='ltr'><strong>plurimo</strong></span> <span class='ocrx_word' id='word_1_140' title='bbox 986 1947 1167 2003; x_wconf 90' lang='lat' dir='ltr'><strong>cordis</strong></span> <span class='ocrx_word' id='word_1_141' title='bbox 1197 1948 1434 2017; x_wconf 88' lang='lat' dir='ltr'><strong>tripudio</strong></span> <span class='ocrx_word' id='word_1_142' title='bbox 1464 1948 1676 2004; x_wconf 83' lang='lat' dir='ltr'><strong>vivifica</strong></span> <span class='ocrx_word' id='word_1_143' title='bbox 1701 1962 1864 2003; x_wconf 87' lang='lat' dir='ltr'><strong>cruce</strong></span> <span class='ocrx_word' id='word_1_144' title='bbox 1911 1947 2044 2002; x_wconf 83' lang='lat' dir='ltr'><strong>sub-</strong></span> 
     </span>
    </p>
   </div>
   <div class='ocr_carea' id='block_1_23' title="bbox 457 2039 2044 2110">
    <p class='ocr_par' dir='ltr' id='par_1_23' title="bbox 457 2039 2044 2110">
     <span class='ocr_line' id='line_1_23' title="bbox 457 2039 2044 2110; baseline 0.001 -18"><span class='ocrx_word' id='word_1_145' title='bbox 457 2039 586 2103; x_wconf 88' lang='lat' dir='ltr'><strong>lata,</strong></span> <span class='ocrx_word' id='word_1_146' title='bbox 658 2053 868 2108; x_wconf 88' lang='lat' dir='ltr'><strong>partem</strong></span> <span class='ocrx_word' id='word_1_147' title='bbox 909 2039 1128 2110; x_wconf 84' lang='lat' dir='ltr'><strong>quidem</strong></span> <span class='ocrx_word' id='word_1_148' title='bbox 1163 2054 1286 2094; x_wconf 92' lang='lat' dir='ltr'><strong>cum</strong></span> <span class='ocrx_word' id='word_1_149' title='bbox 1317 2040 1484 2096; x_wconf 89' lang='lat' dir='ltr'><strong>clavis</strong></span> <span class='ocrx_word' id='word_1_150' title='bbox 1517 2041 1582 2096; x_wconf 85' lang='lat' dir='ltr'><strong>ad</strong></span> <span class='ocrx_word' id='word_1_151' title='bbox 1611 2040 1780 2095; x_wconf 88' lang='lat' dir='ltr'><strong>lilium</strong></span> <span class='ocrx_word' id='word_1_152' title='bbox 1810 2040 2002 2095; x_wconf 83' lang='lat' dir='ltr'><strong>detulit</strong></span> <span class='ocrx_word' id='word_1_153' title='bbox 2032 2059 2044 2094; x_wconf 91' lang='lat'>:</span> 
     </span>
    </p>
   </div>
   <div class='ocr_carea' id='block_1_24' title="bbox 457 2123 2046 2202">
    <p class='ocr_par' dir='ltr' id='par_1_24' title="bbox 457 2123 2046 2202">
     <span class='ocr_line' id='line_1_24' title="bbox 457 2123 2046 2202; baseline 0 -16"><span class='ocrx_word' id='word_1_154' title='bbox 457 2131 619 2186; x_wconf 88' lang='lat' dir='ltr'><strong>aliam</strong></span> <span class='ocrx_word' id='word_1_155' title='bbox 674 2123 858 2186; x_wconf 86' lang='lat' dir='ltr'><strong>autem</strong></span> <span class='ocrx_word' id='word_1_156' title='bbox 919 2140 1180 2202; x_wconf 87' lang='lat' dir='ltr'><strong>argenteo</strong></span> <span class='ocrx_word' id='word_1_157' title='bbox 1223 2130 1406 2186; x_wconf 91' lang='lat' dir='ltr'><strong>loculo</strong></span> <span class='ocrx_word' id='word_1_158' title='bbox 1469 2132 1740 2188; x_wconf 89' lang='lat' dir='ltr'><strong>inclusam</strong></span> <span class='ocrx_word' id='word_1_159' title='bbox 1806 2130 2046 2186; x_wconf 80' lang='lat' dir='ltr'><strong>Macario</strong></span> 
     </span>
    </p>
   </div>
   <div class='ocr_carea' id='block_1_25' title="bbox 457 2222 2044 2295">
    <p class='ocr_par' dir='ltr' id='par_1_25' title="bbox 457 2222 2044 2295">
     <span class='ocr_line' id='line_1_25' title="bbox 457 2222 2044 2295; baseline 0.001 -18"><span class='ocrx_word' id='word_1_160' title='bbox 457 2223 714 2294; x_wconf 86' lang='lat' dir='ltr'><strong>episcopo</strong></span> <span class='ocrx_word' id='word_1_161' title='bbox 753 2222 973 2278; x_wconf 90' lang='lat' dir='ltr'><strong>tradidit</strong></span> <span class='ocrx_word' id='word_1_162' title='bbox 999 2233 1267 2279; x_wconf 66' lang='lat' dir='ltr'><strong>secutura:</strong></span> <span class='ocrx_word' id='word_1_163' title='bbox 1299 2224 1556 2294; x_wconf 78' lang='lat' dir='ltr'><strong>deinceps</strong></span> <span class='ocrx_word' id='word_1_164' title='bbox 1590 2225 1892 2295; x_wconf 85' lang='lat' dir='ltr'><strong>posteritati</strong></span> <span class='ocrx_word' id='word_1_165' title='bbox 1925 2239 2044 2279; x_wconf 87' lang='lat' dir='ltr'><strong>mo-</strong></span> 
     </span>
    </p>
   </div>
   <div class='ocr_carea' id='block_1_26' title="bbox 469 2314 2044 2385">
    <p class='ocr_par' dir='ltr' id='par_1_26' title="bbox 469 2314 2044 2385">
     <span class='ocr_line' id='line_1_26' title="bbox 469 2314 2044 2385; baseline -0.001 -16"><span class='ocrx_word' id='word_1_166' title='bbox 469 2323 812 2370; x_wconf 90' lang='lat' dir='ltr'><strong>numentum.</strong></span> <span class='ocrx_word' id='word_1_167' title='bbox 853 2314 956 2382; x_wconf 78' lang='lat'>21</span> <span class='ocrx_word' id='word_1_168' title='bbox 989 2314 1264 2369; x_wconf 87' lang='lat' dir='ltr'><strong>Ecclesias</strong></span> <span class='ocrx_word' id='word_1_169' title='bbox 1303 2330 1521 2385; x_wconf 90' lang='lat' dir='ltr'><strong>quoque</strong></span> <span class='ocrx_word' id='word_1_170' title='bbox 1556 2315 1722 2385; x_wconf 86' lang='lat' dir='ltr'><strong>jussit</strong></span> <span class='ocrx_word' id='word_1_171' title='bbox 1749 2316 1958 2370; x_wconf 78' lang='lat' dir='ltr'><strong>exstrui</strong></span> <span class='ocrx_word' id='word_1_172' title='bbox 1991 2316 2044 2369; x_wconf 85' lang='lat' dir='ltr'><strong>in</strong></span> 
     </span>
    </p>
   </div>
   <div class='ocr_carea' id='block_1_27' title="bbox 459 2403 2043 2476">
    <p class='ocr_par' dir='ltr' id='par_1_27' title="bbox 459 2403 2043 2476">
     <span class='ocr_line' id='line_1_27' title="bbox 459 2403 2043 2476; baseline 0 -15"><span class='ocrx_word' id='word_1_173' title='bbox 459 2414 655 2462; x_wconf 88' lang='lat' dir='ltr'><strong>sancto</strong></span> <span class='ocrx_word' id='word_1_174' title='bbox 711 2406 962 2474; x_wconf 89' lang='lat' dir='ltr'><strong>sepulcro</strong></span> <span class='ocrx_word' id='word_1_175' title='bbox 1007 2405 1062 2458; x_wconf 82' lang='lat' dir='ltr'><strong>in</strong></span> <span class='ocrx_word' id='word_1_176' title='bbox 1106 2403 1460 2468; x_wconf 87' lang='lat' dir='ltr'><strong>Calvario,et</strong></span> <span class='ocrx_word' id='word_1_177' title='bbox 1503 2406 1835 2476; x_wconf 79' lang='lat' dir='ltr'><strong>singularem</strong></span> <span class='ocrx_word' id='word_1_178' title='bbox 1884 2407 2043 2462; x_wconf 87' lang='lat' dir='ltr'><strong>aliam</strong></span> 
     </span>
    </p>
   </div>
   <div class='ocr_carea' id='block_1_28' title="bbox 462 2496 2043 2570">
    <p class='ocr_par' dir='ltr' id='par_1_28' title="bbox 462 2496 2043 2570">
     <span class='ocr_line' id='line_1_28' title="bbox 462 2496 2043 2570; baseline 0.002 -20"><span class='ocrx_word' id='word_1_179' title='bbox 462 2498 527 2554; x_wconf 77' lang='lat' dir='ltr'><strong>Je</strong></span> <span class='ocrx_word' id='word_1_180' title='bbox 556 2498 652 2552; x_wconf 79' lang='lat' dir='ltr'><strong>lilii</strong></span> <span class='ocrx_word' id='word_1_181' title='bbox 701 2496 786 2552; x_wconf 88' lang='lat' dir='ltr'><strong>sui</strong></span> <span class='ocrx_word' id='word_1_182' title='bbox 832 2497 1086 2564; x_wconf 90' lang='lat' dir='ltr'><strong>nomine,</strong></span> <span class='ocrx_word' id='word_1_183' title='bbox 1122 2497 1213 2552; x_wconf 90' lang='lat' dir='ltr'><strong>ubi</strong></span> <span class='ocrx_word' id='word_1_184' title='bbox 1255 2496 1474 2552; x_wconf 78' lang='lat' dir='ltr'><strong>viviﬁea</strong></span> <span class='ocrx_word' id='word_1_185' title='bbox 1512 2513 1646 2553; x_wconf 78' lang='lat' dir='ltr'><strong>crux</strong></span> <span class='ocrx_word' id='word_1_186' title='bbox 1687 2511 1897 2570; x_wconf 90' lang='lat' dir='ltr'><strong>reperta</strong></span> <span class='ocrx_word' id='word_1_187' title='bbox 1937 2509 2043 2566; x_wconf 90' lang='lat' dir='ltr'><strong>est,</strong></span> 
     </span>
    </p>
   </div>
   <div class='ocr_carea' id='block_1_29' title="bbox 458 2585 2048 2666">
    <p class='ocr_par' dir='ltr' id='par_1_29' title="bbox 458 2585 2048 2666">
     <span class='ocr_line' id='line_1_29' title="bbox 458 2585 2048 2666; baseline 0 -21"><span class='ocrx_word' id='word_1_188' title='bbox 458 2591 513 2645; x_wconf 94' lang='lat' dir='ltr'><strong>in</strong></span> <span class='ocrx_word' id='word_1_189' title='bbox 543 2589 816 2645; x_wconf 85' lang='lat' dir='ltr'><strong>Bethleem</strong></span> <span class='ocrx_word' id='word_1_190' title='bbox 849 2598 903 2645; x_wconf 90' lang='lat' dir='ltr'><strong>et</strong></span> <span class='ocrx_word' id='word_1_191' title='bbox 933 2589 985 2642; x_wconf 94' lang='lat' dir='ltr'><strong>in</strong></span> <span class='ocrx_word' id='word_1_192' title='bbox 1016 2585 1296 2643; x_wconf 90' lang='lat' dir='ltr'><strong>Olivarum</strong></span> <span class='ocrx_word' id='word_1_193' title='bbox 1341 2596 1525 2666; x_wconf 83' lang='lat' dir='ltr'><strong>monte</strong></span> <span class='ocrx_word' id='word_1_194' title='bbox 1550 2605 1564 2642; x_wconf 89' lang='lat'><strong>:</strong></span> <span class='ocrx_word' id='word_1_195' title='bbox 1589 2590 1789 2660; x_wconf 88' lang='lat' dir='ltr'><strong>quibus</strong></span> <span class='ocrx_word' id='word_1_196' title='bbox 1817 2591 2048 2660; x_wconf 88' lang='lat' dir='ltr'><strong>peractis</strong></span> 
     </span>
    </p>
   </div>
   <div class='ocr_carea' id='block_1_30' title="bbox 457 2678 2050 2737">
    <p class='ocr_par' dir='ltr' id='par_1_30' title="bbox 457 2678 2050 2737">
     <span class='ocr_line' id='line_1_30' title="bbox 457 2678 2050 2737; baseline 0.001 -1"><span class='ocrx_word' id='word_1_197' title='bbox 457 2681 525 2736; x_wconf 83' lang='lat' dir='ltr'><strong>ad</strong></span> <span class='ocrx_word' id='word_1_198' title='bbox 574 2681 846 2736; x_wconf 82' lang='lat' dir='ltr'><strong>illustrem</strong></span> <span class='ocrx_word' id='word_1_199' title='bbox 889 2678 1307 2735; x_wconf 90' lang='lat' dir='ltr'><strong>Constantinum</strong></span> <span class='ocrx_word' id='word_1_200' title='bbox 1342 2695 1559 2735; x_wconf 87' lang='lat' dir='ltr'><strong>reversa</strong></span> <span class='ocrx_word' id='word_1_201' title='bbox 1602 2689 1704 2736; x_wconf 89' lang='lat' dir='ltr'><strong>est.</strong></span> <span class='ocrx_word' id='word_1_202' title='bbox 1739 2681 1836 2737; x_wconf 78' lang='lat' dir='ltr'><strong>[Iis</strong></span> <span class='ocrx_word' id='word_1_203' title='bbox 1878 2681 2050 2737; x_wconf 85' lang='lat' dir='ltr'><strong>hilare</strong></span> 
     </span>
    </p>
   </div>
   <div class='ocr_carea' id='block_1_31' title="bbox 459 2768 2049 2842">
    <p class='ocr_par' dir='ltr' id='par_1_31' title="bbox 459 2768 2049 2842">
     <span class='ocr_line' id='line_1_31' title="bbox 459 2768 2049 2842; baseline 0.001 -16"><span class='ocrx_word' id='word_1_204' title='bbox 459 2769 717 2840; x_wconf 84' lang='lat' dir='ltr'><strong>acceptis,</strong></span> <span class='ocrx_word' id='word_1_205' title='bbox 737 2768 919 2825; x_wconf 84' lang='lat' dir='ltr'><strong>vitalis</strong></span> <span class='ocrx_word' id='word_1_206' title='bbox 939 2768 1120 2825; x_wconf 91' lang='lat' dir='ltr'><strong>crucis</strong></span> <span class='ocrx_word' id='word_1_207' title='bbox 1131 2778 1339 2838; x_wconf 88' lang='lat' dir='ltr'><strong>partem</strong></span> <span class='ocrx_word' id='word_1_208' title='bbox 1355 2785 1491 2825; x_wconf 92' lang='lat' dir='ltr'><strong>auro</strong></span> <span class='ocrx_word' id='word_1_209' title='bbox 1506 2770 1770 2826; x_wconf 89' lang='lat' dir='ltr'><strong>inclusam</strong></span> <span class='ocrx_word' id='word_1_210' title='bbox 1793 2771 2049 2842; x_wconf 85' lang='lat' dir='ltr'><strong>episc0po</strong></span> 
     </span>
    </p>
   </div>
   <div class='ocr_carea' id='block_1_32' title="bbox 459 2861 2047 2934">
    <p class='ocr_par' dir='ltr' id='par_1_32' title="bbox 459 2861 2047 2934">
     <span class='ocr_line' id='line_1_32' title="bbox 459 2861 2047 2934; baseline -0.001 -16"><span class='ocrx_word' id='word_1_211' title='bbox 459 2861 787 2918; x_wconf 81' lang='lat' dir='ltr'><strong>servandam</strong></span> <span class='ocrx_word' id='word_1_212' title='bbox 815 2861 1252 2918; x_wconf 81' lang='lat' dir='ltr'><strong>commendavit:</strong></span> <span class='ocrx_word' id='word_1_213' title='bbox 1282 2863 1561 2918; x_wconf 86' lang='lat' dir='ltr'><strong>clavorum</strong></span> <span class='ocrx_word' id='word_1_214' title='bbox 1592 2872 1772 2919; x_wconf 90' lang='lat' dir='ltr'><strong>autem</strong></span> <span class='ocrx_word' id='word_1_215' title='bbox 1801 2865 1900 2920; x_wconf 90' lang='lat' dir='ltr'><strong>hos</strong></span> <span class='ocrx_word' id='word_1_216' title='bbox 1926 2865 2047 2934; x_wconf 86' lang='lat' dir='ltr'><strong>qui-</strong></span> 
     </span>
    </p>
   </div>
   <div class='ocr_carea' id='block_1_33' title="bbox 457 2954 2050 3027">
    <p class='ocr_par' dir='ltr' id='par_1_33' title="bbox 457 2954 2050 3027">
     <span class='ocr_line' id='line_1_33' title="bbox 457 2954 2050 3027; baseline 0.001 -17"><span class='ocrx_word' id='word_1_217' title='bbox 457 2954 579 3010; x_wconf 87' lang='lat' dir='ltr'><strong>dem</strong></span> <span class='ocrx_word' id='word_1_218' title='bbox 607 2955 659 3010; x_wconf 90' lang='lat' dir='ltr'><strong>in</strong></span> <span class='ocrx_word' id='word_1_219' title='bbox 702 2955 922 3027; x_wconf 80' lang='lat' dir='ltr'><strong>galeam</strong></span> <span class='ocrx_word' id='word_1_220' title='bbox 961 2955 1099 3011; x_wconf 89' lang='lat' dir='ltr'><strong>scite</strong></span> <span class='ocrx_word' id='word_1_221' title='bbox 1144 2955 1475 3025; x_wconf 87' lang='lat' dir='ltr'><strong>composuit,</strong></span> <span class='ocrx_word' id='word_1_222' title='bbox 1504 2955 1640 3012; x_wconf 91' lang='lat' dir='ltr'><strong>alios</strong></span> <span class='ocrx_word' id='word_1_223' title='bbox 1683 2956 1736 3010; x_wconf 93' lang='lat' dir='ltr'><strong>in</strong></span> <span class='ocrx_word' id='word_1_224' title='bbox 1772 2957 1896 3027; x_wconf 88' lang='lat' dir='ltr'><strong>equi</strong></span> <span class='ocrx_word' id='word_1_225' title='bbox 1931 2955 2050 3027; x_wconf 84' lang='lat' dir='ltr'><strong>ejus</strong></span> 
     </span>
    </p>
   </div>
   <div class='ocr_carea' id='block_1_34' title="bbox 466 3046 2048 3117">
    <p class='ocr_par' dir='ltr' id='par_1_34' title="bbox 466 3046 2048 3117">
     <span class='ocr_line' id='line_1_34' title="bbox 466 3046 2048 3117; baseline 0.001 -17"><span class='ocrx_word' id='word_1_226' title='bbox 466 3046 680 3102; x_wconf 80' lang='lat' dir='ltr'><strong>frenum</strong></span> <span class='ocrx_word' id='word_1_227' title='bbox 719 3047 1049 3102; x_wconf 78' lang='lat' dir='ltr'><strong>faltrefactos</strong></span> <span class='ocrx_word' id='word_1_228' title='bbox 1079 3047 1391 3109; x_wconf 87' lang='lat' dir='ltr'><strong>admiscuit,</strong></span> <span class='ocrx_word' id='word_1_229' title='bbox 1430 3057 1488 3101; x_wconf 94' lang='lat' dir='ltr'><strong>ut</strong></span> <span class='ocrx_word' id='word_1_230' title='bbox 1529 3047 1919 3117; x_wconf 90' lang='lat' dir='ltr'><strong>adimplerctur</strong></span> <span class='ocrx_word' id='word_1_231' title='bbox 1958 3064 2048 3102; x_wconf 80' lang='lat' dir='ltr'><strong>va-</strong></span> 
     </span>
    </p>
   </div>
   <div class='ocr_carea' id='block_1_35' title="bbox 459 3137 2040 3208">
    <p class='ocr_par' dir='ltr' id='par_1_35' title="bbox 459 3137 2040 3208">
     <span class='ocr_line' id='line_1_35' title="bbox 459 3137 2040 3208; baseline 0.001 -17"><span class='ocrx_word' id='word_1_232' title='bbox 459 3138 706 3192; x_wconf 89' lang='lat' dir='ltr'><strong>ticinium</strong></span> <span class='ocrx_word' id='word_1_233' title='bbox 755 3138 1039 3208; x_wconf 74' lang='lat' dir='ltr'><strong>propheta:</strong></span> <span class='ocrx_word' id='word_1_234' title='bbox 1083 3179 1098 3202; x_wconf 90' lang='lat'><strong>,</strong></span> <span class='ocrx_word' id='word_1_235' title='bbox 1144 3139 1376 3194; x_wconf 90' lang='lat' dir='ltr'><strong>dicentis</strong></span> <span class='ocrx_word' id='word_1_236' title='bbox 1415 3157 1428 3192; x_wconf 88' lang='lat'><strong>:</strong></span> <span class='ocrx_word' id='word_1_237' title='bbox 1465 3137 1527 3192; x_wconf 90' lang='lat' dir='ltr'><strong>In</strong></span> <span class='ocrx_word' id='word_1_238' title='bbox 1571 3139 1668 3192; x_wconf 79' lang='lat' dir='ltr'><strong>illa</strong></span> <span class='ocrx_word' id='word_1_239' title='bbox 1722 3139 1808 3193; x_wconf 80' lang='lat' dir='ltr'><strong>die</strong></span> <span class='ocrx_word' id='word_1_240' title='bbox 1851 3140 1952 3194; x_wconf 81' lang='lat' dir='ltr'><strong>erit</strong></span> <span class='ocrx_word' id='word_1_241' title='bbox 1988 3141 2040 3194; x_wconf 81' lang='lat' dir='ltr'><strong>in</strong></span> 
     </span>
    </p>
   </div>
   <div class='ocr_carea' id='block_1_36' title="bbox 456 3227 2042 3299">
    <p class='ocr_par' dir='ltr' id='par_1_36' title="bbox 456 3227 2042 3299">
     <span class='ocr_line' id='line_1_36' title="bbox 456 3227 2042 3299; baseline 0.001 -17"><span class='ocrx_word' id='word_1_242' title='bbox 456 3229 576 3298; x_wconf 75' lang='lat' dir='ltr'><strong>equi</strong></span> <span class='ocrx_word' id='word_1_243' title='bbox 621 3229 769 3297; x_wconf 77' lang='lat' dir='ltr'><strong>freno</strong></span> <span class='ocrx_word' id='word_1_244' title='bbox 805 3238 1048 3283; x_wconf 82' lang='lat' dir='ltr'><strong>sanctum</strong></span> <span class='ocrx_word' id='word_1_245' title='bbox 1097 3227 1321 3283; x_wconf 81' lang='lat' dir='ltr'><strong>Domino</strong></span> <span class='ocrx_word' id='word_1_246' title='bbox 1354 3231 1696 3299; x_wconf 78' lang='lat' dir='ltr'><strong>omnipotenti</strong></span> <span class='ocrx_word' id='word_1_247' title='bbox 1718 3242 1766 3282; x_wconf 74' lang='grc' dir='ltr'><strong>α.</strong></span> <span class='ocrx_word' id='word_1_248' title='bbox 1801 3227 1919 3299; x_wconf 88' lang='lat' dir='ltr'><strong>Ipse</strong></span> <span class='ocrx_word' id='word_1_249' title='bbox 1953 3246 2042 3284; x_wconf 89' lang='lat' dir='ltr'><strong>cc-</strong></span> 
     </span>
    </p>
   </div>
   <div class='ocr_carea' id='block_1_37' title="bbox 458 3319 2040 3391">
    <p class='ocr_par' dir='ltr' id='par_1_37' title="bbox 458 3319 2040 3391">
     <span class='ocr_line' id='line_1_37' title="bbox 458 3319 2040 3391; baseline 0.003 -19"><span class='ocrx_word' id='word_1_250' title='bbox 458 3319 858 3375; x_wconf 84' lang='lat' dir='ltr'><strong>lebratissimus</strong></span> <span class='ocrx_word' id='word_1_251' title='bbox 926 3319 1328 3376; x_wconf 82' lang='lat' dir='ltr'><strong>Constantinus</strong></span> <span class='ocrx_word' id='word_1_252' title='bbox 1382 3320 1657 3388; x_wconf 91' lang='lat' dir='ltr'><strong>Macario,</strong></span> <span class='ocrx_word' id='word_1_253' title='bbox 1713 3322 1874 3391; x_wconf 89' lang='lat' dir='ltr'><strong>cujus</strong></span> <span class='ocrx_word' id='word_1_254' title='bbox 1939 3323 2040 3377; x_wconf 89' lang='lat' dir='ltr'><strong>viri</strong></span> 
     </span>
    </p>
   </div>
   <div class='ocr_carea' id='block_1_38' title="bbox 459 3410 2042 3485">
    <p class='ocr_par' dir='ltr' id='par_1_38' title="bbox 459 3410 2042 3485">
     <span class='ocr_line' id='line_1_38' title="bbox 459 3410 2042 3485; baseline 0.003 -19"><span class='ocrx_word' id='word_1_255' title='bbox 459 3427 656 3466; x_wconf 83' lang='lat' dir='ltr'><strong>nomen</strong></span> <span class='ocrx_word' id='word_1_256' title='bbox 692 3410 880 3468; x_wconf 86' lang='lat' dir='ltr'><strong>laudes</strong></span> <span class='ocrx_word' id='word_1_257' title='bbox 913 3411 1076 3466; x_wconf 77' lang='lat' dir='ltr'><strong>etiam</strong></span> <span class='ocrx_word' id='word_1_258' title='bbox 1128 3421 1377 3480; x_wconf 83' lang='lat' dir='ltr'><strong>testatur,</strong></span> <span class='ocrx_word' id='word_1_259' title='bbox 1412 3423 1470 3467; x_wconf 92' lang='lat' dir='ltr'><strong>ut</strong></span> <span class='ocrx_word' id='word_1_260' title='bbox 1518 3411 1779 3468; x_wconf 84' lang='lat' dir='ltr'><strong>fabricam</strong></span> <span class='ocrx_word' id='word_1_261' title='bbox 1825 3425 2042 3485; x_wconf 60' lang='lat' dir='ltr'><strong>urgeret</strong></span> 
     </span>
    </p>
   </div>
   <div class='ocr_carea' id='block_1_39' title="bbox 457 3502 2039 3575">
    <p class='ocr_par' dir='ltr' id='par_1_39' title="bbox 457 3502 2039 3575">
     <span class='ocr_line' id='line_1_39' title="bbox 457 3502 2039 3575; baseline 0.001 -19"><span class='ocrx_word' id='word_1_262' title='bbox 457 3511 511 3556; x_wconf 89' lang='lat' dir='ltr'><strong>ct</strong></span> <span class='ocrx_word' id='word_1_263' title='bbox 555 3511 920 3572; x_wconf 87' lang='lat' dir='ltr'><strong>promoveret,</strong></span> <span class='ocrx_word' id='word_1_264' title='bbox 973 3502 1232 3572; x_wconf 87' lang='lat' dir='ltr'><strong>scripsit:</strong></span> <span class='ocrx_word' id='word_1_265' title='bbox 1268 3519 1331 3558; x_wconf 91' lang='lat' dir='ltr'><strong>ac</strong></span> <span class='ocrx_word' id='word_1_266' title='bbox 1389 3503 1600 3559; x_wconf 84' lang='lat' dir='ltr'><strong>liberali</strong></span> <span class='ocrx_word' id='word_1_267' title='bbox 1645 3515 1866 3575; x_wconf 89' lang='lat' dir='ltr'><strong>sumptu</strong></span> <span class='ocrx_word' id='word_1_268' title='bbox 1911 3507 2039 3560; x_wconf 86' lang='lat' dir='ltr'><strong>dato</strong></span> 
     </span>
    </p>
   </div>
   <div class='ocr_carea' id='block_1_40' title="bbox 458 3591 2042 3666">
    <p class='ocr_par' dir='ltr' id='par_1_40' title="bbox 458 3591 2042 3666">
     <span class='ocr_line' id='line_1_40' title="bbox 458 3591 2042 3666; baseline 0.003 -19"><span class='ocrx_word' id='word_1_269' title='bbox 458 3591 773 3664; x_wconf 67' lang='lat' dir='ltr'><strong>pr‘mfectum</strong></span> <span class='ocrx_word' id='word_1_270' title='bbox 815 3593 994 3664; x_wconf 89' lang='lat' dir='ltr'><strong>operis</strong></span> <span class='ocrx_word' id='word_1_271' title='bbox 1050 3592 1239 3661; x_wconf 90' lang='lat' dir='ltr'><strong>misit;</strong></span> <span class='ocrx_word' id='word_1_272' title='bbox 1272 3595 1364 3665; x_wconf 91' lang='lat' dir='ltr'><strong>qui</strong></span> <span class='ocrx_word' id='word_1_273' title='bbox 1415 3605 1602 3650; x_wconf 88' lang='lat' dir='ltr'><strong>saneta</strong></span> <span class='ocrx_word' id='word_1_274' title='bbox 1644 3595 1760 3651; x_wconf 89' lang='lat' dir='ltr'><strong>loca</strong></span> <span class='ocrx_word' id='word_1_275' title='bbox 1811 3612 1876 3652; x_wconf 79' lang='lat' dir='ltr'><strong>ex</strong></span> <span class='ocrx_word' id='word_1_276' title='bbox 1922 3597 2042 3666; x_wconf 85' lang='lat' dir='ltr'><strong>ejus</strong></span> 
     </span>
    </p>
   </div>
   <div class='ocr_carea' id='block_1_41' title="bbox 462 3685 2040 3760">
    <p class='ocr_par' dir='ltr' id='par_1_41' title="bbox 462 3685 2040 3760">
     <span class='ocr_line' id='line_1_41' title="bbox 462 3685 2040 3760; baseline 0.002 -20"><span class='ocrx_word' id='word_1_277' title='bbox 462 3685 720 3741; x_wconf 73' lang='lat' dir='ltr'><strong>iuandato</strong></span> <span class='ocrx_word' id='word_1_278' title='bbox 751 3697 973 3742; x_wconf 89' lang='lat' dir='ltr'><strong>curaret</strong></span> <span class='ocrx_word' id='word_1_279' title='bbox 999 3688 1135 3743; x_wconf 90' lang='lat' dir='ltr'><strong>adeo</strong></span> <span class='ocrx_word' id='word_1_280' title='bbox 1167 3699 1483 3758; x_wconf 85' lang='lat' dir='ltr'><strong>sumptuose</strong></span> <span class='ocrx_word' id='word_1_281' title='bbox 1512 3690 1742 3753; x_wconf 78' lang='lat' dir='ltr'><strong>exstrui,</strong></span> <span class='ocrx_word' id='word_1_282' title='bbox 1769 3699 1826 3744; x_wconf 93' lang='lat' dir='ltr'><strong>ut</strong></span> <span class='ocrx_word' id='word_1_283' title='bbox 1859 3689 2040 3760; x_wconf 83' lang='lat' dir='ltr'><strong>splen-</strong></span> 
     </span>
    </p>
   </div>
   <div class='ocr_carea' id='block_1_42' title="bbox 457 3779 2037 3850">
    <p class='ocr_par' dir='ltr' id='par_1_42' title="bbox 457 3779 2037 3850">
     <span class='ocr_line' id='line_1_42' title="bbox 457 3779 2037 3850; baseline 0.002 -16"><span class='ocrx_word' id='word_1_284' title='bbox 457 3779 590 3836; x_wconf 86' lang='lat' dir='ltr'><strong>dore</strong></span> <span class='ocrx_word' id='word_1_285' title='bbox 630 3795 788 3850; x_wconf 89' lang='lat' dir='ltr'><strong>pares</strong></span> <span class='ocrx_word' id='word_1_286' title='bbox 821 3781 872 3835; x_wconf 94' lang='lat' dir='ltr'><strong>in</strong></span> <span class='ocrx_word' id='word_1_287' title='bbox 917 3781 1049 3836; x_wconf 86' lang='lat' dir='ltr'><strong>orbe</strong></span> <span class='ocrx_word' id='word_1_288' title='bbox 1094 3782 1348 3837; x_wconf 81' lang='lat' dir='ltr'><strong>universo</strong></span> <span class='ocrx_word' id='word_1_289' title='bbox 1400 3798 1509 3837; x_wconf 90' lang='lat' dir='ltr'><strong>non</strong></span> <span class='ocrx_word' id='word_1_290' title='bbox 1549 3791 1829 3840; x_wconf 81' lang='lat' dir='ltr'><strong>exstarent</strong></span> <span class='ocrx_word' id='word_1_291' title='bbox 1871 3784 2037 3850; x_wconf 83' lang='lat' dir='ltr'><strong>aedes,</strong></span> 
     </span>
    </p>
   </div>
   <div class='ocr_carea' id='block_1_43' title="bbox 455 3868 2036 3944">
    <p class='ocr_par' dir='ltr' id='par_1_43' title="bbox 455 3868 2036 3944">
     <span class='ocr_line' id='line_1_43' title="bbox 455 3868 2036 3944; baseline 0.003 -20"><span class='ocrx_word' id='word_1_292' title='bbox 455 3868 943 3938; x_wconf 71' lang='lat' dir='ltr'><strong>ctiamproviucim</strong></span> <span class='ocrx_word' id='word_1_293' title='bbox 977 3871 1301 3940; x_wconf 82' lang='lat' dir='ltr'><strong>praesidibus</strong></span> <span class='ocrx_word' id='word_1_294' title='bbox 1337 3886 1403 3926; x_wconf 77' lang='lat' dir='ltr'><strong>ex</strong></span> <span class='ocrx_word' id='word_1_295' title='bbox 1431 3873 1626 3928; x_wconf 75' lang='lat' dir='ltr'><strong>:erario</strong></span> <span class='ocrx_word' id='word_1_296' title='bbox 1668 3875 1889 3944; x_wconf 88' lang='lat' dir='ltr'><strong>publico</strong></span> <span class='ocrx_word' id='word_1_297' title='bbox 1919 3874 2036 3930; x_wconf 88' lang='lat' dir='ltr'><strong>col-</strong></span> 
     </span>
    </p>
   </div>
   <div class='ocr_carea' id='block_1_44' title="bbox 458 3959 2035 4037">
    <p class='ocr_par' dir='ltr' id='par_1_44' title="bbox 458 3959 2035 4037">
     <span class='ocr_line' id='line_1_44' title="bbox 458 3959 2035 4037; baseline 0.004 -23"><span class='ocrx_word' id='word_1_298' title='bbox 458 3959 581 4015; x_wconf 87' lang='lat' dir='ltr'><strong>latis</strong></span> <span class='ocrx_word' id='word_1_299' title='bbox 607 3962 859 4030; x_wconf 72' lang='lat' dir='ltr'><strong>expensis</strong></span> <span class='ocrx_word' id='word_1_300' title='bbox 889 3962 952 4015; x_wconf 93' lang='lat' dir='ltr'><strong>ad</strong></span> <span class='ocrx_word' id='word_1_301' title='bbox 978 3976 1125 4033; x_wconf 82' lang='lat' dir='ltr'><strong>.0pus</strong></span> <span class='ocrx_word' id='word_1_302' title='bbox 1151 3964 1420 4033; x_wconf 91' lang='lat' dir='ltr'><strong>inceptum</strong></span> <span class='ocrx_word' id='word_1_303' title='bbox 1454 3965 1848 4022; x_wconf 82' lang='lat' dir='ltr'><strong>absolvendum</strong></span> <span class='ocrx_word' id='word_1_304' title='bbox 1879 3983 2035 4037; x_wconf 79' lang='lat' dir='ltr'><strong>opem</strong></span> 
     </span>
    </p>
   </div>
   <div class='ocr_carea' id='block_1_45' title="bbox 456 4047 2040 4122">
    <p class='ocr_par' dir='ltr' id='par_1_45' title="bbox 456 4047 2040 4122">
     <span class='ocr_line' id='line_1_45' title="bbox 456 4047 2040 4122; baseline 0.004 -19"><span class='ocrx_word' id='word_1_305' title='bbox 456 4047 809 4117; x_wconf 81' lang='lat' dir='ltr'><strong>suppeditare</strong></span> <span class='ocrx_word' id='word_1_306' title='bbox 862 4049 1212 4119; x_wconf 88' lang='lat' dir='ltr'><strong>imperatoris</strong></span> <span class='ocrx_word' id='word_1_307' title='bbox 1260 4053 1528 4121; x_wconf 87' lang='lat' dir='ltr'><strong>rescripto</strong></span> <span class='ocrx_word' id='word_1_308' title='bbox 1579 4051 1774 4122; x_wconf 88' lang='lat' dir='ltr'><strong>jussis.</strong></span> <span class='ocrx_word' id='word_1_309' title='bbox 1827 4053 2040 4120; x_wconf 80' lang='lat' dir='ltr'><strong>Quibus</strong></span> 
     </span>
    </p>
   </div>
   <div class='ocr_carea' id='block_1_46' title="bbox 455 4136 2032 4210">
    <p class='ocr_par' dir='ltr' id='par_1_46' title="bbox 455 4136 2032 4210">
     <span class='ocr_line' id='line_1_46' title="bbox 455 4136 2032 4210; baseline 0.003 -16"><span class='ocrx_word' id='word_1_310' title='bbox 455 4136 720 4195; x_wconf 88' lang='lat' dir='ltr'><strong>confectis</strong></span> <span class='ocrx_word' id='word_1_311' title='bbox 753 4139 1052 4209; x_wconf 87' lang='lat' dir='ltr'><strong>imperator</strong></span> <span class='ocrx_word' id='word_1_312' title='bbox 1076 4140 1194 4196; x_wconf 90' lang='lat' dir='ltr'><strong>dies</strong></span> <span class='ocrx_word' id='word_1_313' title='bbox 1221 4139 1392 4196; x_wconf 90' lang='lat' dir='ltr'><strong>festos</strong></span> <span class='ocrx_word' id='word_1_314' title='bbox 1439 4142 1684 4198; x_wconf 89' lang='lat' dir='ltr'><strong>hilariter</strong></span> <span class='ocrx_word' id='word_1_315' title='bbox 1711 4144 2032 4210; x_wconf 86' lang='lat' dir='ltr'><strong>celebravit,</strong></span> 
     </span>
    </p>
   </div>
   <div class='ocr_carea' id='block_1_47' title="bbox 455 4229 2036 4304">
    <p class='ocr_par' dir='ltr' id='par_1_47' title="bbox 455 4229 2036 4304">
     <span class='ocr_line' id='line_1_47' title="bbox 455 4229 2036 4304; baseline 0.004 -20"><span class='ocrx_word' id='word_1_316' title='bbox 455 4229 776 4299; x_wconf 90' lang='lat' dir='ltr'><strong>debitasque</strong></span> <span class='ocrx_word' id='word_1_317' title='bbox 806 4229 940 4295; x_wconf 91' lang='lat' dir='ltr'><strong>Deo,</strong></span> <span class='ocrx_word' id='word_1_318' title='bbox 965 4247 994 4286; x_wconf 90' lang='lat' dir='ltr'><strong>a</strong></span> <span class='ocrx_word' id='word_1_319' title='bbox 1024 4247 1136 4302; x_wconf 91' lang='lat' dir='ltr'><strong>quo</strong></span> <span class='ocrx_word' id='word_1_320' title='bbox 1174 4231 1389 4301; x_wconf 90' lang='lat' dir='ltr'><strong>imperii</strong></span> <span class='ocrx_word' id='word_1_321' title='bbox 1430 4233 1513 4287; x_wconf 81' lang='lat' dir='ltr'><strong>sui</strong></span> <span class='ocrx_word' id='word_1_322' title='bbox 1547 4243 1792 4304; x_wconf 92' lang='lat' dir='ltr'><strong>tempora</strong></span> <span class='ocrx_word' id='word_1_323' title='bbox 1826 4245 1904 4290; x_wconf 91' lang='lat' dir='ltr'><strong>tot</strong></span> <span class='ocrx_word' id='word_1_324' title='bbox 1936 4235 2036 4290; x_wconf 77' lang='lat' dir='ltr'><strong>bo-</strong></span> 
     </span>
    </p>
   </div>
   <div class='ocr_carea' id='block_1_48' title="bbox 457 4322 1597 4396">
    <p class='ocr_par' dir='ltr' id='par_1_48' title="bbox 457 4322 1597 4396">
     <span class='ocr_line' id='line_1_48' title="bbox 457 4322 1597 4396; baseline 0.004 -19"><span class='ocrx_word' id='word_1_325' title='bbox 457 4322 544 4379; x_wconf 89' lang='lat' dir='ltr'><strong>nis</strong></span> <span class='ocrx_word' id='word_1_326' title='bbox 580 4323 859 4379; x_wconf 86' lang='lat' dir='ltr'><strong>cumulata</strong></span> <span class='ocrx_word' id='word_1_327' title='bbox 890 4330 1054 4390; x_wconf 80' lang='lat' dir='ltr'><strong>sunt,</strong></span> <span class='ocrx_word' id='word_1_328' title='bbox 1098 4334 1278 4395; x_wconf 86' lang='lat' dir='ltr'><strong>grates</strong></span> <span class='ocrx_word' id='word_1_329' title='bbox 1317 4326 1597 4396; x_wconf 84' lang='lat' dir='ltr'><strong>persolvit.</strong></span> 
     </span>
    </p>
   </div>
   <div class='ocr_carea' id='block_1_49' title="bbox 2161 483 3732 557">
    <p class='ocr_par' dir='ltr' id='par_1_49' title="bbox 2161 483 3732 557">
     <span class='ocr_line' id='line_1_49' title="bbox 2161 483 3732 557; baseline -0.003 -17"><span class='ocrx_word' id='word_1_330' title='bbox 2161 487 2436 557; x_wconf 80' lang='grc' dir='ltr'><strong>Ἀδριανοῦ</strong></span> <span class='ocrx_word' id='word_1_331' title='bbox 2468 487 2652 538; x_wconf 81' lang='grc' dir='ltr'><strong>Αἰλίου</strong></span> <span class='ocrx_word' id='word_1_332' title='bbox 2694 485 2864 538; x_wconf 76' lang='grc' dir='ltr'><strong>πάλαι</strong></span> <span class='ocrx_word' id='word_1_333' title='bbox 2895 485 3184 538; x_wconf 72' lang='grc' dir='ltr'><strong>κτισθέντα</strong></span> <span class='ocrx_word' id='word_1_334' title='bbox 3239 483 3571 546; x_wconf 63' lang='grc' dir='ltr'><strong>πολυτελῶς.</strong></span> <span class='ocrx_word' id='word_1_335' title='bbox 3619 484 3732 536; x_wconf 67' lang='grc' dir='ltr'><strong>Δύο</strong></span> 
     </span>
    </p>
   </div>
   <div class='ocr_carea' id='block_1_50' title="bbox 2145 575 3731 648">
    <p class='ocr_par' dir='ltr' id='par_1_50' title="bbox 2145 575 3731 648">
     <span class='ocr_line' id='line_1_50' title="bbox 2145 575 3731 648; baseline -0.003 -16"><span class='ocrx_word' id='word_1_336' title='bbox 2145 579 2271 632; x_wconf 80' lang='grc' dir='ltr'><strong>τίκα</strong></span> <span class='ocrx_word' id='word_1_337' title='bbox 2306 579 2363 632; x_wconf 84' lang='grc' dir='ltr'><strong>δὲ</strong></span> <span class='ocrx_word' id='word_1_338' title='bbox 2404 579 2467 632; x_wconf 79' lang='grc' dir='ltr'><strong>τὸ</strong></span> <span class='ocrx_word' id='word_1_339' title='bbox 2513 577 2666 648; x_wconf 78' lang='grc' dir='ltr'><strong>ἅγιον</strong></span> <span class='ocrx_word' id='word_1_340' title='bbox 2725 578 2913 648; x_wconf 85' lang='grc' dir='ltr'><strong>μνῆμα</strong></span> <span class='ocrx_word' id='word_1_341' title='bbox 2960 578 3056 631; x_wconf 75' lang='grc' dir='ltr'><strong>καὶ</strong></span> <span class='ocrx_word' id='word_1_342' title='bbox 3105 579 3135 631; x_wconf 89' lang='grc' dir='ltr'><strong>ό</strong></span> <span class='ocrx_word' id='word_1_343' title='bbox 3161 576 3331 643; x_wconf 84' lang='grc' dir='ltr'>τόπος</span> <span class='ocrx_word' id='word_1_344' title='bbox 3361 575 3453 630; x_wconf 75' lang='grc' dir='ltr'><strong>τοῦ</strong></span> <span class='ocrx_word' id='word_1_345' title='bbox 3487 575 3731 647; x_wconf 75' lang='grc' dir='ltr'><strong>Κρανίου</strong></span> 
     </span>
    </p>
   </div>
   <div class='ocr_carea' id='block_1_51' title="bbox 2145 661 3735 736">
    <p class='ocr_par' dir='ltr' id='par_1_51' title="bbox 2145 661 3735 736">
     <span class='ocr_line' id='line_1_51' title="bbox 2145 661 3735 736; baseline -0.003 -16"><span class='ocrx_word' id='word_1_346' title='bbox 2145 667 2558 736; x_wconf 87' lang='grc' dir='ltr'><strong>ἀνεδείχθησαν,</strong></span> <span class='ocrx_word' id='word_1_347' title='bbox 2613 666 2709 719; x_wconf 76' lang='grc' dir='ltr'><strong>καὶ</strong></span> <span class='ocrx_word' id='word_1_348' title='bbox 2739 665 2873 736; x_wconf 83' lang='grc' dir='ltr'><strong>πρὸς</strong></span> <span class='ocrx_word' id='word_1_349' title='bbox 2901 664 3169 736; x_wconf 67' lang='grc' dir='ltr'><strong>ἀνατολὴν</strong></span> <span class='ocrx_word' id='word_1_350' title='bbox 3203 664 3472 732; x_wconf 88' lang='grc' dir='ltr'><strong>σύνεγγυς</strong></span> <span class='ocrx_word' id='word_1_351' title='bbox 3523 661 3735 717; x_wconf 87' lang='grc' dir='ltr'><strong>τούτων</strong></span> 
     </span>
    </p>
   </div>
   <div class='ocr_carea' id='block_1_52' title="bbox 2144 750 3734 830">
    <p class='ocr_par' dir='ltr' id='par_1_52' title="bbox 2144 750 3734 830">
     <span class='ocr_line' id='line_1_52' title="bbox 2144 750 3734 830; baseline -0.003 -19"><span class='ocrx_word' id='word_1_352' title='bbox 2144 762 2292 830; x_wconf 83' lang='grc' dir='ltr'><strong>τρεῖς</strong></span> <span class='ocrx_word' id='word_1_353' title='bbox 2315 759 2537 823; x_wconf 79' lang='grc' dir='ltr'><strong>σταυροὶ</strong></span> <span class='ocrx_word' id='word_1_354' title='bbox 2572 757 2914 827; x_wconf 84' lang='grc' dir='ltr'><strong>κεχωσμένοι</strong></span> <span class='ocrx_word' id='word_1_355' title='bbox 2947 757 2992 788; x_wconf 72' lang='grc'>⁸⁸</span> <span class='ocrx_word' id='word_1_356' title='bbox 3014 771 3028 786; x_wconf 86' lang='grc'><strong>·</strong></span> <span class='ocrx_word' id='word_1_357' title='bbox 3065 757 3463 828; x_wconf 72' lang='grc' dir='ltr'><strong>ἐρευνήσαντες</strong></span> <span class='ocrx_word' id='word_1_358' title='bbox 3487 755 3543 809; x_wconf 78' lang='grc' dir='ltr'><strong>δὲ</strong></span> <span class='ocrx_word' id='word_1_359' title='bbox 3573 750 3734 828; x_wconf 74' lang='grc' dir='ltr'><strong>εὗρον</strong></span> 
     </span>
    </p>
   </div>
   <div class='ocr_carea' id='block_1_53' title="bbox 2145 847 3737 919">
    <p class='ocr_par' dir='ltr' id='par_1_53' title="bbox 2145 847 3737 919">
     <span class='ocr_line' id='line_1_53' title="bbox 2145 847 3737 919; baseline -0.001 -16"><span class='ocrx_word' id='word_1_360' title='bbox 2145 850 2242 903; x_wconf 71' lang='grc' dir='ltr'><strong>καὶ</strong></span> <span class='ocrx_word' id='word_1_361' title='bbox 2293 850 2420 913; x_wconf 81' lang='grc' dir='ltr'><strong>τοὺς</strong></span> <span class='ocrx_word' id='word_1_362' title='bbox 2457 849 2640 918; x_wconf 80' lang='grc' dir='ltr'><strong>ἥλους.</strong></span> <span class='ocrx_word' id='word_1_363' title='bbox 2714 847 3169 919; x_wconf 84' lang='grc' dir='ltr'><strong>Ἀμηχανούντων</strong></span> <span class='ocrx_word' id='word_1_364' title='bbox 3205 847 3262 902; x_wconf 79' lang='grc' dir='ltr'><strong>δὲ</strong></span> <span class='ocrx_word' id='word_1_365' title='bbox 3309 848 3530 902; x_wconf 78' lang='grc' dir='ltr'><strong>πάντων</strong></span> <span class='ocrx_word' id='word_1_366' title='bbox 3580 851 3737 912; x_wconf 78' lang='grc' dir='ltr'><strong>ποῖος</strong></span> 
     </span>
    </p>
   </div>
   <div class='ocr_carea' id='block_1_54' title="bbox 2144 940 3735 1012">
    <p class='ocr_par' dir='ltr' id='par_1_54' title="bbox 2144 940 3735 1012">
     <span class='ocr_line' id='line_1_54' title="bbox 2144 940 3735 1012; baseline 0 -17"><span class='ocrx_word' id='word_1_367' title='bbox 2144 943 2252 1012; x_wconf 78' lang='grc' dir='ltr'><strong>ἄρα</strong></span> <span class='ocrx_word' id='word_1_368' title='bbox 2281 942 2365 1011; x_wconf 78' lang='grc' dir='ltr'><strong>εἴη</strong></span> <span class='ocrx_word' id='word_1_369' title='bbox 2416 942 2458 972; x_wconf 63' lang='grc' dir='ltr'><strong>’ί</strong></span> <span class='ocrx_word' id='word_1_370' title='bbox 2519 943 2546 994; x_wconf 89' lang='grc' dir='ltr'><strong>ό</strong></span> <span class='ocrx_word' id='word_1_371' title='bbox 2579 941 2911 1004; x_wconf 76' lang='grc' dir='ltr'><strong>Δεσποτικδς</strong></span> <span class='ocrx_word' id='word_1_372' title='bbox 2939 940 3192 1011; x_wconf 79' lang='grc' dir='ltr'><strong>σταυρὸς,</strong></span> <span class='ocrx_word' id='word_1_373' title='bbox 3239 941 3336 993; x_wconf 71' lang='grc' dir='ltr'><strong>καὶ</strong></span> <span class='ocrx_word' id='word_1_374' title='bbox 3391 941 3599 1011; x_wconf 72' lang='grc' dir='ltr'><strong>σφόδρά</strong></span> <span class='ocrx_word' id='word_1_375' title='bbox 3631 940 3735 1010; x_wconf 67' lang='grc' dir='ltr'><strong>τῆς</strong></span> 
     </span>
    </p>
   </div>
   <div class='ocr_carea' id='block_1_55' title="bbox 2149 1033 3737 1106">
    <p class='ocr_par' dir='ltr' id='par_1_55' title="bbox 2149 1033 3737 1106">
     <span class='ocr_line' id='line_1_55' title="bbox 2149 1033 3737 1106; baseline -0.001 -18"><span class='ocrx_word' id='word_1_376' title='bbox 2149 1035 2426 1106; x_wconf 74' lang='grc' dir='ltr'><strong>μακαρίας</strong></span> <span class='ocrx_word' id='word_1_377' title='bbox 2471 1033 2688 1104; x_wconf 82' lang='grc' dir='ltr'><strong>Ἑλένης</strong></span> <span class='ocrx_word' id='word_1_378' title='bbox 2718 1033 3086 1104; x_wconf 81' lang='grc' dir='ltr'><strong>λυπουμένης,</strong></span> <span class='ocrx_word' id='word_1_379' title='bbox 3118 1033 3147 1086; x_wconf 88' lang='grc' dir='ltr'><strong>ό</strong></span> <span class='ocrx_word' id='word_1_380' title='bbox 3170 1033 3461 1101; x_wconf 80' lang='grc' dir='ltr'><strong>Μακάριος</strong></span> <span class='ocrx_word' id='word_1_381' title='bbox 3487 1033 3737 1103; x_wconf 75' lang='grc' dir='ltr'><strong>φερωνύο</strong></span> 
     </span>
    </p>
   </div>
   <div class='ocr_carea' id='block_1_56' title="bbox 2149 1121 3735 1195">
    <p class='ocr_par' dir='ltr' id='par_1_56' title="bbox 2149 1121 3735 1195">
     <span class='ocr_line' id='line_1_56' title="bbox 2149 1121 3735 1195; baseline 0 -19"><span class='ocrx_word' id='word_1_382' title='bbox 2149 1141 2263 1195; x_wconf 85' lang='grc' dir='ltr'><strong>μως</strong></span> <span class='ocrx_word' id='word_1_383' title='bbox 2299 1123 2598 1185; x_wconf 77' lang='grc' dir='ltr'><strong>ἐπίσκοπος</strong></span> <span class='ocrx_word' id='word_1_384' title='bbox 2628 1121 2717 1175; x_wconf 79' lang='grc' dir='ltr'><strong>διὰ</strong></span> <span class='ocrx_word' id='word_1_385' title='bbox 2745 1122 2984 1186; x_wconf 86' lang='grc' dir='ltr'><strong>πίστεως</strong></span> <span class='ocrx_word' id='word_1_386' title='bbox 3021 1122 3181 1175; x_wconf 78' lang='grc' dir='ltr'><strong>ἔλυσε</strong></span> <span class='ocrx_word' id='word_1_387' title='bbox 3216 1122 3261 1154; x_wconf 60' lang='grc' dir='ltr'><strong>δ’</strong></span> <span class='ocrx_word' id='word_1_388' title='bbox 3283 1121 3394 1194; x_wconf 77' lang='grc'><strong>(59)</strong></span> <span class='ocrx_word' id='word_1_389' title='bbox 3429 1124 3490 1175; x_wconf 80' lang='grc' dir='ltr'><strong>τὸ</strong></span> <span class='ocrx_word' id='word_1_390' title='bbox 3531 1122 3735 1194; x_wconf 80' lang='grc' dir='ltr'><strong>ζητού-</strong></span> 
     </span>
    </p>
   </div>
   <div class='ocr_carea' id='block_1_57' title="bbox 2149 1212 3736 1286">
    <p class='ocr_par' dir='ltr' id='par_1_57' title="bbox 2149 1212 3736 1286">
     <span class='ocr_line' id='line_1_57' title="bbox 2149 1212 3736 1286; baseline 0 -18"><span class='ocrx_word' id='word_1_391' title='bbox 2149 1233 2328 1286; x_wconf 85' lang='grc' dir='ltr'><strong>μενον.</strong></span> <span class='ocrx_word' id='word_1_392' title='bbox 2363 1214 2790 1284; x_wconf 75' lang='grc' dir='ltr'><strong>’Δπεγνωσμένῃ</strong></span> <span class='ocrx_word' id='word_1_393' title='bbox 2813 1212 2922 1285; x_wconf 83' lang='grc' dir='ltr'><strong>γάρ</strong></span> <span class='ocrx_word' id='word_1_394' title='bbox 2949 1230 3056 1268; x_wconf 88' lang='grc' dir='ltr'><strong>τινι</strong></span> <span class='ocrx_word' id='word_1_395' title='bbox 3081 1214 3305 1282; x_wconf 79' lang='grc' dir='ltr'><strong>γυναικὶ</strong></span> <span class='ocrx_word' id='word_1_396' title='bbox 3327 1213 3437 1268; x_wconf 88' lang='grc' dir='ltr'><strong>τῶν</strong></span> <span class='ocrx_word' id='word_1_397' title='bbox 3467 1214 3736 1284; x_wconf 72' lang='grc' dir='ltr'><strong>ὲμφανᾶν</strong></span> 
     </span>
    </p>
   </div>
   <div class='ocr_carea' id='block_1_58' title="bbox 2145 1303 3736 1376">
    <p class='ocr_par' dir='ltr' id='par_1_58' title="bbox 2145 1303 3736 1376">
     <span class='ocr_line' id='line_1_58' title="bbox 2145 1303 3736 1376; baseline 0 -18"><span class='ocrx_word' id='word_1_398' title='bbox 2145 1307 2238 1360; x_wconf 68' lang='grc' dir='ltr'>καὶ</span> <span class='ocrx_word' id='word_1_399' title='bbox 2269 1305 2454 1375; x_wconf 79' lang='grc' dir='ltr'><strong>σχεδὸν</strong></span> <span class='ocrx_word' id='word_1_400' title='bbox 2500 1304 2803 1376; x_wconf 71' lang='grc' dir='ltr'><strong>τεθνηκυίᾳ</strong></span> <span class='ocrx_word' id='word_1_401' title='bbox 2856 1303 3230 1375; x_wconf 86' lang='grc' dir='ltr'><strong>προσαγαγὼν</strong></span> <span class='ocrx_word' id='word_1_402' title='bbox 3262 1306 3524 1375; x_wconf 75' lang='grc' dir='ltr'><strong>ἑκάτερον</strong></span> <span class='ocrx_word' id='word_1_403' title='bbox 3544 1305 3590 1338; x_wconf 75' lang='grc'><strong>⁸⁸</strong></span> <span class='ocrx_word' id='word_1_404' title='bbox 3621 1306 3736 1359; x_wconf 91' lang='grc' dir='ltr'><strong>τῶν</strong></span> 
     </span>
    </p>
   </div>
   <div class='ocr_carea' id='block_1_59' title="bbox 2147 1395 3734 1468">
    <p class='ocr_par' dir='ltr' id='par_1_59' title="bbox 2147 1395 3734 1468">
     <span class='ocr_line' id='line_1_59' title="bbox 2147 1395 3734 1468; baseline 0 -17"><span class='ocrx_word' id='word_1_405' title='bbox 2147 1397 2396 1468; x_wconf 84' lang='grc' dir='ltr'><strong>σταυρῶν</strong></span> <span class='ocrx_word' id='word_1_406' title='bbox 2426 1397 2516 1451; x_wconf 72' lang='grc' dir='ltr'><strong>τὸν</strong></span> <span class='ocrx_word' id='word_1_407' title='bbox 2542 1395 2872 1450; x_wconf 80' lang='grc' dir='ltr'><strong>Δεσποτικδν</strong></span> <span class='ocrx_word' id='word_1_408' title='bbox 2921 1396 3144 1466; x_wconf 81' lang='grc' dir='ltr'><strong>διέγνω.</strong></span> <span class='ocrx_word' id='word_1_409' title='bbox 3190 1398 3366 1450; x_wconf 80' lang='grc' dir='ltr'><strong>Μόνον</strong></span> <span class='ocrx_word' id='word_1_410' title='bbox 3393 1397 3503 1468; x_wconf 78' lang='grc' dir='ltr'><strong>γὰρ</strong></span> <span class='ocrx_word' id='word_1_411' title='bbox 3534 1398 3734 1466; x_wconf 72' lang='grc' dir='ltr'><strong>ἦγγισε</strong></span> 
     </span>
    </p>
   </div>
   <div class='ocr_carea' id='block_1_60' title="bbox 2144 1488 3739 1564">
    <p class='ocr_par' dir='ltr' id='par_1_60' title="bbox 2144 1488 3739 1564">
     <span class='ocr_line' id='line_1_60' title="bbox 2144 1488 3739 1564; baseline -0.002 -18"><span class='ocrx_word' id='word_1_412' title='bbox 2144 1495 2208 1564; x_wconf 81' lang='grc' dir='ltr'><strong>τῇ</strong></span> <span class='ocrx_word' id='word_1_413' title='bbox 2231 1490 2532 1564; x_wconf 79' lang='grc' dir='ltr'><strong>ἀσθενούσῃ</strong></span> <span class='ocrx_word' id='word_1_414' title='bbox 2565 1489 2610 1522; x_wconf 62' lang='grc'><strong>⁸⁸</strong></span> <span class='ocrx_word' id='word_1_415' title='bbox 2640 1489 2821 1560; x_wconf 59' lang='lat' dir='ltr'><strong>mm</strong></span> <span class='ocrx_word' id='word_1_416' title='bbox 2847 1488 3017 1543; x_wconf 78' lang='grc' dir='ltr'><strong>αὐτοῦ</strong></span> <span class='ocrx_word' id='word_1_417' title='bbox 3059 1490 3155 1542; x_wconf 72' lang='grc' dir='ltr'><strong>καὶ</strong></span> <span class='ocrx_word' id='word_1_418' title='bbox 3197 1489 3244 1521; x_wconf 72' lang='grc'><strong>⁸⁸</strong></span> <span class='ocrx_word' id='word_1_419' title='bbox 3274 1488 3436 1550; x_wconf 78' lang='grc' dir='ltr'><strong>εὐθὺς</strong></span> <span class='ocrx_word' id='word_1_420' title='bbox 3471 1491 3505 1560; x_wconf 83' lang='grc' dir='ltr'>ἠ</span> <span class='ocrx_word' id='word_1_421' title='bbox 3527 1491 3739 1555; x_wconf 78' lang='grc' dir='ltr'><strong>ἄπνους</strong></span> 
     </span>
    </p>
   </div>
   <div class='ocr_carea' id='block_1_61' title="bbox 2147 1580 3733 1654">
    <p class='ocr_par' dir='ltr' id='par_1_61' title="bbox 2147 1580 3733 1654">
     <span class='ocr_line' id='line_1_61' title="bbox 2147 1580 3733 1654; baseline -0.002 -16"><span class='ocrx_word' id='word_1_422' title='bbox 2147 1586 2240 1638; x_wconf 75' lang='grc' dir='ltr'><strong>καὶ</strong></span> <span class='ocrx_word' id='word_1_423' title='bbox 2269 1583 2525 1652; x_wconf 82' lang='grc' dir='ltr'><strong>ἀκίνητος</strong></span> <span class='ocrx_word' id='word_1_424' title='bbox 2579 1581 2701 1653; x_wconf 74' lang='grc' dir='ltr'><strong>θεῖα</strong></span> <span class='ocrx_word' id='word_1_425' title='bbox 2753 1581 2982 1652; x_wconf 83' lang='grc' dir='ltr'><strong>δυνάμει</strong></span> <span class='ocrx_word' id='word_1_426' title='bbox 3020 1580 3369 1652; x_wconf 80' lang='grc' dir='ltr'><strong>παραχρῆμα</strong></span> <span class='ocrx_word' id='word_1_427' title='bbox 3398 1582 3733 1654; x_wconf 76' lang='grc' dir='ltr'><strong>ἀνεπήδησε,</strong></span> 
     </span>
    </p>
   </div>
   <div class='ocr_carea' id='block_1_62' title="bbox 2145 1670 3736 1743">
    <p class='ocr_par' dir='ltr' id='par_1_62' title="bbox 2145 1670 3736 1743">
     <span class='ocr_line' id='line_1_62' title="bbox 2145 1670 3736 1743; baseline -0.001 -15"><span class='ocrx_word' id='word_1_428' title='bbox 2145 1673 2439 1739; x_wconf 61' lang='grc' dir='ltr'><strong>δοξάζουσι</strong></span> <span class='ocrx_word' id='word_1_429' title='bbox 2459 1674 2551 1728; x_wconf 81' lang='grc' dir='ltr'><strong>τὸν</strong></span> <span class='ocrx_word' id='word_1_430' title='bbox 2575 1672 2714 1726; x_wconf 76' lang='grc' dir='ltr'><strong>Θεὸν</strong></span> <span class='ocrx_word' id='word_1_431' title='bbox 2752 1671 2965 1743; x_wconf 78' lang='grc' dir='ltr'><strong>μεγάλῃ</strong></span> <span class='ocrx_word' id='word_1_432' title='bbox 2993 1673 3059 1742; x_wconf 82' lang='grc' dir='ltr'><strong>τῇ</strong></span> <span class='ocrx_word' id='word_1_433' title='bbox 3093 1673 3266 1741; x_wconf 79' lang='grc' dir='ltr'><strong>φωνῇ,</strong></span> <span class='ocrx_word' id='word_1_434' title='bbox 3329 1671 3393 1724; x_wconf 84' lang='grc' dir='ltr'>Ἡ</span> <span class='ocrx_word' id='word_1_435' title='bbox 3418 1670 3476 1724; x_wconf 80' lang='grc' dir='ltr'><strong>δὲ</strong></span> <span class='ocrx_word' id='word_1_436' title='bbox 3531 1690 3736 1726; x_wconf 76' lang='grc' dir='ltr'><strong>πανευο</strong></span> 
     </span>
    </p>
   </div>
   <div class='ocr_carea' id='block_1_63' title="bbox 2150 1763 3736 1838">
    <p class='ocr_par' dir='ltr' id='par_1_63' title="bbox 2150 1763 3736 1838">
     <span class='ocr_line' id='line_1_63' title="bbox 2150 1763 3736 1838; baseline -0.001 -18"><span class='ocrx_word' id='word_1_437' title='bbox 2150 1767 2312 1838; x_wconf 72' lang='grc' dir='ltr'><strong>σεὸὴς</strong></span> <span class='ocrx_word' id='word_1_438' title='bbox 2358 1766 2545 1838; x_wconf 82' lang='grc' dir='ltr'><strong>Ἑλένη</strong></span> <span class='ocrx_word' id='word_1_439' title='bbox 2584 1765 2725 1836; x_wconf 77' lang='grc' dir='ltr'><strong>μετὰ</strong></span> <span class='ocrx_word' id='word_1_440' title='bbox 2769 1764 2936 1834; x_wconf 75' lang='grc' dir='ltr'><strong>φόϐου</strong></span> <span class='ocrx_word' id='word_1_441' title='bbox 2965 1764 3060 1818; x_wconf 80' lang='grc' dir='ltr'><strong>καὶ</strong></span> <span class='ocrx_word' id='word_1_442' title='bbox 3096 1763 3297 1832; x_wconf 79' lang='grc' dir='ltr'><strong>πολλῆς</strong></span> <span class='ocrx_word' id='word_1_443' title='bbox 3336 1766 3512 1834; x_wconf 76' lang='grc' dir='ltr'>χαρᾶς</span> <span class='ocrx_word' id='word_1_444' title='bbox 3540 1765 3736 1819; x_wconf 77' lang='grc' dir='ltr'><strong>ἀνελο-</strong></span> 
     </span>
    </p>
   </div>
   <div class='ocr_carea' id='block_1_64' title="bbox 2150 1852 3736 1928">
    <p class='ocr_par' dir='ltr' id='par_1_64' title="bbox 2150 1852 3736 1928">
     <span class='ocr_line' id='line_1_64' title="bbox 2150 1852 3736 1928; baseline -0.003 -18"><span class='ocrx_word' id='word_1_445' title='bbox 2150 1857 2282 1928; x_wconf 82' lang='grc' dir='ltr'><strong>μένη</strong></span> <span class='ocrx_word' id='word_1_446' title='bbox 2310 1856 2372 1910; x_wconf 81' lang='grc' dir='ltr'><strong>τὸ</strong></span> <span class='ocrx_word' id='word_1_447' title='bbox 2401 1855 2666 1920; x_wconf 79' lang='grc' dir='ltr'><strong>ζωοποιδν</strong></span> <span class='ocrx_word' id='word_1_448' title='bbox 2701 1855 2877 1920; x_wconf 82' lang='grc' dir='ltr'><strong>ξύλον,</strong></span> <span class='ocrx_word' id='word_1_449' title='bbox 2919 1854 3087 1927; x_wconf 82' lang='grc' dir='ltr'><strong>μέρος</strong></span> <span class='ocrx_word' id='word_1_450' title='bbox 3114 1854 3212 1924; x_wconf 81' lang='grc' dir='ltr'><strong>μὲν</strong></span> <span class='ocrx_word' id='word_1_451' title='bbox 3245 1852 3416 1907; x_wconf 77' lang='grc' dir='ltr'><strong>αὑτοῦ</strong></span> <span class='ocrx_word' id='word_1_452' title='bbox 3472 1855 3568 1908; x_wconf 76' lang='grc' dir='ltr'><strong>σὺν</strong></span> <span class='ocrx_word' id='word_1_453' title='bbox 3617 1858 3736 1918; x_wconf 81' lang='grc' dir='ltr'><strong>τοῖς</strong></span> 
     </span>
    </p>
   </div>
   <div class='ocr_carea' id='block_1_65' title="bbox 2145 1945 3734 2021">
    <p class='ocr_par' dir='ltr' id='par_1_65' title="bbox 2145 1945 3734 2021">
     <span class='ocr_line' id='line_1_65' title="bbox 2145 1945 3734 2021; baseline -0.001 -21"><span class='ocrx_word' id='word_1_454' title='bbox 2145 1949 2296 2019; x_wconf 78' lang='grc' dir='ltr'><strong>ἥλοις</strong></span> <span class='ocrx_word' id='word_1_455' title='bbox 2323 1948 2500 2018; x_wconf 68' lang='grc' dir='ltr'><strong>ἤγαγε</strong></span> <span class='ocrx_word' id='word_1_456' title='bbox 2529 1947 2664 2021; x_wconf 83' lang='grc' dir='ltr'><strong>πρὸς</strong></span> <span class='ocrx_word' id='word_1_457' title='bbox 2691 1947 2783 2000; x_wconf 84' lang='grc' dir='ltr'><strong>τὸν</strong></span> <span class='ocrx_word' id='word_1_458' title='bbox 2813 1946 2979 2000; x_wconf 85' lang='grc' dir='ltr'><strong>παῖδα</strong></span> <span class='ocrx_word' id='word_1_459' title='bbox 2999 1961 3013 1976; x_wconf 75' lang='grc'>⁸</span> <span class='ocrx_word' id='word_1_460' title='bbox 3046 1945 3106 1999; x_wconf 85' lang='grc' dir='ltr'><strong>τὸ</strong></span> <span class='ocrx_word' id='word_1_461' title='bbox 3133 1945 3188 1999; x_wconf 82' lang='grc' dir='ltr'><strong>δὲ</strong></span> <span class='ocrx_word' id='word_1_462' title='bbox 3233 1945 3422 1998; x_wconf 70' lang='grc' dir='ltr'><strong>λοιπὸν</strong></span> <span class='ocrx_word' id='word_1_463' title='bbox 3446 1946 3526 2008; x_wconf 81' lang='grc' dir='ltr'><strong>εἰς</strong></span> <span class='ocrx_word' id='word_1_464' title='bbox 3553 1948 3734 2017; x_wconf 81' lang='grc' dir='ltr'><strong>ἀργυ-</strong></span> 
     </span>
    </p>
   </div>
   <div class='ocr_carea' id='block_1_66' title="bbox 2148 2035 3737 2110">
    <p class='ocr_par' dir='ltr' id='par_1_66' title="bbox 2148 2035 3737 2110">
     <span class='ocr_line' id='line_1_66' title="bbox 2148 2035 3737 2110; baseline -0.003 -17"><span class='ocrx_word' id='word_1_465' title='bbox 2148 2038 2276 2110; x_wconf 79' lang='grc' dir='ltr'><strong>ροῦν</strong></span> <span class='ocrx_word' id='word_1_466' title='bbox 2301 2036 2642 2108; x_wconf 82' lang='grc' dir='ltr'><strong>καταθεμένη</strong></span> <span class='ocrx_word' id='word_1_467' title='bbox 2670 2037 3076 2108; x_wconf 84' lang='grc' dir='ltr'><strong>γλωσσόκομον,</strong></span> <span class='ocrx_word' id='word_1_468' title='bbox 3101 2035 3385 2107; x_wconf 84' lang='grc' dir='ltr'><strong>παρέδωκε</strong></span> <span class='ocrx_word' id='word_1_469' title='bbox 3405 2035 3482 2106; x_wconf 84' lang='grc' dir='ltr'><strong>τῷ</strong></span> <span class='ocrx_word' id='word_1_470' title='bbox 3509 2037 3737 2089; x_wconf 70' lang='grc' dir='ltr'><strong>ὲπισκὸο</strong></span> 
     </span>
    </p>
   </div>
   <div class='ocr_carea' id='block_1_67' title="bbox 2147 2128 3737 2204">
    <p class='ocr_par' dir='ltr' id='par_1_67' title="bbox 2147 2128 3737 2204">
     <span class='ocr_line' id='line_1_67' title="bbox 2147 2128 3737 2204; baseline -0.004 -19"><span class='ocrx_word' id='word_1_471' title='bbox 2147 2149 2235 2204; x_wconf 88' lang='grc' dir='ltr'><strong>πῳ</strong></span> <span class='ocrx_word' id='word_1_472' title='bbox 2271 2131 2568 2202; x_wconf 84' lang='grc' dir='ltr'><strong>Μακαρίῳ,</strong></span> <span class='ocrx_word' id='word_1_473' title='bbox 2621 2131 2700 2194; x_wconf 78' lang='grc' dir='ltr'><strong>εἰς</strong></span> <span class='ocrx_word' id='word_1_474' title='bbox 2757 2131 3100 2202; x_wconf 87' lang='grc' dir='ltr'><strong>μνημόσυνον</strong></span> <span class='ocrx_word' id='word_1_475' title='bbox 3153 2130 3276 2191; x_wconf 84' lang='grc' dir='ltr'><strong>ταῖς</strong></span> <span class='ocrx_word' id='word_1_476' title='bbox 3313 2128 3608 2199; x_wconf 82' lang='grc' dir='ltr'><strong>μετέπειτα</strong></span> <span class='ocrx_word' id='word_1_477' title='bbox 3641 2144 3737 2196; x_wconf 78' lang='grc' dir='ltr'><strong>γε·</strong></span> 
     </span>
    </p>
   </div>
   <div class='ocr_carea' id='block_1_68' title="bbox 2149 2218 3734 2292">
    <p class='ocr_par' dir='ltr' id='par_1_68' title="bbox 2149 2218 3734 2292">
     <span class='ocr_line' id='line_1_68' title="bbox 2149 2218 3734 2292; baseline -0.004 -16"><span class='ocrx_word' id='word_1_478' title='bbox 2149 2227 2314 2285; x_wconf 75' lang='grc' dir='ltr'><strong>νεαίς.</strong></span> <span class='ocrx_word' id='word_1_479' title='bbox 2343 2223 2475 2276; x_wconf 87' lang='grc' dir='ltr'><strong>Τότε</strong></span> <span class='ocrx_word' id='word_1_480' title='bbox 2505 2222 2561 2276; x_wconf 82' lang='grc' dir='ltr'><strong>δὲ</strong></span> <span class='ocrx_word' id='word_1_481' title='bbox 2593 2221 2684 2276; x_wconf 72' lang='grc' dir='ltr'>καὶ</span> <span class='ocrx_word' id='word_1_482' title='bbox 2715 2218 3012 2292; x_wconf 70' lang='grc' dir='ltr'><strong>ἐκκλησίας</strong></span> <span class='ocrx_word' id='word_1_483' title='bbox 3045 2219 3301 2272; x_wconf 75' lang='grc' dir='ltr'><strong>ἐκέλευσε</strong></span> <span class='ocrx_word' id='word_1_484' title='bbox 3355 2218 3642 2290; x_wconf 76' lang='grc' dir='ltr'>κτισθῆναι</span> <span class='ocrx_word' id='word_1_485' title='bbox 3675 2219 3734 2270; x_wconf 78' lang='grc' dir='ltr'><strong>ἓν</strong></span> 
     </span>
    </p>
   </div>
   <div class='ocr_carea' id='block_1_69' title="bbox 2146 2311 3735 2387">
    <p class='ocr_par' dir='ltr' id='par_1_69' title="bbox 2146 2311 3735 2387">
     <span class='ocr_line' id='line_1_69' title="bbox 2146 2311 3735 2387; baseline -0.005 -15"><span class='ocrx_word' id='word_1_486' title='bbox 2146 2336 2205 2372; x_wconf 88' lang='grc' dir='ltr'><strong>τε</strong></span> <span class='ocrx_word' id='word_1_487' title='bbox 2241 2317 2319 2387; x_wconf 83' lang='grc' dir='ltr'><strong>τῷ</strong></span> <span class='ocrx_word' id='word_1_488' title='bbox 2353 2318 2418 2382; x_wconf 74' lang='grc' dir='ltr'><strong>ἀγ</strong></span> <span class='ocrx_word' id='word_1_489' title='bbox 2432 2315 2493 2386; x_wconf 83' lang='grc' dir='ltr'><strong>ίῳ</strong></span> <span class='ocrx_word' id='word_1_490' title='bbox 2528 2316 2769 2386; x_wconf 79' lang='grc' dir='ltr'><strong>μνήματι</strong></span> <span class='ocrx_word' id='word_1_491' title='bbox 2806 2314 2900 2367; x_wconf 77' lang='grc' dir='ltr'><strong>καὶ</strong></span> <span class='ocrx_word' id='word_1_492' title='bbox 2923 2315 2978 2366; x_wconf 82' lang='grc' dir='ltr'><strong>ὲν</strong></span> <span class='ocrx_word' id='word_1_493' title='bbox 3000 2312 3078 2384; x_wconf 84' lang='grc' dir='ltr'><strong>τῷ</strong></span> <span class='ocrx_word' id='word_1_494' title='bbox 3108 2311 3355 2382; x_wconf 81' lang='grc' dir='ltr'><strong>Κρανίῳ,</strong></span> <span class='ocrx_word' id='word_1_495' title='bbox 3385 2312 3477 2365; x_wconf 73' lang='grc' dir='ltr'><strong>καὶ</strong></span> <span class='ocrx_word' id='word_1_496' title='bbox 3506 2311 3592 2364; x_wconf 77' lang='grc' dir='ltr'><strong>ἐπ’</strong></span> <span class='ocrx_word' id='word_1_497' title='bbox 3615 2311 3735 2365; x_wconf 74' lang='grc' dir='ltr'><strong>ὀνό-</strong></span> 
     </span>
    </p>
   </div>
   <div class='ocr_carea' id='block_1_70' title="bbox 2152 2402 3734 2481">
    <p class='ocr_par' dir='ltr' id='par_1_70' title="bbox 2152 2402 3734 2481">
     <span class='ocr_line' id='line_1_70' title="bbox 2152 2402 3734 2481; baseline -0.004 -18"><span class='ocrx_word' id='word_1_498' title='bbox 2152 2428 2281 2481; x_wconf 88' lang='grc' dir='ltr'><strong>ματι</strong></span> <span class='ocrx_word' id='word_1_499' title='bbox 2323 2408 2417 2462; x_wconf 76' lang='grc' dir='ltr'><strong>τοῦ</strong></span> <span class='ocrx_word' id='word_1_500' title='bbox 2455 2409 2653 2477; x_wconf 77' lang='grc' dir='ltr'><strong>ἑαυτῆς</strong></span> <span class='ocrx_word' id='word_1_501' title='bbox 2695 2404 2804 2476; x_wconf 84' lang='grc' dir='ltr'><strong>(ιο)</strong></span> <span class='ocrx_word' id='word_1_502' title='bbox 2851 2405 2970 2458; x_wconf 78' lang='grc' dir='ltr'><strong>υἱοῦ</strong></span> <span class='ocrx_word' id='word_1_503' title='bbox 2997 2406 3063 2469; x_wconf 67' lang='grc'><strong>⁸⁸,</strong></span> <span class='ocrx_word' id='word_1_504' title='bbox 3096 2404 3222 2458; x_wconf 78' lang='grc' dir='ltr'><strong>ἔνθα</strong></span> <span class='ocrx_word' id='word_1_505' title='bbox 3267 2402 3465 2475; x_wconf 81' lang='grc' dir='ltr'><strong>εὑρέθη</strong></span> <span class='ocrx_word' id='word_1_506' title='bbox 3503 2404 3561 2454; x_wconf 72' lang='grc' dir='ltr'><strong>τὸ</strong></span> <span class='ocrx_word' id='word_1_507' title='bbox 3589 2403 3734 2467; x_wconf 76' lang='grc' dir='ltr'><strong>ζωο-</strong></span> 
     </span>
    </p>
   </div>
   <div class='ocr_carea' id='block_1_71' title="bbox 2149 2494 3732 2566">
    <p class='ocr_par' dir='ltr' id='par_1_71' title="bbox 2149 2494 3732 2566">
     <span class='ocr_line' id='line_1_71' title="bbox 2149 2494 3732 2566; baseline -0.006 -11"><span class='ocrx_word' id='word_1_508' title='bbox 2149 2501 2301 2555; x_wconf 79' lang='grc' dir='ltr'><strong>ποιὸν</strong></span> <span class='ocrx_word' id='word_1_509' title='bbox 2329 2497 2502 2565; x_wconf 82' lang='grc' dir='ltr'><strong>ξύλον,</strong></span> <span class='ocrx_word' id='word_1_510' title='bbox 2551 2499 2652 2552; x_wconf 72' lang='grc' dir='ltr'><strong>καὶ</strong></span> <span class='ocrx_word' id='word_1_511' title='bbox 2705 2500 2762 2552; x_wconf 84' lang='grc' dir='ltr'><strong>ὲν</strong></span> <span class='ocrx_word' id='word_1_512' title='bbox 2801 2497 3068 2566; x_wconf 76' lang='grc' dir='ltr'><strong>Βηθλεὲμ,</strong></span> <span class='ocrx_word' id='word_1_513' title='bbox 3129 2496 3223 2549; x_wconf 70' lang='grc' dir='ltr'><strong>καὶ</strong></span> <span class='ocrx_word' id='word_1_514' title='bbox 3267 2495 3326 2548; x_wconf 83' lang='grc' dir='ltr'><strong>ὲν</strong></span> <span class='ocrx_word' id='word_1_515' title='bbox 3370 2494 3448 2566; x_wconf 83' lang='grc' dir='ltr'><strong>τῷ</strong></span> <span class='ocrx_word' id='word_1_516' title='bbox 3473 2494 3590 2566; x_wconf 83' lang='grc' dir='ltr'><strong>όρει</strong></span> <span class='ocrx_word' id='word_1_517' title='bbox 3618 2494 3732 2547; x_wconf 86' lang='grc' dir='ltr'><strong>τῶν</strong></span> 
     </span>
    </p>
   </div>
   <div class='ocr_carea' id='block_1_72' title="bbox 2161 2585 3732 2657">
    <p class='ocr_par' dir='ltr' id='par_1_72' title="bbox 2161 2585 3732 2657">
     <span class='ocr_line' id='line_1_72' title="bbox 2161 2585 3732 2657; baseline -0.005 -11"><span class='ocrx_word' id='word_1_518' title='bbox 2161 2591 2408 2654; x_wconf 80' lang='grc' dir='ltr'><strong>Ἐλαιῶν,</strong></span> <span class='ocrx_word' id='word_1_519' title='bbox 2436 2591 2530 2644; x_wconf 74' lang='grc' dir='ltr'>καὶ</span> <span class='ocrx_word' id='word_1_520' title='bbox 2566 2589 2738 2653; x_wconf 73' lang='grc' dir='ltr'><strong>οὕτως</strong></span> <span class='ocrx_word' id='word_1_521' title='bbox 2767 2587 3037 2657; x_wconf 76' lang='grc' dir='ltr'><strong>ἐπανῆλθε</strong></span> <span class='ocrx_word' id='word_1_522' title='bbox 3075 2586 3211 2657; x_wconf 74' lang='grc' dir='ltr'><strong>πρὸς</strong></span> <span class='ocrx_word' id='word_1_523' title='bbox 3245 2586 3336 2640; x_wconf 80' lang='grc' dir='ltr'>τὸν</span> <span class='ocrx_word' id='word_1_524' title='bbox 3368 2585 3616 2656; x_wconf 75' lang='grc' dir='ltr'><strong>πανεύφη</strong></span> <span class='ocrx_word' id='word_1_525' title='bbox 3627 2603 3732 2654; x_wconf 88' lang='grc' dir='ltr'><strong>μον</strong></span> 
     </span>
    </p>
   </div>
   <div class='ocr_carea' id='block_1_73' title="bbox 2151 2676 3731 2748">
    <p class='ocr_par' dir='ltr' id='par_1_73' title="bbox 2151 2676 3731 2748">
     <span class='ocr_line' id='line_1_73' title="bbox 2151 2676 3731 2748; baseline -0.006 -11"><span class='ocrx_word' id='word_1_526' title='bbox 2151 2684 2579 2737; x_wconf 85' lang='grc' dir='ltr'><strong>Κωνσταντῖνον.</strong></span> <span class='ocrx_word' id='word_1_527' title='bbox 2633 2679 2692 2733; x_wconf 85' lang='lat'><strong>&#39;0</strong></span> <span class='ocrx_word' id='word_1_528' title='bbox 2722 2678 2779 2732; x_wconf 80' lang='grc' dir='ltr'><strong>δὲ</strong></span> <span class='ocrx_word' id='word_1_529' title='bbox 2835 2676 3128 2748; x_wconf 75' lang='grc' dir='ltr'><strong>δεξάμενος</strong></span> <span class='ocrx_word' id='word_1_530' title='bbox 3165 2676 3332 2748; x_wconf 79' lang='grc' dir='ltr'><strong>αὐτὴν</strong></span> <span class='ocrx_word' id='word_1_531' title='bbox 3361 2676 3500 2746; x_wconf 83' lang='grc' dir='ltr'><strong>μετὰ</strong></span> <span class='ocrx_word' id='word_1_532' title='bbox 3531 2676 3731 2747; x_wconf 74' lang='grc' dir='ltr'><strong>χαρᾶς,</strong></span> 
     </span>
    </p>
   </div>
   <div class='ocr_carea' id='block_1_74' title="bbox 2149 2765 3734 2846">
    <p class='ocr_par' dir='ltr' id='par_1_74' title="bbox 2149 2765 3734 2846">
     <span class='ocr_line' id='line_1_74' title="bbox 2149 2765 3734 2846; baseline -0.005 -19"><span class='ocrx_word' id='word_1_533' title='bbox 2149 2775 2248 2846; x_wconf 72' lang='grc' dir='ltr'><strong>τὴν</strong></span> <span class='ocrx_word' id='word_1_534' title='bbox 2273 2774 2370 2844; x_wconf 78' lang='grc' dir='ltr'><strong>μὲν</strong></span> <span class='ocrx_word' id='word_1_535' title='bbox 2395 2771 2489 2826; x_wconf 80' lang='grc' dir='ltr'><strong>τοῦ</strong></span> <span class='ocrx_word' id='word_1_536' title='bbox 2513 2770 2779 2836; x_wconf 76' lang='grc' dir='ltr'><strong>ζωοποιοῦ</strong></span> <span class='ocrx_word' id='word_1_537' title='bbox 2811 2769 2970 2835; x_wconf 80' lang='grc' dir='ltr'><strong>ξύλου</strong></span> <span class='ocrx_word' id='word_1_538' title='bbox 3019 2770 3215 2841; x_wconf 81' lang='grc' dir='ltr'><strong>μοῖραν</strong></span> <span class='ocrx_word' id='word_1_539' title='bbox 3259 2769 3319 2822; x_wconf 84' lang='grc' dir='ltr'><strong>ὲν</strong></span> <span class='ocrx_word' id='word_1_540' title='bbox 3342 2765 3538 2839; x_wconf 77' lang='grc' dir='ltr'>’χρυσῇ</span> <span class='ocrx_word' id='word_1_541' title='bbox 3585 2766 3734 2838; x_wconf 76' lang='grc' dir='ltr'><strong>θήκῃ</strong></span> 
     </span>
    </p>
   </div>
   <div class='ocr_carea' id='block_1_75' title="bbox 2153 2859 3734 2935">
    <p class='ocr_par' dir='ltr' id='par_1_75' title="bbox 2153 2859 3734 2935">
     <span class='ocr_line' id='line_1_75' title="bbox 2153 2859 3734 2935; baseline -0.003 -19"><span class='ocrx_word' id='word_1_542' title='bbox 2153 2864 2443 2935; x_wconf 77' lang='grc' dir='ltr'><strong>παρέθετο,</strong></span> <span class='ocrx_word' id='word_1_543' title='bbox 2479 2862 2755 2934; x_wconf 76' lang='grc' dir='ltr'><strong>παραδοὺς</strong></span> <span class='ocrx_word' id='word_1_544' title='bbox 2772 2861 2850 2933; x_wconf 81' lang='grc' dir='ltr'>τῷ</span> <span class='ocrx_word' id='word_1_545' title='bbox 2879 2861 3163 2931; x_wconf 84' lang='grc' dir='ltr'><strong>ὲπισκόπῳ</strong></span> <span class='ocrx_word' id='word_1_546' title='bbox 3209 2861 3288 2924; x_wconf 70' lang='grc' dir='ltr'><strong>εἰς</strong></span> <span class='ocrx_word' id='word_1_547' title='bbox 3317 2860 3579 2930; x_wconf 75' lang='grc' dir='ltr'><strong>τήρησιν·</strong></span> <span class='ocrx_word' id='word_1_548' title='bbox 3621 2859 3734 2911; x_wconf 83' lang='grc' dir='ltr'><strong>τῶν</strong></span> 
     </span>
    </p>
   </div>
   <div class='ocr_carea' id='block_1_76' title="bbox 2153 2949 3734 3024">
    <p class='ocr_par' dir='ltr' id='par_1_76' title="bbox 2153 2949 3734 3024">
     <span class='ocr_line' id='line_1_76' title="bbox 2153 2949 3734 3024; baseline -0.003 -17"><span class='ocrx_word' id='word_1_549' title='bbox 2153 2955 2210 3008; x_wconf 78' lang='grc' dir='ltr'><strong>δὲ</strong></span> <span class='ocrx_word' id='word_1_550' title='bbox 2256 2953 2403 3024; x_wconf 77' lang='grc' dir='ltr'><strong>ἥλων</strong></span> <span class='ocrx_word' id='word_1_551' title='bbox 2455 2951 2582 3014; x_wconf 78' lang='grc' dir='ltr'><strong>τοὺς</strong></span> <span class='ocrx_word' id='word_1_552' title='bbox 2627 2951 2728 3022; x_wconf 83' lang='grc' dir='ltr'><strong>μὲν</strong></span> <span class='ocrx_word' id='word_1_553' title='bbox 2779 2953 2860 3016; x_wconf 84' lang='grc' dir='ltr'><strong>είς</strong></span> <span class='ocrx_word' id='word_1_554' title='bbox 2911 2951 3009 3022; x_wconf 82' lang='grc' dir='ltr'><strong>τὴν</strong></span> <span class='ocrx_word' id='word_1_555' title='bbox 3042 2949 3234 3003; x_wconf 77' lang='grc' dir='ltr'><strong>ἑαυτοῦ</strong></span> <span class='ocrx_word' id='word_1_556' title='bbox 3294 2950 3734 3018; x_wconf 74' lang='grc' dir='ltr'><strong>περικεφαλαίαν</strong></span> 
     </span>
    </p>
   </div>
   <div class='ocr_carea' id='block_1_77' title="bbox 2153 3040 3732 3117">
    <p class='ocr_par' dir='ltr' id='par_1_77' title="bbox 2153 3040 3732 3117">
     <span class='ocr_line' id='line_1_77' title="bbox 2153 3040 3732 3117; baseline -0.003 -18"><span class='ocrx_word' id='word_1_557' title='bbox 2153 3045 2472 3117; x_wconf 78' lang='grc' dir='ltr'><strong>ἐχάλκευσε,</strong></span> <span class='ocrx_word' id='word_1_558' title='bbox 2499 3047 2627 3108; x_wconf 80' lang='grc' dir='ltr'><strong>τοὺς</strong></span> <span class='ocrx_word' id='word_1_559' title='bbox 2655 3044 2711 3097; x_wconf 82' lang='grc' dir='ltr'><strong>δὲ</strong></span> <span class='ocrx_word' id='word_1_560' title='bbox 2742 3041 2963 3114; x_wconf 83' lang='grc' dir='ltr'><strong>ἀνέμιξε</strong></span> <span class='ocrx_word' id='word_1_561' title='bbox 2993 3040 3070 3110; x_wconf 79' lang='grc' dir='ltr'><strong>τῷ</strong></span> <span class='ocrx_word' id='word_1_562' title='bbox 3105 3040 3405 3112; x_wconf 77' lang='grc' dir='ltr'><strong>σαλιόαρίῳ</strong></span> <span class='ocrx_word' id='word_1_563' title='bbox 3434 3041 3527 3094; x_wconf 80' lang='grc' dir='ltr'><strong>τοῦ</strong></span> <span class='ocrx_word' id='word_1_564' title='bbox 3557 3041 3732 3094; x_wconf 76' lang='grc' dir='ltr'><strong>ἵππου</strong></span> 
     </span>
    </p>
   </div>
   <div class='ocr_carea' id='block_1_78' title="bbox 2151 3133 3730 3209">
    <p class='ocr_par' dir='ltr' id='par_1_78' title="bbox 2151 3133 3730 3209">
     <span class='ocr_line' id='line_1_78' title="bbox 2151 3133 3730 3209; baseline -0.004 -17"><span class='ocrx_word' id='word_1_565' title='bbox 2151 3138 2337 3204; x_wconf 81' lang='grc' dir='ltr'><strong>αὑτοῦ,</strong></span> <span class='ocrx_word' id='word_1_566' title='bbox 2371 3139 2458 3192; x_wconf 85' lang='grc' dir='ltr'><strong>ἴνα</strong></span> <span class='ocrx_word' id='word_1_567' title='bbox 2497 3138 2756 3209; x_wconf 77' lang='grc' dir='ltr'><strong>πληρωθῇ</strong></span> <span class='ocrx_word' id='word_1_568' title='bbox 2787 3135 2846 3189; x_wconf 74' lang='grc' dir='ltr'><strong>τὸ</strong></span> <span class='ocrx_word' id='word_1_569' title='bbox 2882 3135 3044 3206; x_wconf 81' lang='grc' dir='ltr'><strong>ῥηθὲν</strong></span> <span class='ocrx_word' id='word_1_570' title='bbox 3079 3133 3165 3187; x_wconf 76' lang='grc' dir='ltr'><strong>διὰ</strong></span> <span class='ocrx_word' id='word_1_571' title='bbox 3191 3136 3284 3186; x_wconf 84' lang='grc' dir='ltr'><strong>τοῦ</strong></span> <span class='ocrx_word' id='word_1_572' title='bbox 3321 3135 3601 3206; x_wconf 77' lang='grc' dir='ltr'><strong>προφήτου</strong></span> <span class='ocrx_word' id='word_1_573' title='bbox 3635 3135 3730 3187; x_wconf 83' lang='grc' dir='ltr'><strong>λέ-</strong></span> 
     </span>
    </p>
   </div>
   <div class='ocr_carea' id='block_1_79' title="bbox 2146 3225 3733 3300">
    <p class='ocr_par' dir='ltr' id='par_1_79' title="bbox 2146 3225 3733 3300">
     <span class='ocr_line' id='line_1_79' title="bbox 2146 3225 3733 3300; baseline -0.003 -16"><span class='ocrx_word' id='word_1_574' title='bbox 2146 3246 2365 3300; x_wconf 83' lang='grc' dir='ltr'><strong>γοντος·</strong></span> <span class='ocrx_word' id='word_1_575' title='bbox 2439 3230 2542 3284; x_wconf 72' lang='grc' dir='ltr'><strong>Ἐν</strong></span> <span class='ocrx_word' id='word_1_576' title='bbox 2591 3228 2666 3297; x_wconf 75' lang='grc' dir='ltr'><strong>τῇ</strong></span> <span class='ocrx_word' id='word_1_577' title='bbox 2707 3228 2902 3297; x_wconf 71' lang='grc' dir='ltr'><strong>ἡμέρᾳ</strong></span> <span class='ocrx_word' id='word_1_578' title='bbox 2951 3227 3155 3295; x_wconf 76' lang='grc' dir='ltr'><strong>ἐκείνῃ</strong></span> <span class='ocrx_word' id='word_1_579' title='bbox 3195 3227 3367 3280; x_wconf 73' lang='grc' dir='ltr'><strong>ἔσται</strong></span> <span class='ocrx_word' id='word_1_580' title='bbox 3390 3226 3458 3280; x_wconf 86' lang='grc' dir='ltr'><strong>τὸ</strong></span> <span class='ocrx_word' id='word_1_581' title='bbox 3479 3225 3579 3280; x_wconf 72' lang='grc' dir='ltr'><strong>ἐπὶ</strong></span> <span class='ocrx_word' id='word_1_582' title='bbox 3620 3227 3733 3280; x_wconf 77' lang='grc' dir='ltr'><strong>τοῦ</strong></span> 
     </span>
    </p>
   </div>
   <div class='ocr_carea' id='block_1_80' title="bbox 2145 3315 3732 3394">
    <p class='ocr_par' dir='ltr' id='par_1_80' title="bbox 2145 3315 3732 3394">
     <span class='ocr_line' id='line_1_80' title="bbox 2145 3315 3732 3394; baseline -0.004 -15"><span class='ocrx_word' id='word_1_583' title='bbox 2145 3321 2401 3394; x_wconf 79' lang='grc' dir='ltr'><strong>χαλινοῦ</strong></span> <span class='ocrx_word' id='word_1_584' title='bbox 2423 3323 2614 3376; x_wconf 78' lang='grc' dir='ltr'><strong>ἵππου</strong></span> <span class='ocrx_word' id='word_1_585' title='bbox 2634 3321 2678 3353; x_wconf 71' lang='grc'><strong>⁵⁷</strong></span> <span class='ocrx_word' id='word_1_586' title='bbox 2706 3321 2881 3391; x_wconf 82' lang='grc' dir='ltr'><strong>ἅγιον</strong></span> <span class='ocrx_word' id='word_1_587' title='bbox 2912 3318 2994 3384; x_wconf 81' lang='grc' dir='ltr'><strong>τῷ</strong></span> <span class='ocrx_word' id='word_1_588' title='bbox 3030 3319 3225 3387; x_wconf 82' lang='grc' dir='ltr'><strong>Κυρίῳ</strong></span> <span class='ocrx_word' id='word_1_589' title='bbox 3259 3315 3732 3387; x_wconf 76' lang='grc' dir='ltr'><strong>παντοκράτορι.</strong></span> 
     </span>
    </p>
   </div>
   <div class='ocr_carea' id='block_1_81' title="bbox 2155 3410 3732 3484">
    <p class='ocr_par' dir='ltr' id='par_1_81' title="bbox 2155 3410 3732 3484">
     <span class='ocr_line' id='line_1_81' title="bbox 2155 3410 3732 3484; baseline -0.003 -16"><span class='ocrx_word' id='word_1_590' title='bbox 2155 3416 2214 3468; x_wconf 86' lang='lat'><strong>&#39;0</strong></span> <span class='ocrx_word' id='word_1_591' title='bbox 2249 3414 2305 3468; x_wconf 84' lang='grc' dir='ltr'><strong>δὲ</strong></span> <span class='ocrx_word' id='word_1_592' title='bbox 2354 3414 2518 3477; x_wconf 84' lang='grc' dir='ltr'><strong>αὐτὸς</strong></span> <span class='ocrx_word' id='word_1_593' title='bbox 2568 3412 2928 3484; x_wconf 76' lang='grc' dir='ltr'><strong>πανεύφημος</strong></span> <span class='ocrx_word' id='word_1_594' title='bbox 2965 3411 3371 3473; x_wconf 83' lang='grc' dir='ltr'><strong>Κωνσταντῖνος</strong></span> <span class='ocrx_word' id='word_1_595' title='bbox 3406 3410 3616 3482; x_wconf 72' lang='grc' dir='ltr'><strong>ἔγραψε</strong></span> <span class='ocrx_word' id='word_1_596' title='bbox 3649 3413 3732 3484; x_wconf 80' lang='grc' dir='ltr'><strong>τῷ</strong></span> 
     </span>
    </p>
   </div>
   <div class='ocr_carea' id='block_1_82' title="bbox 2145 3503 3730 3576">
    <p class='ocr_par' dir='ltr' id='par_1_82' title="bbox 2145 3503 3730 3576">
     <span class='ocr_line' id='line_1_82' title="bbox 2145 3503 3730 3576; baseline -0.001 -19"><span class='ocrx_word' id='word_1_597' title='bbox 2145 3504 2454 3576; x_wconf 82' lang='grc' dir='ltr'><strong>φερωνύμῳ</strong></span> <span class='ocrx_word' id='word_1_598' title='bbox 2484 3503 2528 3536; x_wconf 68' lang='grc'><strong>⁸⁸</strong></span> <span class='ocrx_word' id='word_1_599' title='bbox 2554 3505 2825 3575; x_wconf 85' lang='grc' dir='ltr'>Μακαρίῳ</span> <span class='ocrx_word' id='word_1_600' title='bbox 2856 3503 3204 3557; x_wconf 78' lang='grc' dir='ltr'><strong>ἐπισπεύδειν</strong></span> <span class='ocrx_word' id='word_1_601' title='bbox 3227 3505 3293 3574; x_wconf 78' lang='grc' dir='ltr'><strong>τῇ</strong></span> <span class='ocrx_word' id='word_1_602' title='bbox 3321 3503 3602 3575; x_wconf 68' lang='grc' dir='ltr'><strong>οἰκοδομῇ,</strong></span> <span class='ocrx_word' id='word_1_603' title='bbox 3628 3505 3730 3558; x_wconf 77' lang='grc' dir='ltr'><strong>καὶ</strong></span> 
     </span>
    </p>
   </div>
   <div class='ocr_carea' id='block_1_83' title="bbox 2140 3593 3727 3670">
    <p class='ocr_par' dir='ltr' id='par_1_83' title="bbox 2140 3593 3727 3670">
     <span class='ocr_line' id='line_1_83' title="bbox 2140 3593 3727 3670; baseline -0.005 -17"><span class='ocrx_word' id='word_1_604' title='bbox 2140 3600 2378 3670; x_wconf 82' lang='grc' dir='ltr'><strong>ἄρχοντα</strong></span> <span class='ocrx_word' id='word_1_605' title='bbox 2403 3596 2498 3650; x_wconf 79' lang='grc' dir='ltr'><strong>τοῦ</strong></span> <span class='ocrx_word' id='word_1_606' title='bbox 2535 3596 2700 3668; x_wconf 76' lang='grc' dir='ltr'><strong>ἔργου</strong></span> <span class='ocrx_word' id='word_1_607' title='bbox 2726 3595 3016 3649; x_wconf 80' lang='grc' dir='ltr'><strong>ἀπέστειλε</strong></span> <span class='ocrx_word' id='word_1_608' title='bbox 3056 3593 3194 3664; x_wconf 79' lang='grc' dir='ltr'><strong>μετὰ</strong></span> <span class='ocrx_word' id='word_1_609' title='bbox 3251 3593 3532 3663; x_wconf 78' lang='grc' dir='ltr'><strong>δαψιλείας</strong></span> <span class='ocrx_word' id='word_1_610' title='bbox 3583 3611 3727 3666; x_wconf 86' lang='grc' dir='ltr'><strong>χρη-</strong></span> 
     </span>
    </p>
   </div>
   <div class='ocr_carea' id='block_1_84' title="bbox 2142 3685 3729 3761">
    <p class='ocr_par' dir='ltr' id='par_1_84' title="bbox 2142 3685 3729 3761">
     <span class='ocr_line' id='line_1_84' title="bbox 2142 3685 3729 3761; baseline -0.004 -16"><span class='ocrx_word' id='word_1_611' title='bbox 2142 3691 2348 3761; x_wconf 84' lang='grc' dir='ltr'><strong>μάτων,</strong></span> <span class='ocrx_word' id='word_1_612' title='bbox 2400 3687 2664 3752; x_wconf 85' lang='grc' dir='ltr'><strong>κελεύσας</strong></span> <span class='ocrx_word' id='word_1_613' title='bbox 2691 3686 2863 3750; x_wconf 77' lang='grc' dir='ltr'><strong>οὕτως</strong></span> <span class='ocrx_word' id='word_1_614' title='bbox 2911 3686 3201 3756; x_wconf 80' lang='grc' dir='ltr'><strong>κτισθῆναι</strong></span> <span class='ocrx_word' id='word_1_615' title='bbox 3252 3687 3380 3749; x_wconf 81' lang='grc' dir='ltr'><strong>τοὺς</strong></span> <span class='ocrx_word' id='word_1_616' title='bbox 3409 3685 3601 3755; x_wconf 79' lang='grc' dir='ltr'><strong>ἁγίους</strong></span> <span class='ocrx_word' id='word_1_617' title='bbox 3636 3686 3729 3738; x_wconf 86' lang='grc' dir='ltr'><strong>τό·-</strong></span> 
     </span>
    </p>
   </div>
   <div class='ocr_carea' id='block_1_85' title="bbox 2138 3777 3724 3853">
    <p class='ocr_par' dir='ltr' id='par_1_85' title="bbox 2138 3777 3724 3853">
     <span class='ocr_line' id='line_1_85' title="bbox 2138 3777 3724 3853; baseline -0.004 -16"><span class='ocrx_word' id='word_1_618' title='bbox 2138 3800 2292 3848; x_wconf 78' lang='grc' dir='ltr'><strong>πους,</strong></span> <span class='ocrx_word' id='word_1_619' title='bbox 2341 3783 2416 3846; x_wconf 84' lang='grc' dir='ltr'><strong>ὡς</strong></span> <span class='ocrx_word' id='word_1_620' title='bbox 2457 3781 2532 3853; x_wconf 84' lang='grc' dir='ltr'><strong>μὴ</strong></span> <span class='ocrx_word' id='word_1_621' title='bbox 2581 3777 2720 3836; x_wconf 79' lang='grc' dir='ltr'><strong>εἶναι</strong></span> <span class='ocrx_word' id='word_1_622' title='bbox 2779 3779 3037 3850; x_wconf 84' lang='grc' dir='ltr'><strong>τοιαύτην</strong></span> <span class='ocrx_word' id='word_1_623' title='bbox 3089 3777 3357 3850; x_wconf 82' lang='grc' dir='ltr'><strong>καλλονὴν</strong></span> <span class='ocrx_word' id='word_1_624' title='bbox 3414 3778 3474 3831; x_wconf 80' lang='grc' dir='ltr'><strong>ἐν</strong></span> <span class='ocrx_word' id='word_1_625' title='bbox 3525 3777 3622 3849; x_wconf 75' lang='grc' dir='ltr'><strong>ὅλῃ</strong></span> <span class='ocrx_word' id='word_1_626' title='bbox 3652 3781 3724 3849; x_wconf 72' lang='grc' dir='ltr'><strong>τῇ</strong></span> 
     </span>
    </p>
   </div>
   <div class='ocr_carea' id='block_1_86' title="bbox 2134 3869 3725 3946">
    <p class='ocr_par' dir='ltr' id='par_1_86' title="bbox 2134 3869 3725 3946">
     <span class='ocr_line' id='line_1_86' title="bbox 2134 3869 3725 3946; baseline -0.004 -16"><span class='ocrx_word' id='word_1_627' title='bbox 2134 3876 2449 3946; x_wconf 78' lang='grc' dir='ltr'><strong>οἰκουμένῃ,</strong></span> <span class='ocrx_word' id='word_1_628' title='bbox 2477 3874 2694 3945; x_wconf 75' lang='grc' dir='ltr'><strong>γράψας</strong></span> <span class='ocrx_word' id='word_1_629' title='bbox 2723 3872 2956 3944; x_wconf 82' lang='grc' dir='ltr'><strong>ἡγεμόσι</strong></span> <span class='ocrx_word' id='word_1_630' title='bbox 2979 3871 3077 3940; x_wconf 75' lang='grc' dir='ltr'><strong>τῆς</strong></span> <span class='ocrx_word' id='word_1_631' title='bbox 3104 3870 3371 3939; x_wconf 80' lang='grc' dir='ltr'><strong>ἐπαρχίας</strong></span> <span class='ocrx_word' id='word_1_632' title='bbox 3397 3869 3725 3941; x_wconf 80' lang='grc' dir='ltr'><strong>συνδραμεῖν</strong></span> 
     </span>
    </p>
   </div>
   <div class='ocr_carea' id='block_1_87' title="bbox 2144 3954 3729 4035">
    <p class='ocr_par' dir='ltr' id='par_1_87' title="bbox 2144 3954 3729 4035">
     <span class='ocr_line' id='line_1_87' title="bbox 2144 3954 3729 4035; baseline -0.004 -17"><span class='ocrx_word' id='word_1_633' title='bbox 2144 3967 2254 4028; x_wconf 83' lang='grc' dir='ltr'><strong>τοῖς</strong></span> <span class='ocrx_word' id='word_1_634' title='bbox 2289 3966 2470 4035; x_wconf 80' lang='grc' dir='ltr'><strong>ἔργοις</strong></span> <span class='ocrx_word' id='word_1_635' title='bbox 2519 3963 2827 4026; x_wconf 87' lang='grc' dir='ltr'><strong>σπουδαίως</strong></span> <span class='ocrx_word' id='word_1_636' title='bbox 2880 3963 2944 4015; x_wconf 70' lang='grc' dir='ltr'>ὲκ</span> <span class='ocrx_word' id='word_1_637' title='bbox 2978 3960 3070 4014; x_wconf 80' lang='grc' dir='ltr'><strong>τοῦ</strong></span> <span class='ocrx_word' id='word_1_638' title='bbox 3097 3958 3360 4030; x_wconf 87' lang='grc' dir='ltr'><strong>δημοσίου</strong></span> <span class='ocrx_word' id='word_1_639' title='bbox 3395 3958 3576 4028; x_wconf 83' lang='grc' dir='ltr'><strong>λόγου.</strong></span> <span class='ocrx_word' id='word_1_640' title='bbox 3610 3954 3729 4012; x_wconf 84' lang='grc' dir='ltr'><strong>Ἦν</strong></span> 
     </span>
    </p>
   </div>
   <div class='ocr_carea' id='block_1_88' title="bbox 2141 4047 3726 4126">
    <p class='ocr_par' dir='ltr' id='par_1_88' title="bbox 2141 4047 3726 4126">
     <span class='ocr_line' id='line_1_88' title="bbox 2141 4047 3726 4126; baseline -0.007 -15"><span class='ocrx_word' id='word_1_641' title='bbox 2141 4057 2198 4111; x_wconf 81' lang='grc' dir='ltr'><strong>δὲ</strong></span> <span class='ocrx_word' id='word_1_642' title='bbox 2221 4059 2250 4110; x_wconf 85' lang='grc' dir='ltr'><strong>ὁ</strong></span> <span class='ocrx_word' id='word_1_643' title='bbox 2279 4055 2532 4126; x_wconf 78' lang='grc' dir='ltr'><strong>βασιλεὺς</strong></span> <span class='ocrx_word' id='word_1_644' title='bbox 2562 4053 2806 4126; x_wconf 86' lang='grc' dir='ltr'><strong>φαιδρῶς</strong></span> <span class='ocrx_word' id='word_1_645' title='bbox 2840 4052 3118 4125; x_wconf 79' lang='grc' dir='ltr'><strong>ἑορτάζων</strong></span> <span class='ocrx_word' id='word_1_646' title='bbox 3153 4052 3248 4104; x_wconf 75' lang='grc' dir='ltr'><strong>καὶ</strong></span> <span class='ocrx_word' id='word_1_647' title='bbox 3278 4047 3617 4122; x_wconf 77' lang='grc' dir='ltr'><strong>εὐχαριστῶν</strong></span> <span class='ocrx_word' id='word_1_648' title='bbox 3643 4048 3726 4119; x_wconf 82' lang='grc' dir='ltr'><strong>τῷ</strong></span> 
     </span>
    </p>
   </div>
   <div class='ocr_carea' id='block_1_89' title="bbox 2139 4139 3727 4220">
    <p class='ocr_par' dir='ltr' id='par_1_89' title="bbox 2139 4139 3727 4220">
     <span class='ocr_line' id='line_1_89' title="bbox 2139 4139 3727 4220; baseline -0.006 -18"><span class='ocrx_word' id='word_1_649' title='bbox 2139 4147 2260 4219; x_wconf 82' lang='grc' dir='ltr'><strong>Θεῷ</strong></span> <span class='ocrx_word' id='word_1_650' title='bbox 2285 4147 2362 4220; x_wconf 83' lang='grc' dir='ltr'><strong>τῷ</strong></span> <span class='ocrx_word' id='word_1_651' title='bbox 2392 4150 2682 4219; x_wconf 85' lang='grc' dir='ltr'><strong>ποιήσαντι</strong></span> <span class='ocrx_word' id='word_1_652' title='bbox 2733 4145 2960 4200; x_wconf 81' lang='grc' dir='ltr'><strong>τοιαῦτα</strong></span> <span class='ocrx_word' id='word_1_653' title='bbox 3009 4143 3191 4214; x_wconf 75' lang='grc' dir='ltr'><strong>ἀγαθὰ</strong></span> <span class='ocrx_word' id='word_1_654' title='bbox 3222 4145 3279 4197; x_wconf 71' lang='grc' dir='ltr'><strong>ὲν</strong></span> <span class='ocrx_word' id='word_1_655' title='bbox 3335 4145 3450 4204; x_wconf 86' lang='grc' dir='ltr'><strong>τοῖς</strong></span> <span class='ocrx_word' id='word_1_656' title='bbox 3506 4139 3727 4212; x_wconf 86' lang='grc' dir='ltr'><strong>χρόνοις</strong></span> 
     </span>
    </p>
   </div>
   <div class='ocr_carea' id='block_1_90' title="bbox 2145 4239 2336 4294">
    <p class='ocr_par' dir='ltr' id='par_1_90' title="bbox 2145 4239 2336 4294">
     <span class='ocr_line' id='line_1_90' title="bbox 2145 4239 2336 4294; baseline 0 0"><span class='ocrx_word' id='word_1_657' title='bbox 2145 4239 2336 4294; x_wconf 81' lang='grc' dir='ltr'><strong>αὑτοῦ.</strong></span> 
     </span>
    </p>
   </div>
   <div class='ocr_carea' id='block_1_91' title="bbox 526 4401 2042 4495">
    <p class='ocr_par' dir='ltr' id='par_1_91' title="bbox 526 4401 2032 4489">
     <span class='ocr_line' id='line_1_91' title="bbox 526 4401 2032 4489; baseline 0.006 -21"><span class='ocrx_word' id='word_1_658' title='bbox 526 4413 730 4471; x_wconf 84' lang='lat' dir='ltr'><strong>Eodem</strong></span> <span class='ocrx_word' id='word_1_659' title='bbox 755 4429 900 4471; x_wconf 86' lang='lat' dir='ltr'><strong>anno</strong></span> <span class='ocrx_word' id='word_1_660' title='bbox 928 4423 1080 4471; x_wconf 81' lang='lat' dir='ltr'><strong>tanto</strong></span> <span class='ocrx_word' id='word_1_661' title='bbox 1104 4416 1335 4472; x_wconf 86' lang='lat' dir='ltr'><strong>nomine</strong></span> <span class='ocrx_word' id='word_1_662' title='bbox 1367 4417 1564 4489; x_wconf 90' lang='lat' dir='ltr'><strong>dignus</strong></span> <span class='ocrx_word' id='word_1_663' title='bbox 1597 4401 1870 4477; x_wconf 84' lang='lat' dir='ltr'><strong>Macarius</strong></span> <span class='ocrx_word' id='word_1_664' title='bbox 1903 4421 2032 4477; x_wconf 79' lang='lat' dir='ltr'><strong>Ilie-</strong></span> 
     </span>
    </p>
   </div>
   <div class='ocr_carea' id='block_1_92' title="bbox 2147 4401 3729 4495">
    <p class='ocr_par' dir='ltr' id='par_1_92' title="bbox 2214 4410 3729 4489">
     <span class='ocr_line' id='line_1_92' title="bbox 2214 4410 3729 4489; baseline -0.003 -20"><span class='ocrx_word' id='word_1_665' title='bbox 2214 4414 2306 4487; x_wconf 81' lang='grc' dir='ltr'>Τῷ</span> <span class='ocrx_word' id='word_1_666' title='bbox 2337 4415 2383 4470; x_wconf 78' lang='grc' dir='ltr'><strong>δ’</strong></span> <span class='ocrx_word' id='word_1_667' title='bbox 2411 4415 2560 4489; x_wconf 78' lang='grc' dir='ltr'><strong>αὐτῷ</strong></span> <span class='ocrx_word' id='word_1_668' title='bbox 2589 4414 2700 4470; x_wconf 80' lang='grc' dir='ltr'><strong>ἐτει</strong></span> <span class='ocrx_word' id='word_1_669' title='bbox 2725 4415 2820 4470; x_wconf 70' lang='grc' dir='ltr'>καὶ</span> <span class='ocrx_word' id='word_1_670' title='bbox 2842 4413 2888 4448; x_wconf 59' lang='grc' dir='ltr'><strong>ι’</strong></span> <span class='ocrx_word' id='word_1_671' title='bbox 2913 4413 2941 4468; x_wconf 83' lang='grc' dir='ltr'><strong>ό</strong></span> <span class='ocrx_word' id='word_1_672' title='bbox 2962 4410 3286 4487; x_wconf 80' lang='grc' dir='ltr'><strong>φερώνυμος</strong></span> <span class='ocrx_word' id='word_1_673' title='bbox 3304 4412 3592 4484; x_wconf 82' lang='grc' dir='ltr'><strong>Μακάριος</strong></span> <span class='ocrx_word' id='word_1_674' title='bbox 3606 4413 3729 4486; x_wconf 75' lang='grc'><strong>(61)</strong></span> 
     </span>
    </p>
   </div>
   <div class='ocr_carea' id='block_1_93' title="bbox 526 4553 1261 4626">
    <p class='ocr_par' dir='ltr' id='par_1_93' title="bbox 526 4553 1261 4626">
     <span class='ocr_line' id='line_1_93' title="bbox 526 4553 1261 4626; baseline 0.004 -19"><span class='ocrx_word' id='word_1_675' title='bbox 526 4566 552 4595; x_wconf 80' lang='grc' dir='ltr'>ι</span> <span class='ocrx_word' id='word_1_676' title='bbox 580 4553 748 4610; x_wconf 81' lang='lat' dir='ltr'><strong>Zach.</strong></span> <span class='ocrx_word' id='word_1_677' title='bbox 773 4555 1062 4626; x_wconf 52' lang='grc' dir='ltr'><strong>κινήματα</strong></span> <span class='ocrx_word' id='word_1_678' title='bbox 1089 4553 1261 4610; x_wconf 79' lang='lat' dir='ltr'><strong>LXX.</strong></span> 
     </span>
    </p>
   </div>
   <div class='ocr_carea' id='block_1_94' title="bbox 1757 4648 2436 4714">
    <p class='ocr_par' dir='ltr' id='par_1_94' title="bbox 1757 4648 2436 4714">
     <span class='ocr_line' id='line_1_94' title="bbox 1757 4648 2436 4714; baseline 0.006 -10"><span class='ocrx_word' id='word_1_679' title='bbox 1757 4648 1991 4706; x_wconf 63' lang='lat' dir='ltr'><strong>\‘ARIE</strong></span> <span class='ocrx_word' id='word_1_680' title='bbox 2038 4648 2436 4714; x_wconf 73' lang='lat' dir='ltr'><strong>LECTIONES.</strong></span> 
     </span>
    </p>
   </div>
   <div class='ocr_carea' id='block_1_95' title="bbox 526 4741 1653 4827">
    <p class='ocr_par' dir='ltr' id='par_1_95' title="bbox 526 4741 1653 4827">
     <span class='ocr_line' id='line_1_95' title="bbox 526 4741 1653 4827; baseline 0.001 -31"><span class='ocrx_word' id='word_1_681' title='bbox 526 4741 573 4775; x_wconf 84' lang='grc'><strong><em>³⁸</em></strong></span> <span class='ocrx_word' id='word_1_682' title='bbox 603 4745 1027 4827; x_wconf 39' lang='grc' dir='ltr'><strong>κατασκάψαλᾼ</strong></span> <span class='ocrx_word' id='word_1_683' title='bbox 1054 4761 1104 4827; x_wconf 62' lang='lat' dir='ltr'><strong>e.</strong></span> <span class='ocrx_word' id='word_1_684' title='bbox 1181 4745 1229 4778; x_wconf 81' lang='lat'><strong>”</strong></span> <span class='ocrx_word' id='word_1_685' title='bbox 1251 4744 1560 4827; x_wconf 57' lang='grc' dir='ltr'><strong>ἀπορρίψω</strong></span> <span class='ocrx_word' id='word_1_686' title='bbox 1587 4745 1653 4798; x_wconf 83' lang='grc' dir='ltr'><strong>Α.</strong></span> 
     </span>
    </p>
   </div>
   <div class='ocr_carea' id='block_1_96' title="bbox 455 4811 823 4884">
    <p class='ocr_par' dir='ltr' id='par_1_96' title="bbox 455 4811 823 4884">
     <span class='ocr_line' id='line_1_96' title="bbox 455 4811 823 4884; baseline 0.011 -20"><span class='ocrx_word' id='word_1_687' title='bbox 455 4811 651 4884; x_wconf 73' lang='grc' dir='ltr'><strong>ῑλκυσε</strong></span> <span class='ocrx_word' id='word_1_688' title='bbox 677 4816 823 4884; x_wconf 84' lang='lat' dir='ltr'><strong>vulg.</strong></span> 
     </span>
    </p>
   </div>
   <div class='ocr_carea' id='block_1_97' title="bbox 452 4881 1074 4964">
    <p class='ocr_par' dir='ltr' id='par_1_97' title="bbox 452 4881 1074 4964">
     <span class='ocr_line' id='line_1_97' title="bbox 452 4881 1074 4964; baseline 0.003 -28"><span class='ocrx_word' id='word_1_689' title='bbox 452 4881 642 4964; x_wconf 61' lang='lat' dir='ltr'><strong>vatiam</strong></span> <span class='ocrx_word' id='word_1_690' title='bbox 663 4881 961 4964; x_wconf 68' lang='grc' dir='ltr'><strong>τεθνηκυίᾳ</strong></span> <span class='ocrx_word' id='word_1_691' title='bbox 1061 4924 1074 4938; x_wconf 91' lang='grc'><strong>.</strong></span> 
     </span>
    </p>
   </div>
   <div class='ocr_carea' id='block_1_98' title="bbox 451 4955 919 5027">
    <p class='ocr_par' dir='ltr' id='par_1_98' title="bbox 451 4955 919 5027">
     <span class='ocr_line' id='line_1_98' title="bbox 451 4955 919 5027; baseline 0.011 -22"><span class='ocrx_word' id='word_1_692' title='bbox 451 4955 547 5008; x_wconf 78' lang='grc' dir='ltr'><strong>τοῦ</strong></span> <span class='ocrx_word' id='word_1_693' title='bbox 573 4955 741 5007; x_wconf 78' lang='grc' dir='ltr'><strong>ἵππου</strong></span> <span class='ocrx_word' id='word_1_694' title='bbox 776 4955 919 5027; x_wconf 83' lang='lat' dir='ltr'><strong>vulg.</strong></span> 
     </span>
    </p>
   </div>
   <div class='ocr_carea' id='block_1_99' title="bbox 928 4813 3408 4919">
    <p class='ocr_par' dir='ltr' id='par_1_99' title="bbox 928 4813 3408 4919">
     <span class='ocr_line' id='line_1_99' title="bbox 928 4813 3408 4919; baseline 0 -51"><span class='ocrx_word' id='word_1_695' title='bbox 928 4815 976 4847; x_wconf 72' lang='lat'>“</span> <span class='ocrx_word' id='word_1_696' title='bbox 1009 4816 1269 4919; x_wconf 54' lang='grc' dir='ltr'><strong>ξκὰτερεν</strong></span> <span class='ocrx_word' id='word_1_697' title='bbox 1305 4813 1417 4919; x_wconf 62' lang='grc' dir='ltr'><strong>τῶν</strong></span> <span class='ocrx_word' id='word_1_698' title='bbox 1469 4813 1720 4919; x_wconf 63' lang='grc' dir='ltr'><strong>σταυρῶν</strong></span> <span class='ocrx_word' id='word_1_699' title='bbox 1763 4816 1860 4919; x_wconf 50' lang='grc' dir='ltr'><strong>τὸν</strong></span> <span class='ocrx_word' id='word_1_700' title='bbox 1889 4813 1938 4872; x_wconf 82' lang='grc' dir='ltr'><strong>δ.</strong></span> <span class='ocrx_word' id='word_1_701' title='bbox 1966 4813 2056 4918; x_wconf 43' lang='grc' dir='ltr'><strong>ιᾹ,</strong></span> <span class='ocrx_word' id='word_1_702' title='bbox 2089 4813 2506 4919; x_wconf 49' lang='grc' dir='ltr'><strong>ἑκατέρωντέῖιν</strong></span> <span class='ocrx_word' id='word_1_703' title='bbox 2538 4813 2620 4872; x_wconf 59' lang='lat' dir='ltr'><strong>ei.</strong></span> <span class='ocrx_word' id='word_1_704' title='bbox 2654 4815 2725 4870; x_wconf 76' lang='grc' dir='ltr'><strong>τὰ</strong></span> <span class='ocrx_word' id='word_1_705' title='bbox 2752 4813 2885 4883; x_wconf 79' lang='grc' dir='ltr'><strong>ξύλα</strong></span> <span class='ocrx_word' id='word_1_706' title='bbox 2928 4818 2990 4919; x_wconf 49' lang='grc' dir='ltr'>τέ</span> <span class='ocrx_word' id='word_1_707' title='bbox 3018 4817 3177 4872; x_wconf 86' lang='grc' dir='ltr'><strong>δεσπ.</strong></span> <span class='ocrx_word' id='word_1_708' title='bbox 3218 4813 3408 4919; x_wconf 60' lang='lat' dir='ltr'><strong>&#39;vulg.&quot;</strong></span> 
     </span>
     <span class='ocr_line' id='line_1_100' title="bbox 928 4885 3272 4919; baseline 0 0"><span class='ocrx_word' id='word_1_709' title='bbox 928 4902 956 4919; x_wconf 74' lang='grc' dir='ltr'><em>η</em></span> <span class='ocrx_word' id='word_1_710' title='bbox 1266 4902 1334 4919; x_wconf 70' lang='grc' dir='ltr'><strong>νη</strong></span> <span class='ocrx_word' id='word_1_711' title='bbox 1389 4886 1540 4919; x_wconf 61' lang='lat' dir='ltr'><strong>nvi-nc</strong></span> <span class='ocrx_word' id='word_1_712' title='bbox 1575 4901 1657 4919; x_wconf 71' lang='grc' dir='ltr'><strong>ιιι,</strong></span> <span class='ocrx_word' id='word_1_713' title='bbox 1725 4902 1787 4919; x_wconf 70' lang='grc' dir='ltr'><strong>ον</strong></span> <span class='ocrx_word' id='word_1_714' title='bbox 1993 4890 2011 4917; x_wconf 75' lang='lat' dir='ltr'><strong>tl</strong></span> <span class='ocrx_word' id='word_1_715' title='bbox 2052 4885 2145 4919; x_wconf 65' lang='grc' dir='ltr'><strong>ηιλῆ</strong></span> <span class='ocrx_word' id='word_1_716' title='bbox 2201 4887 2368 4919; x_wconf 59' lang='lat' dir='ltr'><strong>mna-3m</strong></span> <span class='ocrx_word' id='word_1_717' title='bbox 2491 4887 2544 4919; x_wconf 71' lang='lat' dir='ltr'><strong>in</strong></span> <span class='ocrx_word' id='word_1_718' title='bbox 2583 4902 2734 4919; x_wconf 69' lang='lat' dir='ltr'><strong>rnnnn</strong></span> <span class='ocrx_word' id='word_1_719' title='bbox 2815 4888 2914 4919; x_wconf 60' lang='grc' dir='ltr'><strong>οὗ..</strong></span> <span class='ocrx_word' id='word_1_720' title='bbox 2984 4903 3083 4919; x_wconf 68' lang='grc' dir='ltr'><strong>-.ιιι-</strong></span> <span class='ocrx_word' id='word_1_721' title='bbox 3142 4903 3209 4919; x_wconf 71' lang='grc' dir='ltr'><strong>νη</strong></span> <span class='ocrx_word' id='word_1_722' title='bbox 3242 4903 3272 4919; x_wconf 80' lang='grc' dir='ltr'>η</span> 
     </span>
    </p>
   </div>
   <div class='ocr_carea' id='block_1_100' title="bbox 997 4885 3723 5029">
    <p class='ocr_par' dir='ltr' id='par_1_100' title="bbox 997 4885 3723 5029">
     <span class='ocr_line' id='line_1_101' title="bbox 1009 4885 3723 4960; baseline 0 -23"><span class='ocrx_word' id='word_1_723' title='bbox 1009 4887 1074 4938; x_wconf 76' lang='grc' dir='ltr'><strong>Α.</strong></span> <span class='ocrx_word' id='word_1_724' title='bbox 1180 4885 1231 4919; x_wconf 58' lang='grc'><strong>⁷⁸⁵</strong></span> <span class='ocrx_word' id='word_1_725' title='bbox 1266 4888 1360 4938; x_wconf 77' lang='grc' dir='ltr'><strong>καὶ</strong></span> <span class='ocrx_word' id='word_1_726' title='bbox 1389 4886 1543 4955; x_wconf 82' lang='lat' dir='ltr'><strong>prius</strong></span> <span class='ocrx_word' id='word_1_727' title='bbox 1573 4885 1700 4939; x_wconf 84' lang='lat' dir='ltr'><strong>add.</strong></span> <span class='ocrx_word' id='word_1_728' title='bbox 1725 4902 1790 4940; x_wconf 77' lang='lat' dir='ltr'><strong>ex</strong></span> <span class='ocrx_word' id='word_1_729' title='bbox 1825 4888 1889 4939; x_wconf 83' lang='lat' dir='ltr'><strong>A.</strong></span> <span class='ocrx_word' id='word_1_730' title='bbox 1966 4886 2011 4918; x_wconf 68' lang='grc'>⁸⁸</span> <span class='ocrx_word' id='word_1_731' title='bbox 2052 4885 2145 4939; x_wconf 83' lang='grc' dir='ltr'><strong>τοῦ</strong></span> <span class='ocrx_word' id='word_1_732' title='bbox 2169 4885 2368 4954; x_wconf 77' lang='grc' dir='ltr'><strong>ἑαυτῆς</strong></span> <span class='ocrx_word' id='word_1_733' title='bbox 2404 4888 2448 4939; x_wconf 75' lang='grc' dir='ltr'><strong>Α</strong></span> <span class='ocrx_word' id='word_1_734' title='bbox 2491 4887 2544 4942; x_wconf 91' lang='lat' dir='ltr'><strong>in</strong></span> <span class='ocrx_word' id='word_1_735' title='bbox 2583 4902 2782 4956; x_wconf 89' lang='lat' dir='ltr'><strong>marg.,</strong></span> <span class='ocrx_word' id='word_1_736' title='bbox 2815 4888 2914 4958; x_wconf 86' lang='grc' dir='ltr'><strong>τῆς</strong></span> <span class='ocrx_word' id='word_1_737' title='bbox 2953 4888 3106 4942; x_wconf 82' lang='grc' dir='ltr'><strong>ὲαυτ.</strong></span> <span class='ocrx_word' id='word_1_738' title='bbox 3142 4885 3292 4960; x_wconf 85' lang='lat' dir='ltr'><strong>vulg.</strong></span> <span class='ocrx_word' id='word_1_739' title='bbox 3329 4885 3341 4888; x_wconf 57' lang='grc'><strong>⁷</strong></span> <span class='ocrx_word' id='word_1_740' title='bbox 3366 4887 3408 4919; x_wconf 75' lang='grc'><strong>⁸⁷</strong></span> <span class='ocrx_word' id='word_1_741' title='bbox 3452 4886 3620 4940; x_wconf 76' lang='grc' dir='ltr'><strong>ἵππου</strong></span> <span class='ocrx_word' id='word_1_742' title='bbox 3649 4889 3723 4952; x_wconf 78' lang='grc' dir='ltr'><strong>Α,</strong></span> 
     </span>
     <span class='ocr_line' id='line_1_102' title="bbox 997 4952 3023 5029; baseline 0.001 -21"><span class='ocrx_word' id='word_1_743' title='bbox 997 4952 1043 4986; x_wconf 78' lang='grc'><strong>⁸⁸</strong></span> <span class='ocrx_word' id='word_1_744' title='bbox 1075 4953 1151 5024; x_wconf 85' lang='grc' dir='ltr'><strong>τῷ</strong></span> <span class='ocrx_word' id='word_1_745' title='bbox 1182 4957 1490 5027; x_wconf 82' lang='grc' dir='ltr'><strong>φερωνύμῳ</strong></span> <span class='ocrx_word' id='word_1_746' title='bbox 1512 4956 1663 5010; x_wconf 64' lang='lat' dir='ltr'><strong>Man.</strong></span> <span class='ocrx_word' id='word_1_747' title='bbox 1695 4957 1760 5021; x_wconf 80' lang='grc' dir='ltr'><strong>Δ,</strong></span> <span class='ocrx_word' id='word_1_748' title='bbox 1794 4956 1871 5028; x_wconf 80' lang='grc' dir='ltr'><strong>τῷ</strong></span> <span class='ocrx_word' id='word_1_749' title='bbox 1903 4958 2053 5011; x_wconf 70' lang='lat' dir='ltr'><strong>Matt.</strong></span> <span class='ocrx_word' id='word_1_750' title='bbox 2081 4974 2206 5029; x_wconf 81' lang='grc' dir='ltr'><strong>φερ.</strong></span> <span class='ocrx_word' id='word_1_751' title='bbox 2258 4961 2405 5028; x_wconf 79' lang='lat' dir='ltr'><strong>vulg.</strong></span> <span class='ocrx_word' id='word_1_752' title='bbox 2509 4957 2556 4991; x_wconf 72' lang='grc' dir='ltr'><strong>δ’</strong></span> <span class='ocrx_word' id='word_1_753' title='bbox 2586 4958 2681 5010; x_wconf 69' lang='grc' dir='ltr'><strong>κα)⁸</strong></span> <span class='ocrx_word' id='word_1_754' title='bbox 2715 4957 2840 5014; x_wconf 85' lang='lat' dir='ltr'><strong>add.</strong></span> <span class='ocrx_word' id='word_1_755' title='bbox 2864 4973 2929 5013; x_wconf 77' lang='lat' dir='ltr'><strong>ex</strong></span> <span class='ocrx_word' id='word_1_756' title='bbox 2959 4959 3023 5011; x_wconf 78' lang='grc' dir='ltr'><strong>Δ.</strong></span> 
     </span>
    </p>
   </div>
   <div class='ocr_carea' id='block_1_101' title="bbox 1747 4743 3727 4828">
    <p class='ocr_par' dir='ltr' id='par_1_101' title="bbox 1747 4743 3727 4828">
     <span class='ocr_line' id='line_1_103' title="bbox 1747 4743 3727 4828; baseline 0.003 -30"><span class='ocrx_word' id='word_1_757' title='bbox 1747 4743 2072 4828; x_wconf 31' lang='grc' dir='ltr'><strong>δί’*κεχωσμ</strong></span> <span class='ocrx_word' id='word_1_758' title='bbox 2094 4747 2165 4828; x_wconf 56' lang='grc' dir='ltr'><strong>β,</strong></span> <span class='ocrx_word' id='word_1_759' title='bbox 2190 4745 2618 4828; x_wconf 36' lang='grc' dir='ltr'><strong>χςχωσμινυιε.</strong></span> <span class='ocrx_word' id='word_1_760' title='bbox 2696 4745 2859 4828; x_wconf 56' lang='grc' dir='ltr'><strong>ξιξίη</strong></span> <span class='ocrx_word' id='word_1_761' title='bbox 2890 4746 3138 4828; x_wconf 42' lang='grc' dir='ltr'><strong>Δηὲστὶν</strong></span> <span class='ocrx_word' id='word_1_762' title='bbox 3167 4745 3315 4828; x_wconf 68' lang='lat' dir='ltr'><strong>vulg.</strong></span> <span class='ocrx_word' id='word_1_763' title='bbox 3393 4745 3437 4778; x_wconf 67' lang='grc' dir='ltr'><strong>δ’</strong></span> <span class='ocrx_word' id='word_1_764' title='bbox 3467 4744 3727 4828; x_wconf 44' lang='lat' dir='ltr'><strong>Quae}.</strong></span> 
     </span>
    </p>
   </div>
   <div class='ocr_carea' id='block_1_102' title="bbox 3478 4816 3726 4868">
    <p class='ocr_par' dir='ltr' id='par_1_102' title="bbox 3478 4816 3726 4868">
     <span class='ocr_line' id='line_1_104' title="bbox 3478 4816 3726 4868; baseline -0.004 0"><span class='ocrx_word' id='word_1_765' title='bbox 3478 4816 3522 4847; x_wconf 74' lang='lat'><strong>“</strong></span> <span class='ocrx_word' id='word_1_766' title='bbox 3552 4816 3726 4868; x_wconf 81' lang='grc' dir='ltr'><strong>ἀσθε-</strong></span> 
     </span>
    </p>
   </div>
   <div class='ocr_carea' id='block_1_103' title="bbox 2509 4957 3023 5014">
    <p class='ocr_par' dir='ltr' id='par_1_103' title="bbox 2509 4957 3023 5014">
     <span class='ocr_line' id='line_1_105' title="bbox 2509 4957 3023 5014; baseline 0 -4"><span class='ocrx_word' id='word_1_767' title='bbox 2509 4957 2556 4991; x_wconf 76' lang='grc'><strong>⁶⁹</strong></span> <span class='ocrx_word' id='word_1_768' title='bbox 2586 4958 2681 5010; x_wconf 70' lang='grc' dir='ltr'><strong>κα)⁸</strong></span> <span class='ocrx_word' id='word_1_769' title='bbox 2715 4957 2840 5014; x_wconf 85' lang='lat' dir='ltr'><strong>add.</strong></span> <span class='ocrx_word' id='word_1_770' title='bbox 2864 4957 2929 5013; x_wconf 77' lang='lat' dir='ltr'><strong>ex</strong></span> <span class='ocrx_word' id='word_1_771' title='bbox 2959 4959 3023 5011; x_wconf 78' lang='grc' dir='ltr'><strong>Δ.</strong></span> 
     </span>
    </p>
   </div>
   <div class='ocr_carea' id='block_1_104' title="bbox 1747 5097 2418 5159">
    <p class='ocr_par' dir='ltr' id='par_1_104' title="bbox 1747 5097 2418 5159">
     <span class='ocr_line' id='line_1_106' title="bbox 1747 5097 2418 5159; baseline 0.007 -5"><span class='ocrx_word' id='word_1_772' title='bbox 1747 5097 1892 5157; x_wconf 65' lang='grc' dir='ltr'><strong>ΣΑΟι</strong></span> <span class='ocrx_word' id='word_1_773' title='bbox 1921 5100 2135 5157; x_wconf 81' lang='lat' dir='ltr'><strong>GOAIlI</strong></span> <span class='ocrx_word' id='word_1_774' title='bbox 2181 5099 2418 5159; x_wconf 69' lang='lat' dir='ltr'><strong>NOTAE.</strong></span> 
     </span>
    </p>
   </div>
   <div class='ocr_carea' id='block_1_105' title="bbox 517 5215 1930 5290">
    <p class='ocr_par' dir='ltr' id='par_1_105' title="bbox 517 5215 1930 5290">
     <span class='ocr_line' id='line_1_107' title="bbox 517 5215 1930 5290; baseline -0.001 -18"><span class='ocrx_word' id='word_1_775' title='bbox 517 5217 644 5290; x_wconf 56' lang='lat'><strong>4’59)</strong></span> <span class='ocrx_word' id='word_1_776' title='bbox 672 5215 1194 5290; x_wconf 33' lang='lat' dir='ltr'><strong>Maleeditum‘erat</strong></span> <span class='ocrx_word' id='word_1_777' title='bbox 1233 5218 1452 5274; x_wconf 74' lang='grc' dir='ltr'><strong>ἓλκυσε.</strong></span> <span class='ocrx_word' id='word_1_778' title='bbox 1487 5217 1778 5274; x_wconf 69' lang='lat' dir='ltr'><strong>Cor/rastris.</strong></span> <span class='ocrx_word' id='word_1_779' title='bbox 1893 5226 1930 5270; x_wconf 63' lang='grc' dir='ltr'><strong>ις</strong></span> 
     </span>
    </p>
   </div>
   <div class='ocr_carea' id='block_1_106' title="bbox 519 5287 2026 5360">
    <p class='ocr_par' dir='ltr' id='par_1_106' title="bbox 519 5287 2026 5360">
     <span class='ocr_line' id='line_1_108' title="bbox 519 5287 2026 5360; baseline 0.002 -17"><span class='ocrx_word' id='word_1_780' title='bbox 519 5287 632 5360; x_wconf 74' lang='grc'><strong>(40)</strong></span> <span class='ocrx_word' id='word_1_781' title='bbox 687 5287 978 5360; x_wconf 80' lang='lat' dir='ltr'><strong>Basilicam</strong></span> <span class='ocrx_word' id='word_1_782' title='bbox 1034 5287 1542 5360; x_wconf 62' lang='lat' dir='ltr'><strong>qonstantinianam</strong></span> <span class='ocrx_word' id='word_1_783' title='bbox 1597 5290 1880 5359; x_wconf 84' lang='lat' dir='ltr'><strong>intelligit,</strong></span> <span class='ocrx_word' id='word_1_784' title='bbox 1918 5290 2026 5346; x_wconf 89' lang='lat' dir='ltr'><strong>alio</strong></span> 
     </span>
    </p>
   </div>
   <div class='ocr_carea' id='block_1_107' title="bbox 449 5357 2024 5431">
    <p class='ocr_par' dir='ltr' id='par_1_107' title="bbox 449 5357 2024 5431">
     <span class='ocr_line' id='line_1_109' title="bbox 449 5357 2024 5431; baseline 0.003 -20"><span class='ocrx_word' id='word_1_785' title='bbox 449 5357 668 5431; x_wconf 85' lang='lat' dir='ltr'><strong>nomine</strong></span> <span class='ocrx_word' id='word_1_786' title='bbox 701 5357 1014 5431; x_wconf 65' lang='grc' dir='ltr'><strong>Μαρτύρων</strong></span> <span class='ocrx_word' id='word_1_787' title='bbox 1061 5358 1459 5431; x_wconf 71' lang='grc' dir='ltr'><strong>ῌὶοτοευιγιιιίε</strong></span> <span class='ocrx_word' id='word_1_788' title='bbox 1493 5361 1729 5431; x_wconf 80' lang='lat' dir='ltr'><strong>dictam.</strong></span> <span class='ocrx_word' id='word_1_789' title='bbox 1771 5357 1841 5415; x_wconf 81' lang='lat' dir='ltr'><strong>De</strong></span> <span class='ocrx_word' id='word_1_790' title='bbox 1875 5362 2024 5416; x_wconf 89' lang='lat' dir='ltr'><strong>hisce</strong></span> 
     </span>
    </p>
   </div>
   <div class='ocr_carea' id='block_1_108' title="bbox 449 5422 2024 5502">
    <p class='ocr_par' dir='ltr' id='par_1_108' title="bbox 449 5422 2024 5502">
     <span class='ocr_line' id='line_1_110' title="bbox 449 5422 2024 5502; baseline 0.003 -19"><span class='ocrx_word' id='word_1_791' title='bbox 449 5430 663 5499; x_wconf 71' lang='lat' dir='ltr'><strong>templis</strong></span> <span class='ocrx_word' id='word_1_792' title='bbox 704 5422 1012 5502; x_wconf 69' lang='lat' dir='ltr'><strong>Eusebius,</strong></span> <span class='ocrx_word' id='word_1_793' title='bbox 1059 5428 1138 5484; x_wconf 86' lang='lat' dir='ltr'><strong>De</strong></span> <span class='ocrx_word' id='word_1_794' title='bbox 1175 5422 1436 5485; x_wconf 67' lang='lat' dir='ltr'><strong>laudibus</strong></span> <span class='ocrx_word' id='word_1_795' title='bbox 1477 5429 1817 5486; x_wconf 76' lang='lat' dir='ltr'><strong>Constantini</strong></span> <span class='ocrx_word' id='word_1_796' title='bbox 1861 5433 2024 5502; x_wconf 85' lang='lat' dir='ltr'><strong>paulo</strong></span> 
     </span>
    </p>
   </div>
   <div class='ocr_carea' id='block_1_109' title="bbox 444 5499 856 5554">
    <p class='ocr_par' dir='ltr' id='par_1_109' title="bbox 444 5499 856 5554">
     <span class='ocr_line' id='line_1_111' title="bbox 444 5499 856 5554; baseline 0.002 0"><span class='ocrx_word' id='word_1_797' title='bbox 444 5509 571 5554; x_wconf 72' lang='lat' dir='ltr'><strong>ante</strong></span> <span class='ocrx_word' id='word_1_798' title='bbox 597 5499 856 5554; x_wconf 90' lang='lat' dir='ltr'><strong>medium.</strong></span> 
     </span>
    </p>
   </div>
   <div class='ocr_carea' id='block_1_110' title="bbox 516 5567 2020 5642">
    <p class='ocr_par' dir='ltr' id='par_1_110' title="bbox 516 5567 2020 5642">
     <span class='ocr_line' id='line_1_112' title="bbox 516 5567 2020 5642; baseline 0.004 -21"><span class='ocrx_word' id='word_1_799' title='bbox 516 5567 810 5642; x_wconf 48' lang='lat' dir='ltr'><strong>(“illanc</strong></span> <span class='ocrx_word' id='word_1_800' title='bbox 841 5568 1126 5642; x_wconf 77' lang='lat' dir='ltr'><strong>periodum</strong></span> <span class='ocrx_word' id='word_1_801' title='bbox 1155 5585 1184 5626; x_wconf 85' lang='lat' dir='ltr'><strong>a</strong></span> <span class='ocrx_word' id='word_1_802' title='bbox 1230 5568 1583 5627; x_wconf 88' lang='lat' dir='ltr'><strong>librariorum</strong></span> <span class='ocrx_word' id='word_1_803' title='bbox 1611 5570 1891 5642; x_wconf 90' lang='lat' dir='ltr'><strong>prioribus</strong></span> <span class='ocrx_word' id='word_1_804' title='bbox 1917 5587 2020 5627; x_wconf 93' lang='lat' dir='ltr'><strong>suo</strong></span> 
     </span>
    </p>
   </div>
   <div class='ocr_carea' id='block_1_111' title="bbox 2135 5219 3724 5290">
    <p class='ocr_par' dir='ltr' id='par_1_111' title="bbox 2135 5219 3724 5290">
     <span class='ocr_line' id='line_1_113' title="bbox 2135 5219 3724 5290; baseline 0.001 -15"><span class='ocrx_word' id='word_1_805' title='bbox 2135 5219 2358 5276; x_wconf 76' lang='lat' dir='ltr'><strong>Macarii</strong></span> <span class='ocrx_word' id='word_1_806' title='bbox 2394 5235 2597 5274; x_wconf 77' lang='lat' dir='ltr'><strong>annum</strong></span> <span class='ocrx_word' id='word_1_807' title='bbox 2643 5219 2731 5284; x_wconf 68' lang='grc' dir='ltr'><strong>ιε,</strong></span> <span class='ocrx_word' id='word_1_808' title='bbox 2760 5219 2885 5275; x_wconf 85' lang='lat' dir='ltr'><strong>aliae</strong></span> <span class='ocrx_word' id='word_1_809' title='bbox 2923 5233 3054 5274; x_wconf 90' lang='lat' dir='ltr'><strong>vero</strong></span> <span class='ocrx_word' id='word_1_810' title='bbox 3092 5226 3383 5290; x_wconf 83' lang='lat' dir='ltr'><strong>sequentes</strong></span> <span class='ocrx_word' id='word_1_811' title='bbox 3411 5231 3588 5274; x_wconf 88' lang='lat' dir='ltr'><strong>annos</strong></span> <span class='ocrx_word' id='word_1_812' title='bbox 3615 5235 3724 5290; x_wconf 87' lang='lat' dir='ltr'><strong>pa-</strong></span> 
     </span>
    </p>
   </div>
   <div class='ocr_carea' id='block_1_112' title="bbox 2135 5289 3726 5360">
    <p class='ocr_par' dir='ltr' id='par_1_112' title="bbox 2135 5289 3726 5360">
     <span class='ocr_line' id='line_1_114' title="bbox 2135 5289 3726 5360; baseline -0.001 -15"><span class='ocrx_word' id='word_1_813' title='bbox 2135 5293 2270 5345; x_wconf 89' lang='lat' dir='ltr'><strong>riter</strong></span> <span class='ocrx_word' id='word_1_814' title='bbox 2304 5290 2527 5346; x_wconf 85' lang='lat' dir='ltr'><strong>Macarii</strong></span> <span class='ocrx_word' id='word_1_815' title='bbox 2566 5290 2808 5360; x_wconf 90' lang='lat' dir='ltr'><strong>ejusdem</strong></span> <span class='ocrx_word' id='word_1_816' title='bbox 2837 5291 2904 5345; x_wconf 88' lang='lat' dir='ltr'><strong>ad</strong></span> <span class='ocrx_word' id='word_1_817' title='bbox 2934 5289 3256 5345; x_wconf 85' lang='lat' dir='ltr'><strong>vicesimum</strong></span> <span class='ocrx_word' id='word_1_818' title='bbox 3304 5304 3478 5359; x_wconf 86' lang='lat' dir='ltr'><strong>usque</strong></span> <span class='ocrx_word' id='word_1_819' title='bbox 3523 5289 3726 5347; x_wconf 71' lang='lat' dir='ltr'><strong>succe-</strong></span> 
     </span>
    </p>
   </div>
   <div class='ocr_carea' id='block_1_113' title="bbox 2133 5360 3723 5432">
    <p class='ocr_par' dir='ltr' id='par_1_113' title="bbox 2133 5360 3723 5432">
     <span class='ocr_line' id='line_1_115' title="bbox 2133 5360 3723 5432; baseline -0.001 -14"><span class='ocrx_word' id='word_1_820' title='bbox 2133 5363 2325 5418; x_wconf 90' lang='lat' dir='ltr'><strong>dentes</strong></span> <span class='ocrx_word' id='word_1_821' title='bbox 2358 5362 2646 5432; x_wconf 87' lang='lat' dir='ltr'><strong>indigitant</strong></span> <span class='ocrx_word' id='word_1_822' title='bbox 2678 5360 3005 5432; x_wconf 41' lang='lat' dir='ltr'><strong>{Maximus</strong></span> <span class='ocrx_word' id='word_1_823' title='bbox 3031 5370 3213 5432; x_wconf 90' lang='lat' dir='ltr'><strong>autem</strong></span> <span class='ocrx_word' id='word_1_824' title='bbox 3260 5361 3349 5416; x_wconf 87' lang='lat' dir='ltr'><strong>ille</strong></span> <span class='ocrx_word' id='word_1_825' title='bbox 3377 5363 3444 5416; x_wconf 90' lang='lat' dir='ltr'><strong>de</strong></span> <span class='ocrx_word' id='word_1_826' title='bbox 3470 5375 3580 5430; x_wconf 90' lang='lat' dir='ltr'><strong>quo</strong></span> <span class='ocrx_word' id='word_1_827' title='bbox 3623 5362 3723 5416; x_wconf 86' lang='lat' dir='ltr'><strong>hic</strong></span> 
     </span>
    </p>
   </div>
   <div class='ocr_carea' id='block_1_114' title="bbox 2133 5431 3726 5498">
    <p class='ocr_par' dir='ltr' id='par_1_114' title="bbox 2133 5431 3726 5498">
     <span class='ocr_line' id='line_1_116' title="bbox 2133 5431 3726 5498; baseline -0.004 -9"><span class='ocrx_word' id='word_1_828' title='bbox 2133 5447 2314 5489; x_wconf 88' lang='lat' dir='ltr'><strong>sermo</strong></span> <span class='ocrx_word' id='word_1_829' title='bbox 2354 5447 2499 5485; x_wconf 90' lang='lat' dir='ltr'><strong>anno</strong></span> <span class='ocrx_word' id='word_1_830' title='bbox 2549 5431 2734 5485; x_wconf 89' lang='lat' dir='ltr'><strong>mundi</strong></span> <span class='ocrx_word' id='word_1_831' title='bbox 2781 5431 2922 5487; x_wconf 71' lang='lat'><strong>5827</strong></span> <span class='ocrx_word' id='word_1_832' title='bbox 2956 5431 3328 5498; x_wconf 81' lang='lat' dir='ltr'><strong>pontiﬁcatum</strong></span> <span class='ocrx_word' id='word_1_833' title='bbox 3364 5432 3592 5497; x_wconf 89' lang='lat' dir='ltr'><strong>adeptus</strong></span> <span class='ocrx_word' id='word_1_834' title='bbox 3630 5448 3726 5483; x_wconf 77' lang='grc' dir='ltr'><strong>τι·-</strong></span> 
     </span>
    </p>
   </div>
   <div class='ocr_carea' id='block_1_115' title="bbox 2172 5499 3724 5570">
    <p class='ocr_par' dir='ltr' id='par_1_115' title="bbox 2172 5499 3724 5570">
     <span class='ocr_line' id='line_1_117' title="bbox 2172 5499 3724 5570; baseline 0 -16"><span class='ocrx_word' id='word_1_835' title='bbox 2172 5511 2516 5556; x_wconf 66' lang='lat' dir='ltr'><strong>rmsentatur.</strong></span> <span class='ocrx_word' id='word_1_836' title='bbox 2547 5500 2929 5558; x_wconf 84' lang='lat' dir='ltr'><strong>Consulendus</strong></span> <span class='ocrx_word' id='word_1_837' title='bbox 2956 5499 3224 5557; x_wconf 85' lang='lat' dir='ltr'><strong>Barouins</strong></span> <span class='ocrx_word' id='word_1_838' title='bbox 3247 5504 3312 5556; x_wconf 91' lang='lat' dir='ltr'><strong>ad</strong></span> <span class='ocrx_word' id='word_1_839' title='bbox 3335 5517 3425 5557; x_wconf 89' lang='lat' dir='ltr'><strong>an.</strong></span> <span class='ocrx_word' id='word_1_840' title='bbox 3449 5500 3576 5565; x_wconf 78' lang='lat'><strong>551,</strong></span> <span class='ocrx_word' id='word_1_841' title='bbox 3601 5514 3724 5570; x_wconf 83' lang='lat' dir='ltr'><strong>qun</strong></span> 
     </span>
    </p>
   </div>
   <div class='ocr_carea' id='block_1_116' title="bbox 2155 5572 3723 5643">
    <p class='ocr_par' dir='ltr' id='par_1_116' title="bbox 2155 5572 3723 5643">
     <span class='ocr_line' id='line_1_118' title="bbox 2155 5572 3723 5643; baseline -0.001 -17"><span class='ocrx_word' id='word_1_842' title='bbox 2155 5572 2348 5626; x_wconf 74' lang='lat' dir='ltr'><strong>lacarii</strong></span> <span class='ocrx_word' id='word_1_843' title='bbox 2375 5573 2625 5643; x_wconf 71' lang='lat' dir='ltr'><strong>signatur</strong></span> <span class='ocrx_word' id='word_1_844' title='bbox 2652 5573 2856 5637; x_wconf 85' lang='lat' dir='ltr'><strong>obitus,</strong></span> <span class='ocrx_word' id='word_1_845' title='bbox 2879 5583 2935 5629; x_wconf 87' lang='lat' dir='ltr'><strong>et</strong></span> <span class='ocrx_word' id='word_1_846' title='bbox 2959 5572 3088 5636; x_wconf 69' lang='lat'><strong>312,</strong></span> <span class='ocrx_word' id='word_1_847' title='bbox 3112 5587 3221 5642; x_wconf 90' lang='lat' dir='ltr'><strong>quo</strong></span> <span class='ocrx_word' id='word_1_848' title='bbox 3247 5574 3367 5642; x_wconf 89' lang='lat' dir='ltr'><strong>ejus</strong></span> <span class='ocrx_word' id='word_1_849' title='bbox 3387 5573 3456 5627; x_wconf 88' lang='lat' dir='ltr'><strong>ad</strong></span> <span class='ocrx_word' id='word_1_850' title='bbox 3489 5574 3723 5641; x_wconf 82' lang='lat' dir='ltr'><strong>pontili-</strong></span> 
     </span>
    </p>
   </div>
   <div class='ocr_carea' id='block_1_117' title="bbox 447 5637 3515 5715">
    <p class='ocr_par' dir='ltr' id='par_1_117' title="bbox 447 5637 3515 5715">
     <span class='ocr_line' id='line_1_119' title="bbox 447 5637 3515 5715; baseline 0.002 -23"><span class='ocrx_word' id='word_1_851' title='bbox 447 5638 569 5692; x_wconf 93' lang='lat' dir='ltr'><strong>loco</strong></span> <span class='ocrx_word' id='word_1_852' title='bbox 599 5637 764 5692; x_wconf 87' lang='lat' dir='ltr'><strong>nimia</strong></span> <span class='ocrx_word' id='word_1_853' title='bbox 795 5637 1067 5715; x_wconf 64' lang='grc' dir='ltr'><strong>προλήψει</strong></span> <span class='ocrx_word' id='word_1_854' title='bbox 1106 5649 1314 5715; x_wconf 86' lang='lat' dir='ltr'><strong>motam</strong></span> <span class='ocrx_word' id='word_1_855' title='bbox 1365 5643 1498 5699; x_wconf 88' lang='lat' dir='ltr'><strong>satis</strong></span> <span class='ocrx_word' id='word_1_856' title='bbox 1548 5637 2021 5715; x_wconf 78' lang='lat' dir='ltr'><strong>indicatsequens</strong></span> <span class='ocrx_word' id='word_1_857' title='bbox 2127 5652 2308 5702; x_wconf 82' lang='lat' dir='ltr'><strong>catum</strong></span> <span class='ocrx_word' id='word_1_858' title='bbox 2345 5637 2468 5713; x_wconf 68' lang='lat' dir='ltr'><strong>post</strong></span> <span class='ocrx_word' id='word_1_859' title='bbox 2498 5641 2826 5701; x_wconf 81' lang='lat' dir='ltr'><strong>Hermonem</strong></span> <span class='ocrx_word' id='word_1_860' title='bbox 2855 5637 3145 5715; x_wconf 52' lang='lat' dir='ltr'><strong>promotio&#39;</strong></span> <span class='ocrx_word' id='word_1_861' title='bbox 3165 5637 3515 5700; x_wconf 65' lang='lat' dir='ltr'><strong>describitur.</strong></span> 
     </span>
    </p>
   </div>
   <div class='ocr_carea' id='block_1_118' title="bbox 446 5711 2024 5785">
    <p class='ocr_par' dir='ltr' id='par_1_118' title="bbox 446 5711 2024 5785">
     <span class='ocr_line' id='line_1_120' title="bbox 446 5711 2024 5785; baseline 0.003 -22"><span class='ocrx_word' id='word_1_862' title='bbox 446 5721 724 5766; x_wconf 74' lang='lat' dir='ltr'><strong>annorum</strong></span> <span class='ocrx_word' id='word_1_863' title='bbox 765 5711 1062 5766; x_wconf 83' lang='lat' dir='ltr'><strong>canonium</strong></span> <span class='ocrx_word' id='word_1_864' title='bbox 1105 5721 1158 5770; x_wconf 86' lang='lat' dir='ltr'><strong>et</strong></span> <span class='ocrx_word' id='word_1_865' title='bbox 1201 5711 1580 5784; x_wconf 84' lang='lat' dir='ltr'><strong>episcoporum</strong></span> <span class='ocrx_word' id='word_1_866' title='bbox 1627 5711 1876 5779; x_wconf 41' lang='lat' dir='ltr'><strong>tabula,’</strong></span> <span class='ocrx_word' id='word_1_867' title='bbox 1905 5728 2024 5785; x_wconf 68' lang='lat' dir='ltr'><strong>qua:</strong></span> 
     </span>
    </p>
   </div>
  </div>
