4050 6206
502 277 602 341 139

1866 279 2217 340 TIIEOPIIA
2227 280 2273 340 Ν
2282 282 2351 341 IS

3638 284 3741 351 «140

498 396 677 451 erant,
706 389 794 458 qui
830 404 923 459 per
956 387 1178 457 collapsi
1231 389 1372 442 muri
1406 389 1641 452 ruinam,
1703 389 1942 445 admotis
1981 404 2061 444 ar-

2171 395 2620 464 παραστήσαντες
2667 396 2791 461 τοὺς
2832 394 3131 464 ἐλέφαντας
3182 396 3439 459 ἐνόπλους
3466 438 3480 461 ,
3520 397 3612 450 καὶ
3650 397 3739 451 τὸν

502 478 663 531 matis
727 478 1051 546 elephantis,
1110 487 1164 531 ct
1224 479 1372 532 omni
1433 478 1809 534 machinarum
1871 496 2070 552 genere

500 580 705 633 parato,
731 572 876 625 acies
903 571 1200 625 instructas
1235 571 1376 626 bello
1406 575 1691 629 ardentius
1746 576 2069 630 incumbere

497 662 881 726 sollicitantes‘,
953 662 1259 731 ingressum
1327 664 1379 717 in
1444 665 1632 720 urbem
1694 665 2066 721 minabantur.

496 753 707 806 Exinde
734 768 861 807 vero
894 753 1046 808 urbis
1074 756 1332 811 custodiae
1363 757 1604 827 deputati
1643 759 1842 814 milites
1896 760 2068 813 victo-

494 845 631 896 riam
654 844 841 898 divino
867 855 1000 900 nutu
1037 862 1355 903 concessam
1394 850 1571 918 adepti
1631 859 1780 905 sunt.
1842 849 2065 920 Disjecti

493 936 691 1004 quippe
710 936 853 990 muri
889 937 1009 992 loco
1036 941 1184 993 omni
1226 955 1505 996 armorum
1531 956 1730 1012 genere
1750 943 2063 1005 obstructo,

491 1027 758 1096 plurimos
812 1030 1127 1099 elephantus
1178 1034 1398 1102 onagris
1432 1033 1839 1091 interfecerunt.
1902 1033 2064 1090 Non-

492 1120 626 1173 nulli
665 1120 903 1177 hostium
946 1122 997 1176 in
1033 1122 1303 1178 fossarum
1340 1125 1566 1181 lacunas
1626 1127 1783 1197 lapsi,
1823 1128 1914 1182 alii
1949 1128 2061 1181 for-

492 1213 617 1267 titer
647 1215 871 1284 repulsi,
905 1224 1051 1269 retro
1074 1218 1214 1271 versi
1248 1228 1377 1271 sunt
1415 1218 1467 1270 in
1505 1217 1711 1288 fugam,
1746 1221 1884 1275 adeo
1914 1231 1969 1275 ut
1998 1236 2065 1275 ex

490 1306 683 1362 eorum
726 1307 953 1363 armatis
997 1309 1269 1366 militibus
1321 1326 1487 1381 supra
1521 1312 1709 1367 decem
1743 1313 1913 1367 millia
1938 1316 2064 1370 caesi

490 1399 969 1455 desiderarentur:
997 1402 1238 1471 reliquos
1272 1403 1475 1458 fulmen
1504 1405 1721 1461 coalitus
1749 1406 2062 1461 immissum

488 1490 767 1558 dispersit,
790 1501 844 1544 et
874 1492 1186 1562 caliginosae
1204 1494 1457 1562 nubes,et
1486 1496 1781 1551 eil'usorum
1807 1497 2063 1552 imbrium

458 1639 465 1665 θ
487 1581 713 1646 diluvia,
751 1582 1164 1654 tonitruumque
1190 1586 1407 1642 sonitus
1428 1598 1658 1645 cunctos
1684 1598 1833 1644 tanto
1855 1600 2064 1645 terrore

459 1664 769 1743 iperculsit',
810 1684 871 1730 ut
906 1690 972 1731 eo
1029 1677 1216 1746 plures
1263 1680 1563 1735 exanimati
1612 1682 1778 1736 vitam
1845 1682 2063 1753 penitus

487 1766 818 1821 amitterent.
852 1766 1079 1823 Talibus
1112 1770 1277 1840 igitur
1310 1773 1579 1841 angustiis
1616 1772 1853 1828 Sabores
1893 1789 2064 1829 novus

408 1927 415 1933 _
488 1856 701 1910 Pharao
731 1858 1083 1922 constrictos,
1119 1860 1348 1916 terroris
1380 1862 1486 1917 sibi
1533 1862 1741 1917 incussi
1809 1861 2064 1919 ﬂuctibus

488 1948 906 2004 absorbebatur.
960 1950 1233 2017 Quocirca
1292 1952 1561 2022 conjectis
1614 1953 1683 2007 ad
1741 1969 1865 2009 eam
1914 1955 2063 2009 muri

491 2048 697 2108 partem
756 2057 879 2110 quae
907 2043 1146 2113 collapsa
1171 2054 1310 2110 erat,
1347 2046 1548 2112 oculis,
1583 2046 1840 2117 angelum
1875 2048 2061 2117 splen-

485 2130 614 2184 dido
642 2131 903 2187 amictum
946 2145 1143 2188 ornatu
1176 2150 1390 2190 summa
1420 2137 1473 2189 in
1528 2145 1684 2206 parte
1717 2145 1976 2201 stantem,
2008 2146 2063 2192 et

483 2219 870 2275 Constantium
900 2222 1282 2292 imperatorem
1317 2241 1479 2279 manu
1536 2235 1807 2281 tenentem
1839 2228 2062 2295 conspi-

479 2310 579 2364 cit.
606 2310 724 2376 Quo
757 2312 875 2366 viso
896 2314 1257 2370 conturbatus
1308 2317 1481 2385 magis
1538 2326 1767 2371 mortem
1820 2318 2062 2372 minatus

472 2403 671 2461 .esLllli
691 2406 925 2474 portenti
950 2422 1115 2462 causa
1134 2408 1352 2478 cognita
1368 2410 1475 2463 vim
1497 2409 1618 2480 ejus
1632 2411 1895 2480 majorem
1918 2425 2059 2476 esse,

481 2513 646 2566 quam
665 2513 786 2567 qua:
814 2499 1058 2568 superari
1080 2501 1399 2569 posset,regi
1416 2502 1667 2556 nuntiare
1678 2504 2056 2557 decreverunt.

479 2589 716 2644 Causam
748 2590 931 2657 itaque
962 2590 1191 2660 periculi
1244 2592 1494 2659 edoctus,
1546 2594 1854 2665 majorique
1914 2602 2056 2647 metu

482 2684 727 2749 territus,
757 2683 984 2739 bellicas
1029 2684 1309 2740 machinas
1364 2686 1637 2753 comburi,
1692 2696 2059 2753 caeterumque

476 2786 697 2829 omnem
748 2784 1069 2845 apparatum
1122 2777 1421 2831 comminui
1481 2786 1538 2831 et
1599 2778 1850 2832 inutilem
1903 2776 2055 2830 reddi

475 2864 665 2935 jussit.
689 2865 810 2936 Ipse
841 2882 974 2923 vero
1000 2882 1123 2923 cum
1153 2867 1269 2923 suis
1292 2866 1417 2938 fuga
1452 2868 1684 2938 patriam
1728 2868 2058 2936 insequeba—

2171 484 2328 553 ὀχλον
2376 485 2822 556 εύτρεπέσαντες,
2861 490 3150 560 προσέχειν
3210 488 3635 561 ἐμϐριθέστερον
3666 488 3739 559 τῷ

2171 575 2415 648 πολέμῳ,
2454 579 2818 647 μαγγανείαις
2857 596 2913 633 τε
2944 581 3248 643 παντοίαις.
3283 580 3345 633 Οἱ
3384 579 3439 633 δὲ
3467 580 3565 650 τὴν
3590 580 3740 633 πόλιν

2172 669 2539 739 φρουροῦντες
2589 672 2920 741 στρατιῶται
2981 671 3230 725 ἐντεῦθεν
3282 673 3382 742 τὴν
3433 672 3590 741 νίκην
3650 671 3741 725 τοῦ

2169 760 2306 814 Θεοῦ
2340 762 2567 833 προνοίᾳ
2594 762 2881 832 ἐσχήκασι,
2909 765 2999 815 τόν
3030 781 3086 816 τε
3115 764 3283 816 τόπον
3312 762 3589 833 ἐπλήρουν
3616 779 3744 815 παν-

2168 852 2333 917 τοίοις
2362 853 2567 916 ὅπλοις.
2618 854 2904 924 Ὀνάγροις
2934 855 2989 907 δέ
3032 856 3160 917 τοὺς
3191 855 3412 917 πλείους
3446 854 3743 922 ἐλέφαντας

2168 945 2502 999 ἀπέκτειναν
2538 946 2669 1016 (l3).
2707 946 2924 1012 Ἐτεροι
2988 946 3043 999 δὲ
3095 948 3153 999 ἐν
3188 950 3299 1010 τοῖς
3352 946 3744 1016 καταπὰλμασι

2166 1036 2275 1090 τῶν
2305 1038 2527 1109 τάφρων
2568 1038 2860 1091 ἐνέπεσονο
2918 1038 3068 1092 ἄλλοι
3125 1039 3180 1091 δὲ
3225 1038 3589 1108 κρουσθέντες
3639 1037 3745 1090 ἀπ·

2172 1129 2527 1200 εστράφησαν
2551 1131 2628 1191 εἰς
2655 1130 2723 1182 τὰ
2754 1129 2927 1181 ὀπίσω
2946 1130 3010 1195 ’⁸,
3028 1129 3121 1183 καὶ
3154 1130 3291 1200 ὑπὲρ
3317 1129 3545 1199 μυρίους
3570 1127 3747 1182 αὐτῶν

2166 1220 2382 1273 ὁπλῖται
2448 1221 2744 1276 ἀπέθανον.
2782 1222 2908 1283 Τοῖς
2957 1220 3014 1274 δὲ
3048 1221 3256 1284 λοιποῖς
3302 1222 3545 1291 σκηπτὸς
3574 1221 3743 1292 οὐρα-

2166 1310 2320 1363 νόθεν
2377 1311 2615 1363 ἐπέπεσε
2668 1312 2731 1374 ³⁸,
2771 1312 2866 1365 καλ⁸
2909 1310 3152 1379 νεφελῶν
3210 1312 3257 1342 ’⁸
3307 1310 3599 1379 γνοφωδῶν
3655 1314 3747 1364 καὶ

2166 1400 2339 1453 ὑετῶν
2376 1401 2593 1473 λαύρων
2646 1403 2689 1433 ’⁸
2728 1403 2821 1455 καὶ
2862 1401 3100 1473 βροντῶν
3148 1404 3320 1470 φωναὶ
3374 1404 3622 1465 ἅπαντας
3663 1402 3749 1467 ἐξ·

2166 1492 2454 1563 ἐπληττον,
2486 1494 2562 1557 ὡς
2603 1495 2728 1557 τοὺς
2764 1494 2981 1556 πλείους
3031 1493 3110 1564 τῷ
3161 1493 3311 1563 φόϐῳ
3354 1493 3745 1564 διαφθαρῆναι.

2165 1585 2440 1640 Πάντοθεν
2478 1587 2535 1640 δὲ
2577 1588 2605 1640 ό
2660 1586 2781 1649 νέος
2825 1587 3024 1655 Φαραὼ
3075 1584 3339 1655 Σαϐώρης
3389 1584 3747 1655 στενούμενος

2165 1678 2366 1748 ἡττᾶτο
2404 1680 2518 1741 τοῖς
2546 1677 2641 1730 τοῦ
2674 1677 2842 1747 φόόου
2877 1677 2923 1708 ⁸³
2962 1676 3203 1746 κύμασιν
3223 1692 3237 1705 ο
3263 1675 3321 1739 ὃς
3350 1675 3604 1740 ἀτενίσας
3637 1678 3749 1741 τοῖς

2165 1765 2465 1835 ὀφθαλμοῖς
2493 1766 2604 1835 (14)
2639 1766 2774 1836 πρὸς
2815 1766 2877 1818 τὸ
2934 1765 3246 1820 καταπεσόν
3290 1764 3338 1796 ²³
3368 1766 3459 1818 τοῦ
3491 1766 3702 1836 τείχους
3727 1806 3745 1830 ,

2162 1858 2266 1927 ὀρᾴ
2299 1856 2534 1923 ἄγγελον
2577 1857 2673 1911 ἐπὶ
2712 1858 2772 1910 τὸ
2808 1857 2978 1929 ἄκρον
3022 1857 3236 1910 ἑστῶτα
3288 1857 3561 1927 λαμπρῶς
3593 1859 3749 1912 ἐστο-

2162 1948 2438 2018 λισμένον,
2472 1949 2567 2001 καὶ
2610 1948 2761 2018 παρὰ
2818 1950 2980 2017 χεῖρα
3035 1947 3130 2000 τὸν
3183 1946 3407 2015 βασιλέα
3454 1947 3749 2001 Κωνστάν-

2162 2058 2277 2094 τιον
2301 2042 2347 2081 ’δ
2377 2042 2708 2110 κρατοῦντα’
2730 2039 2791 2102 ὀς
2834 2039 3039 2101 εύθίως
3065 2036 3381 2108 ταραχθεὶς,
3413 2039 3525 2101 τοῖς
3552 2037 3751 2108 μάγοις

2162 2133 2396 2187 θάνατον
2428 2132 2669 2201 ⁴ίιπείλει.
2712 2131 2994 2194 Μαθόντες
3051 2129 3108 2183 δέ
3142 2129 3239 2200 τὴν
3284 2130 3487 2195 αἰτίαν,
3518 2127 3746 2198 διεγνώ-

2160 2240 2355 2277 κεισαν
2407 2222 2502 2276 τοῦ
2555 2221 2818 2291 φανέντος
2870 2219 2967 2292 τὴν
3030 2220 3260 2290 δύναμιν
3317 2220 3642 2291 ἑρμηνεύειν
3666 2220 3751 2291 τῷ

2165 2317 2395 2388 βασιλεῖ,
2432 2317 2508 2379 ὡς
2552 2313 2784 2385 μείζων,
2832 2315 2864 2385 ἢ
2898 2313 3019 2367 κατ’
3048 2314 3266 2376 αὐτούς.
3311 2311 3413 2384 [Δι’
3458 2307 3526 2385 ἧς
3554 2312 3625 2386 ¹⁸]
3662 2315 3751 2367 ἐν.

2162 2408 2352 2462 τεῦθεν
2378 2408 2632 2476 ἐπιγνοὺς
2661 2405 2754 2460 τοῦ
2789 2406 3038 2461 κινδύνου
3066 2406 3165 2477 τὴν
3199 2407 3405 2470 αἰτίαν,
3441 2406 3536 2459 καὶ
3573 2405 3749 2476 ἐμφο-

2162 2502 2256 2565 6ος
2276 2502 2566 2571 γενόμενος
2595 2501 2662 2562 ’⁸,
2700 2501 2955 2554 ἐκέλευσε
2980 2500 3050 2553 τά
3075 2518 3130 2554 τε
3159 2502 3201 2531 ⁸⁷
3235 2499 3491 2570 μάγγανα
3516 2499 3744 2569 καῆναι,

2164 2594 2259 2646 καὶ
2293 2594 2393 2646 ὅσα
2430 2593 2564 2662 πρὸς
2601 2591 2698 2661 τὴν
2733 2590 2829 2644 τοῦ
2862 2591 3098 2661 πολέμου
3138 2590 3494 2661 παρασκευὴν
3538 2590 3746 2660 ηὐτρέ-

2164 2701 2291 2737 πισε
2346 2683 2682 2751 διαλυθῆναι.
2740 2684 2912 2747 Αύτός
2958 2684 3015 2736 δὲ
3070 2685 3168 2737 σὺν
3215 2685 3328 2746 τοῖς
3388 2683 3535 2745 ἰδίοις
3591 2683 3744 2751 φυγῇ

2163 2775 2354 2828 ἐδίωκε
2405 2776 2503 2845 τὴν
2539 2774 2776 2847 πατρίδα
2820 2774 2980 2830 “.....
3036 2774 3306 2847 πρότερον
3345 2774 3569 2844 λοιμικῇ
3596 2772 3746 2842 νόσῳ

2158 2865 2573 2936 διαφθαρέντες.

477 2972 587 3026 tur,
622 2973 732 3029 quo
762 2967 1057 3029 antequam
1079 2961 1449 3028 pervenirent,
1480 2960 2039 3031 plurimipestilentiaa
2071 2961 2264 3013 morbo
2293 2959 2600 3029 consumpti
2645 2968 2793 3013 sunt.

475 3110 480 3114 ,
552 3052 621 3108 Α.
661 3051 731 3111 C.
780 3051 906 3108 342.
941 3080 1011 3093 —
1039 3050 1153 3106 Hoc
1194 3067 1339 3106 anno
1379 3051 1736 3108 Constantius
1782 3052 2061 3120 Augustus

2235 3051 2299 3102 A.
2337 3051 2413 3103 Μ.
2470 3050 2629 3105 5842.
2662 3080 2730 3092 -
2759 3048 2947 3119 Τούτῳ
3006 3049 3086 3119 τῷ
3140 3048 3251 3103 ἐτει
3298 3051 3679 3117 Κωνστάντιος
3717 3054 3751 3106 6

478 3157 608 3201 cum
638 3142 788 3198 solus
812 3141 1189 3197 moderaretur
1217 3141 1526 3211 imperium,
1548 3142 1761 3197 Gallum
1782 3142 2062 3197 consobri-

478 3251 609 3293 num
635 3235 910 3292 Caesarem
973 3234 1349 3290 renuntiatum
1387 3233 1649 3304 collegam
1701 3234 1912 3304 imperii
1960 3234 2057 3288 de-

477 3327 742 3394 claravit:
797 3325 1083 3395 eidemque
1134 3326 1442 3384 Constantii
1492 3327 1716 3382 nomine
1777 3327 2055 3396 imposito,

478 3428 662 3486 Persis
692 3427 994 3482 etiamnum
1028 3418 1170 3481 bello
1213 3418 1561 3495 pioviticiam
1590 3419 1771 3478 adhuc
1812 3418 2059 3475 vexanti-

475 3521 672 3587 bus,in
701 3518 1002 3585 Orientem,
1033 3532 1225 3574 versus
1241 3515 1607 3581 Antiochiam,
1637 3514 1806 3569 misit.

548 3615 611 3669 A.
638 3612 703 3668 C.
733 3608 1053 3666 nun—Hoc
1070 3624 1217 3664 anno
1236 3608 1687 3664 tumultuatisunt
1706 3603 2057 3658 inl‘alaestina

472 3702 1021 3773 Judaei,etplurimus
1038 3713 1150 3758 tum
1164 3702 1639 3767 Graecorunycum
1672 3700 1833 3753 etiam
1865 3698 2060 3751 Sama-

472 3800 704 3854 ritarum
740 3795 1063 3867 alienigenis
1112 3791 1472 3861 interemptis,
1516 3790 1615 3860 ipsi
1647 3789 1915 3844 demuma
1943 3787 2056 3841 Ro-

474 3906 637 3947 mano
658 3891 901 3947 exercitu
930 3888 997 3943 ad
1014 3886 1261 3941 ultimam
1287 3882 1715 3938 internecionem
1736 3880 1861 3936 caesi
1881 3888 2013 3935 sunt
2038 3896 2053 3934 :

473 3988 825 4055 ipsorumque
843 3980 1037 4037 civitas
1071 3978 1410 4033 Diocaesarea
1447 3975 1642 4032 deleta.

544 4160 660 4217 lloc
687 4161 877 4216 eodem
911 4172 1056 4213 anno
1082 4154 1434 4211 Constantius
1456 4151 1673 4206 Liberio
1725 4149 1963 4220 pontiﬁci
1996 4148 2062 4205 de

476 4250 961 4310 consubstantialis
1012 4247 1120 4301 iide
1145 4245 1321 4316 deque
1350 4241 1634 4298 Athanasii
1663 4241 1897 4312 negotiis
1923 4241 2058 4297 scri-

472 4345 622 4400 benti
672 4343 911 4414 graviter
945 4337 1221 4401 infensus,
1284 4333 1566 4403 rescriptis
1595 4332 1812 4388 adeum
1853 4334 2058 4400 missis,

2167 3140 2481 3211 Αὔγουστος
2531 3142 2643 3214 (15)
2699 3143 2855 3213 μόνος
2917 3141 3242 3213 βασιλεύων,
3290 3142 3491 3197 Γάλλον
3522 3145 3750 3214 ἀνεψιὸν

2167 3232 2299 3285 ἴδιον
2339 3233 2382 3265 ⁸⁸
2438 3233 2696 3286 κοινωνὸν
2740 3233 2839 3302 τῆς
2890 3232 3087 3287 ἑαυτοῦ
3150 3232 3431 3303 βασιλείας
3479 3236 3745 3308 Καίσαρα

2164 3322 2541 3393 ἀναγορεύσας
2568 3366 2583 3389 ,
2631 3325 2725 3377 καὶ
2768 3326 3143 3395 μετονομάσας
3176 3326 3219 3357 ³ο
3249 3327 3412 3380 αὑτὸν
3446 3328 3751 3381 Κωνστάν-

2163 3428 2299 3478 τιον,
2352 3414 2410 3467 ἐν
2456 3417 2523 3485 τῇ
2564 3414 2822 3484 Ἀνατολῇ
2884 3414 3172 3468 ἀπέστειλε
3227 3417 3368 3469 κατὰ
3409 3418 3506 3487 τὴν
3542 3418 3753 3471 Ἀντιό-

2162 3523 2336 3577 χειαν.
2369 3506 2478 3560 τῶν
2522 3507 2747 3577 Περσῶν
2780 3506 2862 3560 ἔτι
2894 3507 3280 3576 ἐπικειμένων.

2236 3599 2299 3652 Α.
2327 3599 2397 3653 Μ.
2431 3599 2592 3654 5845.
2616 3629 2673 3639 -—
2697 3599 2883 3669 Τούτῳ
2902 3601 2979 3669 τῷ
3002 3598 3111 3652 ἐτει
3129 3601 3179 3652 oi
3202 3599 3344 3653 κατὰ
3377 3598 3750 3667 Παλαιστίνην

2176 3689 2420 3743 Ἰουδαῖοι
2453 3689 2564 3760 (16)
2596 3690 2839 3762 ἀντῆραν
2862 3706 2874 3719 ·
2898 3690 2992 3742 καὶ
3040 3688 3271 3754 πολλοὺς
3299 3689 3407 3743 τῶν
3446 3689 3626 3743 ἄλλων
3649 3690 3747 3743 ἐθ-

2164 3780 2272 3834 νῶν
2306 3780 2373 3845 ",
2417 3780 2683 3852 Ἑλλήνων
2713 3797 2773 3833 τε
2823 3780 2916 3833 καὶ
2950 3780 3326 3851 Σαμαρειτῶν,
3365 3779 3579 3834 ἀνεῖλον
3600 3796 3614 3811 ο
3647 3782 3752 3836 καὶ

2165 3873 2321 3927 αὐτοὶ
2352 3873 2409 3927 δὲ
2439 3873 2703 3941 παγγενεὶ
2746 3871 2851 3925 ὑπὸ
2891 3870 2988 3924 τοῦ
3043 3871 3278 3942 στρατοῦ
3319 3871 3608 3942 Ῥωμαίων
3649 3873 3753 3925 ἁν-

2162 3964 2461 4037 ῃρέθησαν,
2509 3964 2604 4018 καὶ
2631 3965 2663 4035 ἡ
2695 3963 2849 4027 πόλις
2878 3962 3057 4017 αὐτῶν
3110 3962 3495 4037 Διοκαισάρεια
3525 3964 3570 3996 ³⁸
3602 3964 3751 4033 ἠφα-

2161 4055 2339 4127 νίσθη.

2233 4147 2324 4219 Τῷ
2347 4148 2394 4202 δ’
2432 4147 2580 4219 αὐτῷ
2623 4148 2734 4201 ἔτει
2768 4150 3145 4212 Κωνστὰντιος
3184 4147 3424 4219 Διϐερίῳ
3455 4146 3565 4218 (l7)
3608 4145 3747 4215 γρά·

2159 4242 2324 4313 ψαντι
2349 4238 2486 4309 πρὸς
2520 4240 2681 4294 αὐτὸν
2702 4241 2833 4313 περὶ
2864 4241 2909 4273 ³³
2928 4241 3020 4294 τοῦ
3046 4241 3335 4313 ὀμοουσίου
3359 4241 3451 4293 καὶ
3477 4238 3569 4292 τοῦ
3593 4235 3751 4308 ίεροῦ

2174 4330 2491 4389 Ἀθανασίου
2516 4331 2810 4404 θυμωθεὶς,
2833 4333 2929 4388 atati.
2950 4333 3279 4398 ἀποστείλας
3299 4331 3530 4402 ἐξώρισε
3557 4328 3757 4383 τοῦτον

1715 4491 1952 4549 VARUS
2012 4491 2422 4559 LECTIONES,

588 4622 629 4653 ¹⁸
658 4619 726 4675 τὰ
784 4614 960 4670 ὀπίσω
1022 4613 1063 4667 Λ
1090 4654 1105 4679 ,
1146 4609 1386 4680 τούπίσῳ
1438 4607 1583 4680 vulg.

472 4691 631 4748 codd.
685 4704 785 4761 pro
834 4687 1070 4761 λάϐρων.

475 4741 737 4814 ἆὶἇῦἐιοῖιῘ
761 4741 1084 4826 -κρατόῦντα
1105 4753 1171 4826 Α,
1202 4741 1508 4826 κρατοῦντα
1551 4751 1765 4826 Κωνστ.
1808 4741 1992 4826 vulgi,
2024 4752 2441 4826 Ktovc‘cavﬁv‘ov
2472 4749 2611 4826 alii._
2658 4749 2704 4779 ’⁵
2731 4748 2799 4801 δι’
2830 4741 2898 4826 ᾖς
2920 4744 3157 4826 om._a_lii
3189 4744 3349 4798 codd.

471 4829 585 4901 νος]
630 4820 868 4901 moves;
919 4825 1007 4877 alii
1033 4820 1318 4901 £0:_ltl._""
1355 4820 1425 4901 τά
1484 4835 1543 4871 τε
1602 4820 1895 4901 μάιῖίγανα]Δ
1911 4820 1978 4873 τὰ
2010 4821 2422 4901 τεταγμέναιΑ.

1875 4888 1895 4920 ⁰
1922 4888 2295 4961 μετονομάσας
2315 4890 2361 4941 Α
2389 4907 2439 4952 e,
2460 4888 2750 4961 ὀνομάσας
2766 4888 2927 4961 _vulg.

440 4890 960 4975 'neq‘ueexplet‘ttr.
1032 4894 1077 4975 ’ξ
1107 4891 1487 4975 ἀνεψιξνιίξιον
1521 4904 1661 4975 om.“
1688 4890 1738 4943 b.

443 4984 447 4993 ‘
469 4963 579 5025 τῶν
629 4963 929 5021 ἀλλοεθνῶν
989 4963 1135 5032 vulg.

1691 4608 1732 4640 "
1771 4608 1995 4662 ἐνέπεσε
2028 4625 2089 4674 e,
2139 4608 2333 4664 ἔπεσεν
2391 4607 2456 4661 Α.
2541 4608 2585 4640 ²⁰
2614 4607 2789 4677 νεφῶν
2868 4605 2958 4660 alii
3013 4605 3174 4677 codd.

1183 4681 1227 4712 "
1255 4675 1575 4751 τῆςλφόϐοῐ)
1626 4677 1750 4733 Par.
1817 4679 1864 4710 ’³
1885 4678 1971 4751 τῷ
1991 4681 2352 4734 καταπεσόντι
2410 4675 3178 4751 αιίἰᾲγοοιιόξητδηκαταπεσόν
3225 4675 3413 4751 τιι-Δ.

1251 4962 1295 4991 ³⁸
1325 4960 1415 5011 Διὸ
1474 4962 1568 5012 καὶ
1624 4959 1979 5030 Σαμάρειαήει
2026 4963 2081 5015 in
2123 4959 2317 5030 marg.

3279 4604 3319 4635 ²¹
3363 4601 3631 4676 λαύρωνλί
3668 4604 3771 4657 εἰς·

3444 4741 3491 4774 ’⁸
3516 4744 3760 4813 γενόμε-

2524 4819 2569 4850 ¹⁸
2601 4820 2790 4872 lacuna
2844 4813 2897 4870 in
2960 4816 3120 4871 codd.
3180 4829 3358 4880 neque
3425 4813 3758 4876 adnotatur,

3002 4888 3041 4918 ³¹
3084 4883 3193 4938 τῶν
3215 4882 3389 4938 ἄλλων
3415 4883 3585 4937 ἐθνῶν
3609 4885 3657 4937 Α
3687 4898 3720 4936 e
3741 4922 3758 4946 ,

2428 4960 2473 4992 ³³
2500 4958 2649 5029 περὶ]
2687 4958 2825 5027 ὑπὲρ
2864 4962 2931 5013 Δ.

1790 5099 1937 5157 JAC.
1974 5099 2186 5158 COARI
2226 5099 2458 5157 ΝΟΤιλΕ.

543 5224 661 5295 (15)
689 5223 875 5295 Genus
908 5218 1181 5276 machina:
1203 5217 1685 5295 diruendisnmuris
1707 5227 1918 5295 aptum,
1955 5217 2056 5289 ἅρ-

471 5288 605 5361 παξ,
631 5293 814 5360 Suid.,
847 5300 905 5347 at
941 5300 998 5346 et
1027 5290 1290 5361 tutandis,
1327 5288 1417 5343 ubi
1438 5288 1529 5361 illi
1557 5288 1770 5361 disjecti
1792 5297 1950 5361 sunt.

542 5303 605 5361 ιξ,
631 5303 814 5360 δυισ..
847 5303 905 5347 at
941 5303 998 5346 et
1027 5303 1290 5352 tutandis,
1327 5303 1417 5343 um
1452 5303 1529 5343 nn
1557 5303 1770 5413 αιεέεειι
1801 5303 1950 5343 sunt.

542 5364 908 5491 £8333?“
938 5361 1161 5433 penitus
1187 5360 1401 5414 diversa
1437 5358 1491 5412 in
1523 5374 1633 5428 pra:
1661 5368 1752 5414 ato
1781 5357 2061 5415 Chronico

471 5450 829 5492 eonsutenoa.

542 5504 804 5575 (15)Ha:c
851 5502 1162 5575 Chronicon
1178 5500 1333 5575 idem
1371 5500 1437 5575 ad
1483 5501 1717 5575 verbum
1743 5497 2061 5575 anno_Con-

473 5568 657 5631 stanti'i
686 5576 775 5638 14,
808 5575 901 5629 ubi
943 5574 1057 5628 haec
1088 5572 1318 5642 legimus
1360 5572 1633 5641 ὀνομάσας
1660 5569 1845 5642 αὐτόν,
1896 5568 2061 5642 liabet.

472 5637 864 5714 μετονομάσας.
893 5642 1113 5700 Hieron.
1143 5637 1433 5714 Chronico,
1456 5637 1611 5696 anno
1638 5640 1861 5714 eodem.
1899 5637 2064 5708 Cujus

471 5707 785 5769 itonien'sua
816 5707 1107 5768 mutaverat
1130 5711 1471 5767 Constantius
1504 5710 1735 5768 :scribit
1773 5707 1975 5765 Victor.

2228 5220 2341 5291 (l6)
2395 5220 2593 5276 Eadem
2625 5219 2846 5275 exhibet
2877 5216 3189 5291 Chironicon
3236 5211 3561 5291 Hieronymi
3600 5226 3766 5291 anno

2155 5282 2460 5346 Constantii
2512 5290 2597 5355 15,
2647 5300 2703 5343 et
2741 5288 3003 5343 nonnulla
3039 5296 3244 5355 netatu_
3271 5285 3433 5354 digna
3474 5282 3765 5352 adjuttgit.

2158 5361 2537 5416 Theodoretus
2573 5353 2791 5430 quoque
2820 5358 2917 5430 lib.
2951 5373 3025 5424 tv,
3052 5371 3174 5426 cap.

2229 5431 2343 5501 U7)
2378 5421 2779 5495 Theodoretus,
2809 5428 2915 5501 lib.
2965 5421 3029 5501 ti,
3064 5421 3194 5501 cap.
3233 5423 3301 5479 16
3324 5432 3394 5501 et
3425 5422 3541 5501 l7_;
3578 5421 3771 5501 So_z_o—

2161 5492 2356 5557 ménus
2402 5503 2496 5556 lib.
2535 5517 2608 5563 iv,
2647 5492 2772 5568 cap.
2801 5500 2887 5559 tu.
2926 5500 3017 5568 qui
3047 5492 3386 5568 ex'hi‘storia:
3419 5494 3617 5568 ordine
3643 5492 3773 5547 lle-

2172 5572 2492 5627 diolanense
2524 5565 2812 5625 concilium
2849 5565 3048 5623 Liberii
3078 5566 3274 5622 exsilio
3293 5565 3583 5636 pra'ponit,
3608 5571 3677 5619 ut
3712 5572 3776 5619 et

2174 5642 2553 5701 'I‘lteodoretus
2586 5641 2679 5696 lib.
2712 5641 2861 5695 citati
2887 5654 3008 5708 cap.
3039 5636 3124 5692 15.

3518 4673 3565 4703 Io
3589 4673 3758 4725 κων-
3836 4698 3841 4703 .
