4050 6206
417 285 521 353 159

1785 289 2195 351 THEOPHAN
2206 292 2278 351 IS

3583 281 3688 346 1ῑο

419 413 596 466 tuam,
645 402 923 472 gentilium
979 413 1182 454 morem
1225 407 1442 464 secuta,
1502 399 1749 455 beneﬁcii
1776 410 1827 452 et
1863 398 1999 467 grati

2122 401 2353 470 Ξστησεν.
2393 397 2597 451 Τοῦτον
2621 398 3014 469 κατενεχθῆναι
3050 395 3382 467 προσέταξεν
3425 398 3453 448 6
3493 395 3694 449 Bucar.

421 493 591 548 animi
623 508 834 548 memor
866 492 953 546 illa
987 501 1260 556 erexerat,
1291 506 1454 561 quam
1483 491 1646 562 dejici
1709 493 2010 560 sacrilegus

422 582 673 642 Julianus
722 582 1010 650 imperavit
1045 595 1060 634 :
1103 581 1250 650 quod
1285 593 1338 638 et
1393 581 1599 636 factum
1629 591 1713 637 est
1747 600 1759 635 :
1790 581 2006 650 gentili-

423 675 527 728 bus
595 671 857 726 nimirum
905 686 1030 734 cum
1094 671 1329 727 ludibrio
1405 673 1695 743 imaginem
1742 671 2012 726 trahenti-

424 767 546 827 bus,
577 772 632 818 et
690 762 1046 818 simulacrum
1089 763 1293 818 Juliani
1357 765 1580 819 nomine
1637 765 1690 818 in
1753 763 1874 834 ejus
1932 763 2012 816 lo-

423 870 546 908 cum
617 853 1034 910 sumcientibus.
1106 854 1402 925 Receptam
1455 855 1659 910 Christi
1720 855 2012 924 imaginem

429 945 727 1001 Christiani
775 955 1140 1016 reposuerunt
1182 949 1236 1002 in
1279 948 1511 1004 ecclesia
1550 966 1566 1004 :
1621 949 2008 1019 praevaricato-

429 1032 506 1085 ris
550 1042 734 1088 autem
785 1035 1144 1091 simulacrum
1176 1037 1316 1108 ignis
1365 1052 1396 1093 e
1457 1038 1598 1093 crelo
1639 1039 1845 1094 missus
1878 1053 2014 1092 con-

426 1125 781 1194 sumpsit.Ex
814 1127 1070 1198 imaginis
1109 1143 1275 1197 porro
1302 1130 1421 1186 basi
1452 1131 1814 1186 enascebatur
1843 1131 2012 1186 herba

427 1214 743 1270 morborum
766 1218 1013 1272 omnium
1036 1220 1524 1288 praesentissimum
1551 1222 2015 1291 remedium,qua:

425 1307 492 1360 ad
540 1310 886 1364 evertendam
939 1309 1155 1365 Domini
1198 1311 1425 1383 emgiem
1466 1311 1694 1368 Juliano
1744 1312 2013 1369 desertori

428 1400 644 1454 invidia:
679 1400 826 1457 faces
870 1405 1164 1472 suggessit.
1218 1402 1464 1474 Nicopoli
1508 1403 1828 1472 Palaestinae,
1893 1423 2014 1478 quae

428 1490 582 1558 prius
615 1489 873 1546 Emmaus
905 1493 1226 1557 vocabatur,
1260 1494 1385 1549 fons
1425 1496 1692 1560 exoritur,
1721 1497 1815 1566 qui
1842 1498 2013 1553 omni-

429 1582 532 1638 bus
551 1590 658 1636 tam
680 1581 969 1636 brutorum
995 1599 1157 1653 quam
1187 1585 1466 1640 hominum
1487 1587 1693 1641 morhis
1713 1589 2012 1642 remedium

427 1673 646 1728 exhibet
683 1691 697 1727 :
732 1673 786 1727 in
818 1688 884 1728 eo
919 1675 1119 1744 quippe
1150 1675 1442 1731 Dominum
1475 1687 1530 1733 et
1560 1677 1730 1732 Deum
1761 1689 2010 1733 nostrum

428 1761 612 1817 Jesum
637 1763 914 1819 Christum
954 1779 1018 1820 ex
1049 1766 1243 1822 itinere
1271 1781 1550 1823 reversum
1585 1770 1750 1838 pedes
1773 1770 2012 1828 ahluisse

430 1853 723 1910 referunt:
769 1856 1133 1927 eumdemque
1177 1869 1402 1930 aggesta
1438 1869 1581 1916 terra
1609 1863 1818 1917 obstrui
1863 1864 2014 1920 ncla-

429 1945 547 2000 rius
577 1944 881 2014 imperavit.
913 1946 1228 2019 llerm0poli
1264 1949 1317 2004 in
1338 1948 1614 2006 Thebaide
1648 1953 1811 2007 arbor
1838 1962 2015 2008 exstat

431 2037 657 2092 nomine
677 2038 894 2094 Persea.
931 2038 1063 2110 Ejus
1097 2039 1286 2096 lolium
1319 2043 1404 2097 vel
1435 2045 1807 2099 ramusculunt
1837 2043 1944 2116 42
1968 2046 2014 2101 si

431 2129 558 2200 quis
601 2130 956 2202 decerpserit,
996 2133 1146 2187 omni
1181 2135 1434 2190 humana:
1465 2136 1828 2192 medicabitur
1859 2138 2012 2191 inﬁr-

431 2221 636 2286 mitati.
689 2221 922 2276 Domino
967 2238 1090 2278 cum
1140 2224 1323 2279 divina
1355 2225 1630 2281 Genitrice
1672 2237 1728 2281 et
1776 2226 2016 2296 Josepho

432 2310 872 2381 persecutionem
907 2311 1139 2368 Herodis
1169 2313 1422 2383 fugienti,
1445 2331 1570 2370 cum
1603 2317 1668 2370 ad
1695 2316 1908 2375 arboris
1937 2319 2019 2374 lo-

433 2415 560 2457 Cum
588 2402 989 2470 pervenissent,
1022 2419 1142 2460 eam
1175 2405 1245 2460 ad
1279 2415 1479 2461 terram
1519 2423 1693 2477 usque
1717 2410 2015 2478 proclivem

433 2506 558 2549 sese
582 2492 775 2549 dicunt
803 2493 1104 2562 inllexisse,
1131 2506 1187 2551 et
1215 2512 1386 2567 usque
1419 2514 1564 2553 nunc
1586 2501 1748 2556 etiam
1781 2501 2019 2556 adoran-

435 2584 506 2638 tis
547 2582 783 2651 speciem
829 2599 1069 2640 servare.
1131 2585 1386 2644 Julianus
1436 2589 1741 2646 Antiochiae
1807 2607 2019 2647 moram

437 2671 683 2737 trahens,
717 2679 773 2728 et
799 2673 1046 2742 repetitis
1076 2673 1285 2731 vicibus
1317 2676 1368 2730 in
1409 2677 1687 2748 Daphnem
1730 2694 1789 2734 se
1833 2679 2020 2736 confe-

435 2777 585 2829 rens,
631 2762 899 2834 Apollinis
931 2764 1228 2822 simulacro
1263 2767 1470 2823 cultum
1520 2770 2024 2835 exhibiturus,nul-

436 2852 564 2915 lius,
598 2863 658 2908 ut
683 2856 958 2924 sperabat,
993 2858 1240 2928 responsi
1275 2859 1504 2929 gratiam
1538 2861 1607 2915 ab
1636 2862 1782 2917 idolo
1815 2864 2021 2918 retulit.

436 2944 703 3008 Quocirca
720 2960 786 3000 ex
822 2947 1078 3016 repositis
1099 2949 1154 3003 in
1191 2949 1413 3020 Daphne
1446 2953 1620 3008 sancti
1643 2955 1899 3024 martyris
1926 2954 2024 3009 Ba-

2111 487 2211 556 ϐὴς
2253 487 2574 550 Ἰουλιανός·
2642 486 2670 540 ὃ
2723 489 2818 540 καὶ
2878 488 3136 556 γέγονεν’
3199 486 3319 540 κατ’
3367 485 3693 555 ἐμπαιγμδν

2108 574 2268 647 δῆθεν
2303 577 2584 647 ωράντων
2645 577 2754 631 τῶν
2787 576 3061 648 Ἐλλήνων
3091 575 3204 638 ,τὸν
3248 575 3562 643 ἀνδριάντα,
3596 573 3694 628 καὶ

2109 668 2226 723 ἀντ’
2259 668 2424 722 αὐτοῦ
2460 669 2644 735 ξόανον
2673 669 2898 740 ὀνόματι
2940 667 3232 722 Ἰουλιανοῦ
3260 669 3306 700 ⁸³
3349 667 3690 736 στησάντων.

2111 761 2311 816 Τοῦτον
2346 764 2391 795 ⁶⁹
2435 763 2491 815 δὲ
2543 763 2862 834 Χριστιανοὶ
2895 761 3160 824 λαϐόντες
3189 761 3235 792 ὀ
3277 759 3370 813 τὸν
3399 759 3691 829 ἀνδριάντα

2111 855 2192 918 είς
2239 853 2540 925 ἐκκλησίαν
2604 853 2910 907 άπὲθεντο’
2970 851 3031 904 τὸ
3089 850 3145 904 δέ
3203 849 3300 903 τοῦ
3357 849 3690 918 Παραϐάτοιι

2113 945 2301 1010 ξόανον
2330 946 2589 999 κατελθὸν
2617 947 2729 1017 πῦρ
2795 946 2858 998 ἐκ
2911 944 3006 997 τοῦ
3054 942 3287 1015 ούρανοῦ
3334 940 3693 1009 κατέφλεξεν.

2112 1035 2319 1106 Βοτάνη
2349 1036 2406 1089 δὲ
2428 1035 2624 1105 ἐφύετο
2650 1035 2756 1090 ὑπὸ
2779 1035 2878 1105 τὴν
2909 1034 3065 1105 βάσιν
3094 1033 3188 1087 τοῦ
3234 1032 3552 1103 ἀνδριάντος
3585 1032 3699 1084 πάι

2114 1144 2216 1198 σης
2242 1127 2396 1180 νόσου
2428 1126 2805 1198 ἀλεξητήριος,
2828 1127 2952 1197 ἣτις
2969 1126 3218 1199 καὶπρὸς
3252 1126 3446 1196 φθόνον
3468 1126 3700 1194 ἐκίνησε

2113 1219 2203 1272 τὸν
2249 1219 2590 1289 Ἀποστάτην
2636 1219 2924 1274 Ἰουλιανδν
2972 1219 3348 1288 καταστρέψαι
3389 1219 3481 1273 τὸν
3509 1219 3553 1249 τί
3591 1216 3695 1270 τοῦ

2113 1311 2323 1380 Κυρίου
2351 1311 2665 1382 ἀνδριάντα.
2712 1313 2801 1364 Ἐν
2840 1311 3132 1365 Νικοπόλει
3171 1311 3268 1380 τῆς
3327 1311 3700 1379 Παλαιστίνης

2112 1406 2178 1473 τῇ
2215 1402 2483 1475 λεγομένῃ
2519 1404 2579 1457 τὸ
2605 1404 2736 1475 πρὶν
2772 1405 3052 1474 Ἐμμαοῦς
3076 1404 3228 1474 πηγή
3247 1405 3395 1456 ἐστιν
3422 1403 3702 1456 παντοίων

2115 1495 2301 1549 παθῶν
2329 1495 2632 1564 ἀνθρώπων
2662 1513 2719 1548 τε
2753 1496 2845 1549 καὶ
2876 1496 3086 1563 ἀλόγων
3138 1496 3310 1558 ἰάσεις
3353 1497 3697 1566 παρέχουσα.

2127 1587 2216 1642 Ἐν
2251 1588 2387 1658 αὐτῇ
2422 1591 2530 1657 γάρ
2579 1604 2713 1654 φασι
2748 1589 2793 1619 ⁷³
2853 1588 2944 1640 τὸν
2981 1587 3184 1658 Κύριον
3229 1588 3324 1640 καὶ
3363 1587 3496 1640 Θεὸν
3534 1588 3701 1657 ἡμῶν

2127 1675 2334 1746 Ἰησοῦν
2383 1677 2617 1748 Χριστὸν
2663 1679 2790 1740 τοὺς
2841 1676 3008 1739 πόδας
3052 1675 3420 1744 ἀπονίψασθαι
3463 1675 3523 1740 ἐξ
3551 1677 3700 1728 ὁδοι-

2119 1771 2333 1839 πορίας,
2376 1770 2470 1824 καὶ
2522 1768 2725 1839 ταύτην
2771 1769 2820 1840 [6
2859 1767 3124 1837 δυσσεϐὴς
3147 1766 3217 1838 7'}
3271 1767 3703 1837 καταχωσθῆναι

2119 1857 2440 1927 ἐπέτρεψεν.
2473 1858 2563 1909 Ἐν
2614 1856 2976 1927 Ἐρμουπόλει
3017 1859 3115 1925 τῆς
3159 1855 3428 1925 Θηϐαΐδος
3477 1855 3704 1926 δένδρον

2119 1951 2332 2004 ἵσταται
2365 1949 2602 2020 περσέα’
2637 1949 2841 2016 ταύτης
2859 1947 3056 2016 φύλλον
3088 1948 3122 2017 ἦ
3147 1948 3193 1979 ⁷⁸
3223 1947 3433 2018 κάρφος
3463 1950 3511 2000 εἰ
3539 1947 3705 2000 λάϐοι

2119 2059 2204 2104 τις
2253 2042 2389 2112 πρὸς
2415 2042 2598 2094 πᾶσαν
2637 2040 2792 2094 νόσον
2821 2040 2866 2072 ⁷⁸
2897 2037 3200 2109 ἀνθρώπων
3217 2038 3367 2092 ἐστὶν
3392 2040 3608 2108 ἰάσιμον
3629 2039 3702 2094 ⁷⁵.

2120 2134 2255 2186 Φασὶ
2296 2133 2375 2195 δὲ,
2421 2133 2502 2186 ὅτι
2533 2133 2576 2163 ⁷⁷
2609 2131 2772 2202 ἡνίκα
2807 2132 2836 2184 6
2879 2129 3085 2202 Κύριος
3127 2131 3207 2193 είς
3228 2131 3505 2196 Αἴγυπτον
3527 2128 3704 2197 ἔφυγε

2121 2225 2214 2278 τὸν
2252 2224 2498 2296 Ἡρώδην
2532 2224 2630 2277 σὺν
2680 2225 2745 2293 τῇ
2779 2222 3026 2292 Θεοτόκῳ
3049 2221 3146 2274 καὶ
3175 2219 3256 2291 τῷ
3291 2221 3511 2290 Ἰωσὴφ,
3552 2219 3706 2273 κατὰ

2123 2316 2214 2370 τὸν
2245 2315 2410 2369 τόπον
2439 2315 2646 2368 ἐκεῖνον
2695 2311 3007 2382 γενόμενος,
3042 2311 3227 2366 κλιθὲν
3265 2310 3325 2364 τδ
3367 2311 3582 2382 δένδρον
3607 2310 3710 2363 ἐπὶ⁵

2123 2407 2223 2479 τὴν
2245 2407 2350 2477 γῆν
2376 2404 2784 2476 προσεκύνησεν
2816 2403 2986 2473 αύτῷ,
3033 2405 3126 2456 καὶ
3158 2402 3321 2474 μέχρι
3351 2403 3445 2456 τοῦ
3469 2402 3564 2456 νῦν
3592 2403 3709 2455 σώ-

2126 2498 2208 2562 ζει
2247 2497 2309 2548 τὸ
2364 2494 2550 2564 σχῆμα
2597 2495 2698 2564 τῆς
2739 2495 3184 2564 προσκυνήσεως.
3234 2492 3519 2556 Ἰουλιανὸς
3559 2493 3619 2545 δὲ
3655 2493 3710 2526 ⁷⁸

2125 2590 2327 2658 διάγων
2384 2589 2443 2640 ἐν
2495 2589 2562 2657 τῇ
2600 2587 2924 2658 Ἀντιοχείᾳ,
2973 2588 3070 2641 καὶ
3111 2587 3352 2656 συνεχῶς
3410 2588 3467 2639 ἐν
3515 2588 3714 2659 Δάφνῃ

2127 2682 2313 2746 ἀνιὼν,
2371 2682 2466 2736 καὶ
2508 2681 2570 2734 τὸ
2609 2681 2706 2733 τοῦ
2753 2678 3087 2743 Ἀπόλλωνος
3117 2678 3439 2750 θεραπεύων
3459 2678 3710 2741 εἷδωλον,

2127 2779 2382 2849 οὐδεμιᾶς
2410 2777 2778 2847 ἀποκρίσεως,
2803 2775 2879 2837 ὡς
2906 2774 3062 2846 ᾤετο,
3082 2776 3382 2844 ἐτύγχανεν
3405 2775 3511 2826 ἀπὸ
3537 2773 3634 2826 τοῦ
3657 2773 3715 2805 ⁷⁸

2129 2870 2373 2924 εἰδώλου.
2409 2870 2628 2939 Νοήσας
2674 2868 2752 2931 δέ,
2811 2868 2895 2920 ὅτι
2934 2867 3023 2922 διὰ
3060 2868 3128 2920 τὰ
3181 2867 3516 2936 ἀποκείμενα
3543 2867 3605 2919 ἐν
3627 2853 3713 2936 ’τῇ

2131 2964 2315 3034 Δάφνῃ
2354 2962 2583 3030 λείψανα
2634 2960 2728 3013 τοῦ
2780 2960 2940 3027 ἁγίου
2993 2960 3269 3030 μάρτυρος
3300 2957 3520 3012 Βαϐυλᾶ
3562 2959 3715 3011 ἀπο-

445 3038 586 3108 laylze
615 3036 858 3107 reliquiis
891 3038 1167 3094 silentium
1195 3041 1342 3097 idolo
1369 3043 1657 3101 obvenisse
1690 3046 2019 3115 suspicatus,

2133 3055 2313 3123 σιωπᾷ
2333 3052 2394 3106 τὸ
2427 3052 2666 3117 εἴδωλον,
2713 3051 2890 3121 δόγμα
2923 3049 3227 3120 ἐξέπεμψεν
3256 3051 3530 3104 πάνταιτα
3571 3051 3716 3103 ἁπο-

449 3137 647 3187 cuncta
679 3139 1024 3187 mortuorum
1051 3135 1316 3190 cadavera
1365 3151 1430 3191 ac
1463 3139 1720 3208 martyris
1749 3140 1918 3208 ipsius
1957 3141 2019 3194 ibi

2131 3145 2361 3214 κείμενα
2392 3145 2508 3196 ἐκεῖ
2534 3142 2642 3196 τῶν
2673 3143 2882 3213 νεκρῶν
2939 3142 3168 3211 λείψανα
3210 3141 3577 3213 μετατεθῆναι
3613 3143 3719 3196 σὺν

440 3224 717 3278 recondita
734 3223 902 3293 jussit
930 3224 1107 3280 efferri
1127 3241 1266 3296 :quo
1291 3227 1435 3284 facto
1470 3231 1754 3300 templum,
1773 3230 1841 3286 de
1864 3240 2031 3287 noctu

440 3313 728 3370 eunlestim
759 3314 882 3386 igne
908 3318 1125 3373 cmlitus
1153 3319 1345 3384 misso,
1367 3320 1757 3392 conﬂagravit:
1785 3323 2032 3394 adeoque

446 3415 831 3475 consumptum
875 3415 961 3463 est
991 3408 1218 3474 idolum,
1270 3420 1325 3466 ut
1383 3427 1452 3467 nc
1482 3414 1770 3483 vestigium
1811 3416 2028 3485 quidem

453 3498 604 3554 illius
633 3500 1092 3568 superexsﬁterit.
1118 3501 1256 3556 Ante
1293 3518 1466 3558 annos
1502 3518 1609 3558 non
1643 3521 1850 3574 paucos
1909 3525 2029 3563 crc-

443 3597 592 3644 ctum
622 3589 921 3645 ferebatur.
949 3591 1230 3662 Templum
1265 3602 1446 3648 autem
1476 3594 1549 3649 ita
1576 3595 1814 3652 dirutum
1843 3608 1948 3664 est,
1977 3612 2035 3656 ut

442 3680 670 3752 disjecta
701 3684 808 3737 huc
840 3691 892 3737 et
918 3682 1048 3737 illuc
1075 3683 1196 3752 ejus
1221 3685 1416 3740 rudera
1447 3687 1651 3757 posteri
1683 3689 2034 3758 conspicien-

443 3784 548 3841 ti-s,
587 3775 892 3830 incredibili
920 3775 1230 3831 divinorum
1259 3792 1485 3846 operum
1517 3779 1879 3837 admiratione
1905 3798 2034 3853 per-

443 3867 796 3922 cellerentur.
829 3868 1111 3924 Attonitus
1145 3869 1245 3925 hac
1273 3871 1338 3925 de
1371 3887 1428 3924 re
1454 3870 1726 3940 Julianus,
1755 3883 1810 3929 e‘t
1841 3875 2034 3933 incen-

444 3961 595 4016 dium
621 3957 1060 4028 Christianorum
1091 3961 1306 4016 insidiis
1340 3963 1638 4036 contigisse
1663 3974 1837 4030 ratus,
1864 3970 2030 4025 variis

444 4051 665 4108 eosdem
686 4053 993 4120 tormentis,
1011 4053 1148 4109 adeo
1171 4063 1229 4108 ut
1245 4053 1428 4123 plures
1441 4055 1606 4110 etiam
1636 4067 2028 4124 mactarentur,

2129 3239 2240 3297 τοῖς
2271 3235 2365 3289 τοῦ
2421 3236 2695 3306 μάρτυρος
2726 3249 2743 3268 ο
2795 3236 2890 3288 καὶ
2944 3235 3132 3289 τούτου
3160 3236 3455 3304 γενομένου
3494 3234 3719 3304 ἀθρόως

2128 3331 2196 3399 τῇ
2227 3328 2384 3382 νυκτὶ
2416 3326 2755 3397 κατεφλέχθη
2788 3327 3079 3398 οὐρανόθεν
3113 3329 3142 3380 6
3174 3329 3320 3391 ναός.
3361 3327 3434 3379 Τὸ
3463 3327 3522 3380 δὲ
3557 3324 3720 3380 εἴδω-

2127 3422 2220 3474 λον
2245 3419 2390 3474 οὕτω
2416 3419 2684 3490 κατεκάη,
2711 3419 2852 3472 ὥστε
2881 3419 3015 3490 μηδέ
3037 3419 3082 3451 ⁸ο
3101 3420 3244 3490 ἴχνος
3263 3420 3427 3472 αὐτοῦ
3447 3419 3715 3489 φανῆναι.

2143 3512 2391 3580 Ἐλέγετο
2445 3511 2502 3565 δέ
2549 3512 2654 3582 πρὸ
2687 3511 2823 3563 ἐτῶν
2862 3511 3175 3579 ἐστηκέναι.
3225 3511 3288 3566 '0
3317 3511 3372 3564 δέ
3407 3510 3535 3573 ναδς
3564 3508 3720 3562 οὕτω

2131 3601 2523 3673 κατηρειπώθη
2567 3602 2635 3666 ⁸¹,
2701 3600 2844 3654 ὥστε
2889 3602 3016 3664 τοὺς
3051 3601 3344 3672 μετέπειτα
3376 3601 3423 3635 θ’
3451 3603 3586 3671 όρᾷν
3613 3601 3719 3670 τὴν

2130 3693 2323 3746 τούτου
2349 3695 2624 3764 τέφρωσιν
2658 3694 2749 3746 καὶ
2765 3693 2860 3745 ἐπὶ
2891 3692 2967 3763 τῷ
2995 3693 3287 3764 παραδόξῳ
3311 3691 3716 3763 ἐκθαμϐεῖσθαι
3781 3725 3804 3738 ο

2131 3789 2230 3857 τῆς
2253 3787 2349 3840 τοῦ
2379 3786 2516 3840 Θεοῦ
2553 3785 3030 3856 παραδοξοποιίας.
3076 3785 3202 3838 Ἐπὶ
3227 3784 3402 3854 τούτῳ
3431 3784 3718 3852 ἐκθαμϐος

2133 3881 2428 3952 γενόμενος
2493 3877 2816 3942 Ἰουλιανὸς,
2873 3878 3183 3947 ὑπονοήσας
3243 3877 3366 3960 κατ
3418 3875 3720 3944 ἐπιϐουλὴν

2134 3972 2245 4026 τῶν
2269 3969 2612 4042 Χριστιανῶν
2662 3967 2819 4022 τοῦτο
2868 3968 3147 4036 γενέσθαι,
3196 3967 3291 4020 ἐπὶ
3329 3964 3577 4032 ἐξέτασιν
3604 3966 3722 4019 τῶν

2140 4061 2570 4134 παραμενόντων
2635 4059 2826 4132 ίερέων
2881 4059 3080 4130 ἐχώρει
3127 4057 3264 4129 (65),
3302 4060 3397 4111 καὶ
3431 4057 3720 4121 παντοίαις

1765 4170 2000 4229 ἺΑΒΙᾸΕ
2034 4173 2440 4232 LECTIONES.

516 4256 872 4339 “_’Iou_l_tatv6v
891 4259 959 4339 ΑἸ
1033 4259 1292 4339 θθ-τοῦτον
1311 4261 1560 4339 Αιτοῦτο
1595 4263 1739 4339 vulg.
1763 4334 1775 4339 _
1818 4266 1862 4298 "°
1892 4269 2085 4339 Χριστ.
2124 4269 2380 4332 λαϐόντες
2410 4271 2476 4336 A,
2505 4269 2627 4324 λαϐ.
2657 4271 2854 4339 Χριστ.
2883 4269 3029 4336 vulg.

770 4346 902 4398 φησι
931 4332 996 4384 Α.
1073 4329 1121 4360 ⁷³
1151 4330 1462 4398 ὀδυσσεϐὴς
1481 4347 1590 4385 om.
1628 4334 1671 4386 A
1694 4329 1732 4386 ἦ
1763 4334 1795 4390 b
1819 4351 1849 4389 c
1881 4329 2012 4393 def.
2087 4340 2134 4372 ’³⁸

446 4342 514 4380 cx
547 4328 613 4382 Α.
690 4329 736 4360 ⁷³
770 4346 902 4398 φησι
931 4332 996 4384 Α.
1073 4329 1121 4360 ⁷³
1151 4330 1462 4398 ὀδυσσεϐὴς
1481 4347 1590 4385 om.
1628 4328 1732 4386 Att
1763 4334 1795 4390 b
1819 4351 1849 4389 c
1881 4328 1990 4392 del

447 4397 575 4451 add.
599 4413 663 4452 ex
691 4397 757 4452 Α.
859 4399 904 4431 ⁷³
931 4399 988 4452 δὲ
1025 4398 1150 4454 atld.
1185 4417 1250 4454 ex
1282 4401 1346 4454 Α.
1421 4402 1468 4433 ⁷⁸
1503 4401 1607 4454 ὑπὸ
1636 4401 1730 4454 τοῦ
1788 4405 1888 4460 εἱδ.
1927 4409 1990 4462 Α.

447 4466 706 4540 ερυπὼθη
731 4468 876 4540 vulg.
951 4469 997 4502 ⁸⁸
1022 4472 1146 4533 τοὺς
1177 4469 1324 4541 μετ.]
1373 4472 1484 4534 τοῖς
1528 4488 1645 4542 μετ.
1679 4474 1824 4544 vulg.

2092 4411 2139 4442 ⁸ο
2172 4409 2326 4482 μηδὲ]
2367 4412 2506 4482 μήτε
2534 4409 2601 4476 A,
2630 4409 2705 4481 μὴ
2730 4410 2876 4479 vulg.

3141 4268 3183 4300 "
3216 4265 3306 4320 τόν
3333 4267 3558 4321 alterum
3587 4263 3696 4319 add

2655 4335 2880 4392 ⁷⁸’νόσον
2905 4335 3013 4394 oni.
3033 4339 3096 4392 Α.
3175 4339 3222 4369 ⁷⁶
3255 4337 3402 4390 ίασεν
3425 4337 3490 4389 A.
3566 4336 3611 4365 ⁷⁷
3635 4335 3724 4386 ὃτι

2983 4409 3026 4441 ⁸⁸
3059 4404 3450 4479 κατηρειπώθη
3480 4406 3548 4470 Α,
3584 4419 3714 4458 κατ-

2149 4340 2180 4409 ἢ
2208 4342 2274 4398 A.
2310 4342 2405 4410 καὶ
2437 4341 2581 4410 vttlg.

1780 4590 1920 4648 JAC.
1952 4595 2166 4652 GOARI
2206 4598 2437 4654 NOTA‘J.

449 4679 1012 4759 Rationem‘exquire,
1045 4681 1250 4737 Εἴδωλα
1280 4695 1426 4750 sunt,
1459 4685 1603 4739 haud
1633 4689 1860 4752 εἰκόνες,

451 4750 668 4828 quiunt.
727 4750 964 4828 Antiqua
1033 4759 1711 4828 rnonumentarevolve,
1797 4750 2010 4814 sacram

453 4818 742 4898 historiam
771 4818 1005 4885 discute,
1023 4824 1309 4898 perlustra
1333 4826 1595 4894 quidquid
1641 4818 1709 4884 de
1759 4828 2013 4898 imagini-

453 4887 559 4968 hus
587 4895 642 4969 et
696 4901 884 4944 earum
947 4887 1099 4947 cultu
1132 4894 1322 4949 Patres
1351 4887 1722 4969 'scri'pserunt
1769 4887 2022 4968 priores;

459 4968 730 5040 Imagines
796 4975 828 5013 a
881 4971 1196 5040 contemptu
1263 4980 1456 5021 cernes
1513 4968 1692 5040 abeis
1720 4969 2028 5024 vindicatas

457 5027 924 5110 adorarijnssas,
946 5027 1272 5101 ζωγράφους
1297 5038 1748 5110 commendatos,
1778 5040 2034 5110 ἀνδριάν-

454 5114 562 5179 τας.
579 5107 633 5153 et
665 5099 829 5179 ξόανα
854 5101 1004 5179 inter_
1040 5099 1483 5179 Vres’_prol'ar_ias_;
1515 5115 1570 5160 et
1605 5099 1844 5172 εἰδώλοις
1868 5099 2033 5179 quam

455 5169 640 5250 vicina
673 5170 885 5250 absque
915 5173 1069 5250 cu_ltu
1110 5169 1327 5250 relicta.
1363 5169 1614 5250 Referam
1645 5180 1795 5250 quod
1826 5169 2038 5250 exper-

459 5247 724 5311 Iussum.
762 5240 838 5294 Ita
866 5259 949 5297 mc
972 5243 1116 5299 Deus
1174 5244 1412 5311 adjuvet,
1450 5247 1611 5301 allata
1664 5240 1733 5304 ex
1766 5240 1955 5304 Occid.
1983 5251 2035 5303 in

458 5310 684 5389 (lirium,
741 5313 832 5366 ubi
844 5313 1155 5389 ﬁegebam,
1193 5310 1528 5389 sanctorum
1567 5320 1850 5389 cxsculpta
1877 5359 1891 5380 .
1925 5321 2040 5375 sive

462 5379 739 5455 scalpello
804 5379 982 5438 edicta
1041 5387 1260 5453 capita:
1322 5387 1410 5439 sin
1464 5379 1774 5443 adorationi
1821 5391 2026 5455 minus,

463 5450 657 5531 saltem
690 5453 784 5531 pio
812 5450 1122 5531 devotoque
1150 5456 1468 5531 spectaculo
1502 5456 1724 5513 fuerunt
1749 5450 2022 5531 exposita.

462 5519 656 5574 Cuncti
694 5519 1240 5596 isimulrexhorrnere
1291 5525 1461 5581 Graeci
1497 5532 1701 5596 pariter
1733 5540 1788 5584 et
1820 5519 2022 5595 Latini,

462 5596 516 5665 ct
541 5602 634 5642 ore
651 5595 1101 5665 unoexclantarc,
1127 5596 1412 5650 simulacra
1434 5595 1688 5665 gentium,
1705 5609 1802 5654 etc.
1817 5640 1832 5665 ,
1851 5617 1906 5654 os
1923 5599 2022 5653 Ita-

463 5661 603 5719 bcnt,
633 5668 729 5738 εις.
755 5662 998 5739 Quorum
1030 5668 1143 5720 haec
1160 5666 1318 5739 cﬂ'uta
1343 5667 1365 5718 ?
1399 5661 1600 5721 Eorum
1619 5661 1750 5723 sane
1784 5661 2020 5739 quorum

468 5743 599 5808 Ναί]
657 5735 835 5808 pictas
897 5735 1164 5808 imagines
1197 5737 1426 5808 cultusa
1461 5735 1816 5805 pontiﬁcibus
1839 5741 2020 5808 potius

469 5796 860 5866 moderandus,
893 5796 1037 5860 adeo
1076 5807 1236 5877 viget,
1283 5807 1419 5863 adeo
1459 5796 1731 5876 summus,
1781 5796 1854 5866 ut'
1883 5812 2016 5868 lines

1922 4690 2009 4743 in-
2044 4696 2087 4750 D
2119 4709 2255 4763 pene
2305 4689 2802 4763 prsetergrediatur,
2858 4702 3021 4763 quam
3089 4684 3723 4763 cx_citandus__ltabetur.

2121 4755 2260 4828 Quid
2289 4755 2451 4834 igitur
2476 4755 2758 4834 niirum,s_i
2783 4759 2977 4834 mulier
2999 4758 3240 4834 gentilis,
3263 4755 3545 4826 gentilium
3573 4771 3725 4834 prae-

2128 4827 2483 4903 cipuis'viris,
2507 4832 2794 4903 evergetis,
2817 4838 2870 4882 et
2900 4828 3235 4903 principibus
3265 4835 3475 4882 statuas
3509 4827 3726 4903 erigere

2135 4893 2420 4958 solitorum
2472 4893 2725 4955 moribus
2763 4893 3001 4961 assueta,
3043 4893 3218 4952 fusam
3281 4913 3348 4952 ex
3376 4911 3481 4949 aere
3513 4893 3726 4950 Chi-isti

2129 4983 2395 5035 statuam,
2469 4972 2524 5024 in
2584 4972 2708 5025 loco
2772 4968 3016 5039 publico,
3069 4969 3154 5039 via
3212 4966 3726 5039 nirnirum,_vel.ail

2134 5043 2338 5098 fontem
2367 5041 2634 5098 statuisse
2677 5035 2877 5108 ἐθνὶκῷ
2899 5038 3009 5091 ἔθει
3064 5038 3282 5093 dicatur
3316 5051 3346 5090 a
3378 5035 3727 5104 TlteOphzinc

2133 5128 2418 5170 sacrarum
2443 5111 2742 5179 imaginum
2777 5109 3186 5164 studiosissimo
3209 5117 3503 5179 assertore,
3534 5115 3588 5179 et
3622 5120 3728 5173 pro

2138 5184 2440 5254 imaginum
2475 5176 2705 5254 tutando
2725 5193 2925 5232 nomen
2949 5180 3078 5254 olim
3114 5177 3456 5254 confessoris
3484 5176 3728 5254 adepto,

2135 5245 2436 5323 quipictas
2477 5251 2717 5323 admittit
2771 5259 2825 5303 et
2874 5250 3091 5304 caelatas
3146 5247 3438 5323 imagines,
3471 5245 3638 5323 fusas
3669 5256 3727 5300 et

2139 5315 2383 5394 sculptus
2403 5337 2500 5392 pro
2531 5321 2710 5394 gentis
2744 5333 2856 5375 sua:
2878 5329 3059 5374 mente
3083 5315 3388 5390 gentilibus
3408 5315 3711 5384 relinquen

2139 5397 2238 5449 das
2264 5391 2588 5448 existimat?

2207 5463 2320 5534 (65)
2357 5462 2425 5516 1η
2461 5460 2785 5524 sacerdotes,
2830 5461 2920 5532 qui
2953 5474 3113 5534 prope
3141 5457 3486 5534 habitabant,
3540 5455 3726 5534 inquit

2134 5526 2355 5613 rendam
2379 5534 2650 5613 decrevit;
2678 5547 2817 5602 quos
2843 5526 3732 5613 ’ραιίντξιίειόιιιεὶ[υἰεεοιὲηςειιάίἰ

2132 5605 2215 5661 vel
2254 5613 2534 5663 auctores.
2565 5593 2650 5656 vel
2680 5593 2958 5656 conscios.
2987 5600 3082 5654 Sic
3140 5608 3194 5653 et
3229 5596 3497 5652 Buccard.
3536 5593 3725 5648 Inter-

2131 5691 2258 5744 pres
2284 5690 2393 5728 non
2433 5672 2634 5739 reddit,
2671 5673 2776 5744 nisi
2798 5685 2908 5744 una
2941 5671 3128 5738 aliqua
3158 5669 3298 5724 linea
3331 5669 3476 5724 inter
3511 5681 3725 5738 opera-

2129 5741 2332 5801 riorum
2368 5758 2564 5799 manus
2582 5742 2804 5800 excidit.
2826 5741 3112 5798 Germans.
