4050 6206
325 313 446 378 249

1650 308 2332 373 CHRONOGRAPHIA.

3513 315 3618 377 250

329 420 714 493 καλουμένους
743 419 1055 490 Φράγκους,
1078 419 1367 484 διαϐάντες
1398 419 1490 474 τὸν
1531 419 1723 492 Ῥῆνον
1750 437 1913 473 ποτα-

2030 417 2274 474 Ρτειηωε
2305 432 2452 474 nunc
2497 419 2635 475 istos
2660 428 2879 484 vocant,
2912 420 3015 477 sibi
3052 422 3262 490 ascitis,
3294 424 3486 480 Rheno
3517 427 3619 479 ﬂu-

328 514 454 584 μδν,
479 509 800 586 ,ἡγούμενον
851 510 1067 580 ἔχοντες
1094 512 1461 581 Μοδίγισκλον
1496 513 1561 578 ¹⁷,
1594 513 1924 584 κατῴκησαν

326 610 391 659 ὲν
421 607 655 676 Σπανίᾳ,
687 604 883 677 πρώτῃ
900 603 1037 677 οὔσῃ
1073 606 1173 675 τῆς
1204 605 1474 675 Εὐρώπης
1502 607 1613 661 ἀπὸ
1643 608 1738 661 τοῦ
1766 608 1929 660 ἑσπε-

328 698 456 765 ρίου
500 693 796 747 Ὦκεανοῦ”
827 694 1149 762 Βονιξράτιος
1198 695 1275 760 δὲ,
1331 694 1592 766 φοϐηθεὶς
1643 695 1771 758 τοὺς
1819 693 1926 747 τῶν

337 784 637 855 Ῥωμαίων
660 784 920 853 βασιλεῖς,
955 784 1203 855 περάσας
1256 784 1367 838 ἀπὸ
1411 784 1619 855 Λιϐύης
1658 786 1737 849 είς
1776 785 1926 837 Σπα-

325 878 455 930 νίαν
513 877 658 946 πρὸς
703 877 831 939 τοὺς
877 875 1216 947 Ούανδήλους
1239 872 1425 948 ἦλθεν.
1474 877 1584 930 Καὶ
1623 874 1803 948 εὑρὼν
1832 876 1924 929 τὸν

326 970 702 1040 Μοδίγισκλον
722 970 767 1002 ¹⁸
784 968 1211 1039 τελευτήσαντα,
1241 970 1369 1034 τοὺς
1393 970 1451 1023 δὲ
1474 969 1687 1023 ἐκείνου
1723 969 1923 1033 παῖδας

331 1063 601 1135 “Neap”
630 1064 674 1097 ιο
702 1079 764 1115 τε
798 1063 893 1116 καὶ
933 1061 1221 1133 Γιζέριχον
1258 1061 1357 1133 τὴν
1399 1061 1572 1134 ἀρχὴν
1612 1061 1920 1125 διέποντας.

326 1157 560 1221 τούτους
602 1155 1059 1227 προτρεψάμενος
1118 1155 1219 1226 τὴν
1268 1155 1524 1226 ἑσπέριον
1576 1155 1788 1226 Λιϐύην
1842 1158 1922 1220 εἰς

324 1250 460 1320 τρία
510 1248 655 1321 μέρη
705 1248 904 1303 διελεῖν
933 1248 1225 1320 ὑπέσχετο,
1279 1248 1364 1319 ἐφ’
1409 1241 1454 1317 ᾧ
1481 1249 1527 1282 ⁸⁸
1553 1248 1785 1303 ἕκαστον
1825 1249 1921 1303 τοῦ

323 1341 520 1412 τρίτου
556 1340 760 1411 μέρους
785 1339 978 1411 ἄρχειν
1009 1340 1108 1392 σὺν
1132 1338 1304 1410 αὐτῷ,
1339 1343 1495 1411 κοινῇ
1536 1340 1593 1394 δὲ
1619 1340 1922 1410 ἀμύνεσθαι

322 1434 420 1486 τὸν
442 1426 561 1487 οἷον
589 1433 793 1503 δήποτε
826 1432 1114 1504 πολέμιον.
1153 1433 1278 1487 Ἐπὶ
1305 1432 1535 1497 ταύταις
1566 1434 1687 1497 ταῖς
1717 1434 1760 1466 ²¹
1797 1436 1924 1504 ὁμο-

321 1527 544 1594 λογίαις
600 1528 652 1581 οἱ
708 1526 1009 1591 Οὐανδῆλοι
1067 1525 1160 1580 τδν
1212 1526 1462 1598 πορθμὸν
1489 1526 1797 1592 διαϐάντες,
1822 1525 1923 1598 τὴν

324 1620 543 1690 Διϐύην
581 1618 914 1692 κατῴκησαν
946 1618 1055 1673 ἀπὸ
1080 1619 1176 1673 τοῦ
1224 1618 1482 1672 Ὠκεανοῦ
1512 1618 1676 1689 μέχρι
1711 1618 1919 1690 Τριπό-

322 1711 470 1775 λεως
492 1710 597 1781 τῆς
634 1711 778 1765 κατὰ
806 1711 1086 1781 Κυρήνην.
1116 1711 1179 1765 Oi
1209 1709 1266 1763 δὲ
1295 1709 1617 1778 ’Υπόγοτθοι
1648 1709 1917 1763 ἀναστάν-

320 1819 420 1864 τες
449 1802 562 1856 ἀπὸ
599 1801 830 1865 Γαλλίας
855 1802 1171 1873 ἐκράτησαν
1199 1799 1294 1855 καὶ
1337 1800 1438 1871 τὴν
1461 1800 1721 1856 Σπανίαν.
1756 1801 1916 1866 Τινὲς

320 1895 384 1950 δὲ
413 1895 519 1965 τῆς
555 1893 866 1965 συγκλήτου
911 1891 1225 1963 Ῥωμαίων,
1261 1893 1408 1960 φίλοι
1455 1892 1779 1959 Βονιφατίου
1816 1891 1918 1962 τὴν

336 1987 550 2039 ’Δετίου
610 1983 1123 2055 ψευδοκατηγορίαν
1166 1982 1501 2054 άνήγγειλαν
1533 1984 1598 2053 τῇ
1627 1981 1914 2053 Πλακιδίᾳ,

320 2079 545 2148 ἐμφανῆ
570 2077 902 2148 ποιήσαντες
932 2077 1028 2129 καὶ
1054 2074 1153 2146 τὴν
1180 2075 1318 2146 πρὸς
1345 2075 1666 2141 Βονιφάτιον
1706 2074 1916 2127 Ἀετίου

320 2169 638 2240 ἐπιστολὴν,
678 2167 773 2222 τοῦ
809 2165 1130 2235 Βονιφατίου
1180 2164 1389 2235 ταύτην
1438 2166 1623 2228 αὐτοῖς
1658 2164 1916 2219 ἀποστεί-

318 2259 539 2321 λαντος.
578 2257 722 2311 Ἡδὲ
752 2255 1021 2309 Πλακιδία
1055 2255 1415 2324 ἐκπλαγεῖσα,
1441 2256 1533 2308 τὸν
1573 2255 1672 2327 μὲν
1708 2257 1916 2309 Ἀέτιον

320 2351 478 2407 οὐδὲν
507 2350 793 2421 ἠδίκησεν,
848 2347 1157 2420 Βονιφατίῳ
1203 2348 1260 2402 δὲ
1316 2348 1474 2417 λόγον
1507 2349 1915 2420 προτρεπτικδν

320 2443 449 2516 μεθ’
483 2444 666 2515 ὅρκων
728 2442 1072 2497 ἀπέστειλεν.
1105 2442 1212 2495 Τοῦ
1238 2441 1294 2495 δὲ
1336 2442 1633 2514 Γονθαρίου
1657 2444 1917 2516 τελευτή-

321 2549 541 2598 σαντος,
574 2532 859 2603 Γιζέριχος
885 2531 995 2586 τῶν
1030 2531 1353 2601 Ούανδήλων
1390 2532 1616 2601 γέγονεν
1642 2535 1914 2606 αὐτοκράο

315 2640 454 2693 τωρ.
490 2624 812 2693 Βονιφάτιος
833 2619 928 2677 οὖν
946 2624 1036 2678 τὸν
1059 2623 1218 2693 λόγον
1236 2623 1551 2695 δεξάμενος,
1587 2624 1699 2679 τῶν
1732 2626 1913 2679 Ούαν-

315 2716 496 2788 δήλων
542 2717 1036 2787 κατεστράτευσεν,
1090 2715 1323 2787 στρατοῦ
1376 2715 1612 2786 μεγάλου
1665 2716 1913 2781 ἐλθόντος

314 2809 472 2879 αὐτῷ
502 2810 615 2863 ἀπό
656 2826 719 2862 τε
785 2808 1007 2880 Ῥώμης
1048 2810 1143 2862 καὶ
1193 2807 1303 2862 ἀπὸ
1359 2809 1677 2874 Βυζαντίου,
1719 2826 1915 2882 στρατ-

314 2900 590 2972 ηγοῦντος
638 2901 946 2971 ’Δσπαρος.
999 2900 1245 2971 Πολέμου
1278 2900 1335 2954 δὲ
1368 2899 1726 2971 κροτηθέντος
1780 2902 1914 2973 πρὸς

313 2991 627 3064 Γιζέριχον,
656 2991 868 3064 ἡττήθη
899 2994 928 3046 ὁ
959 2991 1004 3023 ⁹²
1025 2991 1134 3045 τῶν
1171 2989 1463 3060 Ῥωμαίων
1512 2993 1744 3062 στρατός
1767 3009 1782 3026 ο
1819 2993 1914 3046 καὶ

2031 513 2175 567 mine
2211 512 2455 581 trajecto,
2481 512 2619 567 duce
2641 510 2980 584 Modigiselo,
3009 514 3062 568 in
3086 513 3366 586 Hispania,
3392 533 3516 587 qua:
3546 518 3615 570 ab

2027 602 2291 672 Hesperio
2341 620 2546 659 oceano
2597 605 2829 675 Europae
2866 606 3040 675 prima
3079 609 3228 679 regio
3278 618 3384 671 est,
3428 610 3615 663 sedem

2026 704 2355 764 posuerunt.
2420 695 2737 752 Bonifacius
2801 707 2983 753 autem
3050 699 3120 753 ah
3190 700 3615 770 imperatoribus

2026 782 2292 840 Romanis
2349 785 2455 841 sibi
2486 796 2759 853 metuens,
2803 802 2833 842 e
2886 787 3054 859 Libya
3095 789 3374 859 trajiciens
3405 791 3456 843 in
3492 789 3618 844 llis-

2024 877 2245 947 paniam
2274 878 2341 934 ad
2378 876 2655 935 Vandalos
2691 895 2749 933 se
2781 880 3003 949 recepit.
3039 880 3250 935 Mortuo
3276 882 3391 950 jam
3436 881 3611 936 Modi-

2023 968 2212 1038 gisclo,
2240 969 2562 1024 Gontharim
2600 979 2653 1025 et
2693 969 3041 1024 Gizetichum
3077 971 3192 1038 ejus
3218 974 3359 1027 ﬁlios
3390 989 3613 1043 regnum

2023 1061 2478 1118 administrantes
2530 1062 2809 1118 oﬂ'endit:
2860 1064 3009 1133 ipsos
3060 1063 3307 1132 pluribus
3363 1064 3613 1118 hortatus

2022 1150 2246 1222 Libyam
2294 1153 2688 1208 occidentalem
2731 1154 2784 1207 in
2843 1162 2952 1209 tres
2994 1165 3177 1223 partes
3202 1169 3260 1209 se
3306 1155 3612 1209 divisurum

2023 1245 2297 1313 promisit,
2348 1253 2408 1299 ιιι
2466 1246 2852 1316 unusquisque
2893 1260 3082 1300 secum
3139 1246 3352 1300 tertiam
3403 1257 3611 1316 partem

2022 1333 2298 1389 obtineret
2335 1353 2351 1392 :
2411 1337 2708 1406 cunctique
2741 1337 2904 1392 simul
2946 1337 3323 1391 adversarium
3366 1352 3609 1402 onmem,

2022 1428 2278 1497 quisquis
2310 1428 2399 1483 ille
2430 1428 2590 1495 foret,
2618 1430 3038 1486 ulciscerentur.
3071 1429 3168 1485 His
3203 1431 3613 1490 conditionibus

2022 1519 2276 1582 ﬁrmatis,
2298 1518 2529 1576 Vandali
2560 1522 2849 1593 enavigato
2890 1520 3028 1577 freto
3058 1522 3281 1595 Libyam
3312 1525 3381 1579 ab
3407 1540 3612 1581 oceano

2021 1611 2089 1664 ad
2123 1610 2415 1681 Tripolim,
2451 1628 2572 1683 qua:
2615 1622 2700 1670 est
2730 1613 2887 1684 juxta
2918 1612 3206 1686 Cyrenem,
3240 1616 3611 1672 incoluerunt.

2027 1701 2347 1774 Wisigotthi
2378 1719 2598 1776 quoque
2631 1719 2661 1760 e
2683 1704 2856 1759 Gallia
2887 1705 3182 1774 migrantes
3208 1716 3615 1776 occupaverunt

1947 1776 1990 1835 Β
2018 1792 2363 1860 Hispaniam.
2399 1792 2569 1847 Porro
2612 1794 2832 1864 quidam
2878 1813 2943 1850 ex
2989 1794 3613 1853 Romanissenatoribus

2019 1881 2283 1937 Bonifacii
2309 1882 2472 1937 amici
2487 1881 2640 1938 dolos
2654 1882 2793 1939 Aetii
2821 1894 3154 1954 cunctasque
3172 1885 3289 1955 ejus
3306 1886 3612 1940 calumnias

2018 1971 2272 2028 Placidia:
2302 1973 2714 2039 denuntiavere,
2754 1975 2864 2045 82
2895 1986 2949 2030 et
2985 1975 3266 2031 Bonifacio
3315 1976 3609 2046 epistolam

2019 2063 2193 2132 ipsam
2228 2064 2367 2118 Aetli
2401 2066 2467 2119 ad
2499 2080 2593 2120 eos
2622 2064 2997 2133 submittcnte,
3025 2066 3126 2135 ipsi
3149 2066 3395 2120 eamdem
3422 2063 3602 2119 Placi-

2017 2157 2121 2211 dize
2180 2156 2429 2210 fecerunt
2485 2157 2831 2211 manifestam
2890 2166 2943 2211 et
2990 2160 3170 2226 palam
3214 2158 3605 2212 exhiburrunt.

2018 2248 2262 2316 Augusta
2296 2249 2379 2303 his
2409 2249 2693 2313 exterrita,
2728 2250 2942 2304 Aetium
2981 2248 3296 2304 nullatenus
3336 2249 3446 2303 ulta
3477 2260 3604 2316 est;

2019 2341 2081 2394 ad
2106 2339 2448 2393 Bonifaciutn
2476 2350 2685 2403 autem,
2702 2356 2822 2409 qua:
2839 2339 3075 2395 oﬂicium
3099 2339 3413 2401 suaderent,
3435 2341 3606 2393 etiam

2016 2432 2202 2487 addito
2232 2432 2600 2502 jurejurando
2633 2435 2795 2487 verba
2818 2432 2966 2487 fecit.
2987 2433 3252 2487 Gonthari
3276 2447 3402 2486 vero
3420 2447 3448 2484 e
3471 2432 3609 2486 vivis

2015 2524 2256 2593 sublato,
2282 2522 2653 2579 Vandalorum
2687 2524 2977 2594 imperium
3003 2525 3240 2594 suscepit
3263 2523 3602 2579 Gizericlms.

2016 2616 2333 2672 Bonifacius
2363 2632 2428 2670 ex
2452 2617 2680 2671 adverso
2700 2617 2823 2670 data
2858 2616 2962 2671 tide
2979 2615 3360 2681 contirmatus,
3379 2615 3605 2685 copioso

2014 2708 2257 2764 exercitu
2289 2708 2459 2763 Roma
2492 2707 2862 2780 Byzantioque
2884 2708 2985 2763 sub
3009 2710 3218 2778 Aspare
3250 2710 3390 2763 duce
3420 2718 3596 2763 trans-

2016 2805 2205 2865 misso,
2234 2801 2435 2857 bellum
2472 2801 2738 2856 adversus
2780 2799 3053 2855 Vandalos
3088 2798 3275 2853 movit.
3315 2798 3453 2853 lnito
3476 2814 3603 2855 cum

2016 2894 2305 2950 Gizcricbo
2339 2894 2637 2949 certamine
2664 2892 2923 2946 Romanae
2962 2892 3109 2947 acies
3134 2891 3342 2946 deletae.
3387 2890 3460 2945 lta
3493 2891 3601 2945 Ro-

2017 2986 2251 3042 nil‘acius
2289 3001 2413 3041 cum
2445 2986 2654 3054 Aspare
2677 2981 2906 3039 Romam
2941 2982 3242 3050 ingressus,
3269 2983 3343 3035 rei
3375 2984 3601 3035 veritate

310 3083 494 3149 οὕτως
520 3083 839 3154 Βονιφάτιος
861 3083 1003 3155 μετὰ
1038 3085 1325 3155 Ἀσπαρος
1354 3084 1434 3146 εἰς
1479 3083 1695 3155 Ῥώμην
1717 3083 1907 3150 ἐλθὼν,

2015 3080 2262 3150 probata,
2289 3087 2609 3147 conceptam
2635 3076 2700 3130 de
2722 3089 2782 3130 se
2803 3074 3166 3144 suspicionem
3194 3074 3384 3127 diluit:
3417 3074 3598 3127 Africa

308 3176 416 3248 τὴν
444 3176 686 3246 ὑποψίαν
739 3175 987 3230 διέλυσεν
1044 3175 1339 3240 ἀποδείξας
1369 3175 1467 3245 τὴν
1508 3177 1788 3247 ἀλήθειαν.
1840 3180 1905 3231 Ἦ

2016 3186 2145 3225 vero
2170 3171 2272 3225 sub
2286 3168 2654 3226 Vandalorum
2678 3174 2946 3237 potestate
2969 3168 3248 3222 remansit.
3274 3165 3409 3220 Tum
3434 3166 3596 3220 etiam

309 3270 372 3324 δὲ
404 3270 646 3343 ’Δφρικὴ
675 3269 780 3323 ὑπὸ
836 3269 1180 3341 Ούανδήλους
1210 3270 1425 3338 γέγονε.
1460 3269 1592 3322 Τότε
1625 3271 1722 3323 καὶ
1752 3272 1909 3344 Μαρ-

310 3358 508 3422 κιανὸς
539 3357 884 3429 στρατιώτης
936 3357 1032 3423 ὢν,
1061 3358 1159 3411 καὶ
1216 3357 1483 3412 δουλεύων
1530 3357 1610 3428 τῷ
1640 3361 1903 3433 ’Λσπαρι,

312 3449 428 3517 ζῶν
456 3449 768 3522 συνελήφθη
801 3450 908 3505 ὑπὸ
953 3449 1261 3523 Γιξερίχου,
1312 3451 1342 3505 ὁ
1377 3450 1516 3522 μετὰ
1550 3450 1723 3505 ταῦτα
1748 3453 1904 3525 βασι-

311 3542 543 3608 λεύσας.

385 3636 453 3691 Δ.
509 3632 584 3689 ll.
637 3634 799 3691 5952.
856 3665 929 3674 --
986 3632 1176 3704 Τούτῳ
1224 3632 1301 3704 τῷ
1358 3633 1468 3690 ἔτει
1533 3638 1798 3709 μετετέθη
1844 3639 1904 3693 ἐν

325 3723 713 3794 ’Δλεξανδρεία
741 3722 853 3796 (60)
907 3725 940 3795 ή
989 3723 1120 3793 ἁγία
1177 3724 1387 3795 μάρτυς
1417 3726 1678 3798 Εὐφημία
1711 3730 1816 3800 πρὸ
1843 3730 1902 3796 ἓξ

312 3813 606 3867 καλανδῶν
638 3814 854 3868 Ὀκτωό
861 3815 1015 3886 ρίων.

383 3903 452 3957 Α.
470 3902 703 3959 Μ.5955.
714 3904 976 3976 --Τούτφ
992 3903 1070 3977 τῷ
1089 3904 1235 3960 Ereto
1251 3906 1538 3977 Κάνθαρος
1556 3907 1615 3961 τὸ
1628 3907 1902 3979 βαλανεῖον

310 3994 767 4068 ἐν’Δλεξανδρείᾳ
801 3996 1118 4068 ἐπληρώθη.
1178 3998 1419 4068 Μοναχοὶ
1448 3997 1506 4051 δέ
1536 4016 1681 4064 τινες
1718 4000 1902 4055 ἐλθόν-

306 4104 407 4152 τες
420 4089 1072 4157 ὲνθκωνσταντινουπόλει
1083 4091 1195 4163 (61)
1213 4109 1289 4145 πα
1295 4090 1587 4163 ρηνόχλουν
1598 4092 1674 4166 τῷ
1692 4093 1904 4163 βασιλεῖ

309 4181 458 4235 κατὰ
472 4180 752 4253 Θεοδώρου
764 4180 861 4235 τοῦ
872 4183 1166 4254 γενομένου
1194 4185 1495 4239 ἐπισκόπου
1517 4187 1902 4256 Μοψουεστίας

312 4274 455 4343 μετὰ
502 4274 738 4329 θάνατον
787 4275 979 4339 αὐτοῦ,
1040 4275 1115 4339 ὡς
1174 4277 1453 4347 αἱρετικὸν
1495 4278 1897 4346 διαϐάλλοντες.

319 4366 380 4421 '0
407 4366 467 4421 δὲ
496 4367 754 4438 βασιλεὺς
782 4367 1015 4439 Πρόκλῳ
1035 4369 1306 4439 ἐπέτρεψε
1338 4373 1451 4433 τοῖς
1483 4371 1581 4441 τῆς
1604 4372 1899 4444 ’Δνατολῆς

2016 3262 2326 3317 Marcianus
2368 3261 2543 3326 miles,
2580 3258 2806 3328 Asparis
2844 3258 3206 3321 domesticus,
3249 3259 3403 3312 \‘ivus
3431 3274 3461 3312 a
3506 3258 3598 3313 Gi-

2015 3357 2235 3412 zerieho
2290 3366 2481 3419 captus
2520 3365 2643 3411 est:
2698 3368 2761 3409 ac
2809 3355 3152 3424 postmodum
3194 3354 3460 3410 successit
3493 3354 3597 3406 im-

2014 3451 2189 3520 perio.

2082 3634 2147 3689 A.
2183 3633 2243 3689 C.
2267 3632 2394 3688 452.
2425 3664 2495 3674 -
2525 3633 2638 3688 Hoc
2667 3647 2811 3686 anno
2836 3641 3022 3688 sancta
3059 3641 3263 3701 martyr
3295 3629 3592 3697 Euphcmia

2010 3736 2164 3782 sexto
2195 3724 2465 3779 Kalendas
2500 3721 2751 3778 Octobris
2776 3722 3161 3776 Alexandriam
3193 3720 3455 3775 translata
3482 3727 3588 3773 est.

2079 3911 2147 3963 A.
2186 3907 2249 3963 (ο.
2277 3906 2403 3963 455.
2421 3936 2491 3949 ——
2509 3906 2625 3962 Hoc
2644 3921 2789 3961 anno
2808 3905 3140 3971 Cantharus,
3164 3904 3306 3974 quod
3331 3904 3584 3958 balneum

2009 3999 2111 4055 fuit
2143 3999 2507 4066 Alexandriae,
2542 4000 2848 4071 completus
2885 4008 2989 4055 est.
3023 3998 3193 4052 Porro
3223 3999 3442 4069 quidem
3469 4013 3586 4053 mo-

2006 4094 2169 4150 nachi
2197 4093 2406 4164 Cpolim
2445 4092 2670 4161 profecti
2705 4093 3007 4149 molestiam
3038 4093 3352 4164 imperatori
3380 4090 3585 4147 infere-

2005 4185 2139 4242 bant
2162 4200 2328 4241 causa
2350 4185 2624 4242 Theodori
2651 4184 2994 4255 Mopsuestia
3015 4186 3291 4256 quondam
3318 4184 3580 4255 episcopi,

2006 4295 2169 4350 quem
2219 4280 2384 4335 etiam
2429 4288 2549 4350 post
2605 4289 2836 4334 mortem
2886 4278 3110 4335 haeresis
3172 4277 3587 4333 insimulabant.

2004 4375 2305 4446 Imperator
2330 4383 2512 4429 autem
2542 4371 2610 4428 ad
2644 4369 2886 4427 Orientis
2923 4372 3229 4443 episcopos,
3275 4368 3585 4440 inquisitio-

306 4460 639 4524 ὲπιτκόποις
697 4460 912 4533 γράψαι
957 4461 1060 4531 τὴν
1108 4460 1335 4532 ζήτησιν
1367 4462 1662 4529 ποιεῖσθαι,
1702 4465 1801 4519 καὶ
1846 4467 1896 4520 εί

2015 4483 2127 4523 rtem
2157 4467 2373 4539 plenam
2411 4463 2634 4529 instrui,
2669 4475 2723 4519 et
2745 4464 2791 4519 si
2821 4479 2947 4518 vera
2980 4462 3284 4533 proferrent
3307 4458 3583 4522 monachi,

308 4552 675 4623 ἀληθεύουσιν
725 4552 1126 4625 ἀναθεματίσαι
1185 4554 1483 4626 θεόδωρον.
1546 4557 1799 4630 Ἰωάννης
1842 4560 1901 4613 δὲ

306 4648 337 4699 ὁ
390 4646 438 4679 ιι
506 4646 843 4717 Ἀντιοχείας
915 4647 1258 4719 ἀντέγραψεν
1317 4648 1549 4720 Πρόκλῳ
1601 4653 1739 4721 μετὰ
1799 4654 1896 4723 τῆς

309 4738 450 4801 ιδίας
476 4737 526 4771 ’⁸
551 4739 772 4793 συνόδου
806 4739 901 4793 xui.
925 4738 1006 4811 τῷ
1031 4738 1247 4811 βασιλεῖ
1263 4737 1579 4809 ὁρθοδοξίαν
1599 4743 1896 4814 μαρτυρῶν

305 4829 593 4903 Θεοδώρῳ.

2007 4568 2068 4615 ut
2087 4558 2433 4615 Theodorum
2454 4557 2800 4612 anathemate
2828 4555 3069 4619 ferirent,
3092 4553 3283 4608 Proclo
3305 4551 3583 4607 commisit

2007 4662 2066 4709 ιιι
2091 4654 2373 4709 scriberet.
2408 4650 2648 4705 Joannes
2682 4663 2813 4704 vero
2847 4647 3151 4701 Antiochia:
3188 4650 3475 4714 episcopus
3513 4643 3584 4699 de

2002 4756 2152 4801 recto
2176 4744 2452 4800 Theodori
2478 4757 2642 4799 sensu
2665 4756 2790 4796 cum
2813 4755 2912 4795 sua
2935 4737 3144 4811 synodo
3166 4737 3359 4791 Proclo
3385 4736 3581 4792 rescri-

2003 4840 2132 4906 psit,
2160 4846 2214 4893 et
2239 4838 2305 4893 de
2335 4836 2528 4892 eadem
2564 4831 2883 4905 imperatori
2914 4831 3070 4887 [idem
3108 4830 3257 4887 fecit.

1580 4967 1813 5025 VAthE
1849 4972 2252 5030 LECTIONES.

382 5086 427 5160 ⁸ρτ
458 5086 810 5160 Γοδίγισκλον
837 5102 888 5160 ε.
988 5088 1034 5122 ¹⁸
1055 5090 1147 5160 τὸν
1167 5088 1267 5160 μὲν
1297 5089 1477 5160 Γοδίγ.
1507 5088 1563 5143 1).

1668 5089 1709 5120 ²⁹
1739 5088 2002 5162 Γότθαριν
2030 5120 2101 5131 -—
2128 5089 2422 5162 Γηζέριχον
2445 5104 2497 5143 a.

2594 5090 2639 5122 ²⁰
2667 5090 2753 5160 ἐφ’
2777 5079 2821 5157 ᾧ
2860 5104 2911 5158 e,
2938 5087 3027 5160 ἐφ’
3060 5084 3135 5144 ὧν
3162 5088 3307 5160 vnlg.
3389 5092 3429 5122 ’l
3456 5091 3579 5151 ταῖς

302 5156 436 5212 add.
478 5158 629 5213 οιΑ.
705 5162 751 5191 ’³
777 5159 951 5215 dadd.
983 5175 1048 5216 ex
1080 5156 1181 5215 Af
1225 5161 1317 5214 ¹³ὁ
1348 5156 1479 5215 add.
1514 5176 1585 5215 ex
1612 5158 1678 5213 A.
1758 5161 1804 5192 "
1837 5156 1974 5255 ξδίας
2006 5161 2074 5225 Α,
2097 5156 2439 5230 ἁγίαςνιιιε.

1625 5294 1766 5351 JAC.
1797 5296 2004 5352 GOARI
2045 5297 2277 5355 NOTAE.

378 5415 498 5489 (60)
526 5417 787 5491 Eugeniae
822 5419 1059 5491 Amartyri
1107 5417 1342 5491 Philippi
1384 5416 1704 5491 Augustalis
1736 5415 1880 5491 ﬁlim,
1910 5419 1962 5478 D
2011 5489 2018 5491 _
2061 5417 2173 5489 (6|)
2197 5417 2270 5473 De
2286 5417 2574 5491 Theodoro
2594 5418 2979 5491 Mopsuesteno
3000 5431 3029 5469 a
3049 5414 3245 5491 Proclo
3277 5422 3330 5491 et
3349 5412 3486 5491 Joan
3502 5431 3569 5491 ne

295 5483 653 5549 Alexandria:
673 5491 802 5543 olim
817 5483 1045 5544 Romam
1080 5483 1338 5560 profectae
1359 5504 1463 5557 qua
1483 5483 1535 5560 in
1556 5488 1692 5560 urbe
1714 5488 1878 5560 etiam
1991 5483 2335 5560 Antiocheno
2368 5489 2539 5560 _nltro
2597 5483 2845 5560 citraque
2881 5489 3039 5560 datas
3096 5485 3362 5552 epistolas
3389 5483 3570 5560 _dctiit

297 5560 633 5630 martyrium
662 5575 822 5630 passa
844 5569 949 5622 est,
979 5560 1245 5630 reliquias
1272 5556 1877 5630 Ale’xandrianrpotins
1991 5556 2312 5616 Vincentius
2362 5558 2633 5615 Ricardns
2691 5556 2770 5614 ad'
2809 5558 2988 5630 Procli
3040 5570 3291 5630 operum_
3319 5556 3526 5630 calcem
3550 5600 3567 5623 ,

296 5627 601 5687 translatas
636 5627 959 5692 arbitrarer,
1007 5627 1171 5699 quam
1206 5627 1544 5699 Euphemiaa,
1590 5627 1747 5699 cujus
1776 5627 1881 5699 rde-

1989 5644 2127 5696 quas
2173 5630 2337 5685 etiam
2388 5630 2804 5685 commentariis
2855 5623 3211 5696 illustrarit:
3261 5623 3329 5680 de
3375 5626 3569 5696 eodem

294 5703 545 5771 positum
584 5702 638 5755 in
670 5714 847 5772 annos
873 5694 1166 5772 sequentes
1192 5694 1877 5756 Chalcedonensis'civitas
1987 5694 2260 5772 Batonius
2291 5699 2507 5772 abunde
2536 5707 2685 5757 tomo
2710 5698 2750 5755 ν
2794 5697 3104 5759 Annalium.
3131 5694 3449 5765 Facundos,
3476 5695 3569 5769 Li-

294 5770 515 5829 diutius
541 5770 861 5828 custodivit.

1984 5768 2233 5839 beratus,
2257 5779 2311 5828 et
2338 5770 2456 5828 alii.
