  <div class='ocr_page' id='page_1' title='image "/cluster/home/n/w/nwhite01/storage/ocr_20150623/108/hvd.32044073502320/134.png"; bbox 0 0 3930 6214; ppageno 0'>
   <div class='ocr_carea' id='block_1_1' title="bbox 168 279 259 345">
    <p class='ocr_par' dir='ltr' id='par_1_1' title="bbox 168 279 259 345">
     <span class='ocr_line' id='line_1_1' title="bbox 168 279 259 345; baseline -0.066 0"><span class='ocrx_word' id='word_1_1' title='bbox 168 279 259 345; x_wconf 68' lang='lat'><strong>251</strong></span> 
     </span>
    </p>
   </div>
   <div class='ocr_carea' id='block_1_2' title="bbox 1499 267 2175 332">
    <p class='ocr_par' dir='ltr' id='par_1_2' title="bbox 1499 267 2175 332">
     <span class='ocr_line' id='line_1_2' title="bbox 1499 267 2175 332; baseline 0.006 -4"><span class='ocrx_word' id='word_1_2' title='bbox 1499 267 2175 332; x_wconf 75' lang='lat' dir='ltr'><strong>CHRONOGRAPHIA.</strong></span> 
     </span>
    </p>
   </div>
   <div class='ocr_carea' id='block_1_3' title="bbox 3355 268 3462 330">
    <p class='ocr_par' dir='ltr' id='par_1_3' title="bbox 3355 268 3462 330">
     <span class='ocr_line' id='line_1_3' title="bbox 3355 268 3462 330; baseline 0 -1"><span class='ocrx_word' id='word_1_3' title='bbox 3355 268 3462 330; x_wconf 74' lang='lat'><strong>258</strong></span> 
     </span>
    </p>
   </div>
   <div class='ocr_carea' id='block_1_4' title="bbox 174 379 1781 461">
    <p class='ocr_par' dir='ltr' id='par_1_4' title="bbox 174 387 1776 461">
     <span class='ocr_line' id='line_1_4' title="bbox 174 387 1776 461; baseline -0.001 -17"><span class='ocrx_word' id='word_1_4' title='bbox 174 394 280 447; x_wconf 79' lang='grc' dir='ltr'><strong>λέα.</strong></span> <span class='ocrx_word' id='word_1_5' title='bbox 319 391 378 445; x_wconf 88' lang='lat'><strong>&#39;0</strong></span> <span class='ocrx_word' id='word_1_6' title='bbox 405 389 464 443; x_wconf 80' lang='grc' dir='ltr'>δὲ</span> <span class='ocrx_word' id='word_1_7' title='bbox 496 387 815 448; x_wconf 71' lang='grc' dir='ltr'><strong>ἐπίσκοπος</strong></span> <span class='ocrx_word' id='word_1_8' title='bbox 861 389 1157 460; x_wconf 79' lang='grc' dir='ltr'>ἀντέδήλου</span> <span class='ocrx_word' id='word_1_9' title='bbox 1215 390 1288 461; x_wconf 80' lang='grc' dir='ltr'>μὴ</span> <span class='ocrx_word' id='word_1_10' title='bbox 1329 389 1472 460; x_wconf 80' lang='grc' dir='ltr'>ἔχειν</span> <span class='ocrx_word' id='word_1_11' title='bbox 1518 389 1776 460; x_wconf 88' lang='grc' dir='ltr'>χρήματα</span> 
     </span>
    </p>
   </div>
   <div class='ocr_carea' id='block_1_5' title="bbox 1884 379 3472 461">
    <p class='ocr_par' dir='ltr' id='par_1_5' title="bbox 1884 379 3472 452">
     <span class='ocr_line' id='line_1_5' title="bbox 1884 379 3472 452; baseline -0.008 -9"><span class='ocrx_word' id='word_1_12' title='bbox 1884 388 2173 443; x_wconf 79' lang='lat' dir='ltr'><strong>dictiOnem</strong></span> <span class='ocrx_word' id='word_1_13' title='bbox 2209 387 2376 443; x_wconf 89' lang='lat' dir='ltr'><strong>misit.</strong></span> <span class='ocrx_word' id='word_1_14' title='bbox 2416 384 2525 440; x_wconf 82' lang='lat' dir='ltr'><strong>Hos</strong></span> <span class='ocrx_word' id='word_1_15' title='bbox 2557 392 2839 439; x_wconf 77' lang='lat' dir='ltr'><strong>aversatus</strong></span> <span class='ocrx_word' id='word_1_16' title='bbox 2876 379 3273 452; x_wconf 79' lang='lat' dir='ltr'><strong>Chrysaphius,</strong></span> <span class='ocrx_word' id='word_1_17' title='bbox 3306 392 3472 435; x_wconf 82' lang='lat' dir='ltr'><strong>aurea</strong></span> 
     </span>
    </p>
   </div>
   <div class='ocr_carea' id='block_1_6' title="bbox 183 479 1772 555">
    <p class='ocr_par' dir='ltr' id='par_1_6' title="bbox 183 479 1772 555">
     <span class='ocr_line' id='line_1_6' title="bbox 183 479 1772 555; baseline -0.003 -16"><span class='ocrx_word' id='word_1_18' title='bbox 183 483 500 545; x_wconf 73' lang='grc' dir='ltr'>ἀποστεῖλαι,</span> <span class='ocrx_word' id='word_1_19' title='bbox 528 479 595 533; x_wconf 80' lang='grc' dir='ltr'><strong>Εἰ</strong></span> <span class='ocrx_word' id='word_1_20' title='bbox 633 482 713 551; x_wconf 85' lang='grc' dir='ltr'><strong>μή</strong></span> <span class='ocrx_word' id='word_1_21' title='bbox 747 498 864 534; x_wconf 86' lang='grc' dir='ltr'>τισι</span> <span class='ocrx_word' id='word_1_22' title='bbox 897 484 1179 555; x_wconf 79' lang='grc' dir='ltr'><strong>χρήσομαι</strong></span> <span class='ocrx_word' id='word_1_23' title='bbox 1207 484 1315 536; x_wconf 89' lang='grc' dir='ltr'><strong>τῶν</strong></span> <span class='ocrx_word' id='word_1_24' title='bbox 1349 481 1512 554; x_wconf 74' lang='grc' dir='ltr'>ἱερῶν</span> <span class='ocrx_word' id='word_1_25' title='bbox 1541 481 1772 534; x_wconf 82' lang='grc' dir='ltr'>σκευῶν.</span> 
     </span>
    </p>
   </div>
   <div class='ocr_carea' id='block_1_7' title="bbox 190 571 1778 647">
    <p class='ocr_par' dir='ltr' id='par_1_7' title="bbox 190 571 1778 647">
     <span class='ocr_line' id='line_1_7' title="bbox 190 571 1778 647; baseline -0.002 -17"><span class='ocrx_word' id='word_1_26' title='bbox 190 580 384 630; x_wconf 79' lang='grc' dir='ltr'>Γίνεται</span> <span class='ocrx_word' id='word_1_27' title='bbox 426 571 516 628; x_wconf 72' lang='grc' dir='ltr'>οὖν</span> <span class='ocrx_word' id='word_1_28' title='bbox 573 575 644 626; x_wconf 82' lang='grc' dir='ltr'><strong>ἐκ</strong></span> <span class='ocrx_word' id='word_1_29' title='bbox 702 574 913 628; x_wconf 80' lang='grc' dir='ltr'>τούτου</span> <span class='ocrx_word' id='word_1_30' title='bbox 967 577 1030 630; x_wconf 88' lang='grc' dir='ltr'><strong>οὐ</strong></span> <span class='ocrx_word' id='word_1_31' title='bbox 1062 577 1110 608; x_wconf 69' lang='grc'><strong>⁸³</strong></span> <span class='ocrx_word' id='word_1_32' title='bbox 1135 578 1306 647; x_wconf 71' lang='grc' dir='ltr'>μικρὰ</span> <span class='ocrx_word' id='word_1_33' title='bbox 1349 575 1494 646; x_wconf 87' lang='grc' dir='ltr'>λύπη</span> <span class='ocrx_word' id='word_1_34' title='bbox 1528 578 1586 628; x_wconf 90' lang='grc' dir='ltr'><strong>ἐν</strong></span> <span class='ocrx_word' id='word_1_35' title='bbox 1626 576 1778 646; x_wconf 83' lang='grc' dir='ltr'><strong>μέσῳ</strong></span> 
     </span>
    </p>
   </div>
   <div class='ocr_carea' id='block_1_8' title="bbox 198 663 1778 738">
    <p class='ocr_par' dir='ltr' id='par_1_8' title="bbox 198 663 1778 738">
     <span class='ocr_line' id='line_1_8' title="bbox 198 663 1778 738; baseline -0.001 -20"><span class='ocrx_word' id='word_1_36' title='bbox 198 667 378 722; x_wconf 61' lang='grc' dir='ltr'>αὐτῶν,</span> <span class='ocrx_word' id='word_1_37' title='bbox 436 663 790 733; x_wconf 76' lang='grc' dir='ltr'>Πουλχερίας</span> <span class='ocrx_word' id='word_1_38' title='bbox 845 665 1028 720; x_wconf 82' lang='grc' dir='ltr'>ταῦτα</span> <span class='ocrx_word' id='word_1_39' title='bbox 1087 667 1164 738; x_wconf 82' lang='grc' dir='ltr'>μὴ</span> <span class='ocrx_word' id='word_1_40' title='bbox 1204 667 1424 730; x_wconf 80' lang='grc' dir='ltr'>εἰδυίας.</span> <span class='ocrx_word' id='word_1_41' title='bbox 1471 665 1583 720; x_wconf 73' lang='grc' dir='ltr'><strong>Καὶ</strong></span> <span class='ocrx_word' id='word_1_42' title='bbox 1609 665 1778 718; x_wconf 74' lang='grc' dir='ltr'>ταῦτα</span> 
     </span>
    </p>
   </div>
   <div class='ocr_carea' id='block_1_9' title="bbox 208 757 1780 828">
    <p class='ocr_par' dir='ltr' id='par_1_9' title="bbox 208 757 1780 828">
     <span class='ocr_line' id='line_1_9' title="bbox 208 757 1780 828; baseline 0.001 -19"><span class='ocrx_word' id='word_1_43' title='bbox 208 760 296 826; x_wconf 72' lang='grc' dir='ltr'>μὲν</span> <span class='ocrx_word' id='word_1_44' title='bbox 328 758 371 788; x_wconf 63' lang='grc'><strong>⁸⁵</strong></span> <span class='ocrx_word' id='word_1_45' title='bbox 414 758 468 808; x_wconf 72' lang='grc' dir='ltr'>ὲν</span> <span class='ocrx_word' id='word_1_46' title='bbox 512 757 1134 813; x_wconf 71' lang='grc' dir='ltr'>Κωνσταντινουπόλει.</span> <span class='ocrx_word' id='word_1_47' title='bbox 1182 760 1270 812; x_wconf 84' lang='grc' dir='ltr'><strong>Ἐν</strong></span> <span class='ocrx_word' id='word_1_48' title='bbox 1311 757 1689 828; x_wconf 70' lang='grc' dir='ltr'>Ἀλεξανδρεία</span> <span class='ocrx_word' id='word_1_49' title='bbox 1724 758 1780 810; x_wconf 88' lang='grc' dir='ltr'>δὲ</span> 
     </span>
    </p>
   </div>
   <div class='ocr_carea' id='block_1_10' title="bbox 214 850 1783 922">
    <p class='ocr_par' dir='ltr' id='par_1_10' title="bbox 214 850 1783 922">
     <span class='ocr_line' id='line_1_10' title="bbox 214 850 1783 922; baseline -0.003 -16"><span class='ocrx_word' id='word_1_50' title='bbox 214 855 476 920; x_wconf 57' lang='grc' dir='ltr'>Διόσκοςος</span> <span class='ocrx_word' id='word_1_51' title='bbox 505 850 658 913; x_wconf 74' lang='grc' dir='ltr'>εὐθὺς</span> <span class='ocrx_word' id='word_1_52' title='bbox 679 851 750 903; x_wconf 80' lang='grc' dir='ltr'><strong>ἐκ</strong></span> <span class='ocrx_word' id='word_1_53' title='bbox 779 852 1091 922; x_wconf 81' lang='grc' dir='ltr'>προοιμίων</span> <span class='ocrx_word' id='word_1_54' title='bbox 1116 854 1244 916; x_wconf 78' lang='grc' dir='ltr'>τοὺς</span> <span class='ocrx_word' id='word_1_55' title='bbox 1273 854 1556 920; x_wconf 82' lang='grc' dir='ltr'>συγγενεῖς</span> <span class='ocrx_word' id='word_1_56' title='bbox 1577 850 1783 921; x_wconf 74' lang='grc' dir='ltr'>Κυρξλ-</span> 
     </span>
    </p>
   </div>
   <div class='ocr_carea' id='block_1_11' title="bbox 218 942 1779 1013">
    <p class='ocr_par' dir='ltr' id='par_1_11' title="bbox 218 942 1779 1013">
     <span class='ocr_line' id='line_1_11' title="bbox 218 942 1779 1013; baseline -0.001 -17"><span class='ocrx_word' id='word_1_57' title='bbox 218 947 305 996; x_wconf 76' lang='grc' dir='ltr'><strong>λου</strong></span> <span class='ocrx_word' id='word_1_58' title='bbox 327 945 506 1013; x_wconf 72' lang='grc' dir='ltr'>πορθεῖ,</span> <span class='ocrx_word' id='word_1_59' title='bbox 535 944 628 995; x_wconf 76' lang='grc' dir='ltr'>καὶ</span> <span class='ocrx_word' id='word_1_60' title='bbox 677 943 754 995; x_wconf 71' lang='grc' dir='ltr'>τὰ</span> <span class='ocrx_word' id='word_1_61' title='bbox 783 943 1000 996; x_wconf 88' lang='grc' dir='ltr'>τούτων</span> <span class='ocrx_word' id='word_1_62' title='bbox 1029 945 1296 1013; x_wconf 73' lang='grc' dir='ltr'>ληῖζεται.</span> <span class='ocrx_word' id='word_1_63' title='bbox 1337 945 1440 997; x_wconf 76' lang='grc' dir='ltr'>Τὸν</span> <span class='ocrx_word' id='word_1_64' title='bbox 1470 943 1524 996; x_wconf 81' lang='grc' dir='ltr'>δὲ</span> <span class='ocrx_word' id='word_1_65' title='bbox 1557 942 1779 1010; x_wconf 76' lang='grc' dir='ltr'>ἀδελφι-</span> 
     </span>
    </p>
   </div>
   <div class='ocr_carea' id='block_1_12' title="bbox 228 1032 1782 1104">
    <p class='ocr_par' dir='ltr' id='par_1_12' title="bbox 228 1032 1782 1104">
     <span class='ocr_line' id='line_1_12' title="bbox 228 1032 1782 1104; baseline -0.001 -18"><span class='ocrx_word' id='word_1_66' title='bbox 228 1034 340 1086; x_wconf 75' lang='grc' dir='ltr'>δοῦν</span> <span class='ocrx_word' id='word_1_67' title='bbox 367 1032 498 1085; x_wconf 75' lang='grc' dir='ltr'>αὐτοῦ</span> <span class='ocrx_word' id='word_1_68' title='bbox 532 1033 577 1061; x_wconf 72' lang='grc'>⁸⁸</span> <span class='ocrx_word' id='word_1_69' title='bbox 616 1032 962 1087; x_wconf 76' lang='grc' dir='ltr'>Ἀθανάσιον</span> <span class='ocrx_word' id='word_1_70' title='bbox 987 1033 1256 1104; x_wconf 76' lang='grc' dir='ltr'>πρεσϐύτε</span> <span class='ocrx_word' id='word_1_71' title='bbox 1267 1051 1358 1104; x_wconf 87' lang='grc' dir='ltr'><strong>ρον</strong></span> <span class='ocrx_word' id='word_1_72' title='bbox 1387 1034 1515 1087; x_wconf 76' lang='grc' dir='ltr'>ὅντα</span> <span class='ocrx_word' id='word_1_73' title='bbox 1532 1032 1782 1086; x_wconf 78' lang='grc' dir='ltr'><strong>καθεῖλεν</strong></span> 
     </span>
    </p>
   </div>
   <div class='ocr_carea' id='block_1_13' title="bbox 235 1123 1782 1194">
    <p class='ocr_par' dir='ltr' id='par_1_13' title="bbox 235 1123 1782 1194">
     <span class='ocr_line' id='line_1_13' title="bbox 235 1123 1782 1194; baseline -0.001 -16"><span class='ocrx_word' id='word_1_74' title='bbox 235 1126 455 1184; x_wconf 74' lang='grc' dir='ltr'>ἀναιτέως,</span> <span class='ocrx_word' id='word_1_75' title='bbox 484 1124 787 1193; x_wconf 68' lang='grc' dir='ltr'>δημεύσας</span> <span class='ocrx_word' id='word_1_76' title='bbox 842 1123 1009 1177; x_wconf 83' lang='grc' dir='ltr'>αὐτὸν</span> <span class='ocrx_word' id='word_1_77' title='bbox 1059 1125 1324 1194; x_wconf 71' lang='grc' dir='ltr'>ἐσχάτως.</span> <span class='ocrx_word' id='word_1_78' title='bbox 1381 1124 1567 1177; x_wconf 79' lang='grc' dir='ltr'>Ταῦτα</span> <span class='ocrx_word' id='word_1_79' title='bbox 1606 1125 1782 1178; x_wconf 81' lang='grc' dir='ltr'>ἐποίει</span> 
     </span>
    </p>
   </div>
   <div class='ocr_carea' id='block_1_14' title="bbox 229 1214 1781 1288">
    <p class='ocr_par' dir='ltr' id='par_1_14' title="bbox 229 1214 1781 1288">
     <span class='ocr_line' id='line_1_14' title="bbox 229 1214 1781 1288; baseline 0 -21"><span class='ocrx_word' id='word_1_80' title='bbox 229 1215 574 1282; x_wconf 71' lang='grc' dir='ltr'>ἐναντιούμενος</span> <span class='ocrx_word' id='word_1_81' title='bbox 591 1218 670 1285; x_wconf 72' lang='grc' dir='ltr'><strong>τῇ</strong></span> <span class='ocrx_word' id='word_1_82' title='bbox 689 1214 839 1285; x_wconf 79' lang='grc' dir='ltr'>ὀρθῇ</span> <span class='ocrx_word' id='word_1_83' title='bbox 856 1215 1038 1268; x_wconf 76' lang='grc' dir='ltr'>πίστει</span> <span class='ocrx_word' id='word_1_84' title='bbox 1051 1217 1091 1245; x_wconf 66' lang='grc'><strong>⁸⁷</strong></span> <span class='ocrx_word' id='word_1_85' title='bbox 1109 1215 1373 1286; x_wconf 76' lang='grc' dir='ltr'>Κυρελλου</span> <span class='ocrx_word' id='word_1_86' title='bbox 1394 1217 1665 1288; x_wconf 72' lang='grc' dir='ltr'>αἱρετικδς</span> <span class='ocrx_word' id='word_1_87' title='bbox 1684 1215 1781 1283; x_wconf 80' lang='grc' dir='ltr'>ῶν,</span> 
     </span>
    </p>
   </div>
   <div class='ocr_carea' id='block_1_15' title="bbox 221 1305 1782 1379">
    <p class='ocr_par' dir='ltr' id='par_1_15' title="bbox 221 1305 1782 1379">
     <span class='ocr_line' id='line_1_15' title="bbox 221 1305 1782 1379; baseline 0.003 -21"><span class='ocrx_word' id='word_1_88' title='bbox 221 1309 269 1372; x_wconf 80' lang='grc' dir='ltr'><em>ἐξ</em></span> <span class='ocrx_word' id='word_1_89' title='bbox 289 1305 477 1359; x_wconf 72' lang='grc' dir='ltr'>ἁπαλῶν</span> <span class='ocrx_word' id='word_1_90' title='bbox 497 1306 728 1376; x_wconf 72' lang='grc' dir='ltr'>ὀνύχων</span> <span class='ocrx_word' id='word_1_91' title='bbox 766 1307 844 1361; x_wconf 77' lang='grc' dir='ltr'><strong>τὰ</strong></span> <span class='ocrx_word' id='word_1_92' title='bbox 872 1305 1184 1376; x_wconf 83' lang='grc' dir='ltr'>Ὠριγένους</span> <span class='ocrx_word' id='word_1_93' title='bbox 1214 1307 1447 1377; x_wconf 80' lang='grc' dir='ltr'>φρονῶν.</span> <span class='ocrx_word' id='word_1_94' title='bbox 1482 1310 1718 1379; x_wconf 83' lang='grc' dir='ltr'>Ἐνείχεν</span> <span class='ocrx_word' id='word_1_95' title='bbox 1738 1311 1782 1342; x_wconf 76' lang='grc'><strong>⁸⁸</strong></span> 
     </span>
    </p>
   </div>
   <div class='ocr_carea' id='block_1_16' title="bbox 215 1398 1783 1470">
    <p class='ocr_par' dir='ltr' id='par_1_16' title="bbox 215 1398 1783 1470">
     <span class='ocr_line' id='line_1_16' title="bbox 215 1398 1783 1470; baseline 0.001 -19"><span class='ocrx_word' id='word_1_96' title='bbox 215 1399 258 1451; x_wconf 73' lang='grc' dir='ltr'>δὲ</span> <span class='ocrx_word' id='word_1_97' title='bbox 285 1398 666 1469; x_wconf 60' lang='grc' dir='ltr'>καίφλασιανῷ</span> <span class='ocrx_word' id='word_1_98' title='bbox 712 1399 786 1461; x_wconf 69' lang='grc' dir='ltr'><strong>δ’,</strong></span> <span class='ocrx_word' id='word_1_99' title='bbox 857 1398 996 1452; x_wconf 81' lang='grc' dir='ltr'>διότι</span> <span class='ocrx_word' id='word_1_100' title='bbox 1047 1401 1250 1469; x_wconf 82' lang='grc' dir='ltr'>μικρὰν</span> <span class='ocrx_word' id='word_1_101' title='bbox 1281 1400 1604 1470; x_wconf 77' lang='grc' dir='ltr'><strong>ἐπικουρίαν</strong></span> <span class='ocrx_word' id='word_1_102' title='bbox 1641 1418 1783 1470; x_wconf 82' lang='grc' dir='ltr'>παρ-</span> 
     </span>
    </p>
   </div>
   <div class='ocr_carea' id='block_1_17' title="bbox 219 1488 1785 1562">
    <p class='ocr_par' dir='ltr' id='par_1_17' title="bbox 219 1488 1785 1562">
     <span class='ocr_line' id='line_1_17' title="bbox 219 1488 1785 1562; baseline 0.002 -20"><span class='ocrx_word' id='word_1_103' title='bbox 219 1491 318 1558; x_wconf 70' lang='grc' dir='ltr'>ἔςχε</span> <span class='ocrx_word' id='word_1_104' title='bbox 350 1492 448 1550; x_wconf 66' lang='lat' dir='ltr'><strong>toi;</strong></span> <span class='ocrx_word' id='word_1_105' title='bbox 499 1490 822 1558; x_wconf 72' lang='grc' dir='ltr'>συγγενέσι</span> <span class='ocrx_word' id='word_1_106' title='bbox 862 1488 960 1542; x_wconf 73' lang='grc' dir='ltr'>τοῦ</span> <span class='ocrx_word' id='word_1_107' title='bbox 997 1490 1269 1560; x_wconf 81' lang='grc' dir='ltr'><strong>μακαρίου</strong></span> <span class='ocrx_word' id='word_1_108' title='bbox 1315 1491 1609 1562; x_wconf 83' lang='grc' dir='ltr'>Κυρίλλου.</span> <span class='ocrx_word' id='word_1_109' title='bbox 1650 1493 1708 1545; x_wconf 84' lang='lat'><strong>&#39;0</strong></span> <span class='ocrx_word' id='word_1_110' title='bbox 1728 1492 1785 1545; x_wconf 77' lang='grc' dir='ltr'>δὲ</span> 
     </span>
    </p>
   </div>
   <div class='ocr_carea' id='block_1_18' title="bbox 222 1582 1780 1657">
    <p class='ocr_par' dir='ltr' id='par_1_18' title="bbox 222 1582 1780 1657">
     <span class='ocr_line' id='line_1_18' title="bbox 222 1582 1780 1657; baseline 0.003 -23"><span class='ocrx_word' id='word_1_111' title='bbox 222 1583 486 1650; x_wconf 63' lang='grc' dir='ltr'>Χρυςὰςιος</span> <span class='ocrx_word' id='word_1_112' title='bbox 533 1582 835 1654; x_wconf 77' lang='grc' dir='ltr'>δυσσεϐὴς</span> <span class='ocrx_word' id='word_1_113' title='bbox 871 1583 968 1647; x_wconf 85' lang='grc' dir='ltr'>ῶν,</span> <span class='ocrx_word' id='word_1_114' title='bbox 1000 1584 1097 1636; x_wconf 77' lang='grc' dir='ltr'>καὶ</span> <span class='ocrx_word' id='word_1_115' title='bbox 1143 1585 1219 1655; x_wconf 75' lang='grc' dir='ltr'>μὴ</span> <span class='ocrx_word' id='word_1_116' title='bbox 1279 1585 1466 1655; x_wconf 79' lang='grc' dir='ltr'>φέρων</span> <span class='ocrx_word' id='word_1_117' title='bbox 1517 1587 1650 1656; x_wconf 77' lang='grc' dir='ltr'><strong>ὁρᾷν</strong></span> <span class='ocrx_word' id='word_1_118' title='bbox 1682 1585 1780 1657; x_wconf 81' lang='grc' dir='ltr'>τὴν</span> 
     </span>
    </p>
   </div>
   <div class='ocr_carea' id='block_1_19' title="bbox 224 1673 1781 1746">
    <p class='ocr_par' dir='ltr' id='par_1_19' title="bbox 224 1673 1781 1746">
     <span class='ocr_line' id='line_1_19' title="bbox 224 1673 1781 1746; baseline 0.003 -21"><span class='ocrx_word' id='word_1_119' title='bbox 224 1673 313 1725; x_wconf 72' lang='grc' dir='ltr'><strong>τῶν</strong></span> <span class='ocrx_word' id='word_1_120' title='bbox 341 1674 665 1744; x_wconf 72' lang='grc' dir='ltr'>Ἐκκλησιῶν</span> <span class='ocrx_word' id='word_1_121' title='bbox 697 1674 991 1744; x_wconf 79' lang='grc' dir='ltr'>ὁμόνοιαν,</span> <span class='ocrx_word' id='word_1_122' title='bbox 1052 1675 1290 1746; x_wconf 83' lang='grc' dir='ltr'>σπουδὴν</span> <span class='ocrx_word' id='word_1_123' title='bbox 1339 1678 1574 1729; x_wconf 84' lang='grc' dir='ltr'>ποιεῖται</span> <span class='ocrx_word' id='word_1_124' title='bbox 1617 1677 1781 1740; x_wconf 79' lang='grc' dir='ltr'>αὐτὰς</span> 
     </span>
    </p>
   </div>
   <div class='ocr_carea' id='block_1_20' title="bbox 228 1763 1786 1836">
    <p class='ocr_par' dir='ltr' id='par_1_20' title="bbox 228 1763 1786 1836">
     <span class='ocr_line' id='line_1_20' title="bbox 228 1763 1786 1836; baseline 0.004 -24"><span class='ocrx_word' id='word_1_125' title='bbox 228 1763 435 1832; x_wconf 67' lang='grc' dir='ltr'>ταράξαι,</span> <span class='ocrx_word' id='word_1_126' title='bbox 460 1766 549 1817; x_wconf 84' lang='grc' dir='ltr'>καὶ</span> <span class='ocrx_word' id='word_1_127' title='bbox 584 1765 865 1826; x_wconf 78' lang='grc' dir='ltr'><strong>παντοῖος</strong></span> <span class='ocrx_word' id='word_1_128' title='bbox 914 1763 1127 1832; x_wconf 79' lang='grc' dir='ltr'>γίνεται</span> <span class='ocrx_word' id='word_1_129' title='bbox 1152 1763 1234 1827; x_wconf 75' lang='grc' dir='ltr'>εἰς</span> <span class='ocrx_word' id='word_1_130' title='bbox 1271 1764 1332 1817; x_wconf 78' lang='grc' dir='ltr'>τὸ</span> <span class='ocrx_word' id='word_1_131' title='bbox 1367 1763 1666 1818; x_wconf 76' lang='grc' dir='ltr'>Φλαϐιανὸν</span> <span class='ocrx_word' id='word_1_132' title='bbox 1690 1767 1786 1836; x_wconf 75' lang='grc' dir='ltr'>τῆς</span> 
     </span>
    </p>
   </div>
   <div class='ocr_carea' id='block_1_21' title="bbox 234 1854 1791 1928">
    <p class='ocr_par' dir='ltr' id='par_1_21' title="bbox 234 1854 1791 1928">
     <span class='ocr_line' id='line_1_21' title="bbox 234 1854 1791 1928; baseline 0.003 -21"><span class='ocrx_word' id='word_1_133' title='bbox 234 1856 482 1925; x_wconf 65' lang='grc' dir='ltr'>ἐπισκοπῆς</span> <span class='ocrx_word' id='word_1_134' title='bbox 508 1856 781 1921; x_wconf 78' lang='grc' dir='ltr'>ἐξεῶσαι,</span> <span class='ocrx_word' id='word_1_135' title='bbox 812 1854 1158 1925; x_wconf 69' lang='grc' dir='ltr'>ἑβουλόμενος</span> <span class='ocrx_word' id='word_1_136' title='bbox 1204 1856 1419 1926; x_wconf 81' lang='grc' dir='ltr'><strong>Εὐτυχῆ</strong></span> <span class='ocrx_word' id='word_1_137' title='bbox 1461 1856 1508 1887; x_wconf 80' lang='grc' dir='ltr'><strong>⁸ο</strong></span> <span class='ocrx_word' id='word_1_138' title='bbox 1546 1874 1670 1911; x_wconf 87' lang='grc' dir='ltr'>τινα</span> <span class='ocrx_word' id='word_1_139' title='bbox 1698 1859 1791 1928; x_wconf 84' lang='grc' dir='ltr'><strong>ἁρ-</strong></span> 
     </span>
    </p>
   </div>
   <div class='ocr_carea' id='block_1_22' title="bbox 241 1946 1786 2020">
    <p class='ocr_par' dir='ltr' id='par_1_22' title="bbox 241 1946 1786 2020">
     <span class='ocr_line' id='line_1_22' title="bbox 241 1946 1786 2020; baseline 0.004 -24"><span class='ocrx_word' id='word_1_140' title='bbox 241 1948 542 2018; x_wconf 63' lang='grc' dir='ltr'>ιιμανδςιὶτην</span> <span class='ocrx_word' id='word_1_141' title='bbox 571 1947 872 2018; x_wconf 69' lang='grc' dir='ltr'>ὁμόφρονα</span> <span class='ocrx_word' id='word_1_142' title='bbox 895 1946 1062 2001; x_wconf 80' lang='grc' dir='ltr'>αὐτοῦ</span> <span class='ocrx_word' id='word_1_143' title='bbox 1093 1948 1173 2010; x_wconf 76' lang='grc' dir='ltr'><strong>εἰς</strong></span> <span class='ocrx_word' id='word_1_144' title='bbox 1197 1947 1295 2018; x_wconf 83' lang='grc' dir='ltr'>τὴν</span> <span class='ocrx_word' id='word_1_145' title='bbox 1312 1947 1619 2019; x_wconf 77' lang='grc' dir='ltr'><strong>ἐπισκοπὴν</strong></span> <span class='ocrx_word' id='word_1_146' title='bbox 1651 1966 1786 2020; x_wconf 81' lang='grc' dir='ltr'>προ-</span> 
     </span>
    </p>
   </div>
   <div class='ocr_carea' id='block_1_23' title="bbox 252 2037 1789 2110">
    <p class='ocr_par' dir='ltr' id='par_1_23' title="bbox 252 2037 1789 2110">
     <span class='ocr_line' id='line_1_23' title="bbox 252 2037 1789 2110; baseline 0.003 -20"><span class='ocrx_word' id='word_1_147' title='bbox 252 2039 566 2108; x_wconf 70' lang='grc' dir='ltr'>χειρίσασθαι.</span> <span class='ocrx_word' id='word_1_148' title='bbox 607 2041 717 2092; x_wconf 67' lang='grc' dir='ltr'><strong>Καὶ</strong></span> <span class='ocrx_word' id='word_1_149' title='bbox 779 2037 980 2108; x_wconf 84' lang='grc' dir='ltr'>ἐπειδὴ</span> <span class='ocrx_word' id='word_1_150' title='bbox 1030 2038 1365 2108; x_wconf 79' lang='grc' dir='ltr'>Πούλχερίας</span> <span class='ocrx_word' id='word_1_151' title='bbox 1397 2040 1443 2071; x_wconf 82' lang='grc'>⁸¹</span> <span class='ocrx_word' id='word_1_152' title='bbox 1483 2040 1789 2110; x_wconf 82' lang='grc' dir='ltr'>κρατούσης</span> 
     </span>
    </p>
   </div>
   <div class='ocr_carea' id='block_1_24' title="bbox 254 2127 1789 2203">
    <p class='ocr_par' dir='ltr' id='par_1_24' title="bbox 254 2127 1789 2203">
     <span class='ocr_line' id='line_1_24' title="bbox 254 2127 1789 2203; baseline 0.005 -24"><span class='ocrx_word' id='word_1_153' title='bbox 254 2127 346 2179; x_wconf 74' lang='grc' dir='ltr'><strong>τῶν</strong></span> <span class='ocrx_word' id='word_1_154' title='bbox 370 2131 666 2198; x_wconf 66' lang='grc' dir='ltr'>πραγμάτων</span> <span class='ocrx_word' id='word_1_155' title='bbox 689 2130 859 2183; x_wconf 81' lang='grc' dir='ltr'>οὐδὲν</span> <span class='ocrx_word' id='word_1_156' title='bbox 904 2130 1111 2200; x_wconf 74' lang='grc' dir='ltr'>ἴσχυεν,</span> <span class='ocrx_word' id='word_1_157' title='bbox 1136 2130 1369 2200; x_wconf 84' lang='grc' dir='ltr'>,πρῶτον</span> <span class='ocrx_word' id='word_1_158' title='bbox 1407 2131 1789 2203; x_wconf 83' lang='grc' dir='ltr'><strong>ὑπεισέρχεται</strong></span> 
     </span>
    </p>
   </div>
   <div class='ocr_carea' id='block_1_25' title="bbox 256 2219 1788 2296">
    <p class='ocr_par' dir='ltr' id='par_1_25' title="bbox 256 2219 1788 2296">
     <span class='ocr_line' id='line_1_25' title="bbox 256 2219 1788 2296; baseline 0.002 -23"><span class='ocrx_word' id='word_1_159' title='bbox 256 2222 308 2286; x_wconf 70' lang='grc' dir='ltr'>τῇ</span> <span class='ocrx_word' id='word_1_160' title='bbox 343 2219 529 2293; x_wconf 71' lang='grc' dir='ltr'>Εύὼιέα</span> <span class='ocrx_word' id='word_1_161' title='bbox 587 2221 826 2294; x_wconf 71' lang='grc' dir='ltr'>ἀπείρῳ</span> <span class='ocrx_word' id='word_1_162' title='bbox 885 2221 1042 2294; x_wconf 61' lang='lat' dir='ltr'><strong>often,</strong></span> <span class='ocrx_word' id='word_1_163' title='bbox 1105 2223 1200 2276; x_wconf 77' lang='grc' dir='ltr'><strong>καὶ</strong></span> <span class='ocrx_word' id='word_1_164' title='bbox 1231 2223 1312 2287; x_wconf 78' lang='grc' dir='ltr'><strong>εἰς</strong></span> <span class='ocrx_word' id='word_1_165' title='bbox 1361 2223 1556 2294; x_wconf 83' lang='grc' dir='ltr'>φθόνον</span> <span class='ocrx_word' id='word_1_166' title='bbox 1615 2224 1788 2296; x_wconf 74' lang='grc' dir='ltr'>αὐτὴν</span> 
     </span>
    </p>
   </div>
   <div class='ocr_carea' id='block_1_26' title="bbox 247 2310 1786 2386">
    <p class='ocr_par' dir='ltr' id='par_1_26' title="bbox 247 2310 1786 2386">
     <span class='ocr_line' id='line_1_26' title="bbox 247 2310 1786 2386; baseline 0.006 -25"><span class='ocrx_word' id='word_1_167' title='bbox 247 2310 581 2378; x_wconf 69' lang='grc' dir='ltr'>ἐρεθίζεικατὰ</span> <span class='ocrx_word' id='word_1_168' title='bbox 611 2313 727 2382; x_wconf 73' lang='grc' dir='ltr'>τῆς</span> <span class='ocrx_word' id='word_1_169' title='bbox 776 2314 993 2378; x_wconf 73' lang='grc' dir='ltr'>οἰκείας</span> <span class='ocrx_word' id='word_1_170' title='bbox 1051 2314 1282 2386; x_wconf 82' lang='grc' dir='ltr'>μητρὸς,</span> <span class='ocrx_word' id='word_1_171' title='bbox 1328 2315 1424 2369; x_wconf 75' lang='grc' dir='ltr'>καὶ</span> <span class='ocrx_word' id='word_1_172' title='bbox 1470 2316 1786 2370; x_wconf 81' lang='grc' dir='ltr'>ὑποτίθεται</span> 
     </span>
    </p>
   </div>
   <div class='ocr_carea' id='block_1_27' title="bbox 235 2405 1788 2480">
    <p class='ocr_par' dir='ltr' id='par_1_27' title="bbox 235 2405 1788 2480">
     <span class='ocr_line' id='line_1_27' title="bbox 235 2405 1788 2480; baseline 0.006 -26"><span class='ocrx_word' id='word_1_173' title='bbox 235 2405 343 2473; x_wconf 71' lang='grc' dir='ltr'>αὐτῇ</span> <span class='ocrx_word' id='word_1_174' title='bbox 367 2406 672 2475; x_wconf 73' lang='grc' dir='ltr'>λοιδορῆσαι</span> <span class='ocrx_word' id='word_1_175' title='bbox 705 2409 753 2438; x_wconf 76' lang='grc'><strong>⁸³</strong></span> <span class='ocrx_word' id='word_1_176' title='bbox 791 2407 968 2476; x_wconf 74' lang='grc' dir='ltr'>αὐτὴν</span> <span class='ocrx_word' id='word_1_177' title='bbox 1004 2407 1158 2478; x_wconf 75' lang='grc' dir='ltr'>παρὰ</span> <span class='ocrx_word' id='word_1_178' title='bbox 1195 2407 1274 2476; x_wconf 82' lang='grc' dir='ltr'>τῷ</span> <span class='ocrx_word' id='word_1_179' title='bbox 1301 2407 1516 2479; x_wconf 82' lang='grc' dir='ltr'>βασιλεί</span> <span class='ocrx_word' id='word_1_180' title='bbox 1562 2408 1700 2480; x_wconf 72' lang='grc' dir='ltr'>πρὸς</span> <span class='ocrx_word' id='word_1_181' title='bbox 1726 2411 1788 2464; x_wconf 82' lang='grc' dir='ltr'>τὸ</span> 
     </span>
    </p>
   </div>
   <div class='ocr_carea' id='block_1_28' title="bbox 225 2492 1784 2571">
    <p class='ocr_par' dir='ltr' id='par_1_28' title="bbox 225 2492 1784 2571">
     <span class='ocr_line' id='line_1_28' title="bbox 225 2492 1784 2571; baseline 0.007 -29"><span class='ocrx_word' id='word_1_182' title='bbox 225 2492 371 2546; x_wconf 72' lang='grc' dir='ltr'>ἱαεεῖν</span> <span class='ocrx_word' id='word_1_183' title='bbox 390 2496 556 2567; x_wconf 77' lang='grc' dir='ltr'>αὐτὴν</span> <span class='ocrx_word' id='word_1_184' title='bbox 591 2497 700 2550; x_wconf 77' lang='grc' dir='ltr'>τὸν</span> <span class='ocrx_word' id='word_1_185' title='bbox 733 2495 1106 2567; x_wconf 86' lang='grc' dir='ltr'>πραιπόσιτον</span> <span class='ocrx_word' id='word_1_186' title='bbox 1132 2515 1146 2530; x_wconf 89' lang='grc'><strong>·</strong></span> <span class='ocrx_word' id='word_1_187' title='bbox 1183 2499 1373 2571; x_wconf 76' lang='grc' dir='ltr'>ἐπειδὴ</span> <span class='ocrx_word' id='word_1_188' title='bbox 1414 2501 1446 2570; x_wconf 87' lang='grc' dir='ltr'><strong>ή</strong></span> <span class='ocrx_word' id='word_1_189' title='bbox 1483 2499 1784 2571; x_wconf 77' lang='grc' dir='ltr'>Πούλχερία</span> 
     </span>
    </p>
   </div>
   <div class='ocr_carea' id='block_1_29' title="bbox 225 2586 1782 2663">
    <p class='ocr_par' dir='ltr' id='par_1_29' title="bbox 225 2586 1782 2663">
     <span class='ocr_line' id='line_1_29' title="bbox 225 2586 1782 2663; baseline 0.008 -29"><span class='ocrx_word' id='word_1_190' title='bbox 225 2586 379 2654; x_wconf 52' lang='lat' dir='ltr'><strong>strip:</strong></span> <span class='ocrx_word' id='word_1_191' title='bbox 393 2587 681 2658; x_wconf 75' lang='grc' dir='ltr'>διοίκησιν</span> <span class='ocrx_word' id='word_1_192' title='bbox 709 2587 825 2640; x_wconf 86' lang='grc' dir='ltr'><strong>τῶν</strong></span> <span class='ocrx_word' id='word_1_193' title='bbox 874 2588 1221 2659; x_wconf 78' lang='grc' dir='ltr'>πραγμάτων</span> <span class='ocrx_word' id='word_1_194' title='bbox 1251 2591 1567 2659; x_wconf 81' lang='grc' dir='ltr'>ἀναγκαίως</span> <span class='ocrx_word' id='word_1_195' title='bbox 1590 2593 1636 2624; x_wconf 84' lang='grc'><strong>⁸⁸</strong></span> <span class='ocrx_word' id='word_1_196' title='bbox 1667 2588 1782 2663; x_wconf 82' lang='grc' dir='ltr'>εἶχε</span> 
     </span>
    </p>
   </div>
   <div class='ocr_carea' id='block_1_30' title="bbox 222 2676 1786 2754">
    <p class='ocr_par' dir='ltr' id='par_1_30' title="bbox 222 2676 1786 2754">
     <span class='ocr_line' id='line_1_30' title="bbox 222 2676 1786 2754; baseline 0.007 -27"><span class='ocrx_word' id='word_1_197' title='bbox 222 2676 288 2727; x_wconf 67' lang='grc' dir='ltr'>τὸν</span> <span class='ocrx_word' id='word_1_198' title='bbox 317 2681 681 2750; x_wconf 73' lang='grc' dir='ltr'>τραιπόσιτον</span> <span class='ocrx_word' id='word_1_199' title='bbox 725 2679 864 2750; x_wconf 88' lang='lat'><strong>(86).</strong></span> <span class='ocrx_word' id='word_1_200' title='bbox 929 2680 987 2733; x_wconf 87' lang='lat'><strong>&#39;0</strong></span> <span class='ocrx_word' id='word_1_201' title='bbox 1039 2681 1096 2735; x_wconf 87' lang='grc' dir='ltr'><strong>δέ</strong></span> <span class='ocrx_word' id='word_1_202' title='bbox 1137 2681 1390 2752; x_wconf 83' lang='grc' dir='ltr'>βασιλεὺς</span> <span class='ocrx_word' id='word_1_203' title='bbox 1420 2684 1524 2737; x_wconf 82' lang='grc' dir='ltr'>ὐπὸ</span> <span class='ocrx_word' id='word_1_204' title='bbox 1552 2683 1654 2754; x_wconf 83' lang='grc' dir='ltr'>τῆς</span> <span class='ocrx_word' id='word_1_205' title='bbox 1687 2701 1786 2754; x_wconf 83' lang='grc' dir='ltr'>γυ-</span> 
     </span>
    </p>
   </div>
   <div class='ocr_carea' id='block_1_31' title="bbox 219 2770 1781 2846">
    <p class='ocr_par' dir='ltr' id='par_1_31' title="bbox 219 2770 1781 2846">
     <span class='ocr_line' id='line_1_31' title="bbox 219 2770 1781 2846; baseline 0.008 -29"><span class='ocrx_word' id='word_1_206' title='bbox 219 2770 363 2835; x_wconf 65' lang='grc' dir='ltr'>ναικὸς</span> <span class='ocrx_word' id='word_1_207' title='bbox 421 2772 889 2842; x_wconf 69' lang='grc' dir='ltr'>ἐνοχλούμενος,</span> <span class='ocrx_word' id='word_1_208' title='bbox 937 2773 1308 2842; x_wconf 78' lang='grc' dir='ltr'>διαπέμπεται</span> <span class='ocrx_word' id='word_1_209' title='bbox 1361 2775 1502 2846; x_wconf 79' lang='grc' dir='ltr'>αὐτῇ</span> <span class='ocrx_word' id='word_1_210' title='bbox 1566 2775 1781 2845; x_wconf 81' lang='grc' dir='ltr'>λέγων’</span> 
     </span>
    </p>
   </div>
   <div class='ocr_carea' id='block_1_32' title="bbox 220 2860 1782 2937">
    <p class='ocr_par' dir='ltr' id='par_1_32' title="bbox 220 2860 1782 2937">
     <span class='ocr_line' id='line_1_32' title="bbox 220 2860 1782 2937; baseline 0.006 -25"><span class='ocrx_word' id='word_1_211' title='bbox 220 2860 326 2929; x_wconf 69' lang='grc' dir='ltr'>ιΗή</span> <span class='ocrx_word' id='word_1_212' title='bbox 367 2879 425 2915; x_wconf 88' lang='grc' dir='ltr'>σε</span> <span class='ocrx_word' id='word_1_213' title='bbox 488 2862 668 2916; x_wconf 77' lang='grc' dir='ltr'>τοῦτο</span> <span class='ocrx_word' id='word_1_214' title='bbox 722 2865 946 2934; x_wconf 77' lang='grc' dir='ltr'>λυπήσῃ</span> <span class='ocrx_word' id='word_1_215' title='bbox 970 2880 981 2890; x_wconf 93' lang='grc'><strong>·</strong></span> <span class='ocrx_word' id='word_1_216' title='bbox 1015 2866 1375 2934; x_wconf 83' lang='grc' dir='ltr'>πραιπόσιτον</span> <span class='ocrx_word' id='word_1_217' title='bbox 1404 2867 1516 2936; x_wconf 80' lang='grc' dir='ltr'><strong>γὰρ</strong></span> <span class='ocrx_word' id='word_1_218' title='bbox 1547 2866 1694 2937; x_wconf 79' lang='grc' dir='ltr'>ἐχειν</span> <span class='ocrx_word' id='word_1_219' title='bbox 1723 2885 1782 2922; x_wconf 90' lang='grc' dir='ltr'>σε</span> 
     </span>
    </p>
   </div>
   <div class='ocr_carea' id='block_1_33' title="bbox 212 2951 1784 3026">
    <p class='ocr_par' dir='ltr' id='par_1_33' title="bbox 212 2951 1784 3026">
     <span class='ocr_line' id='line_1_33' title="bbox 212 2951 1784 3026; baseline 0.003 -22"><span class='ocrx_word' id='word_1_220' title='bbox 212 2951 289 3003; x_wconf 74' lang='grc' dir='ltr'><strong>οὐκ</strong></span> <span class='ocrx_word' id='word_1_221' title='bbox 323 2955 430 3006; x_wconf 78' lang='grc' dir='ltr'>ἔστι</span> <span class='ocrx_word' id='word_1_222' title='bbox 494 2952 747 3006; x_wconf 82' lang='grc' dir='ltr'>δυνατόν</span> <span class='ocrx_word' id='word_1_223' title='bbox 773 2967 789 2982; x_wconf 78' lang='grc'><strong><em>⁸</em></strong></span> <span class='ocrx_word' id='word_1_224' title='bbox 849 2953 969 3006; x_wconf 82' lang='grc' dir='ltr'>οὐδὲ</span> <span class='ocrx_word' id='word_1_225' title='bbox 1012 2954 1114 3024; x_wconf 79' lang='grc' dir='ltr'>τὴν</span> <span class='ocrx_word' id='word_1_226' title='bbox 1159 2953 1298 3026; x_wconf 81' lang='grc' dir='ltr'>ἐμὴν</span> <span class='ocrx_word' id='word_1_227' title='bbox 1327 2954 1565 3026; x_wconf 77' lang='grc' dir='ltr'>ἀδελφὴν</span> <span class='ocrx_word' id='word_1_228' title='bbox 1601 2955 1784 3018; x_wconf 86' lang='grc' dir='ltr'>καλῶς</span> 
     </span>
    </p>
   </div>
   <div class='ocr_carea' id='block_1_34' title="bbox 209 3040 1850 3133">
    <p class='ocr_par' dir='ltr' id='par_1_34' title="bbox 209 3040 1850 3133">
     <span class='ocr_line' id='line_1_34' title="bbox 209 3040 1850 3133; baseline 0.005 -39"><span class='ocrx_word' id='word_1_229' title='bbox 209 3040 487 3098; x_wconf 62' lang='grc' dir='ltr'>διοικοῦσαν</span> <span class='ocrx_word' id='word_1_230' title='bbox 550 3044 652 3097; x_wconf 77' lang='grc' dir='ltr'>καὶ</span> <span class='ocrx_word' id='word_1_231' title='bbox 705 3044 991 3117; x_wconf 74' lang='grc' dir='ltr'>ἐμπείρως</span> <span class='ocrx_word' id='word_1_232' title='bbox 1048 3045 1140 3100; x_wconf 76' lang='grc' dir='ltr'>καὶ</span> <span class='ocrx_word' id='word_1_233' title='bbox 1184 3045 1425 3110; x_wconf 75' lang='grc' dir='ltr'>εὐσεϐῶς</span> <span class='ocrx_word' id='word_1_234' title='bbox 1460 3045 1571 3116; x_wconf 83' lang='grc' dir='ltr'>ἐγὼ</span> <span class='ocrx_word' id='word_1_235' title='bbox 1597 3065 1780 3119; x_wconf 85' lang='grc' dir='ltr'>παρα·</span> <span class='ocrx_word' id='word_1_236' title='bbox 1808 3075 1850 3133; x_wconf 80' lang='lat' dir='ltr'><strong>C</strong></span> 
     </span>
    </p>
   </div>
   <div class='ocr_carea' id='block_1_35' title="bbox 209 3137 1780 3212">
    <p class='ocr_par' dir='ltr' id='par_1_35' title="bbox 209 3137 1780 3212">
     <span class='ocr_line' id='line_1_35' title="bbox 209 3137 1780 3212; baseline 0.006 -25"><span class='ocrx_word' id='word_1_237' title='bbox 209 3137 390 3192; x_wconf 72' lang='grc' dir='ltr'>πῦλω.</span> <span class='ocrx_word' id='word_1_238' title='bbox 426 3157 448 3190; x_wconf 74' lang='grc' dir='ltr'><strong>ι</strong></span> <span class='ocrx_word' id='word_1_239' title='bbox 475 3138 706 3192; x_wconf 82' lang='grc' dir='ltr'>Τούτου</span> <span class='ocrx_word' id='word_1_240' title='bbox 755 3139 814 3192; x_wconf 81' lang='grc' dir='ltr'>δὲ</span> <span class='ocrx_word' id='word_1_241' title='bbox 853 3139 1143 3211; x_wconf 82' lang='grc' dir='ltr'>ἀποτυχὼν</span> <span class='ocrx_word' id='word_1_242' title='bbox 1188 3142 1218 3194; x_wconf 85' lang='grc' dir='ltr'><strong>ό</strong></span> <span class='ocrx_word' id='word_1_243' title='bbox 1262 3141 1310 3173; x_wconf 73' lang='grc'><strong><em>⁵⁵</em></strong></span> <span class='ocrx_word' id='word_1_244' title='bbox 1337 3141 1656 3212; x_wconf 84' lang='grc' dir='ltr'>Χρυσάφιος</span> <span class='ocrx_word' id='word_1_245' title='bbox 1695 3143 1780 3212; x_wconf 82' lang='grc' dir='ltr'>ἐφ’</span> 
     </span>
    </p>
   </div>
   <div class='ocr_carea' id='block_1_36' title="bbox 207 3229 1780 3306">
    <p class='ocr_par' dir='ltr' id='par_1_36' title="bbox 207 3229 1780 3306">
     <span class='ocr_line' id='line_1_36' title="bbox 207 3229 1780 3306; baseline 0.006 -26"><span class='ocrx_word' id='word_1_246' title='bbox 207 3229 360 3300; x_wconf 73' lang='grc' dir='ltr'>ἑτέραν</span> <span class='ocrx_word' id='word_1_247' title='bbox 391 3231 750 3302; x_wconf 78' lang='grc' dir='ltr'>μετέρχεται</span> <span class='ocrx_word' id='word_1_248' title='bbox 784 3231 1008 3303; x_wconf 80' lang='grc' dir='ltr'>σκευήν,</span> <span class='ocrx_word' id='word_1_249' title='bbox 1040 3233 1136 3288; x_wconf 74' lang='grc' dir='ltr'>καὶ</span> <span class='ocrx_word' id='word_1_250' title='bbox 1175 3233 1492 3288; x_wconf 74' lang='grc' dir='ltr'>ὑποτίθεται</span> <span class='ocrx_word' id='word_1_251' title='bbox 1518 3237 1585 3306; x_wconf 80' lang='grc' dir='ltr'>τῇ</span> <span class='ocrx_word' id='word_1_252' title='bbox 1617 3236 1780 3290; x_wconf 84' lang='grc' dir='ltr'>Εὐδο-</span> 
     </span>
    </p>
   </div>
   <div class='ocr_carea' id='block_1_37' title="bbox 205 3320 1779 3399">
    <p class='ocr_par' dir='ltr' id='par_1_37' title="bbox 205 3320 1779 3399">
     <span class='ocr_line' id='line_1_37' title="bbox 205 3320 1779 3399; baseline 0.006 -29"><span class='ocrx_word' id='word_1_253' title='bbox 205 3320 274 3387; x_wconf 65' lang='lat' dir='ltr'><strong>id;</strong></span> <span class='ocrx_word' id='word_1_254' title='bbox 289 3321 528 3391; x_wconf 74' lang='grc' dir='ltr'>ὀχλῆσαι</span> <span class='ocrx_word' id='word_1_255' title='bbox 557 3320 642 3391; x_wconf 77' lang='grc' dir='ltr'><strong>τῷ</strong></span> <span class='ocrx_word' id='word_1_256' title='bbox 673 3320 907 3391; x_wconf 85' lang='grc' dir='ltr'>βασιλεῖ,</span> <span class='ocrx_word' id='word_1_257' title='bbox 943 3322 1036 3375; x_wconf 77' lang='grc' dir='ltr'><strong>καὶ</strong></span> <span class='ocrx_word' id='word_1_258' title='bbox 1053 3324 1344 3395; x_wconf 64' lang='grc' dir='ltr'>ἐπιτρέψαι</span> <span class='ocrx_word' id='word_1_259' title='bbox 1371 3325 1448 3398; x_wconf 80' lang='grc' dir='ltr'>τῷ</span> <span class='ocrx_word' id='word_1_260' title='bbox 1467 3326 1779 3399; x_wconf 81' lang='grc' dir='ltr'>πατριάρχῃ</span> 
     </span>
    </p>
   </div>
   <div class='ocr_carea' id='block_1_38' title="bbox 201 3413 1779 3490">
    <p class='ocr_par' dir='ltr' id='par_1_38' title="bbox 201 3413 1779 3490">
     <span class='ocr_line' id='line_1_38' title="bbox 201 3413 1779 3490; baseline 0.008 -31"><span class='ocrx_word' id='word_1_261' title='bbox 201 3413 573 3482; x_wconf 71' lang='grc' dir='ltr'>χειροτονῆσαι</span> <span class='ocrx_word' id='word_1_262' title='bbox 607 3413 788 3483; x_wconf 84' lang='grc' dir='ltr'>αὐτὴν</span> <span class='ocrx_word' id='word_1_263' title='bbox 839 3413 1109 3480; x_wconf 73' lang='grc' dir='ltr'>διάκονον,</span> <span class='ocrx_word' id='word_1_264' title='bbox 1145 3414 1219 3479; x_wconf 85' lang='grc' dir='ltr'><strong>ὡς</strong></span> <span class='ocrx_word' id='word_1_265' title='bbox 1256 3417 1613 3488; x_wconf 76' lang='grc' dir='ltr'>παρθενεύειν</span> <span class='ocrx_word' id='word_1_266' title='bbox 1638 3420 1779 3490; x_wconf 72' lang='grc' dir='ltr'><strong>ᾑρη-</strong></span> 
     </span>
    </p>
   </div>
   <div class='ocr_carea' id='block_1_39' title="bbox 201 3505 1778 3583">
    <p class='ocr_par' dir='ltr' id='par_1_39' title="bbox 201 3505 1778 3583">
     <span class='ocr_line' id='line_1_39' title="bbox 201 3505 1778 3583; baseline 0.008 -28"><span class='ocrx_word' id='word_1_267' title='bbox 201 3505 439 3575; x_wconf 62' lang='grc' dir='ltr'>μένῃ-ιν.</span> <span class='ocrx_word' id='word_1_268' title='bbox 475 3506 598 3560; x_wconf 67' lang='grc' dir='ltr'><strong>Καὶ</strong></span> <span class='ocrx_word' id='word_1_269' title='bbox 623 3507 724 3559; x_wconf 74' lang='grc' dir='ltr'>ἐπὶ</span> <span class='ocrx_word' id='word_1_270' title='bbox 746 3506 930 3559; x_wconf 85' lang='grc' dir='ltr'>πλεῖον</span> <span class='ocrx_word' id='word_1_271' title='bbox 963 3506 1069 3576; x_wconf 82' lang='grc' dir='ltr'>τῆς</span> <span class='ocrx_word' id='word_1_272' title='bbox 1105 3507 1372 3573; x_wconf 77' lang='grc' dir='ltr'>Εὐδοκίας</span> <span class='ocrx_word' id='word_1_273' title='bbox 1414 3509 1680 3583; x_wconf 86' lang='grc' dir='ltr'>όχλούσης</span> <span class='ocrx_word' id='word_1_274' title='bbox 1709 3514 1778 3578; x_wconf 79' lang='grc'><strong>⁵³,</strong></span> 
     </span>
    </p>
   </div>
   <div class='ocr_carea' id='block_1_40' title="bbox 199 3594 1782 3677">
    <p class='ocr_par' dir='ltr' id='par_1_40' title="bbox 199 3594 1782 3677">
     <span class='ocr_line' id='line_1_40' title="bbox 199 3594 1782 3677; baseline 0.009 -33"><span class='ocrx_word' id='word_1_275' title='bbox 199 3594 355 3650; x_wconf 56' lang='lat' dir='ltr'><strong>tam</strong></span> <span class='ocrx_word' id='word_1_276' title='bbox 385 3599 491 3668; x_wconf 77' lang='grc' dir='ltr'>τὴν</span> <span class='ocrx_word' id='word_1_277' title='bbox 531 3597 852 3668; x_wconf 75' lang='grc' dir='ltr'>κουφότητα</span> <span class='ocrx_word' id='word_1_278' title='bbox 875 3597 970 3650; x_wconf 79' lang='grc' dir='ltr'>τοῦ</span> <span class='ocrx_word' id='word_1_279' title='bbox 1018 3597 1306 3668; x_wconf 82' lang='grc' dir='ltr'>βασιλέως.</span> <span class='ocrx_word' id='word_1_280' title='bbox 1347 3602 1458 3654; x_wconf 76' lang='grc' dir='ltr'><strong>Καὶ</strong></span> <span class='ocrx_word' id='word_1_281' title='bbox 1474 3602 1633 3656; x_wconf 75' lang='grc' dir='ltr'>τοῦτο</span> <span class='ocrx_word' id='word_1_282' title='bbox 1655 3622 1782 3677; x_wconf 87' lang='grc' dir='ltr'>προ-</span> 
     </span>
    </p>
   </div>
   <div class='ocr_carea' id='block_1_41' title="bbox 197 3691 1780 3768">
    <p class='ocr_par' dir='ltr' id='par_1_41' title="bbox 197 3691 1780 3768">
     <span class='ocr_line' id='line_1_41' title="bbox 197 3691 1780 3768; baseline 0.009 -30"><span class='ocrx_word' id='word_1_283' title='bbox 197 3695 412 3757; x_wconf 54' lang='grc' dir='ltr'>τρατέκ</span> <span class='ocrx_word' id='word_1_284' title='bbox 447 3692 476 3743; x_wconf 75' lang='grc' dir='ltr'><strong>ὁ</strong></span> <span class='ocrx_word' id='word_1_285' title='bbox 503 3691 788 3760; x_wconf 77' lang='grc' dir='ltr'>μακάριος</span> <span class='ocrx_word' id='word_1_286' title='bbox 842 3691 1141 3756; x_wconf 55' lang='lat' dir='ltr'><strong>meamet;</strong></span> <span class='ocrx_word' id='word_1_287' title='bbox 1201 3694 1355 3768; x_wconf 76' lang='grc' dir='ltr'>παρὰ</span> <span class='ocrx_word' id='word_1_288' title='bbox 1381 3695 1474 3750; x_wconf 82' lang='grc' dir='ltr'>τοῦ</span> <span class='ocrx_word' id='word_1_289' title='bbox 1514 3696 1780 3768; x_wconf 83' lang='grc' dir='ltr'>βασιλέως</span> 
     </span>
    </p>
   </div>
   <div class='ocr_carea' id='block_1_42' title="bbox 197 3779 1777 3855">
    <p class='ocr_par' dir='ltr' id='par_1_42' title="bbox 197 3779 1777 3855">
     <span class='ocr_line' id='line_1_42' title="bbox 197 3779 1777 3855; baseline 0.007 -23"><span class='ocrx_word' id='word_1_290' title='bbox 197 3779 432 3851; x_wconf 70' lang='grc' dir='ltr'>ἐλυπήθη</span> <span class='ocrx_word' id='word_1_291' title='bbox 465 3779 683 3850; x_wconf 71' lang='grc' dir='ltr'>σφόδρα</span> <span class='ocrx_word' id='word_1_292' title='bbox 733 3780 1059 3850; x_wconf 80' lang='grc' dir='ltr'>προὸλέπων</span> <span class='ocrx_word' id='word_1_293' title='bbox 1101 3782 1169 3838; x_wconf 84' lang='grc' dir='ltr'><strong>τὰ</strong></span> <span class='ocrx_word' id='word_1_294' title='bbox 1200 3785 1465 3855; x_wconf 81' lang='grc' dir='ltr'>μέλλοντα</span> <span class='ocrx_word' id='word_1_295' title='bbox 1488 3788 1552 3841; x_wconf 81' lang='grc' dir='ltr'><strong>ἐκ</strong></span> <span class='ocrx_word' id='word_1_296' title='bbox 1584 3788 1777 3842; x_wconf 87' lang='grc' dir='ltr'>τούτου</span> 
     </span>
    </p>
   </div>
   <div class='ocr_carea' id='block_1_43' title="bbox 195 3871 1776 3949">
    <p class='ocr_par' dir='ltr' id='par_1_43' title="bbox 195 3871 1776 3949">
     <span class='ocr_line' id='line_1_43' title="bbox 195 3871 1776 3949; baseline 0.006 -26"><span class='ocrx_word' id='word_1_297' title='bbox 195 3872 502 3941; x_wconf 58' lang='grc' dir='ltr'>ἀναφυῆναι</span> <span class='ocrx_word' id='word_1_298' title='bbox 548 3871 847 3927; x_wconf 79' lang='grc' dir='ltr'>σκάνδαλα.</span> <span class='ocrx_word' id='word_1_299' title='bbox 882 3875 991 3928; x_wconf 76' lang='grc' dir='ltr'><strong>Καὶ</strong></span> <span class='ocrx_word' id='word_1_300' title='bbox 1019 3875 1095 3946; x_wconf 78' lang='grc' dir='ltr'>τῷ</span> <span class='ocrx_word' id='word_1_301' title='bbox 1119 3875 1218 3946; x_wconf 83' lang='grc' dir='ltr'>μὲν</span> <span class='ocrx_word' id='word_1_302' title='bbox 1249 3876 1462 3948; x_wconf 83' lang='grc' dir='ltr'>βασιλεῖ</span> <span class='ocrx_word' id='word_1_303' title='bbox 1489 3879 1776 3949; x_wconf 83' lang='grc' dir='ltr'>ὑπέσχετο,</span> 
     </span>
    </p>
   </div>
   <div class='ocr_carea' id='block_1_44' title="bbox 194 3962 1777 4039">
    <p class='ocr_par' dir='ltr' id='par_1_44' title="bbox 194 3962 1777 4039">
     <span class='ocr_line' id='line_1_44' title="bbox 194 3962 1777 4039; baseline 0.004 -26"><span class='ocrx_word' id='word_1_304' title='bbox 194 3963 252 4028; x_wconf 70' lang='grc' dir='ltr'><strong>τῇ</strong></span> <span class='ocrx_word' id='word_1_305' title='bbox 292 3962 354 4014; x_wconf 70' lang='grc' dir='ltr'><strong>(τε,</strong></span> <span class='ocrx_word' id='word_1_306' title='bbox 421 3962 739 4033; x_wconf 74' lang='grc' dir='ltr'>Ποολχερίᾳ</span> <span class='ocrx_word' id='word_1_307' title='bbox 787 3962 1034 4033; x_wconf 72' lang='grc' dir='ltr'>ἔγραψεν</span> <span class='ocrx_word' id='word_1_308' title='bbox 1095 3966 1432 4035; x_wconf 83' lang='grc' dir='ltr'>παρακαλῶν</span> <span class='ocrx_word' id='word_1_309' title='bbox 1488 3967 1658 4038; x_wconf 78' lang='grc' dir='ltr'>αὐτὴν</span> <span class='ocrx_word' id='word_1_310' title='bbox 1703 3969 1777 4039; x_wconf 82' lang='grc' dir='ltr'>μὴ</span> 
     </span>
    </p>
   </div>
   <div class='ocr_carea' id='block_1_45' title="bbox 195 4051 1774 4131">
    <p class='ocr_par' dir='ltr' id='par_1_45' title="bbox 195 4051 1774 4131">
     <span class='ocr_line' id='line_1_45' title="bbox 195 4051 1774 4131; baseline 0.006 -26"><span class='ocrx_word' id='word_1_311' title='bbox 195 4051 449 4124; x_wconf 70' lang='grc' dir='ltr'>δεχθῆναι</span> <span class='ocrx_word' id='word_1_312' title='bbox 480 4056 566 4117; x_wconf 81' lang='grc' dir='ltr'><strong>εἰς</strong></span> <span class='ocrx_word' id='word_1_313' title='bbox 590 4055 885 4127; x_wconf 76' lang='grc' dir='ltr'>πρόσωπον</span> <span class='ocrx_word' id='word_1_314' title='bbox 916 4057 1108 4126; x_wconf 80' lang='grc' dir='ltr'>αὐτῆς,</span> <span class='ocrx_word' id='word_1_315' title='bbox 1151 4058 1270 4111; x_wconf 90' lang='grc' dir='ltr'>Ἷνα</span> <span class='ocrx_word' id='word_1_316' title='bbox 1311 4059 1386 4131; x_wconf 82' lang='grc' dir='ltr'><strong>μή</strong></span> <span class='ocrx_word' id='word_1_317' title='bbox 1421 4060 1774 4128; x_wconf 78' lang='grc' dir='ltr'>ἀναγκασθῶ,</span> 
     </span>
    </p>
   </div>
   <div class='ocr_carea' id='block_1_46' title="bbox 197 4144 1778 4219">
    <p class='ocr_par' dir='ltr' id='par_1_46' title="bbox 197 4144 1778 4219">
     <span class='ocr_line' id='line_1_46' title="bbox 197 4144 1778 4219; baseline 0.005 -22"><span class='ocrx_word' id='word_1_318' title='bbox 197 4147 379 4212; x_wconf 71' lang='grc' dir='ltr'>ςησὶν,</span> <span class='ocrx_word' id='word_1_319' title='bbox 411 4144 523 4198; x_wconf 84' lang='grc' dir='ltr'><strong>τῶν</strong></span> <span class='ocrx_word' id='word_1_320' title='bbox 573 4145 888 4200; x_wconf 72' lang='grc' dir='ltr'>λυπούντων</span> <span class='ocrx_word' id='word_1_321' title='bbox 930 4165 987 4201; x_wconf 88' lang='grc' dir='ltr'>σε</span> <span class='ocrx_word' id='word_1_322' title='bbox 1032 4148 1235 4219; x_wconf 76' lang='grc' dir='ltr'>πρᾶξαί</span> <span class='ocrx_word' id='word_1_323' title='bbox 1273 4167 1350 4205; x_wconf 86' lang='grc' dir='ltr'><strong>τι.</strong></span> <span class='ocrx_word' id='word_1_324' title='bbox 1393 4151 1456 4204; x_wconf 82' lang='grc' dir='ltr'><em>Ἢ</em></span> <span class='ocrx_word' id='word_1_325' title='bbox 1485 4151 1540 4204; x_wconf 82' lang='grc' dir='ltr'>δὲ</span> <span class='ocrx_word' id='word_1_326' title='bbox 1577 4153 1640 4205; x_wconf 89' lang='grc' dir='ltr'><strong>ἐκ</strong></span> <span class='ocrx_word' id='word_1_327' title='bbox 1668 4151 1778 4206; x_wconf 87' lang='grc' dir='ltr'><strong>τῶν</strong></span> 
     </span>
    </p>
   </div>
   <div class='ocr_carea' id='block_1_47' title="bbox 196 4234 1775 4313">
    <p class='ocr_par' dir='ltr' id='par_1_47' title="bbox 196 4234 1775 4313">
     <span class='ocr_line' id='line_1_47' title="bbox 196 4234 1775 4313; baseline 0.008 -30"><span class='ocrx_word' id='word_1_328' title='bbox 196 4235 521 4300; x_wconf 60' lang='grc' dir='ltr'>γραφέντων</span> <span class='ocrx_word' id='word_1_329' title='bbox 552 4234 796 4304; x_wconf 82' lang='grc' dir='ltr'>νοήσασα</span> <span class='ocrx_word' id='word_1_330' title='bbox 823 4235 886 4289; x_wconf 76' lang='grc' dir='ltr'>τὸ</span> <span class='ocrx_word' id='word_1_331' title='bbox 918 4236 1326 4309; x_wconf 82' lang='grc' dir='ltr'>μελετώμενον,</span> <span class='ocrx_word' id='word_1_332' title='bbox 1357 4239 1453 4294; x_wconf 86' lang='grc' dir='ltr'><strong>τδν</strong></span> <span class='ocrx_word' id='word_1_333' title='bbox 1479 4241 1580 4311; x_wconf 82' lang='grc' dir='ltr'>μὲν</span> <span class='ocrx_word' id='word_1_334' title='bbox 1609 4260 1775 4313; x_wconf 88' lang='grc' dir='ltr'>πραι-</span> 
     </span>
    </p>
   </div>
   <div class='ocr_carea' id='block_1_48' title="bbox 199 4324 1776 4403">
    <p class='ocr_par' dir='ltr' id='par_1_48' title="bbox 199 4324 1776 4403">
     <span class='ocr_line' id='line_1_48' title="bbox 199 4324 1776 4403; baseline 0.008 -30"><span class='ocrx_word' id='word_1_335' title='bbox 199 4324 417 4375; x_wconf 55' lang='lat' dir='ltr'><strong>uisam</strong></span> <span class='ocrx_word' id='word_1_336' title='bbox 448 4325 520 4393; x_wconf 79' lang='grc' dir='ltr'>τῇ</span> <span class='ocrx_word' id='word_1_337' title='bbox 551 4324 784 4396; x_wconf 74' lang='grc' dir='ltr'>Εύδοκία</span> <span class='ocrx_word' id='word_1_338' title='bbox 815 4326 1140 4381; x_wconf 82' lang='grc' dir='ltr'>ἀπέστειλεν</span> <span class='ocrx_word' id='word_1_339' title='bbox 1160 4346 1174 4360; x_wconf 88' lang='grc'><strong>·</strong></span> <span class='ocrx_word' id='word_1_340' title='bbox 1209 4332 1289 4393; x_wconf 76' lang='grc' dir='ltr'>εἰς</span> <span class='ocrx_word' id='word_1_341' title='bbox 1317 4331 1374 4384; x_wconf 86' lang='grc' dir='ltr'>δὲ</span> <span class='ocrx_word' id='word_1_342' title='bbox 1418 4332 1479 4384; x_wconf 81' lang='grc' dir='ltr'><strong>τὸ</strong></span> <span class='ocrx_word' id='word_1_343' title='bbox 1510 4333 1776 4403; x_wconf 78' lang='grc' dir='ltr'>Ἐὄδομον</span> 
     </span>
    </p>
   </div>
   <div class='ocr_carea' id='block_1_49' title="bbox 1884 475 3470 546">
    <p class='ocr_par' dir='ltr' id='par_1_49' title="bbox 1884 475 3470 546">
     <span class='ocr_line' id='line_1_49' title="bbox 1884 475 3470 546; baseline -0.003 -12"><span class='ocrx_word' id='word_1_344' title='bbox 1884 478 2284 535; x_wconf 90' lang='lat' dir='ltr'><strong>benedictionis</strong></span> <span class='ocrx_word' id='word_1_345' title='bbox 2335 493 2562 532; x_wconf 90' lang='lat' dir='ltr'><strong>munera</strong></span> <span class='ocrx_word' id='word_1_346' title='bbox 2618 478 3000 546; x_wconf 72' lang='lat' dir='ltr'><strong>imperatorem</strong></span> <span class='ocrx_word' id='word_1_347' title='bbox 3056 475 3334 544; x_wconf 89' lang='lat' dir='ltr'><strong>postulare</strong></span> <span class='ocrx_word' id='word_1_348' title='bbox 3381 491 3470 529; x_wconf 84' lang='lat' dir='ltr'><strong>re-</strong></span> 
     </span>
    </p>
   </div>
   <div class='ocr_carea' id='block_1_50' title="bbox 1884 567 3468 642">
    <p class='ocr_par' dir='ltr' id='par_1_50' title="bbox 1884 567 3468 642">
     <span class='ocr_line' id='line_1_50' title="bbox 1884 567 3468 642; baseline -0.005 -14"><span class='ocrx_word' id='word_1_349' title='bbox 1884 572 2124 642; x_wconf 84' lang='lat' dir='ltr'><strong>scripsit.</strong></span> <span class='ocrx_word' id='word_1_350' title='bbox 2159 571 2447 636; x_wconf 80' lang='lat' dir='ltr'><strong>Pecunias,</strong></span> <span class='ocrx_word' id='word_1_351' title='bbox 2482 585 2619 640; x_wconf 83' lang='lat' dir='ltr'><strong>quas</strong></span> <span class='ocrx_word' id='word_1_352' title='bbox 2651 570 2910 633; x_wconf 91' lang='lat' dir='ltr'><strong>mitteret,</strong></span> <span class='ocrx_word' id='word_1_353' title='bbox 2951 567 3052 622; x_wconf 88' lang='lat' dir='ltr'><strong>nisi</strong></span> <span class='ocrx_word' id='word_1_354' title='bbox 3094 570 3353 622; x_wconf 85' lang='lat' dir='ltr'><strong>conliaret</strong></span> <span class='ocrx_word' id='word_1_355' title='bbox 3401 583 3468 621; x_wconf 79' lang='lat' dir='ltr'><strong>ex</strong></span> 
     </span>
    </p>
   </div>
   <div class='ocr_carea' id='block_1_51' title="bbox 1883 662 3476 732">
    <p class='ocr_par' dir='ltr' id='par_1_51' title="bbox 1883 662 3476 732">
     <span class='ocr_line' id='line_1_51' title="bbox 1883 662 3476 732; baseline -0.004 -10"><span class='ocrx_word' id='word_1_356' title='bbox 1883 667 2058 722; x_wconf 85' lang='lat' dir='ltr'><strong>sacris</strong></span> <span class='ocrx_word' id='word_1_357' title='bbox 2103 665 2349 720; x_wconf 57' lang='lat' dir='ltr'><strong>ecclesia</strong></span> <span class='ocrx_word' id='word_1_358' title='bbox 2375 664 2544 732; x_wconf 80' lang='lat' dir='ltr'><strong>vasis,</strong></span> <span class='ocrx_word' id='word_1_359' title='bbox 2575 678 2633 718; x_wconf 88' lang='lat' dir='ltr'><strong>se</strong></span> <span class='ocrx_word' id='word_1_360' title='bbox 2663 679 2768 716; x_wconf 91' lang='lat' dir='ltr'><strong>non</strong></span> <span class='ocrx_word' id='word_1_361' title='bbox 2801 662 3003 717; x_wconf 79' lang='lat' dir='ltr'><strong>habere</strong></span> <span class='ocrx_word' id='word_1_362' title='bbox 3037 663 3221 715; x_wconf 90' lang='lat' dir='ltr'><strong>retulit</strong></span> <span class='ocrx_word' id='word_1_363' title='bbox 3256 663 3476 731; x_wconf 83' lang='lat' dir='ltr'><strong>episco-</strong></span> 
     </span>
    </p>
   </div>
   <div class='ocr_carea' id='block_1_52' title="bbox 1886 753 3478 824">
    <p class='ocr_par' dir='ltr' id='par_1_52' title="bbox 1886 753 3478 824">
     <span class='ocr_line' id='line_1_52' title="bbox 1886 753 3478 824; baseline 0.001 -18"><span class='ocrx_word' id='word_1_364' title='bbox 1886 771 2008 824; x_wconf 80' lang='lat' dir='ltr'><strong>pus.</strong></span> <span class='ocrx_word' id='word_1_365' title='bbox 2039 756 2116 807; x_wconf 81' lang='lat' dir='ltr'><strong>Ex</strong></span> <span class='ocrx_word' id='word_1_366' title='bbox 2153 755 2466 822; x_wconf 88' lang='lat' dir='ltr'><strong>hujusmodi</strong></span> <span class='ocrx_word' id='word_1_367' title='bbox 2531 768 2791 822; x_wconf 89' lang='lat' dir='ltr'><strong>responso</strong></span> <span class='ocrx_word' id='word_1_368' title='bbox 2843 768 2950 806; x_wconf 92' lang='lat' dir='ltr'><strong>non</strong></span> <span class='ocrx_word' id='word_1_369' title='bbox 3003 753 3251 806; x_wconf 91' lang='lat' dir='ltr'><strong>modicus</strong></span> <span class='ocrx_word' id='word_1_370' title='bbox 3294 755 3362 806; x_wconf 87' lang='lat' dir='ltr'><strong>ab</strong></span> <span class='ocrx_word' id='word_1_371' title='bbox 3394 755 3478 807; x_wconf 81' lang='lat' dir='ltr'><strong>in-</strong></span> 
     </span>
    </p>
   </div>
   <div class='ocr_carea' id='block_1_53' title="bbox 1884 841 3473 910">
    <p class='ocr_par' dir='ltr' id='par_1_53' title="bbox 1884 841 3473 910">
     <span class='ocr_line' id='line_1_53' title="bbox 1884 841 3473 910; baseline -0.002 -11"><span class='ocrx_word' id='word_1_372' title='bbox 1884 848 2055 900; x_wconf 90' lang='lat' dir='ltr'><strong>vicem</strong></span> <span class='ocrx_word' id='word_1_373' title='bbox 2088 847 2394 899; x_wconf 87' lang='lat' dir='ltr'><strong>animorum</strong></span> <span class='ocrx_word' id='word_1_374' title='bbox 2437 854 2594 899; x_wconf 80' lang='lat' dir='ltr'><strong>Ortus</strong></span> <span class='ocrx_word' id='word_1_375' title='bbox 2618 844 2924 906; x_wconf 85' lang='lat' dir='ltr'><strong>dissensus,</strong></span> <span class='ocrx_word' id='word_1_376' title='bbox 2958 841 3116 910; x_wconf 83' lang='lat' dir='ltr'><strong>cujus</strong></span> <span class='ocrx_word' id='word_1_377' title='bbox 3140 843 3205 895; x_wconf 92' lang='lat' dir='ltr'><strong>ad</strong></span> <span class='ocrx_word' id='word_1_378' title='bbox 3232 841 3473 897; x_wconf 78' lang='lat' dir='ltr'><strong>Pulche-</strong></span> 
     </span>
    </p>
   </div>
   <div class='ocr_carea' id='block_1_54' title="bbox 1886 934 3470 1005">
    <p class='ocr_par' dir='ltr' id='par_1_54' title="bbox 1886 934 3470 1005">
     <span class='ocr_line' id='line_1_54' title="bbox 1886 934 3470 1005; baseline 0.001 -12"><span class='ocrx_word' id='word_1_379' title='bbox 1886 940 2022 994; x_wconf 90' lang='lat' dir='ltr'><strong>riam</strong></span> <span class='ocrx_word' id='word_1_380' title='bbox 2068 939 2219 992; x_wconf 88' lang='lat' dir='ltr'><strong>nulla</strong></span> <span class='ocrx_word' id='word_1_381' title='bbox 2266 939 2442 992; x_wconf 86' lang='lat' dir='ltr'><strong>delata</strong></span> <span class='ocrx_word' id='word_1_382' title='bbox 2489 937 2701 990; x_wconf 87' lang='lat' dir='ltr'><strong>notitia.</strong></span> <span class='ocrx_word' id='word_1_383' title='bbox 2763 934 2831 990; x_wconf 88' lang='lat' dir='ltr'><strong>Et</strong></span> <span class='ocrx_word' id='word_1_384' title='bbox 2875 935 2989 990; x_wconf 72' lang='lat' dir='ltr'><strong>haec</strong></span> <span class='ocrx_word' id='word_1_385' title='bbox 3020 936 3236 1004; x_wconf 87' lang='lat' dir='ltr'><strong>quidem</strong></span> <span class='ocrx_word' id='word_1_386' title='bbox 3295 936 3470 1005; x_wconf 73' lang='lat' dir='ltr'><strong>Cpoii.</strong></span> 
     </span>
    </p>
   </div>
   <div class='ocr_carea' id='block_1_55' title="bbox 1885 1028 3476 1100">
    <p class='ocr_par' dir='ltr' id='par_1_55' title="bbox 1885 1028 3476 1100">
     <span class='ocr_line' id='line_1_55' title="bbox 1885 1028 3476 1100; baseline -0.001 -16"><span class='ocrx_word' id='word_1_387' title='bbox 1885 1033 2225 1086; x_wconf 70' lang='lat' dir='ltr'><strong>Alexandriae</strong></span> <span class='ocrx_word' id='word_1_388' title='bbox 2253 1045 2414 1100; x_wconf 89' lang='lat' dir='ltr'><strong>porro</strong></span> <span class='ocrx_word' id='word_1_389' title='bbox 2439 1029 2733 1084; x_wconf 86' lang='lat' dir='ltr'><strong>Dioscorus</strong></span> <span class='ocrx_word' id='word_1_390' title='bbox 2765 1028 2912 1082; x_wconf 89' lang='lat' dir='ltr'><strong>velut</strong></span> <span class='ocrx_word' id='word_1_391' title='bbox 2935 1029 2988 1082; x_wconf 93' lang='lat' dir='ltr'><strong>in</strong></span> <span class='ocrx_word' id='word_1_392' title='bbox 3012 1029 3210 1098; x_wconf 80' lang='lat' dir='ltr'><strong>arrepti</strong></span> <span class='ocrx_word' id='word_1_393' title='bbox 3235 1030 3476 1083; x_wconf 86' lang='lat' dir='ltr'><strong>muneris</strong></span> 
     </span>
    </p>
   </div>
   <div class='ocr_carea' id='block_1_56' title="bbox 1886 1121 3476 1194">
    <p class='ocr_par' dir='ltr' id='par_1_56' title="bbox 1886 1121 3476 1194">
     <span class='ocr_line' id='line_1_56' title="bbox 1886 1121 3476 1194; baseline -0.001 -18"><span class='ocrx_word' id='word_1_394' title='bbox 1886 1125 2066 1194; x_wconf 89' lang='lat' dir='ltr'><strong>primo</strong></span> <span class='ocrx_word' id='word_1_395' title='bbox 2095 1124 2284 1178; x_wconf 88' lang='lat' dir='ltr'><strong>limine</strong></span> <span class='ocrx_word' id='word_1_396' title='bbox 2310 1123 2498 1194; x_wconf 81' lang='lat' dir='ltr'><strong>Cyrilli</strong></span> <span class='ocrx_word' id='word_1_397' title='bbox 2545 1123 2783 1177; x_wconf 76' lang='lat' dir='ltr'><strong>amnium</strong></span> <span class='ocrx_word' id='word_1_398' title='bbox 2820 1121 3107 1176; x_wconf 79' lang='lat' dir='ltr'><strong>facultates</strong></span> <span class='ocrx_word' id='word_1_399' title='bbox 3136 1121 3476 1190; x_wconf 65' lang='lat' dir='ltr'><strong>depratdatur</strong></span> 
     </span>
    </p>
   </div>
   <div class='ocr_carea' id='block_1_57' title="bbox 1886 1215 3473 1286">
    <p class='ocr_par' dir='ltr' id='par_1_57' title="bbox 1886 1215 3473 1286">
     <span class='ocr_line' id='line_1_57' title="bbox 1886 1215 3473 1286; baseline -0.003 -14"><span class='ocrx_word' id='word_1_400' title='bbox 1886 1225 1941 1272; x_wconf 88' lang='lat' dir='ltr'><strong>ct</strong></span> <span class='ocrx_word' id='word_1_401' title='bbox 1996 1232 2188 1272; x_wconf 78' lang='lat' dir='ltr'><strong>eorum</strong></span> <span class='ocrx_word' id='word_1_402' title='bbox 2247 1231 2589 1286; x_wconf 62' lang='lat' dir='ltr'><strong>quacunque</strong></span> <span class='ocrx_word' id='word_1_403' title='bbox 2647 1216 2787 1268; x_wconf 87' lang='lat' dir='ltr'><strong>bona</strong></span> <span class='ocrx_word' id='word_1_404' title='bbox 2844 1215 3018 1284; x_wconf 86' lang='lat' dir='ltr'><strong>rapit:</strong></span> <span class='ocrx_word' id='word_1_405' title='bbox 3075 1215 3473 1268; x_wconf 88' lang='lat' dir='ltr'><strong>consobrinum</strong></span> 
     </span>
    </p>
   </div>
   <div class='ocr_carea' id='block_1_58' title="bbox 1885 1307 3472 1378">
    <p class='ocr_par' dir='ltr' id='par_1_58' title="bbox 1885 1307 3472 1378">
     <span class='ocr_line' id='line_1_58' title="bbox 1885 1307 3472 1378; baseline -0.001 -18"><span class='ocrx_word' id='word_1_406' title='bbox 1885 1309 2249 1364; x_wconf 77' lang='lat' dir='ltr'><strong>Athanasium</strong></span> <span class='ocrx_word' id='word_1_407' title='bbox 2299 1307 2600 1378; x_wconf 83' lang='lat' dir='ltr'><strong>presbyteri</strong></span> <span class='ocrx_word' id='word_1_408' title='bbox 2651 1307 2914 1378; x_wconf 83' lang='lat' dir='ltr'><strong>dignitate</strong></span> <span class='ocrx_word' id='word_1_409' title='bbox 2979 1316 3311 1375; x_wconf 85' lang='lat' dir='ltr'><strong>promotum,</strong></span> <span class='ocrx_word' id='word_1_410' title='bbox 3369 1322 3472 1372; x_wconf 87' lang='lat' dir='ltr'><strong>pu-</strong></span> 
     </span>
    </p>
   </div>
   <div class='ocr_carea' id='block_1_59' title="bbox 1886 1397 3472 1468">
    <p class='ocr_par' dir='ltr' id='par_1_59' title="bbox 1886 1397 3472 1468">
     <span class='ocr_line' id='line_1_59' title="bbox 1886 1397 3472 1468; baseline 0.001 -17"><span class='ocrx_word' id='word_1_411' title='bbox 1886 1398 2106 1453; x_wconf 86' lang='lat' dir='ltr'><strong>blicatis</strong></span> <span class='ocrx_word' id='word_1_412' title='bbox 2126 1399 2288 1453; x_wconf 89' lang='lat' dir='ltr'><strong>etiam</strong></span> <span class='ocrx_word' id='word_1_413' title='bbox 2309 1413 2429 1468; x_wconf 75' lang='lat' dir='ltr'><strong>quae</strong></span> <span class='ocrx_word' id='word_1_414' title='bbox 2450 1397 2762 1468; x_wconf 81' lang='lat' dir='ltr'><strong>possidebat</strong></span> <span class='ocrx_word' id='word_1_415' title='bbox 2791 1399 3068 1462; x_wconf 88' lang='lat' dir='ltr'><strong>omnibus,</strong></span> <span class='ocrx_word' id='word_1_416' title='bbox 3096 1398 3271 1452; x_wconf 70' lang='lat' dir='ltr'><strong>officio</strong></span> <span class='ocrx_word' id='word_1_417' title='bbox 3294 1413 3472 1453; x_wconf 90' lang='lat' dir='ltr'><strong>remo-</strong></span> 
     </span>
    </p>
   </div>
   <div class='ocr_carea' id='block_1_60' title="bbox 1887 1489 3470 1560">
    <p class='ocr_par' dir='ltr' id='par_1_60' title="bbox 1887 1489 3470 1560">
     <span class='ocr_line' id='line_1_60' title="bbox 1887 1489 3470 1560; baseline -0.001 -16"><span class='ocrx_word' id='word_1_418' title='bbox 1887 1491 1982 1544; x_wconf 83' lang='lat' dir='ltr'><strong>vit.</strong></span> <span class='ocrx_word' id='word_1_419' title='bbox 2010 1489 2116 1544; x_wconf 87' lang='lat' dir='ltr'><strong>Ista</strong></span> <span class='ocrx_word' id='word_1_420' title='bbox 2157 1490 2374 1559; x_wconf 85' lang='lat' dir='ltr'><strong>quidem</strong></span> <span class='ocrx_word' id='word_1_421' title='bbox 2408 1490 2489 1542; x_wconf 89' lang='lat' dir='ltr'><strong>vir</strong></span> <span class='ocrx_word' id='word_1_422' title='bbox 2535 1505 2564 1544; x_wconf 86' lang='lat' dir='ltr'><strong>a</strong></span> <span class='ocrx_word' id='word_1_423' title='bbox 2590 1491 2793 1544; x_wconf 78' lang='lat' dir='ltr'><strong>teneris</strong></span> <span class='ocrx_word' id='word_1_424' title='bbox 2842 1490 3121 1560; x_wconf 82' lang='lat' dir='ltr'><strong>unguibus</strong></span> <span class='ocrx_word' id='word_1_425' title='bbox 3159 1490 3470 1553; x_wconf 69' lang='lat' dir='ltr'><strong>hmrcticns,</strong></span> 
     </span>
    </p>
   </div>
   <div class='ocr_carea' id='block_1_61' title="bbox 1886 1576 3475 1650">
    <p class='ocr_par' dir='ltr' id='par_1_61' title="bbox 1886 1576 3475 1650">
     <span class='ocr_line' id='line_1_61' title="bbox 1886 1576 3475 1650; baseline -0.003 -14"><span class='ocrx_word' id='word_1_426' title='bbox 1886 1590 1942 1636; x_wconf 89' lang='lat' dir='ltr'><strong>et</strong></span> <span class='ocrx_word' id='word_1_427' title='bbox 1971 1581 2226 1650; x_wconf 82' lang='lat' dir='ltr'><strong>Origenis</strong></span> <span class='ocrx_word' id='word_1_428' title='bbox 2262 1578 2615 1649; x_wconf 88' lang='lat' dir='ltr'><strong>opinionibus</strong></span> <span class='ocrx_word' id='word_1_429' title='bbox 2656 1578 2913 1641; x_wconf 85' lang='lat' dir='ltr'><strong>infectus,</strong></span> <span class='ocrx_word' id='word_1_430' title='bbox 2955 1588 3153 1632; x_wconf 90' lang='lat' dir='ltr'><strong>rectam</strong></span> <span class='ocrx_word' id='word_1_431' title='bbox 3186 1576 3374 1647; x_wconf 78' lang='lat' dir='ltr'><strong>Cyrilli</strong></span> <span class='ocrx_word' id='word_1_432' title='bbox 3412 1576 3475 1631; x_wconf 86' lang='lat' dir='ltr'><strong>fi-</strong></span> 
     </span>
    </p>
   </div>
   <div class='ocr_carea' id='block_1_62' title="bbox 1887 1669 3476 1737">
    <p class='ocr_par' dir='ltr' id='par_1_62' title="bbox 1887 1669 3476 1737">
     <span class='ocr_line' id='line_1_62' title="bbox 1887 1669 3476 1737; baseline -0.006 -10"><span class='ocrx_word' id='word_1_433' title='bbox 1887 1675 2009 1728; x_wconf 89' lang='lat' dir='ltr'><strong>dem</strong></span> <span class='ocrx_word' id='word_1_434' title='bbox 2043 1687 2358 1737; x_wconf 75' lang='lat' dir='ltr'><strong>eversurus,</strong></span> <span class='ocrx_word' id='word_1_435' title='bbox 2393 1671 2730 1726; x_wconf 90' lang='lat' dir='ltr'><strong>attentabat:</strong></span> <span class='ocrx_word' id='word_1_436' title='bbox 2761 1680 2816 1724; x_wconf 90' lang='lat' dir='ltr'><strong>et</strong></span> <span class='ocrx_word' id='word_1_437' title='bbox 2856 1687 2885 1724; x_wconf 92' lang='lat' dir='ltr'><strong>a</strong></span> <span class='ocrx_word' id='word_1_438' title='bbox 2917 1669 3195 1733; x_wconf 86' lang='lat' dir='ltr'><strong>Flaviano,</strong></span> <span class='ocrx_word' id='word_1_439' title='bbox 3234 1671 3302 1722; x_wconf 88' lang='lat' dir='ltr'><strong>ob</strong></span> <span class='ocrx_word' id='word_1_440' title='bbox 3333 1685 3476 1723; x_wconf 78' lang='lat' dir='ltr'><strong>non-</strong></span> 
     </span>
    </p>
   </div>
   <div class='ocr_carea' id='block_1_63' title="bbox 1890 1759 3476 1840">
    <p class='ocr_par' dir='ltr' id='par_1_63' title="bbox 1890 1759 3476 1840">
     <span class='ocr_line' id='line_1_63' title="bbox 1890 1759 3476 1840; baseline -0.003 -22"><span class='ocrx_word' id='word_1_441' title='bbox 1890 1765 2067 1819; x_wconf 87' lang='lat' dir='ltr'><strong>nullas</strong></span> <span class='ocrx_word' id='word_1_442' title='bbox 2101 1763 2220 1833; x_wconf 87' lang='lat' dir='ltr'><strong>ejus</strong></span> <span class='ocrx_word' id='word_1_443' title='bbox 2264 1763 2512 1816; x_wconf 84' lang='lat' dir='ltr'><strong>allinibus</strong></span> <span class='ocrx_word' id='word_1_444' title='bbox 2563 1762 2720 1840; x_wconf 83' lang='lat' dir='ltr'><strong>datas</strong></span> <span class='ocrx_word' id='word_1_445' title='bbox 2770 1766 3068 1831; x_wconf 88' lang='lat' dir='ltr'><strong>suppetias,</strong></span> <span class='ocrx_word' id='word_1_446' title='bbox 3112 1761 3353 1814; x_wconf 90' lang='lat' dir='ltr'><strong>animum</strong></span> <span class='ocrx_word' id='word_1_447' title='bbox 3397 1759 3476 1814; x_wconf 81' lang='lat' dir='ltr'><strong>fe-</strong></span> 
     </span>
    </p>
   </div>
   <div class='ocr_carea' id='block_1_64' title="bbox 1889 1841 3475 1925">
    <p class='ocr_par' dir='ltr' id='par_1_64' title="bbox 1889 1841 3475 1925">
     <span class='ocr_line' id='line_1_64' title="bbox 1889 1841 3475 1925; baseline -0.001 -15"><span class='ocrx_word' id='word_1_448' title='bbox 1889 1857 2044 1910; x_wconf 83' lang='lat' dir='ltr'><strong>rebat</strong></span> <span class='ocrx_word' id='word_1_449' title='bbox 2073 1871 2353 1910; x_wconf 86' lang='lat' dir='ltr'><strong>aversum.</strong></span> <span class='ocrx_word' id='word_1_450' title='bbox 2387 1841 2498 1925; x_wconf 78' lang='lat'><strong>85</strong></span> <span class='ocrx_word' id='word_1_451' title='bbox 2528 1854 2747 1909; x_wconf 87' lang='lat' dir='ltr'><strong>Interim</strong></span> <span class='ocrx_word' id='word_1_452' title='bbox 2779 1854 3177 1925; x_wconf 82' lang='lat' dir='ltr'><strong>Chrysaphius,</strong></span> <span class='ocrx_word' id='word_1_453' title='bbox 3213 1871 3335 1908; x_wconf 86' lang='lat' dir='ltr'><strong>cum</strong></span> <span class='ocrx_word' id='word_1_454' title='bbox 3369 1854 3475 1908; x_wconf 84' lang='lat' dir='ltr'><strong>im-</strong></span> 
     </span>
    </p>
   </div>
   <div class='ocr_carea' id='block_1_65' title="bbox 1888 1945 3474 2018">
    <p class='ocr_par' dir='ltr' id='par_1_65' title="bbox 1888 1945 3474 2018">
     <span class='ocr_line' id='line_1_65' title="bbox 1888 1945 3474 2018; baseline -0.002 -17"><span class='ocrx_word' id='word_1_455' title='bbox 1888 1950 2142 2018; x_wconf 85' lang='lat' dir='ltr'><strong>pietatem</strong></span> <span class='ocrx_word' id='word_1_456' title='bbox 2174 1949 2358 2002; x_wconf 89' lang='lat' dir='ltr'><strong>animo</strong></span> <span class='ocrx_word' id='word_1_457' title='bbox 2391 1955 2734 2016; x_wconf 89' lang='lat' dir='ltr'><strong>recoqueret,</strong></span> <span class='ocrx_word' id='word_1_458' title='bbox 2787 1960 2884 2001; x_wconf 88' lang='lat' dir='ltr'><strong>nec</strong></span> <span class='ocrx_word' id='word_1_459' title='bbox 2935 1945 3294 2000; x_wconf 83' lang='lat' dir='ltr'><strong>ecclesiarum</strong></span> <span class='ocrx_word' id='word_1_460' title='bbox 3339 1960 3474 2000; x_wconf 92' lang='lat' dir='ltr'><strong>con-</strong></span> 
     </span>
    </p>
   </div>
   <div class='ocr_carea' id='block_1_66' title="bbox 1887 2035 3473 2109">
    <p class='ocr_par' dir='ltr' id='par_1_66' title="bbox 1887 2035 3473 2109">
     <span class='ocr_line' id='line_1_66' title="bbox 1887 2035 3473 2109; baseline -0.002 -17"><span class='ocrx_word' id='word_1_461' title='bbox 1887 2039 2130 2093; x_wconf 88' lang='lat' dir='ltr'><strong>cordiam</strong></span> <span class='ocrx_word' id='word_1_462' title='bbox 2187 2048 2373 2109; x_wconf 86' lang='lat' dir='ltr'><strong>posset</strong></span> <span class='ocrx_word' id='word_1_463' title='bbox 2410 2039 2738 2107; x_wconf 89' lang='lat' dir='ltr'><strong>conspicari,</strong></span> <span class='ocrx_word' id='word_1_464' title='bbox 2775 2037 3017 2093; x_wconf 90' lang='lat' dir='ltr'><strong>studium</strong></span> <span class='ocrx_word' id='word_1_465' title='bbox 3055 2037 3160 2090; x_wconf 86' lang='lat' dir='ltr'><strong>illis</strong></span> <span class='ocrx_word' id='word_1_466' title='bbox 3191 2035 3473 2090; x_wconf 86' lang='lat' dir='ltr'><strong>turbandis</strong></span> 
     </span>
    </p>
   </div>
   <div class='ocr_carea' id='block_1_67' title="bbox 1886 2128 3474 2198">
    <p class='ocr_par' dir='ltr' id='par_1_67' title="bbox 1886 2128 3474 2198">
     <span class='ocr_line' id='line_1_67' title="bbox 1886 2128 3474 2198; baseline -0.002 -15"><span class='ocrx_word' id='word_1_467' title='bbox 1886 2130 2128 2196; x_wconf 83' lang='lat' dir='ltr'><strong>adhibet,</strong></span> <span class='ocrx_word' id='word_1_468' title='bbox 2159 2146 2223 2184; x_wconf 87' lang='lat' dir='ltr'><strong>ac</strong></span> <span class='ocrx_word' id='word_1_469' title='bbox 2255 2139 2314 2184; x_wconf 88' lang='lat' dir='ltr'><strong>ut</strong></span> <span class='ocrx_word' id='word_1_470' title='bbox 2358 2128 2678 2184; x_wconf 80' lang='lat' dir='ltr'><strong>Flavianum</strong></span> <span class='ocrx_word' id='word_1_471' title='bbox 2719 2129 3033 2198; x_wconf 87' lang='lat' dir='ltr'><strong>episcopatu</strong></span> <span class='ocrx_word' id='word_1_472' title='bbox 3072 2128 3310 2196; x_wconf 89' lang='lat' dir='ltr'><strong>dejiciat,</strong></span> <span class='ocrx_word' id='word_1_473' title='bbox 3354 2142 3474 2182; x_wconf 88' lang='lat' dir='ltr'><strong>om-</strong></span> 
     </span>
    </p>
   </div>
   <div class='ocr_carea' id='block_1_68' title="bbox 1887 2219 3474 2292">
    <p class='ocr_par' dir='ltr' id='par_1_68' title="bbox 1887 2219 3474 2292">
     <span class='ocr_line' id='line_1_68' title="bbox 1887 2219 3474 2292; baseline -0.002 -17"><span class='ocrx_word' id='word_1_474' title='bbox 1887 2236 2010 2276; x_wconf 88' lang='lat' dir='ltr'><strong>nem</strong></span> <span class='ocrx_word' id='word_1_475' title='bbox 2044 2221 2274 2290; x_wconf 87' lang='lat' dir='ltr'><strong>lapidem</strong></span> <span class='ocrx_word' id='word_1_476' title='bbox 2302 2228 2504 2285; x_wconf 84' lang='lat' dir='ltr'><strong>movet,</strong></span> <span class='ocrx_word' id='word_1_477' title='bbox 2525 2219 2826 2292; x_wconf 85' lang='lat' dir='ltr'><strong>Eutychem</strong></span> <span class='ocrx_word' id='word_1_478' title='bbox 2851 2219 3140 2290; x_wconf 89' lang='lat' dir='ltr'><strong>quemdam</strong></span> <span class='ocrx_word' id='word_1_479' title='bbox 3169 2219 3474 2274; x_wconf 89' lang='lat' dir='ltr'><strong>archiman-</strong></span> 
     </span>
    </p>
   </div>
   <div class='ocr_carea' id='block_1_69' title="bbox 1885 2311 3472 2384">
    <p class='ocr_par' dir='ltr' id='par_1_69' title="bbox 1885 2311 3472 2384">
     <span class='ocr_line' id='line_1_69' title="bbox 1885 2311 3472 2384; baseline -0.003 -14"><span class='ocrx_word' id='word_1_480' title='bbox 1885 2314 2107 2376; x_wconf 88' lang='lat' dir='ltr'><strong>dritam,</strong></span> <span class='ocrx_word' id='word_1_481' title='bbox 2137 2315 2231 2384; x_wconf 88' lang='lat' dir='ltr'><strong>qui</strong></span> <span class='ocrx_word' id='word_1_482' title='bbox 2260 2329 2385 2368; x_wconf 90' lang='lat' dir='ltr'><strong>cum</strong></span> <span class='ocrx_word' id='word_1_483' title='bbox 2409 2314 2529 2384; x_wconf 88' lang='lat' dir='ltr'><strong>ipso</strong></span> <span class='ocrx_word' id='word_1_484' title='bbox 2556 2313 2697 2368; x_wconf 89' lang='lat' dir='ltr'><strong>male</strong></span> <span class='ocrx_word' id='word_1_485' title='bbox 2718 2313 2783 2368; x_wconf 88' lang='lat' dir='ltr'><strong>de</strong></span> <span class='ocrx_word' id='word_1_486' title='bbox 2814 2313 2917 2367; x_wconf 84' lang='lat' dir='ltr'><strong>fide</strong></span> <span class='ocrx_word' id='word_1_487' title='bbox 2945 2312 3230 2374; x_wconf 85' lang='lat' dir='ltr'><strong>sentiebat,</strong></span> <span class='ocrx_word' id='word_1_488' title='bbox 3260 2311 3472 2381; x_wconf 87' lang='lat' dir='ltr'><strong>cpisco-</strong></span> 
     </span>
    </p>
   </div>
   <div class='ocr_carea' id='block_1_70' title="bbox 1886 2402 3470 2475">
    <p class='ocr_par' dir='ltr' id='par_1_70' title="bbox 1886 2402 3470 2475">
     <span class='ocr_line' id='line_1_70' title="bbox 1886 2402 3470 2475; baseline -0.002 -17"><span class='ocrx_word' id='word_1_489' title='bbox 1886 2420 2014 2474; x_wconf 89' lang='lat' dir='ltr'><strong>pum</strong></span> <span class='ocrx_word' id='word_1_490' title='bbox 2070 2404 2479 2475; x_wconf 65' lang='lat' dir='ltr'><strong>praaticiendum</strong></span> <span class='ocrx_word' id='word_1_491' title='bbox 2546 2420 2732 2459; x_wconf 89' lang='lat' dir='ltr'><strong>secum</strong></span> <span class='ocrx_word' id='word_1_492' title='bbox 2793 2405 3139 2459; x_wconf 89' lang='lat' dir='ltr'><strong>consiliatus.</strong></span> <span class='ocrx_word' id='word_1_493' title='bbox 3201 2402 3470 2469; x_wconf 82' lang='lat' dir='ltr'><strong>Quoniam</strong></span> 
     </span>
    </p>
   </div>
   <div class='ocr_carea' id='block_1_71' title="bbox 1891 2496 3470 2563">
    <p class='ocr_par' dir='ltr' id='par_1_71' title="bbox 1891 2496 3470 2563">
     <span class='ocr_line' id='line_1_71' title="bbox 1891 2496 3470 2563; baseline -0.003 -11"><span class='ocrx_word' id='word_1_494' title='bbox 1891 2513 2042 2563; x_wconf 86' lang='lat' dir='ltr'><strong>vero,</strong></span> <span class='ocrx_word' id='word_1_495' title='bbox 2104 2499 2391 2554; x_wconf 86' lang='lat' dir='ltr'><strong>Pulcheria</strong></span> <span class='ocrx_word' id='word_1_496' title='bbox 2459 2513 2642 2553; x_wconf 89' lang='lat' dir='ltr'><strong>rerum</strong></span> <span class='ocrx_word' id='word_1_497' title='bbox 2708 2513 2983 2552; x_wconf 87' lang='lat' dir='ltr'><strong>summam</strong></span> <span class='ocrx_word' id='word_1_498' title='bbox 3029 2496 3470 2558; x_wconf 88' lang='lat' dir='ltr'><strong>administrante,</strong></span> 
     </span>
    </p>
   </div>
   <div class='ocr_carea' id='block_1_72' title="bbox 1893 2589 3472 2661">
    <p class='ocr_par' dir='ltr' id='par_1_72' title="bbox 1893 2589 3472 2661">
     <span class='ocr_line' id='line_1_72' title="bbox 1893 2589 3472 2661; baseline -0.003 -15"><span class='ocrx_word' id='word_1_499' title='bbox 1893 2591 2043 2646; x_wconf 86' lang='lat' dir='ltr'><strong>nulla</strong></span> <span class='ocrx_word' id='word_1_500' title='bbox 2073 2591 2285 2646; x_wconf 86' lang='lat' dir='ltr'><strong>valebat</strong></span> <span class='ocrx_word' id='word_1_501' title='bbox 2315 2591 2431 2661; x_wconf 89' lang='lat' dir='ltr'><strong>ipse</strong></span> <span class='ocrx_word' id='word_1_502' title='bbox 2459 2591 2808 2657; x_wconf 86' lang='lat' dir='ltr'><strong>auctoritate,</strong></span> <span class='ocrx_word' id='word_1_503' title='bbox 2845 2591 2898 2645; x_wconf 88' lang='lat' dir='ltr'><strong>itt</strong></span> <span class='ocrx_word' id='word_1_504' title='bbox 2925 2591 3111 2646; x_wconf 89' lang='lat' dir='ltr'><strong>rudem</strong></span> <span class='ocrx_word' id='word_1_505' title='bbox 3137 2598 3191 2645; x_wconf 91' lang='lat' dir='ltr'><strong>et</strong></span> <span class='ocrx_word' id='word_1_506' title='bbox 3221 2589 3472 2658; x_wconf 79' lang='lat' dir='ltr'><strong>inexper-</strong></span> 
     </span>
    </p>
   </div>
   <div class='ocr_carea' id='block_1_73' title="bbox 1885 2679 3470 2752">
    <p class='ocr_par' dir='ltr' id='par_1_73' title="bbox 1885 2679 3470 2752">
     <span class='ocr_line' id='line_1_73' title="bbox 1885 2679 3470 2752; baseline -0.003 -14"><span class='ocrx_word' id='word_1_507' title='bbox 1885 2693 2000 2738; x_wconf 92' lang='lat' dir='ltr'><strong>tum</strong></span> <span class='ocrx_word' id='word_1_508' title='bbox 2048 2681 2304 2739; x_wconf 78' lang='lat' dir='ltr'><strong>Eudocia:</strong></span> <span class='ocrx_word' id='word_1_509' title='bbox 2353 2683 2599 2738; x_wconf 90' lang='lat' dir='ltr'><strong>animum</strong></span> <span class='ocrx_word' id='word_1_510' title='bbox 2630 2697 2750 2739; x_wconf 88' lang='lat' dir='ltr'><strong>sese</strong></span> <span class='ocrx_word' id='word_1_511' title='bbox 2779 2683 3014 2752; x_wconf 88' lang='lat' dir='ltr'><strong>primum</strong></span> <span class='ocrx_word' id='word_1_512' title='bbox 3043 2682 3307 2748; x_wconf 85' lang='lat' dir='ltr'><strong>insinuat,</strong></span> <span class='ocrx_word' id='word_1_513' title='bbox 3330 2689 3384 2734; x_wconf 90' lang='lat' dir='ltr'><strong>et</strong></span> <span class='ocrx_word' id='word_1_514' title='bbox 3414 2679 3470 2734; x_wconf 91' lang='lat' dir='ltr'><strong>in</strong></span> 
     </span>
    </p>
   </div>
   <div class='ocr_carea' id='block_1_74' title="bbox 1885 2773 3467 2846">
    <p class='ocr_par' dir='ltr' id='par_1_74' title="bbox 1885 2773 3467 2846">
     <span class='ocr_line' id='line_1_74' title="bbox 1885 2773 3467 2846; baseline 0 -18"><span class='ocrx_word' id='word_1_515' title='bbox 1885 2775 2117 2846; x_wconf 74' lang='lat' dir='ltr'><strong>propria:</strong></span> <span class='ocrx_word' id='word_1_516' title='bbox 2163 2775 2354 2830; x_wconf 85' lang='lat' dir='ltr'><strong>matris</strong></span> <span class='ocrx_word' id='word_1_517' title='bbox 2389 2775 2686 2846; x_wconf 87' lang='lat' dir='ltr'><strong>perniciem</strong></span> <span class='ocrx_word' id='word_1_518' title='bbox 2729 2775 2946 2830; x_wconf 76' lang='lat' dir='ltr'><strong>invidia:</strong></span> <span class='ocrx_word' id='word_1_519' title='bbox 2995 2776 3142 2830; x_wconf 86' lang='lat' dir='ltr'><strong>faces</strong></span> <span class='ocrx_word' id='word_1_520' title='bbox 3191 2773 3467 2838; x_wconf 88' lang='lat' dir='ltr'><strong>accendit,</strong></span> 
     </span>
    </p>
   </div>
   <div class='ocr_carea' id='block_1_75' title="bbox 1884 2862 3468 2936">
    <p class='ocr_par' dir='ltr' id='par_1_75' title="bbox 1884 2862 3468 2936">
     <span class='ocr_line' id='line_1_75' title="bbox 1884 2862 3468 2936; baseline -0.003 -16"><span class='ocrx_word' id='word_1_521' title='bbox 1884 2867 2044 2936; x_wconf 90' lang='lat' dir='ltr'><strong>eique</strong></span> <span class='ocrx_word' id='word_1_522' title='bbox 2070 2866 2332 2936; x_wconf 77' lang='lat' dir='ltr'><strong>suggerit,</strong></span> <span class='ocrx_word' id='word_1_523' title='bbox 2369 2874 2572 2920; x_wconf 83' lang='lat' dir='ltr'><strong>nteant</strong></span> <span class='ocrx_word' id='word_1_524' title='bbox 2606 2865 2749 2935; x_wconf 89' lang='lat' dir='ltr'><strong>apud</strong></span> <span class='ocrx_word' id='word_1_525' title='bbox 2780 2865 3164 2934; x_wconf 88' lang='lat' dir='ltr'><strong>imperatorem</strong></span> <span class='ocrx_word' id='word_1_526' title='bbox 3191 2862 3468 2932; x_wconf 68' lang='lat' dir='ltr'><strong>prmpositi</strong></span> 
     </span>
    </p>
   </div>
   <div class='ocr_carea' id='block_1_76' title="bbox 1883 2954 3469 3026">
    <p class='ocr_par' dir='ltr' id='par_1_76' title="bbox 1883 2954 3469 3026">
     <span class='ocr_line' id='line_1_76' title="bbox 1883 2954 3469 3026; baseline -0.003 -14"><span class='ocrx_word' id='word_1_527' title='bbox 1883 2958 1984 3012; x_wconf 89' lang='lat' dir='ltr'><strong>sibi</strong></span> <span class='ocrx_word' id='word_1_528' title='bbox 2042 2957 2348 3012; x_wconf 82' lang='lat' dir='ltr'><strong>asciscendi</strong></span> <span class='ocrx_word' id='word_1_529' title='bbox 2397 2956 2502 3011; x_wconf 84' lang='lat' dir='ltr'><strong>fine</strong></span> <span class='ocrx_word' id='word_1_530' title='bbox 2534 2965 2724 3026; x_wconf 89' lang='lat' dir='ltr'><strong>carpat</strong></span> <span class='ocrx_word' id='word_1_531' title='bbox 2769 2965 2823 3010; x_wconf 89' lang='lat' dir='ltr'><strong>et</strong></span> <span class='ocrx_word' id='word_1_532' title='bbox 2868 2956 3079 3011; x_wconf 90' lang='lat' dir='ltr'><strong>incusct</strong></span> <span class='ocrx_word' id='word_1_533' title='bbox 3117 2974 3130 3009; x_wconf 90' lang='lat'><strong>:</strong></span> <span class='ocrx_word' id='word_1_534' title='bbox 3179 2954 3469 3009; x_wconf 87' lang='lat' dir='ltr'><strong>Pulcheria</strong></span> 
     </span>
    </p>
   </div>
   <div class='ocr_carea' id='block_1_77' title="bbox 1885 3045 3467 3118">
    <p class='ocr_par' dir='ltr' id='par_1_77' title="bbox 1885 3045 3467 3118">
     <span class='ocr_line' id='line_1_77' title="bbox 1885 3045 3467 3118; baseline -0.001 -17"><span class='ocrx_word' id='word_1_535' title='bbox 1885 3062 2122 3115; x_wconf 88' lang='lat' dir='ltr'><strong>namque</strong></span> <span class='ocrx_word' id='word_1_536' title='bbox 2175 3048 2526 3118; x_wconf 89' lang='lat' dir='ltr'><strong>conjunctam</strong></span> <span class='ocrx_word' id='word_1_537' title='bbox 2565 3046 2863 3117; x_wconf 60' lang='lat' dir='ltr'><strong>prarpostiti</strong></span> <span class='ocrx_word' id='word_1_538' title='bbox 2899 3061 3118 3116; x_wconf 87' lang='lat' dir='ltr'><strong>operam</strong></span> <span class='ocrx_word' id='word_1_539' title='bbox 3152 3045 3204 3100; x_wconf 87' lang='lat' dir='ltr'><strong>in</strong></span> <span class='ocrx_word' id='word_1_540' title='bbox 3235 3045 3467 3116; x_wconf 78' lang='lat' dir='ltr'><strong>negotiis</strong></span> 
     </span>
    </p>
   </div>
   <div class='ocr_carea' id='block_1_78' title="bbox 1883 3137 3467 3210">
    <p class='ocr_par' dir='ltr' id='par_1_78' title="bbox 1883 3137 3467 3210">
     <span class='ocr_line' id='line_1_78' title="bbox 1883 3137 3467 3210; baseline 0 -18"><span class='ocrx_word' id='word_1_541' title='bbox 1883 3138 2134 3210; x_wconf 78' lang='lat' dir='ltr'><strong>gerendis</strong></span> <span class='ocrx_word' id='word_1_542' title='bbox 2164 3139 2469 3194; x_wconf 88' lang='lat' dir='ltr'><strong>necessario</strong></span> <span class='ocrx_word' id='word_1_543' title='bbox 2498 3138 2768 3209; x_wconf 76' lang='lat' dir='ltr'><strong>exigebat.</strong></span> <span class='ocrx_word' id='word_1_544' title='bbox 2810 3137 3108 3208; x_wconf 86' lang='lat' dir='ltr'><strong>imperator</strong></span> <span class='ocrx_word' id='word_1_545' title='bbox 3158 3153 3189 3192; x_wconf 89' lang='lat' dir='ltr'><strong>a</strong></span> <span class='ocrx_word' id='word_1_546' title='bbox 3233 3137 3467 3208; x_wconf 82' lang='lat' dir='ltr'><strong>conjuge</strong></span> 
     </span>
    </p>
   </div>
   <div class='ocr_carea' id='block_1_79' title="bbox 1884 3230 3462 3302">
    <p class='ocr_par' dir='ltr' id='par_1_79' title="bbox 1884 3230 3462 3302">
     <span class='ocr_line' id='line_1_79' title="bbox 1884 3230 3462 3302; baseline -0.001 -18"><span class='ocrx_word' id='word_1_547' title='bbox 1884 3231 2168 3287; x_wconf 88' lang='lat' dir='ltr'><strong>molestius</strong></span> <span class='ocrx_word' id='word_1_548' title='bbox 2202 3231 2598 3302; x_wconf 87' lang='lat' dir='ltr'><strong>interpellatus,</strong></span> <span class='ocrx_word' id='word_1_549' title='bbox 2625 3230 2730 3285; x_wconf 91' lang='lat' dir='ltr'><strong>hoc</strong></span> <span class='ocrx_word' id='word_1_550' title='bbox 2749 3231 2814 3284; x_wconf 87' lang='lat' dir='ltr'><strong>ad</strong></span> <span class='ocrx_word' id='word_1_551' title='bbox 2837 3246 2956 3285; x_wconf 90' lang='lat' dir='ltr'><strong>eam</strong></span> <span class='ocrx_word' id='word_1_552' title='bbox 2985 3245 3308 3300; x_wconf 86' lang='lat' dir='ltr'><strong>responsum</strong></span> <span class='ocrx_word' id='word_1_553' title='bbox 3334 3231 3462 3285; x_wconf 90' lang='lat' dir='ltr'><strong>dat:</strong></span> 
     </span>
    </p>
   </div>
   <div class='ocr_carea' id='block_1_80' title="bbox 1884 3320 3467 3392">
    <p class='ocr_par' dir='ltr' id='par_1_80' title="bbox 1884 3320 3467 3392">
     <span class='ocr_line' id='line_1_80' title="bbox 1884 3320 3467 3392; baseline 0.002 -19"><span class='ocrx_word' id='word_1_554' title='bbox 1884 3320 2100 3392; x_wconf 84' lang='lat' dir='ltr'><strong>Depone</strong></span> <span class='ocrx_word' id='word_1_555' title='bbox 2149 3322 2315 3376; x_wconf 91' lang='lat' dir='ltr'><strong>animi</strong></span> <span class='ocrx_word' id='word_1_556' title='bbox 2351 3322 2711 3388; x_wconf 78' lang='lat' dir='ltr'><strong>anxietatem;</strong></span> <span class='ocrx_word' id='word_1_557' title='bbox 2743 3321 3091 3391; x_wconf 70' lang='lat' dir='ltr'><strong>prtcpositum</strong></span> <span class='ocrx_word' id='word_1_558' title='bbox 3140 3322 3286 3376; x_wconf 90' lang='lat' dir='ltr'><strong>enim</strong></span> <span class='ocrx_word' id='word_1_559' title='bbox 3325 3320 3467 3376; x_wconf 88' lang='lat' dir='ltr'><strong>obti-</strong></span> 
     </span>
    </p>
   </div>
   <div class='ocr_carea' id='block_1_81' title="bbox 1883 3413 3464 3485">
    <p class='ocr_par' dir='ltr' id='par_1_81' title="bbox 1883 3413 3464 3485">
     <span class='ocr_line' id='line_1_81' title="bbox 1883 3413 3464 3485; baseline 0.001 -18"><span class='ocrx_word' id='word_1_560' title='bbox 1883 3430 2011 3468; x_wconf 88' lang='lat' dir='ltr'><strong>nere</strong></span> <span class='ocrx_word' id='word_1_561' title='bbox 2047 3416 2275 3484; x_wconf 89' lang='lat' dir='ltr'><strong>nequis:</strong></span> <span class='ocrx_word' id='word_1_562' title='bbox 2314 3429 2492 3484; x_wconf 89' lang='lat' dir='ltr'><strong>neque</strong></span> <span class='ocrx_word' id='word_1_563' title='bbox 2525 3429 2771 3470; x_wconf 87' lang='lat' dir='ltr'><strong>sororem</strong></span> <span class='ocrx_word' id='word_1_564' title='bbox 2815 3413 3096 3485; x_wconf 85' lang='lat' dir='ltr'><strong>praeclare,</strong></span> <span class='ocrx_word' id='word_1_565' title='bbox 3137 3413 3367 3468; x_wconf 88' lang='lat' dir='ltr'><strong>solerter</strong></span> <span class='ocrx_word' id='word_1_566' title='bbox 3407 3421 3464 3468; x_wconf 89' lang='lat' dir='ltr'><strong>et</strong></span> 
     </span>
    </p>
   </div>
   <div class='ocr_carea' id='block_1_82' title="bbox 1883 3507 3464 3578">
    <p class='ocr_par' dir='ltr' id='par_1_82' title="bbox 1883 3507 3464 3578">
     <span class='ocr_line' id='line_1_82' title="bbox 1883 3507 3464 3578; baseline 0 -17"><span class='ocrx_word' id='word_1_567' title='bbox 1883 3521 2005 3561; x_wconf 90' lang='lat' dir='ltr'><strong>cum</strong></span> <span class='ocrx_word' id='word_1_568' title='bbox 2058 3507 2258 3577; x_wconf 89' lang='lat' dir='ltr'><strong>pietate</strong></span> <span class='ocrx_word' id='word_1_569' title='bbox 2297 3523 2386 3564; x_wconf 88' lang='lat' dir='ltr'><strong>res</strong></span> <span class='ocrx_word' id='word_1_570' title='bbox 2425 3508 2633 3578; x_wconf 90' lang='lat' dir='ltr'><strong>imperii</strong></span> <span class='ocrx_word' id='word_1_571' title='bbox 2669 3509 3136 3564; x_wconf 82' lang='lat' dir='ltr'><strong>administrantem</strong></span> <span class='ocrx_word' id='word_1_572' title='bbox 3162 3521 3260 3578; x_wconf 75' lang='lat' dir='ltr'><strong>ego</strong></span> <span class='ocrx_word' id='word_1_573' title='bbox 3288 3521 3464 3562; x_wconf 89' lang='lat' dir='ltr'><strong>remo-</strong></span> 
     </span>
    </p>
   </div>
   <div class='ocr_carea' id='block_1_83' title="bbox 1881 3596 3462 3671">
    <p class='ocr_par' dir='ltr' id='par_1_83' title="bbox 1881 3596 3462 3671">
     <span class='ocr_line' id='line_1_83' title="bbox 1881 3596 3462 3671; baseline 0.003 -21"><span class='ocrx_word' id='word_1_574' title='bbox 1881 3613 2000 3652; x_wconf 84' lang='lat' dir='ltr'><strong>veo.</strong></span> <span class='ocrx_word' id='word_1_575' title='bbox 2058 3596 2284 3654; x_wconf 85' lang='lat' dir='ltr'><strong>intentis</strong></span> <span class='ocrx_word' id='word_1_576' title='bbox 2323 3598 2618 3655; x_wconf 79' lang='lat' dir='ltr'><strong>frustratus</strong></span> <span class='ocrx_word' id='word_1_577' title='bbox 2652 3598 3045 3671; x_wconf 89' lang='lat' dir='ltr'><strong>Chrysaphius,</strong></span> <span class='ocrx_word' id='word_1_578' title='bbox 3093 3599 3254 3654; x_wconf 87' lang='lat' dir='ltr'><strong>aliam</strong></span> <span class='ocrx_word' id='word_1_579' title='bbox 3303 3598 3462 3654; x_wconf 90' lang='lat' dir='ltr'><strong>dolo-</strong></span> 
     </span>
    </p>
   </div>
   <div class='ocr_carea' id='block_1_84' title="bbox 1881 3689 3464 3760">
    <p class='ocr_par' dir='ltr' id='par_1_84' title="bbox 1881 3689 3464 3760">
     <span class='ocr_line' id='line_1_84' title="bbox 1881 3689 3464 3760; baseline 0.001 -18"><span class='ocrx_word' id='word_1_580' title='bbox 1881 3705 2000 3743; x_wconf 84' lang='lat' dir='ltr'><strong>rum</strong></span> <span class='ocrx_word' id='word_1_581' title='bbox 2036 3690 2317 3760; x_wconf 83' lang='lat' dir='ltr'><strong>componit</strong></span> <span class='ocrx_word' id='word_1_582' title='bbox 2347 3691 2673 3745; x_wconf 86' lang='lat' dir='ltr'><strong>machinam.</strong></span> <span class='ocrx_word' id='word_1_583' title='bbox 2722 3689 2808 3745; x_wconf 88' lang='lat' dir='ltr'><strong>Fit</strong></span> <span class='ocrx_word' id='word_1_584' title='bbox 2852 3689 3104 3744; x_wconf 72' lang='lat' dir='ltr'><strong>Eudocite</strong></span> <span class='ocrx_word' id='word_1_585' title='bbox 3143 3700 3353 3756; x_wconf 88' lang='lat' dir='ltr'><strong>auctor,</strong></span> <span class='ocrx_word' id='word_1_586' title='bbox 3402 3697 3464 3744; x_wconf 84' lang='lat' dir='ltr'><strong>ut</strong></span> 
     </span>
    </p>
   </div>
   <div class='ocr_carea' id='block_1_85' title="bbox 1881 3779 3456 3852">
    <p class='ocr_par' dir='ltr' id='par_1_85' title="bbox 1881 3779 3456 3852">
     <span class='ocr_line' id='line_1_85' title="bbox 1881 3779 3456 3852; baseline 0.001 -19"><span class='ocrx_word' id='word_1_587' title='bbox 1881 3779 2000 3849; x_wconf 86' lang='lat' dir='ltr'><strong>ipsa</strong></span> <span class='ocrx_word' id='word_1_588' title='bbox 2042 3782 2294 3850; x_wconf 89' lang='lat' dir='ltr'><strong>precibus</strong></span> <span class='ocrx_word' id='word_1_589' title='bbox 2339 3782 2720 3852; x_wconf 89' lang='lat' dir='ltr'><strong>imperatorem</strong></span> <span class='ocrx_word' id='word_1_590' title='bbox 2751 3779 2955 3851; x_wconf 74' lang='lat' dir='ltr'><strong>fatiget,</strong></span> <span class='ocrx_word' id='word_1_591' title='bbox 2988 3795 3053 3836; x_wconf 90' lang='lat' dir='ltr'><strong>ac</strong></span> <span class='ocrx_word' id='word_1_592' title='bbox 3096 3780 3456 3846; x_wconf 85' lang='lat' dir='ltr'><strong>Pulchcriam,</strong></span> 
     </span>
    </p>
   </div>
   <div class='ocr_carea' id='block_1_86' title="bbox 1881 3871 3458 3942">
    <p class='ocr_par' dir='ltr' id='par_1_86' title="bbox 1881 3871 3458 3942">
     <span class='ocr_line' id='line_1_86' title="bbox 1881 3871 3458 3942; baseline 0.003 -19"><span class='ocrx_word' id='word_1_593' title='bbox 1881 3877 2140 3939; x_wconf 89' lang='lat' dir='ltr'><strong>tanquam</strong></span> <span class='ocrx_word' id='word_1_594' title='bbox 2171 3871 2237 3925; x_wconf 89' lang='lat' dir='ltr'><strong>ad</strong></span> <span class='ocrx_word' id='word_1_595' title='bbox 2281 3872 2646 3942; x_wconf 86' lang='lat' dir='ltr'><strong>virginitatem</strong></span> <span class='ocrx_word' id='word_1_596' title='bbox 2689 3871 3037 3937; x_wconf 86' lang='lat' dir='ltr'><strong>destinatam,</strong></span> <span class='ocrx_word' id='word_1_597' title='bbox 3073 3887 3102 3927; x_wconf 90' lang='lat' dir='ltr'><strong>a</strong></span> <span class='ocrx_word' id='word_1_598' title='bbox 3150 3871 3458 3942; x_wconf 84' lang='lat' dir='ltr'><strong>patriarcha</strong></span> 
     </span>
    </p>
   </div>
   <div class='ocr_carea' id='block_1_87' title="bbox 1879 3962 3456 4034">
    <p class='ocr_par' dir='ltr' id='par_1_87' title="bbox 1879 3962 3456 4034">
     <span class='ocr_line' id='line_1_87' title="bbox 1879 3962 3456 4034; baseline 0.001 -18"><span class='ocrx_word' id='word_1_599' title='bbox 1879 3962 2242 4017; x_wconf 87' lang='lat' dir='ltr'><strong>diaconissam</strong></span> <span class='ocrx_word' id='word_1_600' title='bbox 2286 3963 2664 4028; x_wconf 87' lang='lat' dir='ltr'><strong>ordinandam,</strong></span> <span class='ocrx_word' id='word_1_601' title='bbox 2713 3977 2779 4018; x_wconf 89' lang='lat' dir='ltr'><strong>eo</strong></span> <span class='ocrx_word' id='word_1_602' title='bbox 2803 3963 3050 4031; x_wconf 75' lang='lat' dir='ltr'><strong>iubente,</strong></span> <span class='ocrx_word' id='word_1_603' title='bbox 3077 3964 3348 4034; x_wconf 89' lang='lat' dir='ltr'><strong>impetret.</strong></span> <span class='ocrx_word' id='word_1_604' title='bbox 3378 3963 3456 4018; x_wconf 85' lang='lat' dir='ltr'><strong>Ita</strong></span> 
     </span>
    </p>
   </div>
   <div class='ocr_carea' id='block_1_88' title="bbox 1881 4051 3457 4124">
    <p class='ocr_par' dir='ltr' id='par_1_88' title="bbox 1881 4051 3457 4124">
     <span class='ocr_line' id='line_1_88' title="bbox 1881 4051 3457 4124; baseline 0.001 -19"><span class='ocrx_word' id='word_1_605' title='bbox 1881 4051 2122 4106; x_wconf 86' lang='lat' dir='ltr'><strong>Eudocia</strong></span> <span class='ocrx_word' id='word_1_606' title='bbox 2173 4053 2226 4106; x_wconf 89' lang='lat' dir='ltr'><strong>itt</strong></span> <span class='ocrx_word' id='word_1_607' title='bbox 2276 4053 2519 4121; x_wconf 81' lang='lat' dir='ltr'><strong>rogando</strong></span> <span class='ocrx_word' id='word_1_608' title='bbox 2567 4053 2928 4124; x_wconf 82' lang='lat' dir='ltr'><strong>frequentior,</strong></span> <span class='ocrx_word' id='word_1_609' title='bbox 2963 4061 3018 4106; x_wconf 90' lang='lat' dir='ltr'><strong>et</strong></span> <span class='ocrx_word' id='word_1_610' title='bbox 3064 4051 3118 4106; x_wconf 90' lang='lat' dir='ltr'><strong>in</strong></span> <span class='ocrx_word' id='word_1_611' title='bbox 3165 4052 3457 4122; x_wconf 89' lang='lat' dir='ltr'><strong>postulatis</strong></span> 
     </span>
    </p>
   </div>
   <div class='ocr_carea' id='block_1_89' title="bbox 1880 4145 3458 4218">
    <p class='ocr_par' dir='ltr' id='par_1_89' title="bbox 1880 4145 3458 4218">
     <span class='ocr_line' id='line_1_89' title="bbox 1880 4145 3458 4218; baseline 0.001 -18"><span class='ocrx_word' id='word_1_612' title='bbox 1880 4145 2166 4216; x_wconf 80' lang='lat' dir='ltr'><strong>exigendis</strong></span> <span class='ocrx_word' id='word_1_613' title='bbox 2206 4146 2585 4216; x_wconf 85' lang='lat' dir='ltr'><strong>importunior,</strong></span> <span class='ocrx_word' id='word_1_614' title='bbox 2624 4147 2887 4202; x_wconf 85' lang='lat' dir='ltr'><strong>leniorem</strong></span> <span class='ocrx_word' id='word_1_615' title='bbox 2942 4147 3288 4218; x_wconf 90' lang='lat' dir='ltr'><strong>imperatoris</strong></span> <span class='ocrx_word' id='word_1_616' title='bbox 3338 4147 3458 4202; x_wconf 90' lang='lat' dir='ltr'><strong>ani-</strong></span> 
     </span>
    </p>
   </div>
   <div class='ocr_carea' id='block_1_90' title="bbox 1880 4235 3453 4310">
    <p class='ocr_par' dir='ltr' id='par_1_90' title="bbox 1880 4235 3453 4310">
     <span class='ocr_line' id='line_1_90' title="bbox 1880 4235 3453 4310; baseline 0.001 -18"><span class='ocrx_word' id='word_1_617' title='bbox 1880 4253 2052 4302; x_wconf 86' lang='lat' dir='ltr'><strong>mum,</strong></span> <span class='ocrx_word' id='word_1_618' title='bbox 2089 4252 2199 4308; x_wconf 88' lang='lat' dir='ltr'><strong>quo</strong></span> <span class='ocrx_word' id='word_1_619' title='bbox 2231 4237 2594 4305; x_wconf 88' lang='lat' dir='ltr'><strong>desiderabat,</strong></span> <span class='ocrx_word' id='word_1_620' title='bbox 2626 4238 2876 4310; x_wconf 88' lang='lat' dir='ltr'><strong>impellit.</strong></span> <span class='ocrx_word' id='word_1_621' title='bbox 2910 4237 3108 4294; x_wconf 84' lang='lat' dir='ltr'><strong>Beatus</strong></span> <span class='ocrx_word' id='word_1_622' title='bbox 3136 4235 3453 4303; x_wconf 79' lang='lat' dir='ltr'><strong>Flavianus,</strong></span> 
     </span>
    </p>
   </div>
   <div class='ocr_carea' id='block_1_91' title="bbox 1881 4330 3456 4403">
    <p class='ocr_par' dir='ltr' id='par_1_91' title="bbox 1881 4330 3456 4403">
     <span class='ocr_line' id='line_1_91' title="bbox 1881 4330 3456 4403; baseline -0.001 -16"><span class='ocrx_word' id='word_1_623' title='bbox 1881 4343 2102 4403; x_wconf 89' lang='lat' dir='ltr'><strong>accepto</strong></span> <span class='ocrx_word' id='word_1_624' title='bbox 2133 4331 2477 4402; x_wconf 88' lang='lat' dir='ltr'><strong>imperatoris</strong></span> <span class='ocrx_word' id='word_1_625' title='bbox 2503 4330 2684 4403; x_wconf 89' lang='lat' dir='ltr'><strong>jusso,</strong></span> <span class='ocrx_word' id='word_1_626' title='bbox 2715 4332 2858 4386; x_wconf 86' lang='lat' dir='ltr'><strong>mala</strong></span> <span class='ocrx_word' id='word_1_627' title='bbox 2898 4347 2963 4388; x_wconf 78' lang='lat' dir='ltr'><strong>ex</strong></span> <span class='ocrx_word' id='word_1_628' title='bbox 3007 4342 3094 4396; x_wconf 84' lang='lat' dir='ltr'><strong>eo,</strong></span> <span class='ocrx_word' id='word_1_629' title='bbox 3137 4330 3180 4386; x_wconf 92' lang='lat' dir='ltr'><strong>si</strong></span> <span class='ocrx_word' id='word_1_630' title='bbox 3209 4330 3323 4399; x_wconf 84' lang='lat' dir='ltr'><strong>fiat,</strong></span> <span class='ocrx_word' id='word_1_631' title='bbox 3352 4344 3456 4385; x_wconf 85' lang='lat' dir='ltr'><strong>na-</strong></span> 
     </span>
    </p>
   </div>
   <div class='ocr_carea' id='block_1_92' title="bbox 200 4409 1781 4495">
    <p class='ocr_par' dir='ltr' id='par_1_92' title="bbox 200 4411 1774 4494">
     <span class='ocr_line' id='line_1_92' title="bbox 200 4411 1774 4494; baseline 0.01 -32"><span class='ocrx_word' id='word_1_632' title='bbox 200 4411 490 4476; x_wconf 72' lang='grc' dir='ltr'>ἐξελθοῦσα</span> <span class='ocrx_word' id='word_1_633' title='bbox 539 4413 834 4482; x_wconf 69' lang='grc' dir='ltr'>ἡσύχαζεν.</span> <span class='ocrx_word' id='word_1_634' title='bbox 871 4416 968 4470; x_wconf 83' lang='grc' dir='ltr'>Ἐκ</span> <span class='ocrx_word' id='word_1_635' title='bbox 1020 4418 1214 4472; x_wconf 86' lang='grc' dir='ltr'>τούτου</span> <span class='ocrx_word' id='word_1_636' title='bbox 1253 4422 1282 4473; x_wconf 85' lang='grc' dir='ltr'><strong>ό</strong></span> <span class='ocrx_word' id='word_1_637' title='bbox 1335 4421 1588 4492; x_wconf 81' lang='grc' dir='ltr'>βασιλεὺς</span> <span class='ocrx_word' id='word_1_638' title='bbox 1613 4423 1712 4476; x_wconf 74' lang='grc' dir='ltr'>καὶ</span> <span class='ocrx_word' id='word_1_639' title='bbox 1741 4426 1774 4494; x_wconf 81' lang='grc' dir='ltr'><strong>ἡ</strong></span> 
     </span>
    </p>
   </div>
   <div class='ocr_carea' id='block_1_93' title="bbox 1884 4409 3456 4495">
    <p class='ocr_par' dir='ltr' id='par_1_93' title="bbox 1884 4422 3456 4495">
     <span class='ocr_line' id='line_1_93' title="bbox 1884 4422 3456 4495; baseline -0.003 -15"><span class='ocrx_word' id='word_1_640' title='bbox 1884 4425 2083 4480; x_wconf 90' lang='lat' dir='ltr'><strong>scitura</strong></span> <span class='ocrx_word' id='word_1_641' title='bbox 2114 4425 2412 4495; x_wconf 65' lang='lat' dir='ltr'><strong>praesentit,</strong></span> <span class='ocrx_word' id='word_1_642' title='bbox 2441 4433 2494 4480; x_wconf 91' lang='lat' dir='ltr'><strong>et</strong></span> <span class='ocrx_word' id='word_1_643' title='bbox 2537 4425 2590 4479; x_wconf 90' lang='lat' dir='ltr'><strong>in</strong></span> <span class='ocrx_word' id='word_1_644' title='bbox 2639 4426 2965 4482; x_wconf 78' lang='lat' dir='ltr'><strong>anxietatem</strong></span> <span class='ocrx_word' id='word_1_645' title='bbox 2997 4422 3310 4494; x_wconf 85' lang='lat' dir='ltr'><strong>conjicitur.</strong></span> <span class='ocrx_word' id='word_1_646' title='bbox 3350 4422 3456 4476; x_wconf 85' lang='lat' dir='ltr'><strong>lm-</strong></span> 
     </span>
    </p>
   </div>
   <div class='ocr_carea' id='block_1_94' title="bbox 201 4503 1780 4586">
    <p class='ocr_par' dir='ltr' id='par_1_94' title="bbox 201 4503 1780 4586">
     <span class='ocr_line' id='line_1_94' title="bbox 201 4503 1780 4586; baseline 0.01 -32"><span class='ocrx_word' id='word_1_647' title='bbox 201 4503 428 4558; x_wconf 57' lang='lat' dir='ltr'><strong>E&#39;J&#39;nxia</strong></span> <span class='ocrx_word' id='word_1_648' title='bbox 463 4505 675 4577; x_wconf 72' lang='grc' dir='ltr'>σφόδρα</span> <span class='ocrx_word' id='word_1_649' title='bbox 707 4509 846 4560; x_wconf 78' lang='grc' dir='ltr'>κατὰ</span> <span class='ocrx_word' id='word_1_650' title='bbox 874 4509 1174 4564; x_wconf 73' lang='grc' dir='ltr'>Φλαὸιανοῦ</span> <span class='ocrx_word' id='word_1_651' title='bbox 1215 4513 1586 4586; x_wconf 71' lang='grc' dir='ltr'>ἐλυπήθησαν,</span> <span class='ocrx_word' id='word_1_652' title='bbox 1626 4516 1700 4580; x_wconf 86' lang='grc' dir='ltr'><strong>ὡς</strong></span> <span class='ocrx_word' id='word_1_653' title='bbox 1720 4517 1780 4569; x_wconf 83' lang='grc' dir='ltr'>τὸ</span> 
     </span>
    </p>
   </div>
   <div class='ocr_carea' id='block_1_95' title="bbox 205 4597 1778 4680">
    <p class='ocr_par' dir='ltr' id='par_1_95' title="bbox 205 4597 1778 4680">
     <span class='ocr_line' id='line_1_95' title="bbox 205 4597 1778 4680; baseline 0.01 -33"><span class='ocrx_word' id='word_1_654' title='bbox 205 4597 501 4665; x_wconf 66' lang='grc' dir='ltr'>μυστήριον</span> <span class='ocrx_word' id='word_1_655' title='bbox 524 4597 952 4669; x_wconf 72' lang='grc' dir='ltr'>ἐκκαλύψειν-τος.</span> <span class='ocrx_word' id='word_1_656' title='bbox 983 4602 1098 4672; x_wconf 79' lang='grc' dir='ltr'><strong>Τῆς</strong></span> <span class='ocrx_word' id='word_1_657' title='bbox 1128 4603 1184 4656; x_wconf 85' lang='grc' dir='ltr'><strong>δέ</strong></span> <span class='ocrx_word' id='word_1_658' title='bbox 1205 4605 1538 4676; x_wconf 80' lang='grc' dir='ltr'>Πουλχεριας</span> <span class='ocrx_word' id='word_1_659' title='bbox 1567 4609 1778 4680; x_wconf 84' lang='grc' dir='ltr'>ήσυχα-</span> 
     </span>
    </p>
   </div>
   <div class='ocr_carea' id='block_1_96' title="bbox 205 4690 1779 4772">
    <p class='ocr_par' dir='ltr' id='par_1_96' title="bbox 205 4690 1779 4772">
     <span class='ocr_line' id='line_1_96' title="bbox 205 4690 1779 4772; baseline 0.009 -30"><span class='ocrx_word' id='word_1_660' title='bbox 205 4690 417 4760; x_wconf 37' lang='lat' dir='ltr'><strong>{am-,5</strong></span> <span class='ocrx_word' id='word_1_661' title='bbox 450 4693 548 4746; x_wconf 75' lang='grc' dir='ltr'>καὶ</span> <span class='ocrx_word' id='word_1_662' title='bbox 572 4693 837 4759; x_wconf 81' lang='grc' dir='ltr'>Εὐδοκίας</span> <span class='ocrx_word' id='word_1_663' title='bbox 869 4696 966 4768; x_wconf 86' lang='grc' dir='ltr'>τὴν</span> <span class='ocrx_word' id='word_1_664' title='bbox 992 4696 1270 4767; x_wconf 80' lang='grc' dir='ltr'>βασιλείαν</span> <span class='ocrx_word' id='word_1_665' title='bbox 1312 4700 1618 4772; x_wconf 79' lang='grc' dir='ltr'>ῑθυνούσης,</span> <span class='ocrx_word' id='word_1_666' title='bbox 1651 4720 1779 4756; x_wconf 87' lang='grc' dir='ltr'>συν-</span> 
     </span>
    </p>
   </div>
   <div class='ocr_carea' id='block_1_97' title="bbox 207 4782 1778 4861">
    <p class='ocr_par' dir='ltr' id='par_1_97' title="bbox 207 4782 1778 4861">
     <span class='ocr_line' id='line_1_97' title="bbox 207 4782 1778 4861; baseline 0.008 -29"><span class='ocrx_word' id='word_1_667' title='bbox 207 4782 400 4851; x_wconf 69' lang='grc' dir='ltr'>ηνέχθη</span> <span class='ocrx_word' id='word_1_668' title='bbox 453 4799 510 4835; x_wconf 89' lang='grc' dir='ltr'><strong>τι</strong></span> <span class='ocrx_word' id='word_1_669' title='bbox 580 4783 829 4838; x_wconf 81' lang='grc' dir='ltr'>τοιοῦτον</span> <span class='ocrx_word' id='word_1_670' title='bbox 858 4801 873 4816; x_wconf 87' lang='grc'><strong>·</strong></span> <span class='ocrx_word' id='word_1_671' title='bbox 907 4784 1170 4851; x_wconf 70' lang='grc' dir='ltr'>Παυλῖνος</span> <span class='ocrx_word' id='word_1_672' title='bbox 1199 4804 1283 4851; x_wconf 87' lang='grc' dir='ltr'><strong>τις</strong></span> <span class='ocrx_word' id='word_1_673' title='bbox 1337 4789 1636 4861; x_wconf 82' lang='grc' dir='ltr'>μάγιστρος</span> <span class='ocrx_word' id='word_1_674' title='bbox 1665 4790 1778 4861; x_wconf 84' lang='grc'><strong>(88)</strong></span> 
     </span>
    </p>
   </div>
   <div class='ocr_carea' id='block_1_98' title="bbox 1884 4511 3456 4586">
    <p class='ocr_par' dir='ltr' id='par_1_98' title="bbox 1884 4511 3456 4586">
     <span class='ocr_line' id='line_1_98' title="bbox 1884 4511 3456 4586; baseline -0.003 -16"><span class='ocrx_word' id='word_1_675' title='bbox 1884 4516 2147 4586; x_wconf 86' lang='lat' dir='ltr'><strong>peratoris</strong></span> <span class='ocrx_word' id='word_1_676' title='bbox 2189 4527 2368 4570; x_wconf 89' lang='lat' dir='ltr'><strong>tamen</strong></span> <span class='ocrx_word' id='word_1_677' title='bbox 2419 4516 2580 4571; x_wconf 88' lang='lat' dir='ltr'><strong>dictis</strong></span> <span class='ocrx_word' id='word_1_678' title='bbox 2610 4515 2998 4585; x_wconf 87' lang='lat' dir='ltr'><strong>obsequentem</strong></span> <span class='ocrx_word' id='word_1_679' title='bbox 3042 4529 3102 4568; x_wconf 89' lang='lat' dir='ltr'><strong>se</strong></span> <span class='ocrx_word' id='word_1_680' title='bbox 3149 4512 3264 4568; x_wconf 88' lang='lat' dir='ltr'><strong>fore</strong></span> <span class='ocrx_word' id='word_1_681' title='bbox 3294 4511 3456 4582; x_wconf 84' lang='lat' dir='ltr'><strong>polli-</strong></span> 
     </span>
    </p>
   </div>
   <div class='ocr_carea' id='block_1_99' title="bbox 1877 4605 3450 4674">
    <p class='ocr_par' dir='ltr' id='par_1_99' title="bbox 1877 4605 3450 4674">
     <span class='ocr_line' id='line_1_99' title="bbox 1877 4605 3450 4674; baseline 0 -14"><span class='ocrx_word' id='word_1_682' title='bbox 1877 4615 2072 4673; x_wconf 89' lang='lat' dir='ltr'><strong>cetur;</strong></span> <span class='ocrx_word' id='word_1_683' title='bbox 2109 4621 2173 4662; x_wconf 89' lang='lat' dir='ltr'><strong>ac</strong></span> <span class='ocrx_word' id='word_1_684' title='bbox 2211 4607 2373 4662; x_wconf 90' lang='lat' dir='ltr'><strong>simul</strong></span> <span class='ocrx_word' id='word_1_685' title='bbox 2403 4605 2720 4670; x_wconf 77' lang='lat' dir='ltr'><strong>Puleheriae,</strong></span> <span class='ocrx_word' id='word_1_686' title='bbox 2754 4622 2822 4660; x_wconf 91' lang='lat' dir='ltr'><strong>ne</strong></span> <span class='ocrx_word' id='word_1_687' title='bbox 2865 4606 2919 4660; x_wconf 93' lang='lat' dir='ltr'><strong>in</strong></span> <span class='ocrx_word' id='word_1_688' title='bbox 2951 4605 3068 4674; x_wconf 87' lang='lat' dir='ltr'><strong>ejus</strong></span> <span class='ocrx_word' id='word_1_689' title='bbox 3102 4615 3450 4674; x_wconf 86' lang='lat' dir='ltr'><strong>conspectum</strong></span> 
     </span>
    </p>
   </div>
   <div class='ocr_carea' id='block_1_100' title="bbox 1882 4693 3455 4766">
    <p class='ocr_par' dir='ltr' id='par_1_100' title="bbox 1882 4693 3455 4766">
     <span class='ocr_line' id='line_1_100' title="bbox 1882 4693 3455 4766; baseline 0.001 -17"><span class='ocrx_word' id='word_1_690' title='bbox 1882 4693 2229 4763; x_wconf 88' lang='lat' dir='ltr'><strong>admittatur,</strong></span> <span class='ocrx_word' id='word_1_691' title='bbox 2279 4696 2358 4752; x_wconf 85' lang='lat' dir='ltr'><strong>Ne</strong></span> <span class='ocrx_word' id='word_1_692' title='bbox 2396 4695 2606 4761; x_wconf 86' lang='lat' dir='ltr'><strong>forsan,</strong></span> <span class='ocrx_word' id='word_1_693' title='bbox 2657 4695 2855 4766; x_wconf 89' lang='lat' dir='ltr'><strong>inquit,</strong></span> <span class='ocrx_word' id='word_1_694' title='bbox 2906 4693 3049 4764; x_wconf 87' lang='lat' dir='ltr'><strong>quod</strong></span> <span class='ocrx_word' id='word_1_695' title='bbox 3080 4709 3110 4748; x_wconf 89' lang='lat' dir='ltr'><strong>a</strong></span> <span class='ocrx_word' id='word_1_696' title='bbox 3145 4703 3194 4749; x_wconf 91' lang='lat' dir='ltr'><strong>te</strong></span> <span class='ocrx_word' id='word_1_697' title='bbox 3223 4694 3455 4750; x_wconf 88' lang='lat' dir='ltr'><strong>libenter</strong></span> 
     </span>
    </p>
   </div>
   <div class='ocr_carea' id='block_1_101' title="bbox 1885 4785 3450 4858">
    <p class='ocr_par' dir='ltr' id='par_1_101' title="bbox 1885 4785 3450 4858">
     <span class='ocr_line' id='line_1_101' title="bbox 1885 4785 3450 4858; baseline -0.001 -15"><span class='ocrx_word' id='word_1_698' title='bbox 1885 4803 1990 4843; x_wconf 89' lang='lat' dir='ltr'><strong>non</strong></span> <span class='ocrx_word' id='word_1_699' title='bbox 2023 4787 2095 4843; x_wconf 93' lang='lat' dir='ltr'><strong>sit</strong></span> <span class='ocrx_word' id='word_1_700' title='bbox 2125 4786 2430 4855; x_wconf 87' lang='lat' dir='ltr'><strong>ferendum,</strong></span> <span class='ocrx_word' id='word_1_701' title='bbox 2458 4787 2604 4842; x_wconf 88' lang='lat' dir='ltr'><strong>circa</strong></span> <span class='ocrx_word' id='word_1_702' title='bbox 2632 4794 2685 4842; x_wconf 90' lang='lat' dir='ltr'><strong>te</strong></span> <span class='ocrx_word' id='word_1_703' title='bbox 2716 4785 2994 4855; x_wconf 89' lang='lat' dir='ltr'><strong>quidpiam</strong></span> <span class='ocrx_word' id='word_1_704' title='bbox 3019 4787 3244 4858; x_wconf 74' lang='lat' dir='ltr'><strong>exsequi</strong></span> <span class='ocrx_word' id='word_1_705' title='bbox 3266 4801 3450 4858; x_wconf 72' lang='lat' dir='ltr'><strong>cogar,</strong></span> 
     </span>
    </p>
   </div>
   <div class='ocr_carea' id='block_1_102' title="bbox 1496 4881 2169 4938">
    <p class='ocr_par' dir='ltr' id='par_1_102' title="bbox 1496 4881 2169 4938">
     <span class='ocr_line' id='line_1_102' title="bbox 1496 4881 2169 4938; baseline -0.001 0"><span class='ocrx_word' id='word_1_706' title='bbox 1496 4882 1725 4938; x_wconf 68' lang='lat' dir='ltr'><strong>VARI/IS</strong></span> <span class='ocrx_word' id='word_1_707' title='bbox 1763 4881 2169 4938; x_wconf 82' lang='lat' dir='ltr'><strong>LECTIONES.</strong></span> 
     </span>
    </p>
   </div>
   <div class='ocr_carea' id='block_1_103' title="bbox 275 4963 749 5021">
    <p class='ocr_par' dir='ltr' id='par_1_103' title="bbox 275 4963 749 5021">
     <span class='ocr_line' id='line_1_103' title="bbox 275 4963 749 5021; baseline 0.006 -3"><span class='ocrx_word' id='word_1_708' title='bbox 275 4963 396 5018; x_wconf 62' lang='lat'><strong>“0&#39;3</strong></span> <span class='ocrx_word' id='word_1_709' title='bbox 419 4981 530 5019; x_wconf 87' lang='lat' dir='ltr'><strong>om.</strong></span> <span class='ocrx_word' id='word_1_710' title='bbox 558 4969 624 5021; x_wconf 81' lang='grc' dir='ltr'>Α.</span> <span class='ocrx_word' id='word_1_711' title='bbox 702 4968 749 4999; x_wconf 71' lang='grc'><strong>⁸⁸</strong></span> 
     </span>
    </p>
   </div>
   <div class='ocr_carea' id='block_1_104' title="bbox 211 5033 1452 5102">
    <p class='ocr_par' dir='ltr' id='par_1_104' title="bbox 211 5033 1452 5102">
     <span class='ocr_line' id='line_1_104' title="bbox 211 5033 1452 5102; baseline 0.013 -19"><span class='ocrx_word' id='word_1_712' title='bbox 211 5033 422 5102; x_wconf 75' lang='grc' dir='ltr'>ἐνεῖχεν.</span> <span class='ocrx_word' id='word_1_713' title='bbox 460 5035 663 5092; x_wconf 63' lang='lat' dir='ltr'><strong>Heroa.</strong></span> <span class='ocrx_word' id='word_1_714' title='bbox 710 5037 750 5102; x_wconf 89' lang='grc' dir='ltr'><strong>Ι,</strong></span> <span class='ocrx_word' id='word_1_715' title='bbox 780 5033 906 5094; x_wconf 63' lang='grc'><strong>118.</strong></span> <span class='ocrx_word' id='word_1_716' title='bbox 987 5042 1030 5072; x_wconf 80' lang='grc'><strong>’⁵³</strong></span> <span class='ocrx_word' id='word_1_717' title='bbox 1067 5043 1368 5098; x_wconf 74' lang='grc' dir='ltr'>Φλαῦιανδν</span> <span class='ocrx_word' id='word_1_718' title='bbox 1399 5046 1452 5101; x_wconf 91' lang='lat' dir='ltr'><strong>b.</strong></span> 
     </span>
    </p>
   </div>
   <div class='ocr_carea' id='block_1_105' title="bbox 212 5174 1674 5257">
    <p class='ocr_par' dir='ltr' id='par_1_105' title="bbox 212 5174 1674 5257">
     <span class='ocr_line' id='line_1_105' title="bbox 212 5174 1674 5257; baseline 0.012 -32"><span class='ocrx_word' id='word_1_719' title='bbox 212 5174 275 5235; x_wconf 80' lang='grc' dir='ltr'><strong>Δ,</strong></span> <span class='ocrx_word' id='word_1_720' title='bbox 298 5174 616 5248; x_wconf 70' lang='grc' dir='ltr'>παρθενείήν</span> <span class='ocrx_word' id='word_1_721' title='bbox 636 5174 936 5252; x_wconf 47' lang='lat' dir='ltr'><strong>similitqu</strong></span> <span class='ocrx_word' id='word_1_722' title='bbox 960 5183 1102 5252; x_wconf 76' lang='lat' dir='ltr'><strong>vulg.</strong></span> <span class='ocrx_word' id='word_1_723' title='bbox 1176 5186 1222 5216; x_wconf 80' lang='lat'><strong>“</strong></span> <span class='ocrx_word' id='word_1_724' title='bbox 1246 5174 1578 5257; x_wconf 75' lang='grc' dir='ltr'>ὀχλουμένης</span> <span class='ocrx_word' id='word_1_725' title='bbox 1606 5187 1674 5243; x_wconf 81' lang='grc' dir='ltr'><strong>Α.</strong></span> 
     </span>
    </p>
   </div>
   <div class='ocr_carea' id='block_1_106' title="bbox 779 4970 1898 5038">
    <p class='ocr_par' dir='ltr' id='par_1_106' title="bbox 779 4970 1898 5038">
     <span class='ocr_line' id='line_1_106' title="bbox 779 4970 1898 5038; baseline 0.007 -16"><span class='ocrx_word' id='word_1_726' title='bbox 779 4970 879 5038; x_wconf 84' lang='grc' dir='ltr'>μὲν</span> <span class='ocrx_word' id='word_1_727' title='bbox 911 4970 1038 5026; x_wconf 84' lang='lat' dir='ltr'><strong>add.</strong></span> <span class='ocrx_word' id='word_1_728' title='bbox 1064 4988 1126 5027; x_wconf 76' lang='lat' dir='ltr'><strong>ex</strong></span> <span class='ocrx_word' id='word_1_729' title='bbox 1160 4973 1229 5030; x_wconf 83' lang='lat' dir='ltr'><strong>A.</strong></span> <span class='ocrx_word' id='word_1_730' title='bbox 1302 4975 1349 5007; x_wconf 74' lang='lat'><strong>“</strong></span> <span class='ocrx_word' id='word_1_731' title='bbox 1379 4974 1546 5030; x_wconf 85' lang='grc' dir='ltr'>αὐτοῦ</span> <span class='ocrx_word' id='word_1_732' title='bbox 1586 4977 1712 5032; x_wconf 90' lang='lat' dir='ltr'><strong>add.</strong></span> <span class='ocrx_word' id='word_1_733' title='bbox 1743 4995 1807 5032; x_wconf 77' lang='lat' dir='ltr'><strong>ex</strong></span> <span class='ocrx_word' id='word_1_734' title='bbox 1835 4977 1898 5030; x_wconf 85' lang='lat' dir='ltr'><strong>A.</strong></span> 
     </span>
    </p>
   </div>
   <div class='ocr_carea' id='block_1_107' title="bbox 1556 5045 2396 5118">
    <p class='ocr_par' dir='ltr' id='par_1_107' title="bbox 1556 5045 2396 5118">
     <span class='ocr_line' id='line_1_107' title="bbox 1556 5045 2396 5118; baseline -0.002 -18"><span class='ocrx_word' id='word_1_735' title='bbox 1556 5048 1602 5080; x_wconf 79' lang='grc' dir='ltr'><strong>⁸ο</strong></span> <span class='ocrx_word' id='word_1_736' title='bbox 1631 5048 1845 5118; x_wconf 78' lang='grc' dir='ltr'>Εὐτυχῆ</span> <span class='ocrx_word' id='word_1_737' title='bbox 1868 5047 1936 5111; x_wconf 82' lang='grc' dir='ltr'><strong>Α,</strong></span> <span class='ocrx_word' id='word_1_738' title='bbox 1978 5045 2224 5118; x_wconf 80' lang='grc' dir='ltr'>Εὐτυχήν</span> <span class='ocrx_word' id='word_1_739' title='bbox 2251 5048 2396 5118; x_wconf 61' lang='lat' dir='ltr'><strong>vulg.</strong></span> 
     </span>
    </p>
   </div>
   <div class='ocr_carea' id='block_1_108' title="bbox 211 5106 2110 5187">
    <p class='ocr_par' dir='ltr' id='par_1_108' title="bbox 211 5106 2110 5187">
     <span class='ocr_line' id='line_1_108' title="bbox 211 5106 2110 5187; baseline 0.006 -30"><span class='ocrx_word' id='word_1_740' title='bbox 211 5118 312 5187; x_wconf 58' lang='lat' dir='ltr'><strong>om.</strong></span> <span class='ocrx_word' id='word_1_741' title='bbox 340 5106 428 5187; x_wconf 37' lang='lat' dir='ltr'><strong>A.‘</strong></span> <span class='ocrx_word' id='word_1_742' title='bbox 480 5107 577 5187; x_wconf 64' lang='grc' dir='ltr'>πή</span> <span class='ocrx_word' id='word_1_743' title='bbox 613 5109 936 5187; x_wconf 38' lang='grc' dir='ltr'>Πουλχητὴν</span> <span class='ocrx_word' id='word_1_744' title='bbox 962 5111 1122 5187; x_wconf 81' lang='grc' dir='ltr'>διοίκ.</span> <span class='ocrx_word' id='word_1_745' title='bbox 1153 5115 1266 5187; x_wconf 81' lang='grc' dir='ltr'><strong>τῶν</strong></span> <span class='ocrx_word' id='word_1_746' title='bbox 1295 5132 1392 5187; x_wconf 83' lang='grc' dir='ltr'><strong>πρ.</strong></span> <span class='ocrx_word' id='word_1_747' title='bbox 1427 5118 1650 5187; x_wconf 78' lang='grc' dir='ltr'>ἐκράτει</span> <span class='ocrx_word' id='word_1_748' title='bbox 1685 5106 2002 5172; x_wconf 62' lang='grc' dir='ltr'>καὶ”ἁ’να·)κ.</span> <span class='ocrx_word' id='word_1_749' title='bbox 2057 5116 2110 5172; x_wconf 83' lang='grc' dir='ltr'>ι›.</span> 
     </span>
    </p>
   </div>
   <div class='ocr_carea' id='block_1_109' title="bbox 1978 4970 3452 5074">
    <p class='ocr_par' dir='ltr' id='par_1_109' title="bbox 1978 4970 3452 5074">
     <span class='ocr_line' id='line_1_109' title="bbox 1978 4970 3452 5074; baseline -0.001 -47"><span class='ocrx_word' id='word_1_750' title='bbox 1978 4974 2020 5074; x_wconf 55' lang='grc' dir='ltr'><strong>ζ’</strong></span> <span class='ocrx_word' id='word_1_751' title='bbox 2054 4972 2348 5074; x_wconf 50' lang='grc' dir='ltr'>τὴνξρθὴν</span> <span class='ocrx_word' id='word_1_752' title='bbox 2377 4972 2562 5074; x_wconf 44' lang='grc' dir='ltr'>πίστει</span> <span class='ocrx_word' id='word_1_753' title='bbox 2599 4972 2653 5027; x_wconf 90' lang='lat' dir='ltr'><strong>b.</strong></span> <span class='ocrx_word' id='word_1_754' title='bbox 2743 4971 2790 5003; x_wconf 68' lang='grc'><strong>⁸⁸</strong></span> <span class='ocrx_word' id='word_1_755' title='bbox 2824 4971 3052 5074; x_wconf 42' lang='grc' dir='ltr'>ἐνεδῖέχεν,</span> <span class='ocrx_word' id='word_1_756' title='bbox 3074 4970 3198 5074; x_wconf 37' lang='lat' dir='ltr'><strong>Erat.</strong></span> <span class='ocrx_word' id='word_1_757' title='bbox 3224 4970 3452 5074; x_wconf 62' lang='grc' dir='ltr'>ἔγκοτον</span> 
     </span>
     <span class='ocr_line' id='line_1_110' title="bbox 2023 5040 3446 5074; baseline 0 0"><span class='ocrx_word' id='word_1_758' title='bbox 2199 5065 2224 5074; x_wconf 83' lang='grc'>..</span> <span class='ocrx_word' id='word_1_759' title='bbox 2251 5048 2376 5074; x_wconf 74' lang='grc' dir='ltr'>..ηιη</span> <span class='ocrx_word' id='word_1_760' title='bbox 2573 5040 2721 5074; x_wconf 73' lang='lat'><strong>-.~.-::.</strong></span> <span class='ocrx_word' id='word_1_761' title='bbox 2747 5057 2773 5074; x_wconf 68' lang='grc' dir='ltr'>ρ.</span> <span class='ocrx_word' id='word_1_762' title='bbox 2972 5043 3070 5074; x_wconf 61' lang='grc' dir='ltr'><strong>ηρ.-</strong></span> <span class='ocrx_word' id='word_1_763' title='bbox 3171 5058 3214 5074; x_wconf 66' lang='grc' dir='ltr'>η.</span> <span class='ocrx_word' id='word_1_764' title='bbox 3252 5043 3446 5074; x_wconf 60' lang='grc' dir='ltr'>Μαι...</span> 
     </span>
    </p>
   </div>
   <div class='ocr_carea' id='block_1_110' title="bbox 2187 5042 3451 5183">
    <p class='ocr_par' dir='ltr' id='par_1_110' title="bbox 2187 5042 3451 5183">
     <span class='ocr_line' id='line_1_111' title="bbox 2187 5042 3451 5113; baseline -0.003 -18"><span class='ocrx_word' id='word_1_765' title='bbox 2187 5042 2224 5113; x_wconf 80' lang='grc' dir='ltr'>ιν</span> <span class='ocrx_word' id='word_1_766' title='bbox 2251 5042 2396 5112; x_wconf 77' lang='lat' dir='ltr'><strong>vulg.</strong></span> <span class='ocrx_word' id='word_1_767' title='bbox 2499 5043 2542 5074; x_wconf 78' lang='lat'>&quot;</span> <span class='ocrx_word' id='word_1_768' title='bbox 2572 5042 2722 5113; x_wconf 80' lang='grc' dir='ltr'>αὐτῷ</span> <span class='ocrx_word' id='word_1_769' title='bbox 2746 5057 2796 5096; x_wconf 89' lang='lat' dir='ltr'><strong>a.</strong></span> <span class='ocrx_word' id='word_1_770' title='bbox 2901 5045 2947 5074; x_wconf 75' lang='grc' dir='ltr'><strong>δ’</strong></span> <span class='ocrx_word' id='word_1_771' title='bbox 2971 5043 3108 5111; x_wconf 85' lang='grc' dir='ltr'><strong>αὐτῇ</strong></span> <span class='ocrx_word' id='word_1_772' title='bbox 3139 5042 3451 5112; x_wconf 83' lang='grc' dir='ltr'>λοιδορῆσαι</span> 
     </span>
     <span class='ocr_line' id='line_1_112' title="bbox 2187 5111 3449 5183; baseline -0.006 -14"><span class='ocrx_word' id='word_1_773' title='bbox 2187 5116 2233 5147; x_wconf 66' lang='grc'><strong>⁸⁵</strong></span> <span class='ocrx_word' id='word_1_774' title='bbox 2264 5116 2292 5168; x_wconf 85' lang='grc' dir='ltr'>ὁ</span> <span class='ocrx_word' id='word_1_775' title='bbox 2320 5114 2446 5169; x_wconf 86' lang='lat' dir='ltr'><strong>add.</strong></span> <span class='ocrx_word' id='word_1_776' title='bbox 2471 5127 2536 5168; x_wconf 76' lang='lat' dir='ltr'><strong>ex</strong></span> <span class='ocrx_word' id='word_1_777' title='bbox 2562 5115 2628 5167; x_wconf 83' lang='lat' dir='ltr'><strong>A.</strong></span> <span class='ocrx_word' id='word_1_778' title='bbox 2705 5112 2751 5146; x_wconf 81' lang='grc'><strong><em>⁵³</em></strong></span> <span class='ocrx_word' id='word_1_779' title='bbox 2778 5111 3136 5183; x_wconf 87' lang='grc' dir='ltr'>παρθενεύειν</span> <span class='ocrx_word' id='word_1_780' title='bbox 3165 5112 3449 5181; x_wconf 75' lang='grc' dir='ltr'>ᾑρημένην</span> 
     </span>
    </p>
   </div>
   <div class='ocr_carea' id='block_1_111' title="bbox 1517 5278 2158 5336">
    <p class='ocr_par' dir='ltr' id='par_1_111' title="bbox 1517 5278 2158 5336">
     <span class='ocr_line' id='line_1_113' title="bbox 1517 5278 2158 5336; baseline 0.002 -4"><span class='ocrx_word' id='word_1_781' title='bbox 1517 5278 1659 5334; x_wconf 80' lang='lat' dir='ltr'><strong>JAC.</strong></span> <span class='ocrx_word' id='word_1_782' title='bbox 1683 5279 1893 5336; x_wconf 76' lang='lat' dir='ltr'><strong>GOARI</strong></span> <span class='ocrx_word' id='word_1_783' title='bbox 1923 5278 2158 5336; x_wconf 58' lang='lat' dir='ltr'><strong>NOTAE.</strong></span> 
     </span>
    </p>
   </div>
   <div class='ocr_carea' id='block_1_112' title="bbox 270 5362 1779 5443">
    <p class='ocr_par' dir='ltr' id='par_1_112' title="bbox 270 5362 1779 5443">
     <span class='ocr_line' id='line_1_114' title="bbox 270 5362 1779 5443; baseline 0.011 -29"><span class='ocrx_word' id='word_1_784' title='bbox 270 5362 379 5443; x_wconf 36' lang='grc'><strong>,(86)</strong></span> <span class='ocrx_word' id='word_1_785' title='bbox 429 5363 714 5443; x_wconf 81' lang='lat' dir='ltr'><strong>Tanquam</strong></span> <span class='ocrx_word' id='word_1_786' title='bbox 765 5379 1117 5443; x_wconf 77' lang='lat' dir='ltr'><strong>sequestrum</strong></span> <span class='ocrx_word' id='word_1_787' title='bbox 1143 5376 1200 5443; x_wconf 76' lang='lat' dir='ltr'><strong>et</strong></span> <span class='ocrx_word' id='word_1_788' title='bbox 1243 5372 1478 5443; x_wconf 87' lang='lat' dir='ltr'><strong>medium</strong></span> <span class='ocrx_word' id='word_1_789' title='bbox 1521 5375 1665 5428; x_wconf 90' lang='lat' dir='ltr'><strong>inter</strong></span> <span class='ocrx_word' id='word_1_790' title='bbox 1699 5375 1779 5429; x_wconf 83' lang='lat' dir='ltr'><strong>fe-</strong></span> 
     </span>
    </p>
   </div>
   <div class='ocr_carea' id='block_1_113' title="bbox 224 5438 1778 5507">
    <p class='ocr_par' dir='ltr' id='par_1_113' title="bbox 224 5438 1778 5507">
     <span class='ocr_line' id='line_1_115' title="bbox 224 5438 1778 5507; baseline 0.01 -24"><span class='ocrx_word' id='word_1_791' title='bbox 224 5438 398 5507; x_wconf 75' lang='lat' dir='ltr'><strong>minam</strong></span> <span class='ocrx_word' id='word_1_792' title='bbox 432 5449 484 5488; x_wconf 85' lang='lat' dir='ltr'><strong>et</strong></span> <span class='ocrx_word' id='word_1_793' title='bbox 511 5440 682 5500; x_wconf 82' lang='lat' dir='ltr'><strong>viros,</strong></span> <span class='ocrx_word' id='word_1_794' title='bbox 711 5451 840 5490; x_wconf 91' lang='lat' dir='ltr'><strong>cum</strong></span> <span class='ocrx_word' id='word_1_795' title='bbox 882 5438 1088 5507; x_wconf 86' lang='lat' dir='ltr'><strong>quibus</strong></span> <span class='ocrx_word' id='word_1_796' title='bbox 1123 5439 1191 5494; x_wconf 86' lang='lat' dir='ltr'><strong>de</strong></span> <span class='ocrx_word' id='word_1_797' title='bbox 1212 5441 1292 5494; x_wconf 89' lang='lat' dir='ltr'><strong>rei</strong></span> <span class='ocrx_word' id='word_1_798' title='bbox 1325 5445 1639 5497; x_wconf 88' lang='lat' dir='ltr'><strong>communis</strong></span> <span class='ocrx_word' id='word_1_799' title='bbox 1682 5461 1778 5498; x_wconf 88' lang='lat' dir='ltr'><strong>ne-</strong></span> 
     </span>
    </p>
   </div>
   <div class='ocr_carea' id='block_1_114' title="bbox 223 5506 1780 5583">
    <p class='ocr_par' dir='ltr' id='par_1_114' title="bbox 223 5506 1780 5583">
     <span class='ocr_line' id='line_1_116' title="bbox 223 5506 1780 5583; baseline 0.007 -29"><span class='ocrx_word' id='word_1_800' title='bbox 223 5506 652 5583; x_wconf 45' lang='lat' dir='ltr'><strong>gotiiseratutrac</strong></span> <span class='ocrx_word' id='word_1_801' title='bbox 667 5517 822 5561; x_wconf 82' lang='lat' dir='ltr'><strong>tatus</strong></span> <span class='ocrx_word' id='word_1_802' title='bbox 855 5506 1044 5583; x_wconf 57' lang='lat' dir='ltr'><strong>:_&quot;]‘rr‘</strong></span> <span class='ocrx_word' id='word_1_803' title='bbox 1071 5510 1254 5583; x_wconf 67' lang='grc' dir='ltr'>ἐκείνῃ</span> <span class='ocrx_word' id='word_1_804' title='bbox 1292 5513 1402 5583; x_wconf 84' lang='grc' dir='ltr'><strong>γὰρ</strong></span> <span class='ocrx_word' id='word_1_805' title='bbox 1431 5507 1585 5583; x_wconf 77' lang='grc' dir='ltr'>οὗτος</span> <span class='ocrx_word' id='word_1_806' title='bbox 1619 5515 1780 5568; x_wconf 85' lang='grc' dir='ltr'>ἐτάτ-</span> 
     </span>
    </p>
   </div>
   <div class='ocr_carea' id='block_1_115' title="bbox 223 5576 1778 5652">
    <p class='ocr_par' dir='ltr' id='par_1_115' title="bbox 223 5576 1778 5652">
     <span class='ocr_line' id='line_1_117' title="bbox 223 5576 1778 5652; baseline 0.012 -32"><span class='ocrx_word' id='word_1_807' title='bbox 223 5587 340 5634; x_wconf 65' lang='lat' dir='ltr'><strong>me,</strong></span> <span class='ocrx_word' id='word_1_808' title='bbox 369 5577 459 5626; x_wconf 80' lang='grc' dir='ltr'>ᾰτε</span> <span class='ocrx_word' id='word_1_809' title='bbox 497 5576 557 5646; x_wconf 84' lang='grc' dir='ltr'><strong>δή</strong></span> <span class='ocrx_word' id='word_1_810' title='bbox 614 5576 965 5652; x_wconf 24' lang='grc' dir='ltr'>ἐφμισταμένῃ</span> <span class='ocrx_word' id='word_1_811' title='bbox 1017 5579 1130 5652; x_wconf 81' lang='grc' dir='ltr'>τοῖς</span> <span class='ocrx_word' id='word_1_812' title='bbox 1162 5576 1455 5652; x_wconf 72' lang='grc' dir='ltr'>πραγμασι</span> <span class='ocrx_word' id='word_1_813' title='bbox 1480 5598 1494 5613; x_wconf 87' lang='grc'><strong>·</strong></span> <span class='ocrx_word' id='word_1_814' title='bbox 1553 5582 1667 5652; x_wconf 81' lang='lat' dir='ltr'><strong>Ipsi</strong></span> <span class='ocrx_word' id='word_1_815' title='bbox 1698 5600 1778 5638; x_wconf 88' lang='lat' dir='ltr'><strong>re-</strong></span> 
     </span>
    </p>
   </div>
   <div class='ocr_carea' id='block_1_116' title="bbox 224 5647 1774 5725">
    <p class='ocr_par' dir='ltr' id='par_1_116' title="bbox 224 5647 1774 5725">
     <span class='ocr_line' id='line_1_118' title="bbox 224 5647 1774 5725; baseline 0.011 -33"><span class='ocrx_word' id='word_1_816' title='bbox 224 5656 318 5720; x_wconf 54' lang='lat' dir='ltr'><strong>rum</strong></span> <span class='ocrx_word' id='word_1_817' title='bbox 342 5661 588 5725; x_wconf 63' lang='lat' dir='ltr'><strong>sumptam</strong></span> <span class='ocrx_word' id='word_1_818' title='bbox 621 5647 1040 5702; x_wconf 70' lang='lat' dir='ltr'><strong>administranti</strong></span> <span class='ocrx_word' id='word_1_819' title='bbox 1069 5647 1535 5716; x_wconf 46' lang='lat' dir='ltr'><strong>proxime&#39;aderat</strong></span> <span class='ocrx_word' id='word_1_820' title='bbox 1567 5647 1774 5725; x_wconf 72' lang='lat' dir='ltr'><strong>prwpo-</strong></span> 
     </span>
    </p>
   </div>
   <div class='ocr_carea' id='block_1_117' title="bbox 224 5715 1250 5790">
    <p class='ocr_par' dir='ltr' id='par_1_117' title="bbox 224 5715 1250 5790">
     <span class='ocr_line' id='line_1_119' title="bbox 224 5715 1250 5790; baseline 0.016 -30"><span class='ocrx_word' id='word_1_821' title='bbox 224 5715 361 5778; x_wconf 78' lang='lat' dir='ltr'><strong>u‘m,</strong></span> <span class='ocrx_word' id='word_1_822' title='bbox 388 5715 711 5788; x_wconf 78' lang='grc' dir='ltr'>ἀνδρόγυνος</span> <span class='ocrx_word' id='word_1_823' title='bbox 743 5731 937 5775; x_wconf 87' lang='lat' dir='ltr'><strong>rerum</strong></span> <span class='ocrx_word' id='word_1_824' title='bbox 964 5715 1250 5790; x_wconf 77' lang='lat' dir='ltr'><strong>expertus.</strong></span> 
     </span>
    </p>
   </div>
   <div class='ocr_carea' id='block_1_118' title="bbox 1958 5367 3447 5446">
    <p class='ocr_par' dir='ltr' id='par_1_118' title="bbox 1958 5367 3447 5446">
     <span class='ocr_line' id='line_1_120' title="bbox 1958 5367 3447 5446; baseline -0.005 -17"><span class='ocrx_word' id='word_1_825' title='bbox 1958 5375 2070 5446; x_wconf 72' lang='lat'><strong>(87)</strong></span> <span class='ocrx_word' id='word_1_826' title='bbox 2100 5372 2173 5428; x_wconf 86' lang='lat' dir='ltr'><strong>De</strong></span> <span class='ocrx_word' id='word_1_827' title='bbox 2209 5373 2492 5443; x_wconf 82' lang='lat' dir='ltr'><strong>magistro,</strong></span> <span class='ocrx_word' id='word_1_828' title='bbox 2520 5375 2640 5446; x_wconf 89' lang='lat' dir='ltr'><strong>cjns</strong></span> <span class='ocrx_word' id='word_1_829' title='bbox 2673 5387 2840 5446; x_wconf 82' lang='lat' dir='ltr'><strong>supra</strong></span> <span class='ocrx_word' id='word_1_830' title='bbox 2871 5367 3447 5446; x_wconf 77' lang='lat' dir='ltr'><strong>patriciosdignitate,</strong></span> 
     </span>
    </p>
   </div>
   <div class='ocr_carea' id='block_1_119' title="bbox 1878 5441 3448 5514">
    <p class='ocr_par' dir='ltr' id='par_1_119' title="bbox 1878 5441 3448 5514">
     <span class='ocr_line' id='line_1_121' title="bbox 1878 5441 3448 5514; baseline -0.004 -16"><span class='ocrx_word' id='word_1_831' title='bbox 1878 5453 1932 5498; x_wconf 90' lang='lat' dir='ltr'><strong>et</strong></span> <span class='ocrx_word' id='word_1_832' title='bbox 1964 5441 2030 5498; x_wconf 84' lang='lat' dir='ltr'><strong>ad</strong></span> <span class='ocrx_word' id='word_1_833' title='bbox 2053 5441 2449 5514; x_wconf 83' lang='lat' dir='ltr'><strong>imperatorem</strong></span> <span class='ocrx_word' id='word_1_834' title='bbox 2475 5441 2639 5514; x_wconf 76' lang='lat' dir='ltr'><strong>quam</strong></span> <span class='ocrx_word' id='word_1_835' title='bbox 2673 5441 2852 5497; x_wconf 81' lang='lat' dir='ltr'><strong>vicina</strong></span> <span class='ocrx_word' id='word_1_836' title='bbox 2883 5442 3066 5514; x_wconf 74' lang='lat' dir='ltr'><strong>multa</strong></span> <span class='ocrx_word' id='word_1_837' title='bbox 3111 5441 3274 5514; x_wconf 80' lang='lat' dir='ltr'><strong>docte</strong></span> <span class='ocrx_word' id='word_1_838' title='bbox 3313 5451 3448 5514; x_wconf 80' lang='lat' dir='ltr'><strong>cort-</strong></span> 
     </span>
    </p>
   </div>
   <div class='ocr_carea' id='block_1_120' title="bbox 1877 5508 3444 5584">
    <p class='ocr_par' dir='ltr' id='par_1_120' title="bbox 1877 5508 3444 5584">
     <span class='ocr_line' id='line_1_122' title="bbox 1877 5508 3444 5584; baseline -0.004 -15"><span class='ocrx_word' id='word_1_839' title='bbox 1877 5515 2019 5584; x_wconf 82' lang='lat' dir='ltr'><strong>gerit</strong></span> <span class='ocrx_word' id='word_1_840' title='bbox 2071 5508 2378 5584; x_wconf 81' lang='lat' dir='ltr'><strong>Meursius:</strong></span> <span class='ocrx_word' id='word_1_841' title='bbox 2414 5508 2523 5568; x_wconf 81' lang='lat' dir='ltr'><strong>non</strong></span> <span class='ocrx_word' id='word_1_842' title='bbox 2555 5515 2733 5584; x_wconf 86' lang='lat' dir='ltr'><strong>placet</strong></span> <span class='ocrx_word' id='word_1_843' title='bbox 2761 5521 2940 5584; x_wconf 74' lang='lat' dir='ltr'><strong>autem</strong></span> <span class='ocrx_word' id='word_1_844' title='bbox 2979 5510 3069 5562; x_wconf 89' lang='lat' dir='ltr'><strong>ubi</strong></span> <span class='ocrx_word' id='word_1_845' title='bbox 3112 5508 3444 5584; x_wconf 70' lang='lat' dir='ltr'><strong>vocabplum</strong></span> 
     </span>
    </p>
   </div>
   <div class='ocr_carea' id='block_1_121' title="bbox 1876 5579 3442 5654">
    <p class='ocr_par' dir='ltr' id='par_1_121' title="bbox 1876 5579 3442 5654">
     <span class='ocr_line' id='line_1_123' title="bbox 1876 5579 3442 5654; baseline -0.004 -13"><span class='ocrx_word' id='word_1_846' title='bbox 1876 5579 2124 5641; x_wconf 71' lang='lat' dir='ltr'><strong>solitarie</strong></span> <span class='ocrx_word' id='word_1_847' title='bbox 2153 5583 2419 5654; x_wconf 74' lang='lat' dir='ltr'><strong>positum,</strong></span> <span class='ocrx_word' id='word_1_848' title='bbox 2450 5579 2601 5647; x_wconf 81' lang='lat' dir='ltr'><strong>eum,</strong></span> <span class='ocrx_word' id='word_1_849' title='bbox 2637 5583 2733 5654; x_wconf 88' lang='lat' dir='ltr'><strong>qui</strong></span> <span class='ocrx_word' id='word_1_850' title='bbox 2768 5581 3094 5642; x_wconf 79' lang='lat' dir='ltr'><strong>ofﬁciorum,</strong></span> <span class='ocrx_word' id='word_1_851' title='bbox 3129 5579 3442 5654; x_wconf 74' lang='lat' dir='ltr'><strong>significare</strong></span> 
     </span>
    </p>
   </div>
   <div class='ocr_carea' id='block_1_122' title="bbox 1875 5649 3447 5720">
    <p class='ocr_par' dir='ltr' id='par_1_122' title="bbox 1875 5649 3447 5720">
     <span class='ocr_line' id='line_1_124' title="bbox 1875 5649 3447 5720; baseline -0.001 -11"><span class='ocrx_word' id='word_1_852' title='bbox 1875 5663 2128 5709; x_wconf 87' lang='lat' dir='ltr'><strong>autumat</strong></span> <span class='ocrx_word' id='word_1_853' title='bbox 2153 5649 2188 5708; x_wconf 47' lang='lat'><strong>‘:</strong></span> <span class='ocrx_word' id='word_1_854' title='bbox 2222 5653 2269 5708; x_wconf 92' lang='lat' dir='ltr'><strong>is</strong></span> <span class='ocrx_word' id='word_1_855' title='bbox 2310 5655 2455 5710; x_wconf 91' lang='lat' dir='ltr'><strong>enim</strong></span> <span class='ocrx_word' id='word_1_856' title='bbox 2500 5649 2676 5720; x_wconf 68' lang='lat' dir='ltr'><strong>unus&#39;;</strong></span> <span class='ocrx_word' id='word_1_857' title='bbox 2725 5661 2780 5705; x_wconf 89' lang='lat' dir='ltr'><strong>at</strong></span> <span class='ocrx_word' id='word_1_858' title='bbox 2811 5665 2920 5705; x_wconf 90' lang='lat' dir='ltr'><strong>non</strong></span> <span class='ocrx_word' id='word_1_859' title='bbox 2959 5663 3124 5720; x_wconf 88' lang='lat' dir='ltr'><strong>unum</strong></span> <span class='ocrx_word' id='word_1_860' title='bbox 3160 5649 3447 5720; x_wconf 80' lang='lat' dir='ltr'><strong>exstitisse</strong></span> 
     </span>
    </p>
   </div>
   <div class='ocr_carea' id='block_1_123' title="bbox 1874 5719 3446 5798">
    <p class='ocr_par' dir='ltr' id='par_1_123' title="bbox 1874 5719 3446 5798">
     <span class='ocr_line' id='line_1_125' title="bbox 1874 5719 3446 5798; baseline -0.001 -19"><span class='ocrx_word' id='word_1_861' title='bbox 1874 5724 2201 5798; x_wconf 76' lang='lat' dir='ltr'><strong>magistrum</strong></span> <span class='ocrx_word' id='word_1_862' title='bbox 2255 5724 2392 5796; x_wconf 87' lang='lat' dir='ltr'><strong>ipsis</strong></span> <span class='ocrx_word' id='word_1_863' title='bbox 2438 5737 2578 5794; x_wconf 88' lang='lat' dir='ltr'><strong>quas</strong></span> <span class='ocrx_word' id='word_1_864' title='bbox 2601 5719 2810 5795; x_wconf 86' lang='lat' dir='ltr'><strong>profert</strong></span> <span class='ocrx_word' id='word_1_865' title='bbox 2835 5719 3265 5778; x_wconf 64' lang='lat' dir='ltr'><strong>auctoritatibus</strong></span> <span class='ocrx_word' id='word_1_866' title='bbox 3293 5735 3446 5779; x_wconf 85' lang='lat' dir='ltr'><strong>com-</strong></span> 
     </span>
    </p>
   </div>
  </div>
