  <div class='ocr_page' id='page_1' title='image "/cluster/home/n/w/nwhite01/storage/ocr_20150623/108/hvd.32044073502320/166.png"; bbox 0 0 4092 6198; ppageno 0'>
   <div class='ocr_carea' id='block_1_1' title="bbox 267 289 375 358">
    <p class='ocr_par' dir='ltr' id='par_1_1' title="bbox 267 289 375 358">
     <span class='ocr_line' id='line_1_1' title="bbox 267 289 375 358; baseline -0.019 0"><span class='ocrx_word' id='word_1_1' title='bbox 267 289 375 358; x_wconf 61' lang='grc' dir='ltr'><strong>ενι</strong></span> 
     </span>
    </p>
   </div>
   <div class='ocr_carea' id='block_1_2' title="bbox 1557 292 2232 358">
    <p class='ocr_par' dir='ltr' id='par_1_2' title="bbox 1557 292 2232 358">
     <span class='ocr_line' id='line_1_2' title="bbox 1557 292 2232 358; baseline -0.01 0"><span class='ocrx_word' id='word_1_2' title='bbox 1557 292 2232 358; x_wconf 78' lang='lat' dir='ltr'><strong>CIIRONOGRAPHIA.</strong></span> 
     </span>
    </p>
   </div>
   <div class='ocr_carea' id='block_1_3' title="bbox 3438 295 3544 358">
    <p class='ocr_par' dir='ltr' id='par_1_3' title="bbox 3438 295 3544 358">
     <span class='ocr_line' id='line_1_3' title="bbox 3438 295 3544 358; baseline 0 0"><span class='ocrx_word' id='word_1_3' title='bbox 3438 295 3544 358; x_wconf 69' lang='lat'><strong>322</strong></span> 
     </span>
    </p>
   </div>
   <div class='ocr_carea' id='block_1_4' title="bbox 273 400 1864 479">
    <p class='ocr_par' dir='ltr' id='par_1_4' title="bbox 273 402 1864 479">
     <span class='ocr_line' id='line_1_4' title="bbox 273 402 1864 479; baseline 0.001 -24"><span class='ocrx_word' id='word_1_4' title='bbox 273 420 433 475; x_wconf 56' lang='grc' dir='ltr'>ἵεται</span> <span class='ocrx_word' id='word_1_5' title='bbox 465 403 542 474; x_wconf 82' lang='grc' dir='ltr'>τῷ</span> <span class='ocrx_word' id='word_1_6' title='bbox 573 402 855 475; x_wconf 75' lang='grc' dir='ltr'><strong>Βυζαντίῳ</strong></span> <span class='ocrx_word' id='word_1_7' title='bbox 883 420 895 433; x_wconf 84' lang='grc'>⁶</span> <span class='ocrx_word' id='word_1_8' title='bbox 938 406 1031 458; x_wconf 72' lang='grc' dir='ltr'><strong>καὶ</strong></span> <span class='ocrx_word' id='word_1_9' title='bbox 1071 407 1208 478; x_wconf 78' lang='grc' dir='ltr'>μόνῃ</span> <span class='ocrx_word' id='word_1_10' title='bbox 1245 407 1416 476; x_wconf 79' lang='grc' dir='ltr'>φειδοῖ</span> <span class='ocrx_word' id='word_1_11' title='bbox 1453 407 1555 478; x_wconf 77' lang='grc' dir='ltr'>τῆς</span> <span class='ocrx_word' id='word_1_12' title='bbox 1597 409 1728 479; x_wconf 73' lang='grc' dir='ltr'>περὶ</span> <span class='ocrx_word' id='word_1_13' title='bbox 1768 407 1864 478; x_wconf 77' lang='grc' dir='ltr'>τὴν</span> 
     </span>
    </p>
   </div>
   <div class='ocr_carea' id='block_1_5' title="bbox 1965 400 3546 479">
    <p class='ocr_par' dir='ltr' id='par_1_5' title="bbox 1974 400 3546 474">
     <span class='ocr_line' id='line_1_5' title="bbox 1974 400 3546 474; baseline 0.003 -18"><span class='ocrx_word' id='word_1_14' title='bbox 1974 413 2078 464; x_wconf 88' lang='lat' dir='ltr'><strong>tus,</strong></span> <span class='ocrx_word' id='word_1_15' title='bbox 2103 400 2422 471; x_wconf 74' lang='lat' dir='ltr'><strong>Byzantium</strong></span> <span class='ocrx_word' id='word_1_16' title='bbox 2459 402 2614 472; x_wconf 77' lang='lat'><strong>113</strong></span> <span class='ocrx_word' id='word_1_17' title='bbox 2648 400 3193 471; x_wconf 60' lang='lat' dir='ltr'><strong>occupareimolitur:</strong></span> <span class='ocrx_word' id='word_1_18' title='bbox 3227 403 3370 458; x_wconf 88' lang='lat' dir='ltr'><strong>unde</strong></span> <span class='ocrx_word' id='word_1_19' title='bbox 3393 417 3546 474; x_wconf 85' lang='lat' dir='ltr'><strong>post-</strong></span> 
     </span>
    </p>
   </div>
   <div class='ocr_carea' id='block_1_6' title="bbox 273 495 1865 571">
    <p class='ocr_par' dir='ltr' id='par_1_6' title="bbox 273 495 1865 571">
     <span class='ocr_line' id='line_1_6' title="bbox 273 495 1865 571; baseline 0.004 -23"><span class='ocrx_word' id='word_1_20' title='bbox 273 495 457 561; x_wconf 70' lang='grc' dir='ltr'>πόλιν,</span> <span class='ocrx_word' id='word_1_21' title='bbox 506 495 582 557; x_wconf 84' lang='grc' dir='ltr'>ὥς</span> <span class='ocrx_word' id='word_1_22' title='bbox 634 513 791 563; x_wconf 79' lang='grc' dir='ltr'>φασι,</span> <span class='ocrx_word' id='word_1_23' title='bbox 849 497 1176 568; x_wconf 76' lang='grc' dir='ltr'>κρατηθεὶς,</span> <span class='ocrx_word' id='word_1_24' title='bbox 1224 500 1593 571; x_wconf 75' lang='grc' dir='ltr'><strong>ἐπανέρχεται</strong></span> <span class='ocrx_word' id='word_1_25' title='bbox 1639 503 1720 564; x_wconf 86' lang='grc' dir='ltr'><strong>είς</strong></span> <span class='ocrx_word' id='word_1_26' title='bbox 1764 503 1865 570; x_wconf 80' lang='grc' dir='ltr'><strong>τὴν</strong></span> 
     </span>
    </p>
   </div>
   <div class='ocr_carea' id='block_1_7' title="bbox 271 585 1865 662">
    <p class='ocr_par' dir='ltr' id='par_1_7' title="bbox 271 585 1865 662">
     <span class='ocr_line' id='line_1_7' title="bbox 271 585 1865 662; baseline 0.005 -26"><span class='ocrx_word' id='word_1_27' title='bbox 271 586 527 655; x_wconf 76' lang='grc' dir='ltr'>θρᾲκην,</span> <span class='ocrx_word' id='word_1_28' title='bbox 551 585 644 637; x_wconf 74' lang='grc' dir='ltr'><strong>καὶ</strong></span> <span class='ocrx_word' id='word_1_29' title='bbox 669 588 1010 656; x_wconf 79' lang='grc' dir='ltr'><strong>προτραπεὶς</strong></span> <span class='ocrx_word' id='word_1_30' title='bbox 1037 589 1143 642; x_wconf 86' lang='grc' dir='ltr'><strong>ύπδ</strong></span> <span class='ocrx_word' id='word_1_31' title='bbox 1166 591 1414 660; x_wconf 84' lang='grc' dir='ltr'>Ζήνωνος</span> <span class='ocrx_word' id='word_1_32' title='bbox 1433 592 1759 662; x_wconf 73' lang='grc' dir='ltr'><strong>κατέρχεται</strong></span> <span class='ocrx_word' id='word_1_33' title='bbox 1785 593 1865 655; x_wconf 83' lang='grc' dir='ltr'><strong>είς</strong></span> 
     </span>
    </p>
   </div>
   <div class='ocr_carea' id='block_1_8' title="bbox 283 676 1862 757">
    <p class='ocr_par' dir='ltr' id='par_1_8' title="bbox 283 676 1862 757">
     <span class='ocr_line' id='line_1_8' title="bbox 283 676 1862 757; baseline 0.006 -27"><span class='ocrx_word' id='word_1_34' title='bbox 283 676 542 731; x_wconf 76' lang='grc' dir='ltr'>Ἰταλίαν.</span> <span class='ocrx_word' id='word_1_35' title='bbox 591 678 703 730; x_wconf 80' lang='lat' dir='ltr'><strong>Kal.</strong></span> <span class='ocrx_word' id='word_1_36' title='bbox 759 678 1052 751; x_wconf 81' lang='grc' dir='ltr'>Ὀδοάκρου</span> <span class='ocrx_word' id='word_1_37' title='bbox 1101 683 1248 754; x_wconf 80' lang='grc' dir='ltr'><strong>μάχῃ</strong></span> <span class='ocrx_word' id='word_1_38' title='bbox 1300 685 1515 757; x_wconf 83' lang='grc' dir='ltr'><strong>μεγάλῃ</strong></span> <span class='ocrx_word' id='word_1_39' title='bbox 1558 687 1862 756; x_wconf 83' lang='grc' dir='ltr'>κρατήσας,</span> 
     </span>
    </p>
   </div>
   <div class='ocr_carea' id='block_1_9' title="bbox 270 767 1865 847">
    <p class='ocr_par' dir='ltr' id='par_1_9' title="bbox 270 767 1865 847">
     <span class='ocr_line' id='line_1_9' title="bbox 270 767 1865 847; baseline 0.006 -29"><span class='ocrx_word' id='word_1_40' title='bbox 270 767 369 818; x_wconf 76' lang='grc' dir='ltr'>τοῦ</span> <span class='ocrx_word' id='word_1_41' title='bbox 402 767 579 837; x_wconf 61' lang='lat' dir='ltr'><strong>me;</strong></span> <span class='ocrx_word' id='word_1_42' title='bbox 608 769 667 820; x_wconf 83' lang='grc' dir='ltr'>ὲν</span> <span class='ocrx_word' id='word_1_43' title='bbox 694 767 962 843; x_wconf 76' lang='grc' dir='ltr'>Ῥαϐέννῃ</span> <span class='ocrx_word' id='word_1_44' title='bbox 988 774 1329 842; x_wconf 75' lang='grc' dir='ltr'><strong>περιτίθεται</strong></span> <span class='ocrx_word' id='word_1_45' title='bbox 1363 776 1568 846; x_wconf 84' lang='grc' dir='ltr'>σχῆμα.</span> <span class='ocrx_word' id='word_1_46' title='bbox 1611 777 1865 847; x_wconf 82' lang='grc' dir='ltr'>Ἑχειρώ-</span> 
     </span>
    </p>
   </div>
   <div class='ocr_carea' id='block_1_10' title="bbox 274 860 1866 938">
    <p class='ocr_par' dir='ltr' id='par_1_10' title="bbox 274 860 1866 938">
     <span class='ocr_line' id='line_1_10' title="bbox 274 860 1866 938; baseline 0.007 -27"><span class='ocrx_word' id='word_1_47' title='bbox 274 873 410 912; x_wconf 84' lang='grc' dir='ltr'>σατο</span> <span class='ocrx_word' id='word_1_48' title='bbox 427 860 486 911; x_wconf 77' lang='grc' dir='ltr'>δὲ</span> <span class='ocrx_word' id='word_1_49' title='bbox 521 860 616 913; x_wconf 70' lang='grc' dir='ltr'><strong>καὶ</strong></span> <span class='ocrx_word' id='word_1_50' title='bbox 638 860 832 922; x_wconf 78' lang='grc' dir='ltr'>ἄλλους</span> <span class='ocrx_word' id='word_1_51' title='bbox 853 861 1140 928; x_wconf 81' lang='grc' dir='ltr'><strong>πλείστους</strong></span> <span class='ocrx_word' id='word_1_52' title='bbox 1160 865 1270 917; x_wconf 81' lang='grc' dir='ltr'><strong>τῶν</strong></span> <span class='ocrx_word' id='word_1_53' title='bbox 1297 866 1608 936; x_wconf 78' lang='grc' dir='ltr'>βαρϐάρων,</span> <span class='ocrx_word' id='word_1_54' title='bbox 1626 868 1866 938; x_wconf 80' lang='grc' dir='ltr'>μάλιστα</span> 
     </span>
    </p>
   </div>
   <div class='ocr_carea' id='block_1_11' title="bbox 272 952 1865 1028">
    <p class='ocr_par' dir='ltr' id='par_1_11' title="bbox 272 952 1865 1028">
     <span class='ocr_line' id='line_1_11' title="bbox 272 952 1865 1028; baseline 0.007 -25"><span class='ocrx_word' id='word_1_55' title='bbox 272 953 372 1004; x_wconf 80' lang='grc' dir='ltr'>καὶ</span> <span class='ocrx_word' id='word_1_56' title='bbox 396 953 528 1013; x_wconf 75' lang='grc' dir='ltr'>τοὺς</span> <span class='ocrx_word' id='word_1_57' title='bbox 557 952 896 1022; x_wconf 83' lang='grc' dir='ltr'>Οὐανδήλους</span> <span class='ocrx_word' id='word_1_58' title='bbox 921 954 1260 1025; x_wconf 76' lang='grc' dir='ltr'>ὑπηγάγετο,</span> <span class='ocrx_word' id='word_1_59' title='bbox 1297 958 1430 1028; x_wconf 81' lang='grc' dir='ltr'>μηδὲ</span> <span class='ocrx_word' id='word_1_60' title='bbox 1464 959 1600 1012; x_wconf 83' lang='grc' dir='ltr'>ὅπλα</span> <span class='ocrx_word' id='word_1_61' title='bbox 1629 961 1746 1014; x_wconf 79' lang='grc' dir='ltr'>κατ’</span> <span class='ocrx_word' id='word_1_62' title='bbox 1769 963 1865 1014; x_wconf 66' lang='lat' dir='ltr'><strong>afa-</strong></span> 
     </span>
    </p>
   </div>
   <div class='ocr_carea' id='block_1_12' title="bbox 269 1045 1862 1125">
    <p class='ocr_par' dir='ltr' id='par_1_12' title="bbox 269 1045 1862 1125">
     <span class='ocr_line' id='line_1_12' title="bbox 269 1045 1862 1125; baseline 0.005 -30"><span class='ocrx_word' id='word_1_63' title='bbox 269 1045 385 1096; x_wconf 83' lang='grc' dir='ltr'><strong>τῶν</strong></span> <span class='ocrx_word' id='word_1_64' title='bbox 417 1045 654 1114; x_wconf 76' lang='grc' dir='ltr'><strong>κινήσας</strong></span> <span class='ocrx_word' id='word_1_65' title='bbox 674 1045 742 1109; x_wconf 84' lang='grc'><strong>’³,</strong></span> <span class='ocrx_word' id='word_1_66' title='bbox 770 1046 810 1097; x_wconf 83' lang='grc' dir='ltr'><strong>Γ</strong></span> <span class='ocrx_word' id='word_1_67' title='bbox 818 1045 1056 1117; x_wconf 80' lang='grc' dir='ltr'>ιζερίχου</span> <span class='ocrx_word' id='word_1_68' title='bbox 1080 1048 1500 1119; x_wconf 80' lang='grc' dir='ltr'>τελευτήσαντος</span> <span class='ocrx_word' id='word_1_69' title='bbox 1521 1051 1646 1122; x_wconf 83' lang='grc' dir='ltr'>ήδη,</span> <span class='ocrx_word' id='word_1_70' title='bbox 1676 1053 1808 1122; x_wconf 77' lang='grc' dir='ltr'>πρὶν</span> <span class='ocrx_word' id='word_1_71' title='bbox 1830 1053 1862 1125; x_wconf 83' lang='grc' dir='ltr'>ἢ</span> 
     </span>
    </p>
   </div>
   <div class='ocr_carea' id='block_1_13' title="bbox 269 1136 1865 1211">
    <p class='ocr_par' dir='ltr' id='par_1_13' title="bbox 269 1136 1865 1211">
     <span class='ocr_line' id='line_1_13' title="bbox 269 1136 1865 1211; baseline 0.004 -21"><span class='ocrx_word' id='word_1_72' title='bbox 269 1138 491 1190; x_wconf 73' lang='grc' dir='ltr'>ἐκεῖνον</span> <span class='ocrx_word' id='word_1_73' title='bbox 530 1136 709 1189; x_wconf 67' lang='grc' dir='ltr'>ἐλθεῖν</span> <span class='ocrx_word' id='word_1_74' title='bbox 742 1140 823 1200; x_wconf 88' lang='grc' dir='ltr'><strong>είς</strong></span> <span class='ocrx_word' id='word_1_75' title='bbox 843 1138 1116 1210; x_wconf 70' lang='grc' dir='ltr'><strong>“⁹Ρώμην·</strong></span> <span class='ocrx_word' id='word_1_76' title='bbox 1155 1141 1426 1211; x_wconf 76' lang='grc' dir='ltr'>ἐκράτησε</span> <span class='ocrx_word' id='word_1_77' title='bbox 1458 1141 1514 1194; x_wconf 79' lang='grc' dir='ltr'>δὲ</span> <span class='ocrx_word' id='word_1_78' title='bbox 1541 1143 1586 1175; x_wconf 77' lang='grc'><strong>’⁸</strong></span> <span class='ocrx_word' id='word_1_79' title='bbox 1637 1145 1729 1196; x_wconf 71' lang='grc' dir='ltr'><strong>καὶ</strong></span> <span class='ocrx_word' id='word_1_80' title='bbox 1765 1144 1865 1211; x_wconf 80' lang='grc' dir='ltr'><strong>τῆς</strong></span> 
     </span>
    </p>
   </div>
   <div class='ocr_carea' id='block_1_14' title="bbox 279 1231 1337 1305">
    <p class='ocr_par' dir='ltr' id='par_1_14' title="bbox 279 1231 1337 1305">
     <span class='ocr_line' id='line_1_14' title="bbox 279 1231 1337 1305; baseline 0.007 -23"><span class='ocrx_word' id='word_1_81' title='bbox 279 1231 511 1302; x_wconf 82' lang='grc' dir='ltr'><strong>Ῥώμης</strong></span> <span class='ocrx_word' id='word_1_82' title='bbox 541 1231 638 1284; x_wconf 69' lang='grc' dir='ltr'><strong>κα)⁸</strong></span> <span class='ocrx_word' id='word_1_83' title='bbox 669 1231 852 1303; x_wconf 83' lang='grc' dir='ltr'>πάσης</span> <span class='ocrx_word' id='word_1_84' title='bbox 877 1233 978 1304; x_wconf 81' lang='grc' dir='ltr'>τῆς</span> <span class='ocrx_word' id='word_1_85' title='bbox 1019 1233 1337 1305; x_wconf 82' lang='grc' dir='ltr'>Ἐσπερίου.</span> 
     </span>
    </p>
   </div>
   <div class='ocr_carea' id='block_1_15' title="bbox 344 1412 1865 1485">
    <p class='ocr_par' dir='ltr' id='par_1_15' title="bbox 344 1412 1865 1485">
     <span class='ocr_line' id='line_1_15' title="bbox 344 1412 1865 1485; baseline 0.003 -19"><span class='ocrx_word' id='word_1_86' title='bbox 344 1415 410 1466; x_wconf 76' lang='grc' dir='ltr'>Α.</span> <span class='ocrx_word' id='word_1_87' title='bbox 443 1413 520 1467; x_wconf 78' lang='grc' dir='ltr'>Μ.</span> <span class='ocrx_word' id='word_1_88' title='bbox 551 1412 715 1467; x_wconf 83' lang='grc'><strong>5978.</strong></span> <span class='ocrx_word' id='word_1_89' title='bbox 741 1443 813 1454; x_wconf 91' lang='grc'><strong><em>-</em></strong></span> <span class='ocrx_word' id='word_1_90' title='bbox 853 1413 1212 1484; x_wconf 76' lang='grc' dir='ltr'><strong>Ἀντιοχείας</strong></span> <span class='ocrx_word' id='word_1_91' title='bbox 1250 1415 1593 1471; x_wconf 70' lang='grc' dir='ltr'><strong>ἐπισκόπου</strong></span> <span class='ocrx_word' id='word_1_92' title='bbox 1637 1412 1865 1485; x_wconf 70' lang='grc' dir='ltr'>Πέτρου</span> 
     </span>
    </p>
   </div>
   <div class='ocr_carea' id='block_1_16' title="bbox 269 1505 1122 1575">
    <p class='ocr_par' dir='ltr' id='par_1_16' title="bbox 269 1505 1122 1575">
     <span class='ocr_line' id='line_1_16' title="bbox 269 1505 1122 1575; baseline 0 -14"><span class='ocrx_word' id='word_1_93' title='bbox 269 1506 383 1561; x_wconf 73' lang='grc' dir='ltr'>τοῦ</span> <span class='ocrx_word' id='word_1_94' title='bbox 416 1505 712 1574; x_wconf 72' lang='grc' dir='ltr'>Γναφέως</span> <span class='ocrx_word' id='word_1_95' title='bbox 741 1505 854 1575; x_wconf 70' lang='grc'><strong>(27)</strong></span> <span class='ocrx_word' id='word_1_96' title='bbox 881 1507 1018 1573; x_wconf 80' lang='grc' dir='ltr'>ἔτος</span> <span class='ocrx_word' id='word_1_97' title='bbox 1047 1515 1122 1561; x_wconf 83' lang='grc' dir='ltr'>α’.</span> 
     </span>
    </p>
   </div>
   <div class='ocr_carea' id='block_1_17' title="bbox 345 1596 1862 1673">
    <p class='ocr_par' dir='ltr' id='par_1_17' title="bbox 345 1596 1862 1673">
     <span class='ocr_line' id='line_1_17' title="bbox 345 1596 1862 1673; baseline 0.003 -23"><span class='ocrx_word' id='word_1_98' title='bbox 345 1598 539 1667; x_wconf 83' lang='grc' dir='ltr'>Τούτῳ</span> <span class='ocrx_word' id='word_1_99' title='bbox 588 1596 666 1668; x_wconf 82' lang='grc' dir='ltr'>τῷ</span> <span class='ocrx_word' id='word_1_100' title='bbox 712 1597 823 1650; x_wconf 73' lang='grc' dir='ltr'>ἔτει</span> <span class='ocrx_word' id='word_1_101' title='bbox 852 1597 902 1650; x_wconf 84' lang='grc' dir='ltr'><strong>οί</strong></span> <span class='ocrx_word' id='word_1_102' title='bbox 931 1599 1030 1668; x_wconf 86' lang='grc' dir='ltr'>τῆς</span> <span class='ocrx_word' id='word_1_103' title='bbox 1085 1597 1378 1670; x_wconf 82' lang='grc' dir='ltr'>’Δνατολῆς</span> <span class='ocrx_word' id='word_1_104' title='bbox 1431 1599 1720 1653; x_wconf 77' lang='grc' dir='ltr'>ἐπίσκοποι</span> <span class='ocrx_word' id='word_1_105' title='bbox 1751 1601 1862 1673; x_wconf 71' lang='lat'><strong>(28)</strong></span> 
     </span>
    </p>
   </div>
   <div class='ocr_carea' id='block_1_18' title="bbox 271 1687 1866 1761">
    <p class='ocr_par' dir='ltr' id='par_1_18' title="bbox 271 1687 1866 1761">
     <span class='ocr_line' id='line_1_18' title="bbox 271 1687 1866 1761; baseline 0.003 -19"><span class='ocrx_word' id='word_1_106' title='bbox 271 1687 529 1758; x_wconf 61' lang='grc' dir='ltr'>ἔγραψαν</span> <span class='ocrx_word' id='word_1_107' title='bbox 576 1689 819 1758; x_wconf 77' lang='grc' dir='ltr'>’Δκακίῳ</span> <span class='ocrx_word' id='word_1_108' title='bbox 853 1688 1090 1758; x_wconf 75' lang='grc' dir='ltr'><strong>μέμψεις</strong></span> <span class='ocrx_word' id='word_1_109' title='bbox 1114 1690 1202 1743; x_wconf 84' lang='grc' dir='ltr'>διὰ</span> <span class='ocrx_word' id='word_1_110' title='bbox 1223 1691 1282 1742; x_wconf 82' lang='grc' dir='ltr'><strong>τὸ</strong></span> <span class='ocrx_word' id='word_1_111' title='bbox 1309 1689 1565 1756; x_wconf 82' lang='grc' dir='ltr'>δέξασθαι</span> <span class='ocrx_word' id='word_1_112' title='bbox 1594 1691 1686 1746; x_wconf 76' lang='grc' dir='ltr'>τὸν</span> <span class='ocrx_word' id='word_1_113' title='bbox 1716 1693 1866 1761; x_wconf 73' lang='grc' dir='ltr'>Μογο</span> 
     </span>
    </p>
   </div>
   <div class='ocr_carea' id='block_1_19' title="bbox 270 1779 1866 1854">
    <p class='ocr_par' dir='ltr' id='par_1_19' title="bbox 270 1779 1866 1854">
     <span class='ocr_line' id='line_1_19' title="bbox 270 1779 1866 1854; baseline 0.006 -23"><span class='ocrx_word' id='word_1_114' title='bbox 270 1781 375 1848; x_wconf 67' lang='grc' dir='ltr'><strong>γον</strong></span> <span class='ocrx_word' id='word_1_115' title='bbox 399 1783 482 1843; x_wconf 85' lang='grc' dir='ltr'>εἰς</span> <span class='ocrx_word' id='word_1_116' title='bbox 509 1783 820 1836; x_wconf 77' lang='grc' dir='ltr'>κοινωνίαν.</span> <span class='ocrx_word' id='word_1_117' title='bbox 865 1781 926 1834; x_wconf 85' lang='lat'><strong>&#39;0</strong></span> <span class='ocrx_word' id='word_1_118' title='bbox 951 1779 1006 1834; x_wconf 80' lang='grc' dir='ltr'>δὲ</span> <span class='ocrx_word' id='word_1_119' title='bbox 1042 1782 1118 1853; x_wconf 81' lang='grc' dir='ltr'><strong>μὴ</strong></span> <span class='ocrx_word' id='word_1_120' title='bbox 1140 1783 1394 1854; x_wconf 81' lang='grc' dir='ltr'>προσχὼν</span> <span class='ocrx_word' id='word_1_121' title='bbox 1425 1781 1629 1850; x_wconf 78' lang='grc' dir='ltr'>αὐτοῖς,</span> <span class='ocrx_word' id='word_1_122' title='bbox 1655 1785 1866 1851; x_wconf 83' lang='grc' dir='ltr'>πάντας</span> 
     </span>
    </p>
   </div>
   <div class='ocr_carea' id='block_1_20' title="bbox 271 1872 1865 1946">
    <p class='ocr_par' dir='ltr' id='par_1_20' title="bbox 271 1872 1865 1946">
     <span class='ocr_line' id='line_1_20' title="bbox 271 1872 1865 1946; baseline 0.001 -18"><span class='ocrx_word' id='word_1_123' title='bbox 271 1873 514 1936; x_wconf 77' lang='grc' dir='ltr'><strong>ἀναιδῶς</strong></span> <span class='ocrx_word' id='word_1_124' title='bbox 553 1875 832 1926; x_wconf 80' lang='grc' dir='ltr'>κοινωνεῖν</span> <span class='ocrx_word' id='word_1_125' title='bbox 877 1872 954 1944; x_wconf 81' lang='grc' dir='ltr'>τῷ</span> <span class='ocrx_word' id='word_1_126' title='bbox 981 1873 1189 1945; x_wconf 86' lang='grc' dir='ltr'>Μογγῷ</span> <span class='ocrx_word' id='word_1_127' title='bbox 1231 1877 1672 1946; x_wconf 81' lang='grc' dir='ltr'>κατηνάγκαζεν.</span> <span class='ocrx_word' id='word_1_128' title='bbox 1714 1879 1775 1933; x_wconf 77' lang='lat' dir='ltr'><strong>0i</strong></span> <span class='ocrx_word' id='word_1_129' title='bbox 1807 1877 1865 1930; x_wconf 80' lang='grc' dir='ltr'>δὲ</span> 
     </span>
    </p>
   </div>
   <div class='ocr_carea' id='block_1_21' title="bbox 270 1961 1866 2037">
    <p class='ocr_par' dir='ltr' id='par_1_21' title="bbox 270 1961 1866 2037">
     <span class='ocr_line' id='line_1_21' title="bbox 270 1961 1866 2037; baseline 0.003 -22"><span class='ocrx_word' id='word_1_130' title='bbox 270 1961 380 2031; x_wconf 81' lang='grc' dir='ltr'>τῆς</span> <span class='ocrx_word' id='word_1_131' title='bbox 403 1961 688 2030; x_wconf 71' lang='grc' dir='ltr'>βασιλείας</span> <span class='ocrx_word' id='word_1_132' title='bbox 704 1961 796 2014; x_wconf 79' lang='grc' dir='ltr'>καὶ</span> <span class='ocrx_word' id='word_1_133' title='bbox 821 1961 924 2032; x_wconf 82' lang='grc' dir='ltr'><strong>τῆς</strong></span> <span class='ocrx_word' id='word_1_134' title='bbox 954 1961 1130 2033; x_wconf 80' lang='grc' dir='ltr'>Ἑῲας</span> <span class='ocrx_word' id='word_1_135' title='bbox 1153 1962 1452 2034; x_wconf 77' lang='grc' dir='ltr'>ἐδεήθησαν</span> <span class='ocrx_word' id='word_1_136' title='bbox 1471 1966 1703 2037; x_wconf 76' lang='grc' dir='ltr'>Φήλικος</span> <span class='ocrx_word' id='word_1_137' title='bbox 1729 1967 1866 2036; x_wconf 83' lang='grc' dir='ltr'>μετὰ</span> 
     </span>
    </p>
   </div>
   <div class='ocr_carea' id='block_1_22' title="bbox 275 2051 1863 2128">
    <p class='ocr_par' dir='ltr' id='par_1_22' title="bbox 275 2051 1863 2128">
     <span class='ocr_line' id='line_1_22' title="bbox 275 2051 1863 2128; baseline 0.002 -21"><span class='ocrx_word' id='word_1_138' title='bbox 275 2053 513 2107; x_wconf 79' lang='grc' dir='ltr'>θάνατον</span> <span class='ocrx_word' id='word_1_139' title='bbox 534 2051 864 2128; x_wconf 86' lang='grc' dir='ltr'>Σιμπλικίου</span> <span class='ocrx_word' id='word_1_140' title='bbox 876 2055 970 2106; x_wconf 84' lang='grc' dir='ltr'>τοῦ</span> <span class='ocrx_word' id='word_1_141' title='bbox 995 2053 1214 2126; x_wconf 80' lang='grc' dir='ltr'><strong>Ῥώμης</strong></span> <span class='ocrx_word' id='word_1_142' title='bbox 1229 2057 1550 2121; x_wconf 80' lang='grc' dir='ltr'>ἐπισκόπου,</span> <span class='ocrx_word' id='word_1_143' title='bbox 1571 2075 1636 2128; x_wconf 88' lang='grc' dir='ltr'><strong>ση</strong></span> <span class='ocrx_word' id='word_1_144' title='bbox 1646 2059 1863 2128; x_wconf 81' lang='grc' dir='ltr'>μαίνον-</span> 
     </span>
    </p>
   </div>
   <div class='ocr_carea' id='block_1_23' title="bbox 278 2127 1864 2211">
    <p class='ocr_par' dir='ltr' id='par_1_23' title="bbox 278 2127 1864 2211">
     <span class='ocr_line' id='line_1_23' title="bbox 278 2127 1864 2211; baseline 0.003 -14"><span class='ocrx_word' id='word_1_145' title='bbox 278 2161 378 2206; x_wconf 77' lang='grc' dir='ltr'><strong>τες</strong></span> <span class='ocrx_word' id='word_1_146' title='bbox 423 2144 683 2196; x_wconf 79' lang='grc' dir='ltr'>’Δκὰκιον</span> <span class='ocrx_word' id='word_1_147' title='bbox 712 2127 856 2196; x_wconf 71' lang='grc' dir='ltr'>εἶναι</span> <span class='ocrx_word' id='word_1_148' title='bbox 887 2144 1061 2198; x_wconf 81' lang='grc' dir='ltr'>αἴτιον</span> <span class='ocrx_word' id='word_1_149' title='bbox 1090 2145 1199 2198; x_wconf 83' lang='grc' dir='ltr'>τῶν</span> <span class='ocrx_word' id='word_1_150' title='bbox 1227 2145 1438 2201; x_wconf 84' lang='grc' dir='ltr'>κακῶν.</span> <span class='ocrx_word' id='word_1_151' title='bbox 1478 2147 1567 2200; x_wconf 85' lang='grc' dir='ltr'>Ἐν</span> <span class='ocrx_word' id='word_1_152' title='bbox 1589 2144 1672 2211; x_wconf 71' lang='grc' dir='ltr'>οἷς</span> <span class='ocrx_word' id='word_1_153' title='bbox 1701 2150 1795 2204; x_wconf 75' lang='grc' dir='ltr'><strong>καὶ</strong></span> <span class='ocrx_word' id='word_1_154' title='bbox 1819 2149 1864 2182; x_wconf 78' lang='grc'><strong>⁸⁸</strong></span> 
     </span>
    </p>
   </div>
   <div class='ocr_carea' id='block_1_24' title="bbox 289 2234 1868 2313">
    <p class='ocr_par' dir='ltr' id='par_1_24' title="bbox 289 2234 1868 2313">
     <span class='ocr_line' id='line_1_24' title="bbox 289 2234 1868 2313; baseline 0.006 -26"><span class='ocrx_word' id='word_1_155' title='bbox 289 2235 555 2306; x_wconf 68' lang='grc' dir='ltr'>Ἰωάννης</span> <span class='ocrx_word' id='word_1_156' title='bbox 617 2237 646 2288; x_wconf 82' lang='grc' dir='ltr'>ὁ</span> <span class='ocrx_word' id='word_1_157' title='bbox 717 2234 1104 2305; x_wconf 75' lang='grc' dir='ltr'>Ἀλεξανδρεὺς</span> <span class='ocrx_word' id='word_1_158' title='bbox 1135 2238 1178 2269; x_wconf 82' lang='grc'><strong>³¹</strong></span> <span class='ocrx_word' id='word_1_159' title='bbox 1244 2237 1306 2292; x_wconf 79' lang='grc' dir='ltr'><strong>τὸ</strong></span> <span class='ocrx_word' id='word_1_160' title='bbox 1351 2239 1484 2292; x_wconf 82' lang='grc' dir='ltr'>αὐτὸ</span> <span class='ocrx_word' id='word_1_161' title='bbox 1541 2239 1721 2310; x_wconf 78' lang='grc' dir='ltr'>λέγων</span> <span class='ocrx_word' id='word_1_162' title='bbox 1768 2243 1868 2313; x_wconf 74' lang='grc' dir='ltr'><strong>τήν</strong></span> 
     </span>
    </p>
   </div>
   <div class='ocr_carea' id='block_1_25' title="bbox 287 2326 1866 2406">
    <p class='ocr_par' dir='ltr' id='par_1_25' title="bbox 287 2326 1866 2406">
     <span class='ocr_line' id='line_1_25' title="bbox 287 2326 1866 2406; baseline 0.006 -27"><span class='ocrx_word' id='word_1_163' title='bbox 287 2327 512 2397; x_wconf 84' lang='grc' dir='ltr'><strong>Ῥώμην</strong></span> <span class='ocrx_word' id='word_1_164' title='bbox 573 2326 895 2382; x_wconf 77' lang='grc' dir='ltr'>κατέλαϐεν.</span> <span class='ocrx_word' id='word_1_165' title='bbox 943 2328 1113 2399; x_wconf 77' lang='grc' dir='ltr'>Φῆλιξ</span> <span class='ocrx_word' id='word_1_166' title='bbox 1155 2329 1210 2383; x_wconf 74' lang='grc' dir='ltr'>δὲ</span> <span class='ocrx_word' id='word_1_167' title='bbox 1262 2331 1482 2386; x_wconf 81' lang='grc' dir='ltr'>σύνοδον</span> <span class='ocrx_word' id='word_1_168' title='bbox 1525 2335 1582 2386; x_wconf 84' lang='grc' dir='ltr'>ὲν</span> <span class='ocrx_word' id='word_1_169' title='bbox 1631 2333 1708 2406; x_wconf 84' lang='grc' dir='ltr'><strong>τῷ</strong></span> <span class='ocrx_word' id='word_1_170' title='bbox 1751 2334 1866 2404; x_wconf 82' lang='grc' dir='ltr'>ναῷ</span> 
     </span>
    </p>
   </div>
   <div class='ocr_carea' id='block_1_26' title="bbox 274 2417 1867 2495">
    <p class='ocr_par' dir='ltr' id='par_1_26' title="bbox 274 2417 1867 2495">
     <span class='ocr_line' id='line_1_26' title="bbox 274 2417 1867 2495; baseline 0.004 -24"><span class='ocrx_word' id='word_1_171' title='bbox 274 2417 375 2471; x_wconf 77' lang='grc' dir='ltr'>τοῦ</span> <span class='ocrx_word' id='word_1_172' title='bbox 432 2419 736 2490; x_wconf 77' lang='grc' dir='ltr'>κορυφαίου</span> <span class='ocrx_word' id='word_1_173' title='bbox 789 2419 1090 2474; x_wconf 78' lang='grc' dir='ltr'>ἀποστόλου</span> <span class='ocrx_word' id='word_1_174' title='bbox 1146 2421 1353 2494; x_wconf 79' lang='grc' dir='ltr'>Πέτρου</span> <span class='ocrx_word' id='word_1_175' title='bbox 1433 2424 1667 2495; x_wconf 80' lang='grc' dir='ltr'>ποιήσας</span> <span class='ocrx_word' id='word_1_176' title='bbox 1707 2463 1722 2487; x_wconf 95' lang='grc'><strong>,</strong></span> <span class='ocrx_word' id='word_1_177' title='bbox 1772 2424 1867 2479; x_wconf 84' lang='grc' dir='ltr'><strong>δύο</strong></span> 
     </span>
    </p>
   </div>
   <div class='ocr_carea' id='block_1_27' title="bbox 274 2510 1862 2585">
    <p class='ocr_par' dir='ltr' id='par_1_27' title="bbox 274 2510 1862 2585">
     <span class='ocr_line' id='line_1_27' title="bbox 274 2510 1862 2585; baseline 0.004 -23"><span class='ocrx_word' id='word_1_178' title='bbox 274 2510 618 2574; x_wconf 73' lang='grc' dir='ltr'>ἐπισκόπους</span> <span class='ocrx_word' id='word_1_179' title='bbox 652 2511 744 2563; x_wconf 71' lang='grc' dir='ltr'><strong>καὶ</strong></span> <span class='ocrx_word' id='word_1_180' title='bbox 786 2510 1001 2564; x_wconf 76' lang='grc' dir='ltr'>ἔκδικον</span> <span class='ocrx_word' id='word_1_181' title='bbox 1047 2512 1292 2582; x_wconf 75' lang='grc' dir='ltr'>ἐπεμψεν</span> <span class='ocrx_word' id='word_1_182' title='bbox 1323 2511 1434 2585; x_wconf 67' lang='lat'><strong>(29)</strong></span> <span class='ocrx_word' id='word_1_183' title='bbox 1475 2514 1533 2568; x_wconf 77' lang='grc' dir='ltr'>ἐν</span> <span class='ocrx_word' id='word_1_184' title='bbox 1569 2516 1862 2569; x_wconf 79' lang='grc' dir='ltr'>Κωνσταν-</span> 
     </span>
    </p>
   </div>
   <div class='ocr_carea' id='block_1_28' title="bbox 274 2601 1866 2676">
    <p class='ocr_par' dir='ltr' id='par_1_28' title="bbox 274 2601 1866 2676">
     <span class='ocr_line' id='line_1_28' title="bbox 274 2601 1866 2676; baseline 0.006 -25"><span class='ocrx_word' id='word_1_185' title='bbox 274 2601 615 2665; x_wconf 83' lang='grc' dir='ltr'>τινουπόλει,</span> <span class='ocrx_word' id='word_1_186' title='bbox 670 2601 891 2673; x_wconf 68' lang='grc' dir='ltr'>γράψας</span> <span class='ocrx_word' id='word_1_187' title='bbox 934 2603 1144 2672; x_wconf 92' lang='grc' dir='ltr'>Ζήνωνι</span> <span class='ocrx_word' id='word_1_188' title='bbox 1191 2603 1287 2658; x_wconf 79' lang='grc' dir='ltr'>καὶ</span> <span class='ocrx_word' id='word_1_189' title='bbox 1331 2605 1574 2676; x_wconf 84' lang='grc' dir='ltr'>Ἀκακίῳ</span> <span class='ocrx_word' id='word_1_190' title='bbox 1615 2606 1866 2660; x_wconf 80' lang='grc' dir='ltr'>ὲκὸαλεῖν</span> 
     </span>
    </p>
   </div>
   <div class='ocr_carea' id='block_1_29' title="bbox 274 2691 1860 2766">
    <p class='ocr_par' dir='ltr' id='par_1_29' title="bbox 274 2691 1860 2766">
     <span class='ocr_line' id='line_1_29' title="bbox 274 2691 1860 2766; baseline 0.006 -22"><span class='ocrx_word' id='word_1_191' title='bbox 274 2691 488 2763; x_wconf 79' lang='grc' dir='ltr'>Πέτρον</span> <span class='ocrx_word' id='word_1_192' title='bbox 507 2692 600 2745; x_wconf 81' lang='grc' dir='ltr'>τὸν</span> <span class='ocrx_word' id='word_1_193' title='bbox 621 2692 862 2762; x_wconf 81' lang='grc' dir='ltr'>Μογγὺν,</span> <span class='ocrx_word' id='word_1_194' title='bbox 890 2691 965 2758; x_wconf 87' lang='grc' dir='ltr'>ὡς</span> <span class='ocrx_word' id='word_1_195' title='bbox 982 2693 1280 2765; x_wconf 75' lang='grc' dir='ltr'>αἱρετικὸν,</span> <span class='ocrx_word' id='word_1_196' title='bbox 1310 2695 1409 2766; x_wconf 83' lang='grc' dir='ltr'>τῆς</span> <span class='ocrx_word' id='word_1_197' title='bbox 1450 2695 1778 2766; x_wconf 84' lang='grc' dir='ltr'>Ἐκκλησίας</span> <span class='ocrx_word' id='word_1_198' title='bbox 1797 2698 1860 2754; x_wconf 78' lang='grc'><strong>⁸⁸.</strong></span> 
     </span>
    </p>
   </div>
   <div class='ocr_carea' id='block_1_30' title="bbox 348 2961 1865 3037">
    <p class='ocr_par' dir='ltr' id='par_1_30' title="bbox 348 2961 1865 3037">
     <span class='ocr_line' id='line_1_30' title="bbox 348 2961 1865 3037; baseline 0 -20"><span class='ocrx_word' id='word_1_199' title='bbox 348 2962 414 3017; x_wconf 77' lang='grc' dir='ltr'>Δ.</span> <span class='ocrx_word' id='word_1_200' title='bbox 455 2962 535 3016; x_wconf 80' lang='grc' dir='ltr'>Μ.</span> <span class='ocrx_word' id='word_1_201' title='bbox 573 2961 733 3017; x_wconf 84' lang='lat'><strong>5979.</strong></span> <span class='ocrx_word' id='word_1_202' title='bbox 760 2961 1040 3032; x_wconf 83' lang='grc' dir='ltr'>-Τούτῳ</span> <span class='ocrx_word' id='word_1_203' title='bbox 1084 2962 1165 3034; x_wconf 83' lang='grc' dir='ltr'>τῷ</span> <span class='ocrx_word' id='word_1_204' title='bbox 1194 2961 1303 3016; x_wconf 71' lang='grc' dir='ltr'>ἔτει</span> <span class='ocrx_word' id='word_1_205' title='bbox 1336 2962 1448 3016; x_wconf 85' lang='grc' dir='ltr'>τῶν</span> <span class='ocrx_word' id='word_1_206' title='bbox 1493 2963 1602 3019; x_wconf 80' lang='grc' dir='ltr'><strong>ἀπὸ</strong></span> <span class='ocrx_word' id='word_1_207' title='bbox 1647 2963 1865 3037; x_wconf 83' lang='grc' dir='ltr'>Ῥώμης</span> 
     </span>
    </p>
   </div>
   <div class='ocr_carea' id='block_1_31' title="bbox 1967 494 3545 564">
    <p class='ocr_par' dir='ltr' id='par_1_31' title="bbox 1967 494 3545 564">
     <span class='ocr_line' id='line_1_31' title="bbox 1967 494 3545 564; baseline 0.001 -15"><span class='ocrx_word' id='word_1_208' title='bbox 1967 495 2186 550; x_wconf 89' lang='lat' dir='ltr'><strong>modum</strong></span> <span class='ocrx_word' id='word_1_209' title='bbox 2235 494 2350 549; x_wconf 91' lang='lat' dir='ltr'><strong>sola</strong></span> <span class='ocrx_word' id='word_1_210' title='bbox 2393 495 2564 560; x_wconf 84' lang='lat' dir='ltr'><strong>urbis,</strong></span> <span class='ocrx_word' id='word_1_211' title='bbox 2609 503 2668 550; x_wconf 85' lang='lat' dir='ltr'><strong>ut</strong></span> <span class='ocrx_word' id='word_1_212' title='bbox 2721 495 2893 558; x_wconf 87' lang='lat' dir='ltr'><strong>aiunt,</strong></span> <span class='ocrx_word' id='word_1_213' title='bbox 2946 495 3298 551; x_wconf 72' lang='lat' dir='ltr'><strong>miseratione</strong></span> <span class='ocrx_word' id='word_1_214' title='bbox 3340 507 3545 564; x_wconf 87' lang='lat' dir='ltr'><strong>motus,</strong></span> 
     </span>
    </p>
   </div>
   <div class='ocr_carea' id='block_1_32' title="bbox 1967 585 3543 658">
    <p class='ocr_par' dir='ltr' id='par_1_32' title="bbox 1967 585 3543 658">
     <span class='ocr_line' id='line_1_32' title="bbox 1967 585 3543 658; baseline 0.001 -16"><span class='ocrx_word' id='word_1_215' title='bbox 1967 597 2173 642; x_wconf 87' lang='lat' dir='ltr'><strong>remeat</strong></span> <span class='ocrx_word' id='word_1_216' title='bbox 2214 587 2269 641; x_wconf 92' lang='lat' dir='ltr'><strong>in</strong></span> <span class='ocrx_word' id='word_1_217' title='bbox 2315 586 2643 641; x_wconf 84' lang='lat' dir='ltr'><strong>Thraciam:</strong></span> <span class='ocrx_word' id='word_1_218' title='bbox 2685 595 2738 641; x_wconf 85' lang='lat' dir='ltr'><strong>et</strong></span> <span class='ocrx_word' id='word_1_219' title='bbox 2768 602 2797 640; x_wconf 90' lang='lat' dir='ltr'><strong>a</strong></span> <span class='ocrx_word' id='word_1_220' title='bbox 2858 585 3078 642; x_wconf 78' lang='lat' dir='ltr'><strong>Zenone</strong></span> <span class='ocrx_word' id='word_1_221' title='bbox 3121 591 3460 658; x_wconf 84' lang='lat' dir='ltr'><strong>compulsus,</strong></span> <span class='ocrx_word' id='word_1_222' title='bbox 3489 591 3543 644; x_wconf 91' lang='lat' dir='ltr'><strong>in</strong></span> 
     </span>
    </p>
   </div>
   <div class='ocr_carea' id='block_1_33' title="bbox 1965 679 3542 752">
    <p class='ocr_par' dir='ltr' id='par_1_33' title="bbox 1965 679 3542 752">
     <span class='ocr_line' id='line_1_33' title="bbox 1965 679 3542 752; baseline 0.001 -16"><span class='ocrx_word' id='word_1_223' title='bbox 1965 679 2173 736; x_wconf 81' lang='lat' dir='ltr'><strong>ltalia‘m</strong></span> <span class='ocrx_word' id='word_1_224' title='bbox 2233 681 2634 751; x_wconf 73' lang='lat' dir='ltr'><strong>proficiscitur;</strong></span> <span class='ocrx_word' id='word_1_225' title='bbox 2672 681 2762 734; x_wconf 90' lang='lat' dir='ltr'><strong>ubi</strong></span> <span class='ocrx_word' id='word_1_226' title='bbox 2818 679 3064 736; x_wconf 88' lang='lat' dir='ltr'><strong>Odoacro</strong></span> <span class='ocrx_word' id='word_1_227' title='bbox 3122 681 3329 752; x_wconf 81' lang='lat' dir='ltr'><strong>ingenti</strong></span> <span class='ocrx_word' id='word_1_228' title='bbox 3387 683 3542 738; x_wconf 83' lang='lat' dir='ltr'><strong>clade</strong></span> 
     </span>
    </p>
   </div>
   <div class='ocr_carea' id='block_1_34' title="bbox 1966 769 3544 841">
    <p class='ocr_par' dir='ltr' id='par_1_34' title="bbox 1966 769 3544 841">
     <span class='ocr_line' id='line_1_34' title="bbox 1966 769 3544 841; baseline 0.001 -17"><span class='ocrx_word' id='word_1_229' title='bbox 1966 771 2277 840; x_wconf 81' lang='lat' dir='ltr'><strong>proﬂigato.</strong></span> <span class='ocrx_word' id='word_1_230' title='bbox 2310 773 2454 841; x_wconf 90' lang='lat' dir='ltr'><strong>regis</strong></span> <span class='ocrx_word' id='word_1_231' title='bbox 2505 770 2736 841; x_wconf 84' lang='lat' dir='ltr'><strong>insignia</strong></span> <span class='ocrx_word' id='word_1_232' title='bbox 2779 769 3049 826; x_wconf 60' lang='lat' dir='ltr'><strong>Ravenna‘</strong></span> <span class='ocrx_word' id='word_1_233' title='bbox 3088 773 3306 826; x_wconf 85' lang='lat' dir='ltr'><strong>tandem</strong></span> <span class='ocrx_word' id='word_1_234' title='bbox 3349 773 3544 828; x_wconf 81' lang='lat' dir='ltr'><strong>induit.</strong></span> 
     </span>
    </p>
   </div>
   <div class='ocr_carea' id='block_1_35' title="bbox 1967 861 3546 933">
    <p class='ocr_par' dir='ltr' id='par_1_35' title="bbox 1967 861 3546 933">
     <span class='ocr_line' id='line_1_35' title="bbox 1967 861 3546 933; baseline 0.001 -15"><span class='ocrx_word' id='word_1_235' title='bbox 1967 861 2072 918; x_wconf 86' lang='lat' dir='ltr'><strong>Sed</strong></span> <span class='ocrx_word' id='word_1_236' title='bbox 2107 873 2160 918; x_wconf 90' lang='lat' dir='ltr'><strong>et</strong></span> <span class='ocrx_word' id='word_1_237' title='bbox 2203 865 2493 933; x_wconf 87' lang='lat' dir='ltr'><strong>plerosque</strong></span> <span class='ocrx_word' id='word_1_238' title='bbox 2526 862 2662 916; x_wconf 90' lang='lat' dir='ltr'><strong>alios</strong></span> <span class='ocrx_word' id='word_1_239' title='bbox 2711 862 2976 918; x_wconf 87' lang='lat' dir='ltr'><strong>barbaros</strong></span> <span class='ocrx_word' id='word_1_240' title='bbox 3028 864 3248 928; x_wconf 78' lang='lat' dir='ltr'><strong>devicit,</strong></span> <span class='ocrx_word' id='word_1_241' title='bbox 3289 880 3341 920; x_wconf 87' lang='lat' dir='ltr'><strong>et</strong></span> <span class='ocrx_word' id='word_1_242' title='bbox 3378 866 3546 920; x_wconf 89' lang='lat' dir='ltr'><strong>armis</strong></span> 
     </span>
    </p>
   </div>
   <div class='ocr_carea' id='block_1_36' title="bbox 1965 953 3542 1024">
    <p class='ocr_par' dir='ltr' id='par_1_36' title="bbox 1965 953 3542 1024">
     <span class='ocr_line' id='line_1_36' title="bbox 1965 953 3542 1024; baseline 0.001 -15"><span class='ocrx_word' id='word_1_243' title='bbox 1965 963 2174 1009; x_wconf 89' lang='lat' dir='ltr'><strong>tantum</strong></span> <span class='ocrx_word' id='word_1_244' title='bbox 2244 956 2504 1010; x_wconf 83' lang='lat' dir='ltr'><strong>adversus</strong></span> <span class='ocrx_word' id='word_1_245' title='bbox 2568 953 2837 1008; x_wconf 74' lang='lat' dir='ltr'><strong>Vandalus</strong></span> <span class='ocrx_word' id='word_1_246' title='bbox 2893 970 2998 1008; x_wconf 92' lang='lat' dir='ltr'><strong>non</strong></span> <span class='ocrx_word' id='word_1_247' title='bbox 3055 956 3239 1022; x_wconf 90' lang='lat' dir='ltr'><strong>motis,</strong></span> <span class='ocrx_word' id='word_1_248' title='bbox 3307 957 3542 1024; x_wconf 74' lang='lat' dir='ltr'><strong>quietem</strong></span> 
     </span>
    </p>
   </div>
   <div class='ocr_carea' id='block_1_37' title="bbox 1967 1044 3546 1116">
    <p class='ocr_par' dir='ltr' id='par_1_37' title="bbox 1967 1044 3546 1116">
     <span class='ocr_line' id='line_1_37' title="bbox 1967 1044 3546 1116; baseline 0.003 -18"><span class='ocrx_word' id='word_1_249' title='bbox 1967 1061 2128 1116; x_wconf 87' lang='lat' dir='ltr'><strong>agere</strong></span> <span class='ocrx_word' id='word_1_250' title='bbox 2161 1054 2214 1099; x_wconf 87' lang='lat' dir='ltr'><strong>et</strong></span> <span class='ocrx_word' id='word_1_251' title='bbox 2249 1047 2300 1100; x_wconf 94' lang='lat' dir='ltr'><strong>in</strong></span> <span class='ocrx_word' id='word_1_252' title='bbox 2334 1046 2520 1101; x_wconf 84' lang='lat' dir='ltr'><strong>multis</strong></span> <span class='ocrx_word' id='word_1_253' title='bbox 2561 1044 2839 1115; x_wconf 84' lang='lat' dir='ltr'><strong>subjectos</strong></span> <span class='ocrx_word' id='word_1_254' title='bbox 2869 1045 3064 1101; x_wconf 75' lang='lat' dir='ltr'><strong>effecit.</strong></span> <span class='ocrx_word' id='word_1_255' title='bbox 3099 1046 3384 1102; x_wconf 78' lang='lat' dir='ltr'><strong>Gizerieho</strong></span> <span class='ocrx_word' id='word_1_256' title='bbox 3416 1063 3546 1103; x_wconf 80' lang='lat' dir='ltr'><strong>vero</strong></span> 
     </span>
    </p>
   </div>
   <div class='ocr_carea' id='block_1_38' title="bbox 1961 1137 3547 1211">
    <p class='ocr_par' dir='ltr' id='par_1_38' title="bbox 1961 1137 3547 1211">
     <span class='ocr_line' id='line_1_38' title="bbox 1961 1137 3547 1211; baseline 0.003 -20"><span class='ocrx_word' id='word_1_257' title='bbox 1961 1137 2072 1206; x_wconf 88' lang='lat' dir='ltr'><strong>jam</strong></span> <span class='ocrx_word' id='word_1_258' title='bbox 2109 1138 2217 1193; x_wconf 85' lang='lat' dir='ltr'><strong>vita</strong></span> <span class='ocrx_word' id='word_1_259' title='bbox 2265 1138 2474 1204; x_wconf 80' lang='lat' dir='ltr'><strong>functo,</strong></span> <span class='ocrx_word' id='word_1_260' title='bbox 2508 1139 2826 1208; x_wconf 84' lang='lat' dir='ltr'><strong>priusquam</strong></span> <span class='ocrx_word' id='word_1_261' title='bbox 2875 1142 2989 1209; x_wconf 87' lang='lat' dir='ltr'><strong>ipse</strong></span> <span class='ocrx_word' id='word_1_262' title='bbox 3035 1139 3264 1194; x_wconf 89' lang='lat' dir='ltr'><strong>Romam</strong></span> <span class='ocrx_word' id='word_1_263' title='bbox 3312 1143 3547 1211; x_wconf 87' lang='lat' dir='ltr'><strong>appelle-</strong></span> 
     </span>
    </p>
   </div>
   <div class='ocr_carea' id='block_1_39' title="bbox 1967 1227 3543 1302">
    <p class='ocr_par' dir='ltr' id='par_1_39' title="bbox 1967 1227 3543 1302">
     <span class='ocr_line' id='line_1_39' title="bbox 1967 1227 3543 1302; baseline 0.004 -20"><span class='ocrx_word' id='word_1_264' title='bbox 1967 1235 2070 1294; x_wconf 87' lang='lat' dir='ltr'><strong>ret,</strong></span> <span class='ocrx_word' id='word_1_265' title='bbox 2113 1227 2258 1283; x_wconf 85' lang='lat' dir='ltr'><strong>Urbe</strong></span> <span class='ocrx_word' id='word_1_266' title='bbox 2294 1229 2509 1284; x_wconf 80' lang='lat' dir='ltr'><strong>tandem</strong></span> <span class='ocrx_word' id='word_1_267' title='bbox 2544 1240 2763 1300; x_wconf 87' lang='lat' dir='ltr'><strong>totoque</strong></span> <span class='ocrx_word' id='word_1_268' title='bbox 2794 1230 2958 1284; x_wconf 89' lang='lat' dir='ltr'><strong>simul</strong></span> <span class='ocrx_word' id='word_1_269' title='bbox 3005 1230 3300 1286; x_wconf 86' lang='lat' dir='ltr'><strong>Occidente</strong></span> <span class='ocrx_word' id='word_1_270' title='bbox 3339 1233 3543 1302; x_wconf 81' lang='lat' dir='ltr'><strong>potitus</strong></span> 
     </span>
    </p>
   </div>
   <div class='ocr_carea' id='block_1_40' title="bbox 1964 1329 2066 1374">
    <p class='ocr_par' dir='ltr' id='par_1_40' title="bbox 1964 1329 2066 1374">
     <span class='ocr_line' id='line_1_40' title="bbox 1964 1329 2066 1374; baseline -0.02 0"><span class='ocrx_word' id='word_1_271' title='bbox 1964 1329 2044 1374; x_wconf 75' lang='lat' dir='ltr'><strong>CSl</strong></span> <span class='ocrx_word' id='word_1_272' title='bbox 2055 1359 2066 1372; x_wconf 87' lang='lat'><strong>.</strong></span> 
     </span>
    </p>
   </div>
   <div class='ocr_carea' id='block_1_41' title="bbox 2037 1409 3544 1480">
    <p class='ocr_par' dir='ltr' id='par_1_41' title="bbox 2037 1409 3544 1480">
     <span class='ocr_line' id='line_1_41' title="bbox 2037 1409 3544 1480; baseline 0.001 -16"><span class='ocrx_word' id='word_1_273' title='bbox 2037 1415 2102 1465; x_wconf 79' lang='grc' dir='ltr'>Α.</span> <span class='ocrx_word' id='word_1_274' title='bbox 2139 1409 2202 1465; x_wconf 88' lang='lat' dir='ltr'><strong>C.</strong></span> <span class='ocrx_word' id='word_1_275' title='bbox 2236 1409 2361 1466; x_wconf 62' lang='lat'><strong>£78.</strong></span> <span class='ocrx_word' id='word_1_276' title='bbox 2391 1443 2456 1452; x_wconf 92' lang='lat'><strong>—-</strong></span> <span class='ocrx_word' id='word_1_277' title='bbox 2486 1411 2784 1466; x_wconf 74' lang='lat' dir='ltr'><strong>Antiochia:</strong></span> <span class='ocrx_word' id='word_1_278' title='bbox 2811 1411 3041 1480; x_wconf 78' lang='lat' dir='ltr'><strong>episwpi</strong></span> <span class='ocrx_word' id='word_1_279' title='bbox 3100 1409 3246 1466; x_wconf 83' lang='lat' dir='ltr'><strong>Petri</strong></span> <span class='ocrx_word' id='word_1_280' title='bbox 3295 1410 3544 1467; x_wconf 72' lang='lat' dir='ltr'><strong>Faltoni:</strong></span> 
     </span>
    </p>
   </div>
   <div class='ocr_carea' id='block_1_42' title="bbox 1966 1504 2400 1571">
    <p class='ocr_par' dir='ltr' id='par_1_42' title="bbox 1966 1504 2400 1571">
     <span class='ocr_line' id='line_1_42' title="bbox 1966 1504 2400 1571; baseline 0.005 -16"><span class='ocrx_word' id='word_1_281' title='bbox 1966 1518 2138 1556; x_wconf 74' lang='lat' dir='ltr'><strong>annus</strong></span> <span class='ocrx_word' id='word_1_282' title='bbox 2177 1504 2400 1571; x_wconf 83' lang='lat' dir='ltr'><strong>primus.</strong></span> 
     </span>
    </p>
   </div>
   <div class='ocr_carea' id='block_1_43' title="bbox 2037 1593 3545 1667">
    <p class='ocr_par' dir='ltr' id='par_1_43' title="bbox 2037 1593 3545 1667">
     <span class='ocr_line' id='line_1_43' title="bbox 2037 1593 3545 1667; baseline 0.003 -20"><span class='ocrx_word' id='word_1_283' title='bbox 2037 1593 2152 1648; x_wconf 89' lang='lat' dir='ltr'><strong>lloc</strong></span> <span class='ocrx_word' id='word_1_284' title='bbox 2178 1608 2322 1648; x_wconf 91' lang='lat' dir='ltr'><strong>anno</strong></span> <span class='ocrx_word' id='word_1_285' title='bbox 2349 1593 2586 1649; x_wconf 85' lang='lat' dir='ltr'><strong>Orientis</strong></span> <span class='ocrx_word' id='word_1_286' title='bbox 2611 1595 2856 1665; x_wconf 85' lang='lat' dir='ltr'><strong>episcopi</strong></span> <span class='ocrx_word' id='word_1_287' title='bbox 2886 1610 3009 1650; x_wconf 93' lang='lat' dir='ltr'><strong>cum</strong></span> <span class='ocrx_word' id='word_1_288' title='bbox 3048 1595 3249 1652; x_wconf 82' lang='lat' dir='ltr'><strong>Acacio</strong></span> <span class='ocrx_word' id='word_1_289' title='bbox 3278 1612 3372 1667; x_wconf 82' lang='lat' dir='ltr'><strong>per</strong></span> <span class='ocrx_word' id='word_1_290' title='bbox 3397 1597 3545 1652; x_wconf 83' lang='lat' dir='ltr'><strong>litte-</strong></span> 
     </span>
    </p>
   </div>
   <div class='ocr_carea' id='block_1_44' title="bbox 1967 1679 3546 1756">
    <p class='ocr_par' dir='ltr' id='par_1_44' title="bbox 1967 1679 3546 1756">
     <span class='ocr_line' id='line_1_44' title="bbox 1967 1679 3546 1756; baseline 0.002 -17"><span class='ocrx_word' id='word_1_291' title='bbox 1967 1699 2058 1740; x_wconf 86' lang='lat' dir='ltr'><strong>ras</strong></span> <span class='ocrx_word' id='word_1_292' title='bbox 2087 1687 2373 1755; x_wconf 86' lang='lat' dir='ltr'><strong>conquesti</strong></span> <span class='ocrx_word' id='word_1_293' title='bbox 2397 1698 2544 1752; x_wconf 89' lang='lat' dir='ltr'><strong>sunt,</strong></span> <span class='ocrx_word' id='word_1_294' title='bbox 2575 1685 2720 1756; x_wconf 87' lang='lat' dir='ltr'><strong>quod</strong></span> <span class='ocrx_word' id='word_1_295' title='bbox 2753 1679 2949 1756; x_wconf 54' lang='grc' dir='ltr'>Μοηο</span> <span class='ocrx_word' id='word_1_296' title='bbox 2977 1689 3383 1743; x_wconf 88' lang='lat' dir='ltr'><strong>communionis</strong></span> <span class='ocrx_word' id='word_1_297' title='bbox 3410 1704 3546 1744; x_wconf 86' lang='lat' dir='ltr'><strong>con-</strong></span> 
     </span>
    </p>
   </div>
   <div class='ocr_carea' id='block_1_45' title="bbox 1967 1773 3543 1847">
    <p class='ocr_par' dir='ltr' id='par_1_45' title="bbox 1967 1773 3543 1847">
     <span class='ocr_line' id='line_1_45' title="bbox 1967 1773 3543 1847; baseline 0.003 -19"><span class='ocrx_word' id='word_1_298' title='bbox 1967 1774 2197 1828; x_wconf 91' lang='lat' dir='ltr'><strong>sortium</strong></span> <span class='ocrx_word' id='word_1_299' title='bbox 2247 1773 2619 1844; x_wconf 90' lang='lat' dir='ltr'><strong>impertiisset.</strong></span> <span class='ocrx_word' id='word_1_300' title='bbox 2678 1774 2772 1830; x_wconf 93' lang='lat' dir='ltr'><strong>llle</strong></span> <span class='ocrx_word' id='word_1_301' title='bbox 2820 1778 3017 1847; x_wconf 88' lang='lat' dir='ltr'><strong>spretis</strong></span> <span class='ocrx_word' id='word_1_302' title='bbox 3068 1792 3257 1832; x_wconf 89' lang='lat' dir='ltr'><strong>eorum</strong></span> <span class='ocrx_word' id='word_1_303' title='bbox 3300 1778 3543 1843; x_wconf 83' lang='lat' dir='ltr'><strong>monitis,</strong></span> 
     </span>
    </p>
   </div>
   <div class='ocr_carea' id='block_1_46' title="bbox 1967 1866 3544 1938">
    <p class='ocr_par' dir='ltr' id='par_1_46' title="bbox 1967 1866 3544 1938">
     <span class='ocr_line' id='line_1_46' title="bbox 1967 1866 3544 1938; baseline 0.005 -18"><span class='ocrx_word' id='word_1_304' title='bbox 1967 1866 2225 1938; x_wconf 82' lang='lat' dir='ltr'><strong>Mongum</strong></span> <span class='ocrx_word' id='word_1_305' title='bbox 2295 1869 2546 1922; x_wconf 81' lang='lat' dir='ltr'><strong>eumdem</strong></span> <span class='ocrx_word' id='word_1_306' title='bbox 2606 1867 2659 1921; x_wconf 85' lang='lat' dir='ltr'><strong>in</strong></span> <span class='ocrx_word' id='word_1_307' title='bbox 2738 1871 3183 1926; x_wconf 89' lang='lat' dir='ltr'><strong>communionem</strong></span> <span class='ocrx_word' id='word_1_308' title='bbox 3255 1872 3544 1928; x_wconf 88' lang='lat' dir='ltr'><strong>admittere</strong></span> 
     </span>
    </p>
   </div>
   <div class='ocr_carea' id='block_1_47' title="bbox 1966 1958 3542 2029">
    <p class='ocr_par' dir='ltr' id='par_1_47' title="bbox 1966 1958 3542 2029">
     <span class='ocr_line' id='line_1_47' title="bbox 1966 1958 3542 2029; baseline 0.004 -17"><span class='ocrx_word' id='word_1_309' title='bbox 1966 1958 2438 2028; x_wconf 89' lang='lat' dir='ltr'><strong>impudentissime</strong></span> <span class='ocrx_word' id='word_1_310' title='bbox 2510 1959 2774 2029; x_wconf 89' lang='lat' dir='ltr'><strong>compulit</strong></span> <span class='ocrx_word' id='word_1_311' title='bbox 2832 1970 3082 2016; x_wconf 88' lang='lat' dir='ltr'><strong>cunctos.</strong></span> <span class='ocrx_word' id='word_1_312' title='bbox 3142 1961 3300 2018; x_wconf 83' lang='lat' dir='ltr'><strong>Cives</strong></span> <span class='ocrx_word' id='word_1_313' title='bbox 3361 1974 3542 2018; x_wconf 87' lang='lat' dir='ltr'><strong>autem</strong></span> 
     </span>
    </p>
   </div>
   <div class='ocr_carea' id='block_1_48' title="bbox 1967 2049 3540 2119">
    <p class='ocr_par' dir='ltr' id='par_1_48' title="bbox 1967 2049 3540 2119">
     <span class='ocr_line' id='line_1_48' title="bbox 1967 2049 3540 2119; baseline 0.004 -17"><span class='ocrx_word' id='word_1_314' title='bbox 1967 2049 2186 2105; x_wconf 87' lang='lat' dir='ltr'><strong>urbium</strong></span> <span class='ocrx_word' id='word_1_315' title='bbox 2225 2049 2427 2116; x_wconf 73' lang='lat' dir='ltr'><strong>regina:</strong></span> <span class='ocrx_word' id='word_1_316' title='bbox 2447 2051 2736 2119; x_wconf 89' lang='lat' dir='ltr'><strong>cunctique</strong></span> <span class='ocrx_word' id='word_1_317' title='bbox 2769 2049 2932 2105; x_wconf 90' lang='lat' dir='ltr'><strong>simul</strong></span> <span class='ocrx_word' id='word_1_318' title='bbox 2961 2052 3256 2108; x_wconf 83' lang='lat' dir='ltr'><strong>orientales</strong></span> <span class='ocrx_word' id='word_1_319' title='bbox 3281 2051 3540 2117; x_wconf 84' lang='lat' dir='ltr'><strong>Felicem,</strong></span> 
     </span>
    </p>
   </div>
   <div class='ocr_carea' id='block_1_49' title="bbox 1965 2142 3544 2213">
    <p class='ocr_par' dir='ltr' id='par_1_49' title="bbox 1965 2142 3544 2213">
     <span class='ocr_line' id='line_1_49' title="bbox 1965 2142 3544 2213; baseline 0.002 -17"><span class='ocrx_word' id='word_1_320' title='bbox 1965 2143 2060 2212; x_wconf 90' lang='lat' dir='ltr'><strong>qui</strong></span> <span class='ocrx_word' id='word_1_321' title='bbox 2099 2153 2222 2213; x_wconf 90' lang='lat' dir='ltr'><strong>post</strong></span> <span class='ocrx_word' id='word_1_322' title='bbox 2256 2142 2524 2212; x_wconf 87' lang='lat' dir='ltr'><strong>Simplicii</strong></span> <span class='ocrx_word' id='word_1_323' title='bbox 2562 2142 2772 2198; x_wconf 88' lang='lat' dir='ltr'><strong>obitum</strong></span> <span class='ocrx_word' id='word_1_324' title='bbox 2805 2142 3105 2199; x_wconf 82' lang='lat' dir='ltr'><strong>Romanam</strong></span> <span class='ocrx_word' id='word_1_325' title='bbox 3160 2145 3344 2200; x_wconf 86' lang='lat' dir='ltr'><strong>sedem</strong></span> <span class='ocrx_word' id='word_1_326' title='bbox 3393 2153 3544 2199; x_wconf 83' lang='lat' dir='ltr'><strong>tene-</strong></span> 
     </span>
    </p>
   </div>
   <div class='ocr_carea' id='block_1_50' title="bbox 1967 2233 3542 2305">
    <p class='ocr_par' dir='ltr' id='par_1_50' title="bbox 1967 2233 3542 2305">
     <span class='ocr_line' id='line_1_50' title="bbox 1967 2233 3542 2305; baseline 0.002 -17"><span class='ocrx_word' id='word_1_327' title='bbox 1967 2234 2081 2299; x_wconf 88' lang='lat' dir='ltr'><strong>bat,</strong></span> <span class='ocrx_word' id='word_1_328' title='bbox 2112 2234 2389 2305; x_wconf 89' lang='lat' dir='ltr'><strong>supplices</strong></span> <span class='ocrx_word' id='word_1_329' title='bbox 2413 2233 2666 2289; x_wconf 90' lang='lat' dir='ltr'><strong>adierunt</strong></span> <span class='ocrx_word' id='word_1_330' title='bbox 2693 2244 2746 2289; x_wconf 90' lang='lat' dir='ltr'><strong>et</strong></span> <span class='ocrx_word' id='word_1_331' title='bbox 2776 2237 3044 2290; x_wconf 93' lang='lat' dir='ltr'><strong>malorum</strong></span> <span class='ocrx_word' id='word_1_332' title='bbox 3068 2238 3312 2291; x_wconf 90' lang='lat' dir='ltr'><strong>omnium</strong></span> <span class='ocrx_word' id='word_1_333' title='bbox 3350 2249 3542 2291; x_wconf 87' lang='lat' dir='ltr'><strong>aucto-</strong></span> 
     </span>
    </p>
   </div>
   <div class='ocr_carea' id='block_1_51' title="bbox 1966 2325 3544 2384">
    <p class='ocr_par' dir='ltr' id='par_1_51' title="bbox 1966 2325 3544 2384">
     <span class='ocr_line' id='line_1_51' title="bbox 1966 2325 3544 2384; baseline 0.001 -2"><span class='ocrx_word' id='word_1_334' title='bbox 1966 2342 2078 2382; x_wconf 92' lang='lat' dir='ltr'><strong>rem</strong></span> <span class='ocrx_word' id='word_1_335' title='bbox 2125 2327 2516 2382; x_wconf 86' lang='lat' dir='ltr'><strong>incusaverunt</strong></span> <span class='ocrx_word' id='word_1_336' title='bbox 2552 2328 2833 2382; x_wconf 85' lang='lat' dir='ltr'><strong>Acacium.</strong></span> <span class='ocrx_word' id='word_1_337' title='bbox 2868 2326 3076 2383; x_wconf 84' lang='lat' dir='ltr'><strong>Interea</strong></span> <span class='ocrx_word' id='word_1_338' title='bbox 3130 2325 3366 2383; x_wconf 81' lang='lat' dir='ltr'><strong>Joannes</strong></span> <span class='ocrx_word' id='word_1_339' title='bbox 3419 2327 3544 2384; x_wconf 85' lang='lat' dir='ltr'><strong>Ale-</strong></span> 
     </span>
    </p>
   </div>
   <div class='ocr_carea' id='block_1_52' title="bbox 1967 2419 3539 2490">
    <p class='ocr_par' dir='ltr' id='par_1_52' title="bbox 1967 2419 3539 2490">
     <span class='ocr_line' id='line_1_52' title="bbox 1967 2419 3539 2490; baseline 0.001 -16"><span class='ocrx_word' id='word_1_340' title='bbox 1967 2419 2209 2475; x_wconf 65' lang='lat' dir='ltr'><strong>xandriaa</strong></span> <span class='ocrx_word' id='word_1_341' title='bbox 2263 2420 2462 2490; x_wconf 60' lang='lat' dir='ltr'><strong>praesul</strong></span> <span class='ocrx_word' id='word_1_342' title='bbox 2514 2420 2628 2476; x_wconf 65' lang='lat' dir='ltr'><strong>bare</strong></span> <span class='ocrx_word' id='word_1_343' title='bbox 2683 2421 2871 2475; x_wconf 90' lang='lat' dir='ltr'><strong>eadem</strong></span> <span class='ocrx_word' id='word_1_344' title='bbox 2929 2421 3258 2476; x_wconf 88' lang='lat' dir='ltr'><strong>denuntians</strong></span> <span class='ocrx_word' id='word_1_345' title='bbox 3311 2422 3539 2475; x_wconf 85' lang='lat' dir='ltr'><strong>Romam</strong></span> 
     </span>
    </p>
   </div>
   <div class='ocr_carea' id='block_1_53' title="bbox 1969 2507 3542 2583">
    <p class='ocr_par' dir='ltr' id='par_1_53' title="bbox 1969 2507 3542 2583">
     <span class='ocr_line' id='line_1_53' title="bbox 1969 2507 3542 2583; baseline 0.001 -18"><span class='ocrx_word' id='word_1_346' title='bbox 1969 2511 2291 2580; x_wconf 77' lang='lat' dir='ltr'><strong>ingreditur.</strong></span> <span class='ocrx_word' id='word_1_347' title='bbox 2329 2507 2480 2565; x_wconf 75' lang='lat' dir='ltr'><strong>Felix</strong></span> <span class='ocrx_word' id='word_1_348' title='bbox 2524 2511 2729 2580; x_wconf 87' lang='lat' dir='ltr'><strong>itaque,</strong></span> <span class='ocrx_word' id='word_1_349' title='bbox 2759 2511 2966 2581; x_wconf 81' lang='lat' dir='ltr'><strong>synodo</strong></span> <span class='ocrx_word' id='word_1_350' title='bbox 3007 2511 3060 2564; x_wconf 91' lang='lat' dir='ltr'><strong>in</strong></span> <span class='ocrx_word' id='word_1_351' title='bbox 3102 2511 3373 2583; x_wconf 63' lang='lat' dir='ltr'><strong>corypbaai</strong></span> <span class='ocrx_word' id='word_1_352' title='bbox 3409 2527 3542 2581; x_wconf 87' lang='lat' dir='ltr'><strong>apo-</strong></span> 
     </span>
    </p>
   </div>
   <div class='ocr_carea' id='block_1_54' title="bbox 1965 2601 3542 2673">
    <p class='ocr_par' dir='ltr' id='par_1_54' title="bbox 1965 2601 3542 2673">
     <span class='ocr_line' id='line_1_54' title="bbox 1965 2601 3542 2673; baseline 0.003 -16"><span class='ocrx_word' id='word_1_353' title='bbox 1965 2603 2229 2658; x_wconf 86' lang='lat' dir='ltr'><strong>stolorum</strong></span> <span class='ocrx_word' id='word_1_354' title='bbox 2263 2602 2407 2657; x_wconf 89' lang='lat' dir='ltr'><strong>Petri</strong></span> <span class='ocrx_word' id='word_1_355' title='bbox 2431 2603 2629 2673; x_wconf 88' lang='lat' dir='ltr'><strong>templo</strong></span> <span class='ocrx_word' id='word_1_356' title='bbox 2653 2612 2863 2669; x_wconf 88' lang='lat' dir='ltr'><strong>coacta,</strong></span> <span class='ocrx_word' id='word_1_357' title='bbox 2887 2601 3026 2658; x_wconf 89' lang='lat' dir='ltr'><strong>duos</strong></span> <span class='ocrx_word' id='word_1_358' title='bbox 3051 2603 3334 2673; x_wconf 83' lang='lat' dir='ltr'><strong>episcOpos</strong></span> <span class='ocrx_word' id='word_1_359' title='bbox 3356 2615 3407 2658; x_wconf 90' lang='lat' dir='ltr'><strong>et</strong></span> <span class='ocrx_word' id='word_1_360' title='bbox 3435 2619 3542 2661; x_wconf 82' lang='lat' dir='ltr'><strong>una</strong></span> 
     </span>
    </p>
   </div>
   <div class='ocr_carea' id='block_1_55' title="bbox 1966 2693 3543 2766">
    <p class='ocr_par' dir='ltr' id='par_1_55' title="bbox 1966 2693 3543 2766">
     <span class='ocr_line' id='line_1_55' title="bbox 1966 2693 3543 2766; baseline -0.001 -15"><span class='ocrx_word' id='word_1_361' title='bbox 1966 2695 2306 2751; x_wconf 81' lang='lat' dir='ltr'><strong>defensorem</strong></span> <span class='ocrx_word' id='word_1_362' title='bbox 2342 2694 2556 2766; x_wconf 87' lang='lat' dir='ltr'><strong>Cpolim</strong></span> <span class='ocrx_word' id='word_1_363' title='bbox 2605 2695 2822 2766; x_wconf 78' lang='lat' dir='ltr'><strong>ablegat</strong></span> <span class='ocrx_word' id='word_1_364' title='bbox 2876 2693 3196 2766; x_wconf 85' lang='lat' dir='ltr'><strong>Zenonique</strong></span> <span class='ocrx_word' id='word_1_365' title='bbox 3235 2705 3289 2751; x_wconf 91' lang='lat' dir='ltr'><strong>et</strong></span> <span class='ocrx_word' id='word_1_366' title='bbox 3342 2698 3543 2752; x_wconf 80' lang='lat' dir='ltr'><strong>Acacio</strong></span> 
     </span>
    </p>
   </div>
   <div class='ocr_carea' id='block_1_56' title="bbox 1967 2787 3545 2858">
    <p class='ocr_par' dir='ltr' id='par_1_56' title="bbox 1967 2787 3545 2858">
     <span class='ocr_line' id='line_1_56' title="bbox 1967 2787 3545 2858; baseline 0.001 -17"><span class='ocrx_word' id='word_1_367' title='bbox 1967 2787 2160 2844; x_wconf 86' lang='lat' dir='ltr'><strong>litteris</strong></span> <span class='ocrx_word' id='word_1_368' title='bbox 2194 2788 2486 2856; x_wconf 84' lang='lat' dir='ltr'><strong>significat,</strong></span> <span class='ocrx_word' id='word_1_369' title='bbox 2527 2795 2586 2842; x_wconf 90' lang='lat' dir='ltr'><strong>ut</strong></span> <span class='ocrx_word' id='word_1_370' title='bbox 2619 2787 2838 2843; x_wconf 86' lang='lat' dir='ltr'><strong>Petrum</strong></span> <span class='ocrx_word' id='word_1_371' title='bbox 2891 2787 3148 2858; x_wconf 78' lang='lat' dir='ltr'><strong>Mongum</strong></span> <span class='ocrx_word' id='word_1_372' title='bbox 3188 2804 3286 2844; x_wconf 91' lang='lat' dir='ltr'><strong>ceu</strong></span> <span class='ocrx_word' id='word_1_373' title='bbox 3329 2788 3545 2844; x_wconf 82' lang='lat' dir='ltr'><strong>haereti-</strong></span> 
     </span>
    </p>
   </div>
   <div class='ocr_carea' id='block_1_57' title="bbox 1966 2879 2728 2950">
    <p class='ocr_par' dir='ltr' id='par_1_57' title="bbox 1966 2879 2728 2950">
     <span class='ocr_line' id='line_1_57' title="bbox 1966 2879 2728 2950; baseline 0.001 -15"><span class='ocrx_word' id='word_1_374' title='bbox 1966 2895 2091 2935; x_wconf 91' lang='lat' dir='ltr'><strong>cum</strong></span> <span class='ocrx_word' id='word_1_375' title='bbox 2123 2879 2452 2934; x_wconf 82' lang='lat' dir='ltr'><strong>Alexandria</strong></span> <span class='ocrx_word' id='word_1_376' title='bbox 2481 2881 2728 2950; x_wconf 85' lang='lat' dir='ltr'><strong>ejiciant.</strong></span> 
     </span>
    </p>
   </div>
   <div class='ocr_carea' id='block_1_58' title="bbox 2036 2969 3541 3043">
    <p class='ocr_par' dir='ltr' id='par_1_58' title="bbox 2036 2969 3541 3043">
     <span class='ocr_line' id='line_1_58' title="bbox 2036 2969 3541 3043; baseline 0.001 -19"><span class='ocrx_word' id='word_1_377' title='bbox 2036 2971 2103 3024; x_wconf 92' lang='lat' dir='ltr'><strong>A.</strong></span> <span class='ocrx_word' id='word_1_378' title='bbox 2135 2969 2196 3026; x_wconf 92' lang='lat' dir='ltr'><strong>C.</strong></span> <span class='ocrx_word' id='word_1_379' title='bbox 2232 2971 2360 3029; x_wconf 68' lang='lat'><strong>479.</strong></span> <span class='ocrx_word' id='word_1_380' title='bbox 2393 3003 2461 3014; x_wconf 92' lang='lat'><strong>—</strong></span> <span class='ocrx_word' id='word_1_381' title='bbox 2492 2971 2607 3026; x_wconf 80' lang='lat' dir='ltr'><strong>Hoc</strong></span> <span class='ocrx_word' id='word_1_382' title='bbox 2639 2987 2787 3027; x_wconf 91' lang='lat' dir='ltr'><strong>anno</strong></span> <span class='ocrx_word' id='word_1_383' title='bbox 2824 2973 3017 3042; x_wconf 79' lang='lat' dir='ltr'><strong>legatis</strong></span> <span class='ocrx_word' id='word_1_384' title='bbox 3065 2973 3237 3026; x_wconf 86' lang='lat' dir='ltr'><strong>Roma</strong></span> <span class='ocrx_word' id='word_1_385' title='bbox 3280 2973 3541 3043; x_wconf 85' lang='lat' dir='ltr'><strong>profectis</strong></span> 
     </span>
    </p>
   </div>
   <div class='ocr_carea' id='block_1_59' title="bbox 277 3051 1864 3142">
    <p class='ocr_par' dir='ltr' id='par_1_59' title="bbox 277 3051 1864 3130">
     <span class='ocr_line' id='line_1_59' title="bbox 277 3051 1864 3130; baseline 0.001 -22"><span class='ocrx_word' id='word_1_386' title='bbox 277 3053 646 3124; x_wconf 74' lang='grc' dir='ltr'>πεμφθέντων</span> <span class='ocrx_word' id='word_1_387' title='bbox 679 3051 792 3124; x_wconf 76' lang='lat'><strong>(30)</strong></span> <span class='ocrx_word' id='word_1_388' title='bbox 850 3052 908 3106; x_wconf 70' lang='grc' dir='ltr'>ἓν</span> <span class='ocrx_word' id='word_1_389' title='bbox 971 3052 1180 3124; x_wconf 75' lang='grc' dir='ltr'>Ἀϐύδῳ</span> <span class='ocrx_word' id='word_1_390' title='bbox 1243 3053 1626 3127; x_wconf 83' lang='grc' dir='ltr'>κρατηθέντων</span> <span class='ocrx_word' id='word_1_391' title='bbox 1669 3057 1864 3130; x_wconf 82' lang='grc' dir='ltr'>γνώμῃ</span> 
     </span>
    </p>
   </div>
   <div class='ocr_carea' id='block_1_60' title="bbox 1965 3051 3540 3142">
    <p class='ocr_par' dir='ltr' id='par_1_60' title="bbox 1967 3060 3540 3134">
     <span class='ocr_line' id='line_1_60' title="bbox 1967 3060 3540 3134; baseline 0.001 -18"><span class='ocrx_word' id='word_1_392' title='bbox 1967 3069 2021 3117; x_wconf 90' lang='lat' dir='ltr'><strong>et</strong></span> <span class='ocrx_word' id='word_1_393' title='bbox 2053 3063 2194 3132; x_wconf 90' lang='lat' dir='ltr'><strong>apud</strong></span> <span class='ocrx_word' id='word_1_394' title='bbox 2229 3061 2480 3134; x_wconf 84' lang='lat' dir='ltr'><strong>Abydum</strong></span> <span class='ocrx_word' id='word_1_395' title='bbox 2513 3060 2750 3119; x_wconf 88' lang='lat' dir='ltr'><strong>Zenonis</strong></span> <span class='ocrx_word' id='word_1_396' title='bbox 2774 3073 2830 3118; x_wconf 92' lang='lat' dir='ltr'><strong>et</strong></span> <span class='ocrx_word' id='word_1_397' title='bbox 2862 3064 3046 3119; x_wconf 82' lang='lat' dir='ltr'><strong>Aeacii</strong></span> <span class='ocrx_word' id='word_1_398' title='bbox 3083 3065 3317 3119; x_wconf 88' lang='lat' dir='ltr'><strong>consilio</strong></span> <span class='ocrx_word' id='word_1_399' title='bbox 3351 3065 3540 3118; x_wconf 87' lang='lat' dir='ltr'><strong>deten-</strong></span> 
     </span>
    </p>
   </div>
   <div class='ocr_carea' id='block_1_61' title="bbox 275 3144 1863 3218">
    <p class='ocr_par' dir='ltr' id='par_1_61' title="bbox 275 3144 1863 3218">
     <span class='ocr_line' id='line_1_61' title="bbox 275 3144 1863 3218; baseline 0.002 -18"><span class='ocrx_word' id='word_1_400' title='bbox 275 3149 531 3218; x_wconf 81' lang='grc' dir='ltr'>Ζήνωνος</span> <span class='ocrx_word' id='word_1_401' title='bbox 564 3145 660 3200; x_wconf 79' lang='grc' dir='ltr'><strong>καὶ</strong></span> <span class='ocrx_word' id='word_1_402' title='bbox 711 3144 992 3211; x_wconf 78' lang='grc' dir='ltr'>’Δκακίου,</span> <span class='ocrx_word' id='word_1_403' title='bbox 1025 3147 1121 3199; x_wconf 79' lang='grc' dir='ltr'>καὶ</span> <span class='ocrx_word' id='word_1_404' title='bbox 1158 3146 1268 3200; x_wconf 85' lang='grc' dir='ltr'><strong>τῶν</strong></span> <span class='ocrx_word' id='word_1_405' title='bbox 1301 3149 1647 3218; x_wconf 81' lang='grc' dir='ltr'>γραμμάτων</span> <span class='ocrx_word' id='word_1_406' title='bbox 1693 3150 1863 3218; x_wconf 84' lang='grc' dir='ltr'>ἀφαι-</span> 
     </span>
    </p>
   </div>
   <div class='ocr_carea' id='block_1_62' title="bbox 278 3235 1864 3312">
    <p class='ocr_par' dir='ltr' id='par_1_62' title="bbox 278 3235 1864 3312">
     <span class='ocr_line' id='line_1_62' title="bbox 278 3235 1864 3312; baseline 0.003 -22"><span class='ocrx_word' id='word_1_407' title='bbox 278 3238 554 3312; x_wconf 75' lang='grc' dir='ltr'>ρεθέντων</span> <span class='ocrx_word' id='word_1_408' title='bbox 577 3237 672 3290; x_wconf 77' lang='grc' dir='ltr'><strong>καὶ</strong></span> <span class='ocrx_word' id='word_1_409' title='bbox 699 3237 758 3289; x_wconf 84' lang='grc' dir='ltr'><strong>έν</strong></span> <span class='ocrx_word' id='word_1_410' title='bbox 783 3238 997 3309; x_wconf 80' lang='grc' dir='ltr'>φρουρᾷ</span> <span class='ocrx_word' id='word_1_411' title='bbox 1024 3235 1353 3308; x_wconf 77' lang='grc' dir='ltr'>βληθέντων,</span> <span class='ocrx_word' id='word_1_412' title='bbox 1384 3239 1650 3310; x_wconf 73' lang='grc' dir='ltr'>ἠπείλησε</span> <span class='ocrx_word' id='word_1_413' title='bbox 1679 3241 1864 3311; x_wconf 85' lang='grc' dir='ltr'>Ζήνων</span> 
     </span>
    </p>
   </div>
   <div class='ocr_carea' id='block_1_63' title="bbox 273 3326 1864 3403">
    <p class='ocr_par' dir='ltr' id='par_1_63' title="bbox 273 3326 1864 3403">
     <span class='ocr_line' id='line_1_63' title="bbox 273 3326 1864 3403; baseline 0.003 -23"><span class='ocrx_word' id='word_1_414' title='bbox 273 3328 507 3390; x_wconf 68' lang='grc' dir='ltr'>τούτους</span> <span class='ocrx_word' id='word_1_415' title='bbox 559 3326 789 3390; x_wconf 77' lang='grc' dir='ltr'>ἀνελεῖν,</span> <span class='ocrx_word' id='word_1_416' title='bbox 839 3329 888 3380; x_wconf 90' lang='grc' dir='ltr'><strong>εί</strong></span> <span class='ocrx_word' id='word_1_417' title='bbox 949 3329 1023 3398; x_wconf 83' lang='grc' dir='ltr'><strong>μὴ</strong></span> <span class='ocrx_word' id='word_1_418' title='bbox 1078 3331 1505 3399; x_wconf 87' lang='grc' dir='ltr'>κοινωνήσουσιν</span> <span class='ocrx_word' id='word_1_419' title='bbox 1530 3331 1576 3362; x_wconf 82' lang='grc'><em>⁸³</em></span> <span class='ocrx_word' id='word_1_420' title='bbox 1624 3331 1864 3403; x_wconf 83' lang='grc' dir='ltr'>Ἀκακίῳ</span> 
     </span>
    </p>
   </div>
   <div class='ocr_carea' id='block_1_64' title="bbox 276 3418 1131 3491">
    <p class='ocr_par' dir='ltr' id='par_1_64' title="bbox 276 3418 1131 3491">
     <span class='ocr_line' id='line_1_64' title="bbox 276 3418 1131 3491; baseline 0.004 -19"><span class='ocrx_word' id='word_1_421' title='bbox 276 3422 372 3473; x_wconf 71' lang='grc' dir='ltr'><strong>καὶ</strong></span> <span class='ocrx_word' id='word_1_422' title='bbox 402 3419 602 3489; x_wconf 79' lang='grc' dir='ltr'>Πέτρῳ</span> <span class='ocrx_word' id='word_1_423' title='bbox 638 3418 716 3490; x_wconf 81' lang='grc' dir='ltr'>τῷ</span> <span class='ocrx_word' id='word_1_424' title='bbox 756 3419 964 3490; x_wconf 81' lang='grc' dir='ltr'>Μογγῷ</span> <span class='ocrx_word' id='word_1_425' title='bbox 996 3419 1131 3491; x_wconf 78' lang='grc'><strong>(51).</strong></span> 
     </span>
    </p>
   </div>
   <div class='ocr_carea' id='block_1_65' title="bbox 347 3509 1863 3582">
    <p class='ocr_par' dir='ltr' id='par_1_65' title="bbox 347 3509 1863 3582">
     <span class='ocr_line' id='line_1_65' title="bbox 347 3509 1863 3582; baseline 0.003 -18"><span class='ocrx_word' id='word_1_426' title='bbox 347 3514 417 3565; x_wconf 84' lang='grc' dir='ltr'>Α.</span> <span class='ocrx_word' id='word_1_427' title='bbox 447 3512 523 3565; x_wconf 84' lang='grc' dir='ltr'>Μ.</span> <span class='ocrx_word' id='word_1_428' title='bbox 558 3510 718 3566; x_wconf 82' lang='lat'><strong>5980.</strong></span> <span class='ocrx_word' id='word_1_429' title='bbox 747 3539 820 3550; x_wconf 89' lang='grc'><strong><em>--</em></strong></span> <span class='ocrx_word' id='word_1_430' title='bbox 850 3510 1040 3582; x_wconf 80' lang='grc' dir='ltr'>Τούτῳ</span> <span class='ocrx_word' id='word_1_431' title='bbox 1072 3509 1152 3581; x_wconf 85' lang='grc' dir='ltr'>τῷ</span> <span class='ocrx_word' id='word_1_432' title='bbox 1198 3512 1308 3566; x_wconf 76' lang='grc' dir='ltr'>ἔτει</span> <span class='ocrx_word' id='word_1_433' title='bbox 1346 3513 1518 3578; x_wconf 83' lang='grc' dir='ltr'>Ἴλλος</span> <span class='ocrx_word' id='word_1_434' title='bbox 1558 3514 1652 3569; x_wconf 78' lang='grc' dir='ltr'><strong>καὶ</strong></span> <span class='ocrx_word' id='word_1_435' title='bbox 1695 3515 1863 3570; x_wconf 85' lang='grc' dir='ltr'>Λεόν-</span> 
     </span>
    </p>
   </div>
   <div class='ocr_carea' id='block_1_66' title="bbox 275 3601 1865 3680">
    <p class='ocr_par' dir='ltr' id='par_1_66' title="bbox 275 3601 1865 3680">
     <span class='ocr_line' id='line_1_66' title="bbox 275 3601 1865 3680; baseline 0.003 -24"><span class='ocrx_word' id='word_1_436' title='bbox 275 3615 392 3665; x_wconf 76' lang='grc' dir='ltr'>τιος</span> <span class='ocrx_word' id='word_1_437' title='bbox 421 3602 536 3674; x_wconf 72' lang='grc'><strong>(32)</strong></span> <span class='ocrx_word' id='word_1_438' title='bbox 571 3601 712 3672; x_wconf 85' lang='grc' dir='ltr'>μετὰ</span> <span class='ocrx_word' id='word_1_439' title='bbox 743 3601 972 3666; x_wconf 80' lang='grc' dir='ltr'>πολλοὺς</span> <span class='ocrx_word' id='word_1_440' title='bbox 1002 3601 1050 3634; x_wconf 76' lang='grc'><strong>⁸⁸</strong></span> <span class='ocrx_word' id='word_1_441' title='bbox 1079 3603 1348 3675; x_wconf 81' lang='grc' dir='ltr'>πολέμους</span> <span class='ocrx_word' id='word_1_442' title='bbox 1377 3605 1469 3658; x_wconf 76' lang='grc' dir='ltr'>ἐπὶ</span> <span class='ocrx_word' id='word_1_443' title='bbox 1501 3607 1744 3678; x_wconf 88' lang='grc' dir='ltr'>τέσσαρα</span> <span class='ocrx_word' id='word_1_444' title='bbox 1767 3607 1865 3680; x_wconf 82' lang='grc' dir='ltr'>ἐτη</span> 
     </span>
    </p>
   </div>
   <div class='ocr_carea' id='block_1_67' title="bbox 278 3692 1862 3767">
    <p class='ocr_par' dir='ltr' id='par_1_67' title="bbox 278 3692 1862 3767">
     <span class='ocr_line' id='line_1_67' title="bbox 278 3692 1862 3767; baseline 0.002 -20"><span class='ocrx_word' id='word_1_445' title='bbox 278 3693 686 3764; x_wconf 68' lang='grc' dir='ltr'>φρουρούμενοι</span> <span class='ocrx_word' id='word_1_446' title='bbox 720 3696 778 3748; x_wconf 85' lang='grc' dir='ltr'><strong>έν</strong></span> <span class='ocrx_word' id='word_1_447' title='bbox 797 3692 874 3764; x_wconf 83' lang='grc' dir='ltr'>τῷ</span> <span class='ocrx_word' id='word_1_448' title='bbox 902 3693 1201 3765; x_wconf 85' lang='grc' dir='ltr'>Παπουρίῳ</span> <span class='ocrx_word' id='word_1_449' title='bbox 1229 3695 1530 3767; x_wconf 83' lang='grc' dir='ltr'>καστελλίῳ</span> <span class='ocrx_word' id='word_1_450' title='bbox 1562 3695 1862 3767; x_wconf 76' lang='grc' dir='ltr'>ἐχειρώθη-</span> 
     </span>
    </p>
   </div>
   <div class='ocr_carea' id='block_1_68' title="bbox 281 3783 1860 3857">
    <p class='ocr_par' dir='ltr' id='par_1_68' title="bbox 281 3783 1860 3857">
     <span class='ocr_line' id='line_1_68' title="bbox 281 3783 1860 3857; baseline 0.001 -19"><span class='ocrx_word' id='word_1_451' title='bbox 281 3803 383 3839; x_wconf 86' lang='grc' dir='ltr'><strong>σαν</strong></span> <span class='ocrx_word' id='word_1_452' title='bbox 412 3785 674 3857; x_wconf 68' lang='grc' dir='ltr'>προδοσίᾳ</span> <span class='ocrx_word' id='word_1_453' title='bbox 701 3783 796 3839; x_wconf 80' lang='grc' dir='ltr'>τοῦ</span> <span class='ocrx_word' id='word_1_454' title='bbox 841 3785 1074 3855; x_wconf 72' lang='grc' dir='ltr'>ἀδελφοῦ</span> <span class='ocrx_word' id='word_1_455' title='bbox 1109 3786 1208 3856; x_wconf 79' lang='grc' dir='ltr'>τῆς</span> <span class='ocrx_word' id='word_1_456' title='bbox 1249 3785 1498 3857; x_wconf 82' lang='grc' dir='ltr'>γαμετῆς</span> <span class='ocrx_word' id='word_1_457' title='bbox 1523 3784 1860 3857; x_wconf 85' lang='grc' dir='ltr'>Τροκούνδου</span> 
     </span>
    </p>
   </div>
   <div class='ocr_carea' id='block_1_69' title="bbox 275 3876 1859 3948">
    <p class='ocr_par' dir='ltr' id='par_1_69' title="bbox 275 3876 1859 3948">
     <span class='ocr_line' id='line_1_69' title="bbox 275 3876 1859 3948; baseline 0.001 -18"><span class='ocrx_word' id='word_1_458' title='bbox 275 3878 417 3948; x_wconf 78' lang='grc' dir='ltr'><strong>ιόλῳ</strong></span> <span class='ocrx_word' id='word_1_459' title='bbox 435 3876 784 3947; x_wconf 79' lang='grc' dir='ltr'>πεμφθέντος</span> <span class='ocrx_word' id='word_1_460' title='bbox 811 3876 917 3930; x_wconf 78' lang='grc' dir='ltr'>ὑπὸ</span> <span class='ocrx_word' id='word_1_461' title='bbox 937 3878 1200 3948; x_wconf 85' lang='grc' dir='ltr'>Ζήνωνος.</span> <span class='ocrx_word' id='word_1_462' title='bbox 1231 3877 1342 3930; x_wconf 79' lang='grc' dir='ltr'><strong>Καὶ</strong></span> <span class='ocrx_word' id='word_1_463' title='bbox 1370 3877 1770 3947; x_wconf 82' lang='grc' dir='ltr'>ἀπετμήθησαν</span> <span class='ocrx_word' id='word_1_464' title='bbox 1792 3880 1859 3943; x_wconf 79' lang='grc'>³⁸,</span> 
     </span>
    </p>
   </div>
   <div class='ocr_carea' id='block_1_70' title="bbox 278 3968 1866 4041">
    <p class='ocr_par' dir='ltr' id='par_1_70' title="bbox 278 3968 1866 4041">
     <span class='ocr_line' id='line_1_70' title="bbox 278 3968 1866 4041; baseline -0.001 -15"><span class='ocrx_word' id='word_1_465' title='bbox 278 3973 375 4026; x_wconf 80' lang='grc' dir='ltr'><strong>καὶ</strong></span> <span class='ocrx_word' id='word_1_466' title='bbox 417 3973 474 4025; x_wconf 73' lang='grc' dir='ltr'><strong>αἱ</strong></span> <span class='ocrx_word' id='word_1_467' title='bbox 517 3971 753 4040; x_wconf 58' lang='grc' dir='ltr'><strong>κειίιιιιλαῖ⁵</strong></span> <span class='ocrx_word' id='word_1_468' title='bbox 790 3969 970 4025; x_wconf 80' lang='grc' dir='ltr'>αὐτῶν</span> <span class='ocrx_word' id='word_1_469' title='bbox 1007 3968 1368 4040; x_wconf 73' lang='grc' dir='ltr'>ἐπέμφθησαν</span> <span class='ocrx_word' id='word_1_470' title='bbox 1416 3968 1493 4041; x_wconf 83' lang='grc' dir='ltr'>τῷ</span> <span class='ocrx_word' id='word_1_471' title='bbox 1517 3971 1726 4040; x_wconf 80' lang='grc' dir='ltr'>Ζήνωνι</span> <span class='ocrx_word' id='word_1_472' title='bbox 1769 3971 1866 4024; x_wconf 73' lang='grc' dir='ltr'>καὶ</span> 
     </span>
    </p>
   </div>
   <div class='ocr_carea' id='block_1_71' title="bbox 276 4059 1866 4134">
    <p class='ocr_par' dir='ltr' id='par_1_71' title="bbox 276 4059 1866 4134">
     <span class='ocr_line' id='line_1_71' title="bbox 276 4059 1866 4134; baseline 0.001 -18"><span class='ocrx_word' id='word_1_473' title='bbox 276 4063 622 4134; x_wconf 72' lang='grc' dir='ltr'>εἰσήχθησαν</span> <span class='ocrx_word' id='word_1_474' title='bbox 657 4063 704 4094; x_wconf 80' lang='grc'><strong>⁸⁸</strong></span> <span class='ocrx_word' id='word_1_475' title='bbox 748 4063 830 4125; x_wconf 86' lang='grc' dir='ltr'><strong>είς</strong></span> <span class='ocrx_word' id='word_1_476' title='bbox 881 4061 1104 4126; x_wconf 81' lang='grc' dir='ltr'>κοντοὺς</span> <span class='ocrx_word' id='word_1_477' title='bbox 1134 4060 1242 4132; x_wconf 77' lang='grc'><strong>(55)</strong></span> <span class='ocrx_word' id='word_1_478' title='bbox 1287 4061 1346 4114; x_wconf 82' lang='grc' dir='ltr'>ἐν</span> <span class='ocrx_word' id='word_1_479' title='bbox 1387 4059 1467 4132; x_wconf 82' lang='grc' dir='ltr'><strong>τῷ</strong></span> <span class='ocrx_word' id='word_1_480' title='bbox 1522 4060 1734 4132; x_wconf 75' lang='grc' dir='ltr'>ἱππικῷ</span> <span class='ocrx_word' id='word_1_481' title='bbox 1766 4063 1866 4117; x_wconf 75' lang='grc' dir='ltr'><strong>κάο</strong></span> 
     </span>
    </p>
   </div>
   <div class='ocr_carea' id='block_1_72' title="bbox 1969 3154 3538 3226">
    <p class='ocr_par' dir='ltr' id='par_1_72' title="bbox 1969 3154 3538 3226">
     <span class='ocr_line' id='line_1_72' title="bbox 1969 3154 3538 3226; baseline 0 -17"><span class='ocrx_word' id='word_1_482' title='bbox 1969 3154 2062 3219; x_wconf 90' lang='lat' dir='ltr'><strong>tis,</strong></span> <span class='ocrx_word' id='word_1_483' title='bbox 2108 3155 2160 3210; x_wconf 78' lang='lat' dir='ltr'><strong>vi</strong></span> <span class='ocrx_word' id='word_1_484' title='bbox 2209 3171 2430 3226; x_wconf 84' lang='lat' dir='ltr'><strong>quoque</strong></span> <span class='ocrx_word' id='word_1_485' title='bbox 2484 3155 2681 3211; x_wconf 87' lang='lat' dir='ltr'><strong>ablatis</strong></span> <span class='ocrx_word' id='word_1_486' title='bbox 2727 3171 2916 3210; x_wconf 91' lang='lat' dir='ltr'><strong>eorum</strong></span> <span class='ocrx_word' id='word_1_487' title='bbox 2967 3156 3162 3210; x_wconf 83' lang='lat' dir='ltr'><strong>litteris</strong></span> <span class='ocrx_word' id='word_1_488' title='bbox 3205 3155 3446 3226; x_wconf 75' lang='lat' dir='ltr'><strong>ipsisque.</strong></span> <span class='ocrx_word' id='word_1_489' title='bbox 3484 3157 3538 3210; x_wconf 86' lang='lat' dir='ltr'><strong>in</strong></span> 
     </span>
    </p>
   </div>
   <div class='ocr_carea' id='block_1_73' title="bbox 1970 3247 3543 3317">
    <p class='ocr_par' dir='ltr' id='par_1_73' title="bbox 1970 3247 3543 3317">
     <span class='ocr_line' id='line_1_73' title="bbox 1970 3247 3543 3317; baseline 0.001 -16"><span class='ocrx_word' id='word_1_490' title='bbox 1970 3262 2242 3304; x_wconf 89' lang='lat' dir='ltr'><strong>carcerem</strong></span> <span class='ocrx_word' id='word_1_491' title='bbox 2283 3249 2566 3317; x_wconf 88' lang='lat' dir='ltr'><strong>conjectis,</strong></span> <span class='ocrx_word' id='word_1_492' title='bbox 2599 3264 2715 3316; x_wconf 89' lang='lat' dir='ltr'><strong>eos,</strong></span> <span class='ocrx_word' id='word_1_493' title='bbox 2751 3249 2852 3304; x_wconf 91' lang='lat' dir='ltr'><strong>nisi</strong></span> <span class='ocrx_word' id='word_1_494' title='bbox 2887 3263 3012 3304; x_wconf 90' lang='lat' dir='ltr'><strong>cum</strong></span> <span class='ocrx_word' id='word_1_495' title='bbox 3043 3249 3240 3302; x_wconf 83' lang='lat' dir='ltr'><strong>Acacio</strong></span> <span class='ocrx_word' id='word_1_496' title='bbox 3278 3258 3332 3303; x_wconf 86' lang='lat' dir='ltr'><strong>et</strong></span> <span class='ocrx_word' id='word_1_497' title='bbox 3381 3247 3543 3303; x_wconf 88' lang='lat' dir='ltr'><strong>Petro</strong></span> 
     </span>
    </p>
   </div>
   <div class='ocr_carea' id='block_1_74' title="bbox 1967 3337 3546 3409">
    <p class='ocr_par' dir='ltr' id='par_1_74' title="bbox 1967 3337 3546 3409">
     <span class='ocr_line' id='line_1_74' title="bbox 1967 3337 3546 3409; baseline 0.001 -17"><span class='ocrx_word' id='word_1_498' title='bbox 1967 3337 2166 3409; x_wconf 86' lang='lat' dir='ltr'><strong>Mongo</strong></span> <span class='ocrx_word' id='word_1_499' title='bbox 2197 3341 2621 3407; x_wconf 89' lang='lat' dir='ltr'><strong>communicent,</strong></span> <span class='ocrx_word' id='word_1_500' title='bbox 2656 3340 3094 3404; x_wconf 88' lang='lat' dir='ltr'><strong>interfecturum,</strong></span> <span class='ocrx_word' id='word_1_501' title='bbox 3125 3338 3274 3396; x_wconf 90' lang='lat' dir='ltr'><strong>Zeno</strong></span> <span class='ocrx_word' id='word_1_502' title='bbox 3315 3341 3546 3395; x_wconf 61' lang='lat' dir='ltr'><strong>commi-</strong></span> 
     </span>
    </p>
   </div>
   <div class='ocr_carea' id='block_1_75' title="bbox 1970 3439 2152 3496">
    <p class='ocr_par' dir='ltr' id='par_1_75' title="bbox 1970 3439 2152 3496">
     <span class='ocr_line' id='line_1_75' title="bbox 1970 3439 2152 3496; baseline -0.016 -11"><span class='ocrx_word' id='word_1_503' title='bbox 1970 3439 2152 3496; x_wconf 64' lang='lat' dir='ltr'><strong>natur,</strong></span> 
     </span>
    </p>
   </div>
   <div class='ocr_carea' id='block_1_76' title="bbox 2042 3519 3539 3594">
    <p class='ocr_par' dir='ltr' id='par_1_76' title="bbox 2042 3519 3539 3594">
     <span class='ocr_line' id='line_1_76' title="bbox 2042 3519 3539 3594; baseline -0.001 -19"><span class='ocrx_word' id='word_1_504' title='bbox 2042 3522 2106 3576; x_wconf 83' lang='lat' dir='ltr'><strong>A.</strong></span> <span class='ocrx_word' id='word_1_505' title='bbox 2137 3521 2199 3577; x_wconf 88' lang='lat' dir='ltr'><strong>C.</strong></span> <span class='ocrx_word' id='word_1_506' title='bbox 2231 3521 2360 3579; x_wconf 73' lang='grc'><strong>480.</strong></span> <span class='ocrx_word' id='word_1_507' title='bbox 2385 3553 2456 3563; x_wconf 87' lang='lat'><strong>——</strong></span> <span class='ocrx_word' id='word_1_508' title='bbox 2489 3519 2650 3594; x_wconf 66' lang='grc'><strong>114</strong></span> <span class='ocrx_word' id='word_1_509' title='bbox 2683 3521 2796 3577; x_wconf 79' lang='lat' dir='ltr'><strong>Hoc</strong></span> <span class='ocrx_word' id='word_1_510' title='bbox 2819 3535 2963 3577; x_wconf 89' lang='lat' dir='ltr'><strong>anno</strong></span> <span class='ocrx_word' id='word_1_511' title='bbox 2999 3522 3131 3577; x_wconf 87' lang='lat' dir='ltr'><strong>Illus</strong></span> <span class='ocrx_word' id='word_1_512' title='bbox 3165 3530 3218 3576; x_wconf 89' lang='lat' dir='ltr'><strong>et</strong></span> <span class='ocrx_word' id='word_1_513' title='bbox 3256 3519 3539 3588; x_wconf 85' lang='lat' dir='ltr'><strong>Leontius,</strong></span> 
     </span>
    </p>
   </div>
   <div class='ocr_carea' id='block_1_77' title="bbox 1969 3613 3543 3686">
    <p class='ocr_par' dir='ltr' id='par_1_77' title="bbox 1969 3613 3543 3686">
     <span class='ocr_line' id='line_1_77' title="bbox 1969 3613 3543 3686; baseline 0.001 -18"><span class='ocrx_word' id='word_1_514' title='bbox 1969 3613 2224 3686; x_wconf 85' lang='lat' dir='ltr'><strong>plurimis</strong></span> <span class='ocrx_word' id='word_1_515' title='bbox 2278 3616 2405 3671; x_wconf 89' lang='lat' dir='ltr'><strong>belli</strong></span> <span class='ocrx_word' id='word_1_516' title='bbox 2465 3616 2748 3671; x_wconf 86' lang='lat' dir='ltr'><strong>laboribus</strong></span> <span class='ocrx_word' id='word_1_517' title='bbox 2797 3615 3114 3681; x_wconf 81' lang='lat' dir='ltr'><strong>exantlatis,</strong></span> <span class='ocrx_word' id='word_1_518' title='bbox 3157 3623 3209 3670; x_wconf 93' lang='lat' dir='ltr'><strong>et</strong></span> <span class='ocrx_word' id='word_1_519' title='bbox 3259 3615 3543 3670; x_wconf 85' lang='lat' dir='ltr'><strong>obsidione</strong></span> 
     </span>
    </p>
   </div>
   <div class='ocr_carea' id='block_1_78' title="bbox 1973 3706 3544 3777">
    <p class='ocr_par' dir='ltr' id='par_1_78' title="bbox 1973 3706 3544 3777">
     <span class='ocr_line' id='line_1_78' title="bbox 1973 3706 3544 3777; baseline -0.002 -16"><span class='ocrx_word' id='word_1_520' title='bbox 1973 3717 2234 3776; x_wconf 89' lang='lat' dir='ltr'><strong>perpetua</strong></span> <span class='ocrx_word' id='word_1_521' title='bbox 2270 3708 2323 3761; x_wconf 93' lang='lat' dir='ltr'><strong>in</strong></span> <span class='ocrx_word' id='word_1_522' title='bbox 2364 3706 2599 3777; x_wconf 86' lang='lat' dir='ltr'><strong>Papurio</strong></span> <span class='ocrx_word' id='word_1_523' title='bbox 2629 3709 2857 3763; x_wconf 90' lang='lat' dir='ltr'><strong>castello</strong></span> <span class='ocrx_word' id='word_1_524' title='bbox 2886 3707 3082 3772; x_wconf 88' lang='lat' dir='ltr'><strong>clausi,</strong></span> <span class='ocrx_word' id='word_1_525' title='bbox 3134 3706 3321 3762; x_wconf 81' lang='lat' dir='ltr'><strong>fratris</strong></span> <span class='ocrx_word' id='word_1_526' title='bbox 3353 3707 3544 3761; x_wconf 76' lang='lat' dir='ltr'><strong>uxoris</strong></span> 
     </span>
    </p>
   </div>
   <div class='ocr_carea' id='block_1_79' title="bbox 1959 3795 3544 3867">
    <p class='ocr_par' dir='ltr' id='par_1_79' title="bbox 1959 3795 3544 3867">
     <span class='ocr_line' id='line_1_79' title="bbox 1959 3795 3544 3867; baseline 0 -17"><span class='ocrx_word' id='word_1_527' title='bbox 1959 3795 2233 3852; x_wconf 83' lang='lat' dir='ltr'><strong>Trocundi</strong></span> <span class='ocrx_word' id='word_1_528' title='bbox 2265 3813 2296 3852; x_wconf 79' lang='grc' dir='ltr'><strong>ιι</strong></span> <span class='ocrx_word' id='word_1_529' title='bbox 2327 3796 2547 3852; x_wconf 90' lang='lat' dir='ltr'><strong>Zenone</strong></span> <span class='ocrx_word' id='word_1_530' title='bbox 2575 3799 2628 3852; x_wconf 92' lang='lat' dir='ltr'><strong>in</strong></span> <span class='ocrx_word' id='word_1_531' title='bbox 2657 3799 2804 3854; x_wconf 87' lang='lat' dir='ltr'><strong>hunc</strong></span> <span class='ocrx_word' id='word_1_532' title='bbox 2861 3798 3022 3853; x_wconf 88' lang='lat' dir='ltr'><strong>finem</strong></span> <span class='ocrx_word' id='word_1_533' title='bbox 3053 3799 3208 3852; x_wconf 89' lang='lat' dir='ltr'><strong>missi</strong></span> <span class='ocrx_word' id='word_1_534' title='bbox 3239 3797 3544 3867; x_wconf 89' lang='lat' dir='ltr'><strong>proditione</strong></span> 
     </span>
    </p>
   </div>
   <div class='ocr_carea' id='block_1_80' title="bbox 1957 3887 3532 3959">
    <p class='ocr_par' dir='ltr' id='par_1_80' title="bbox 1957 3887 3532 3959">
     <span class='ocr_line' id='line_1_80' title="bbox 1957 3887 3532 3959; baseline 0.001 -20"><span class='ocrx_word' id='word_1_535' title='bbox 1957 3887 2174 3942; x_wconf 87' lang='lat' dir='ltr'><strong>tandem</strong></span> <span class='ocrx_word' id='word_1_536' title='bbox 2207 3888 2350 3959; x_wconf 89' lang='lat' dir='ltr'><strong>capti</strong></span> <span class='ocrx_word' id='word_1_537' title='bbox 2381 3899 2508 3944; x_wconf 91' lang='lat' dir='ltr'><strong>sunt</strong></span> <span class='ocrx_word' id='word_1_538' title='bbox 2535 3897 2589 3944; x_wconf 92' lang='lat' dir='ltr'><strong>et</strong></span> <span class='ocrx_word' id='word_1_539' title='bbox 2621 3888 2876 3943; x_wconf 85' lang='lat' dir='ltr'><strong>decollati</strong></span> <span class='ocrx_word' id='word_1_540' title='bbox 2911 3907 2924 3945; x_wconf 91' lang='lat'><strong>:</strong></span> <span class='ocrx_word' id='word_1_541' title='bbox 2952 3904 3140 3943; x_wconf 88' lang='lat' dir='ltr'><strong>eorum</strong></span> <span class='ocrx_word' id='word_1_542' title='bbox 3174 3902 3304 3942; x_wconf 86' lang='lat' dir='ltr'><strong>vero</strong></span> <span class='ocrx_word' id='word_1_543' title='bbox 3354 3888 3532 3956; x_wconf 75' lang='lat' dir='ltr'><strong>capita</strong></span> 
     </span>
    </p>
   </div>
   <div class='ocr_carea' id='block_1_81' title="bbox 1959 3976 3544 4050">
    <p class='ocr_par' dir='ltr' id='par_1_81' title="bbox 1959 3976 3544 4050">
     <span class='ocr_line' id='line_1_81' title="bbox 1959 3976 3544 4050; baseline -0.002 -18"><span class='ocrx_word' id='word_1_544' title='bbox 1959 3977 2027 4034; x_wconf 89' lang='lat' dir='ltr'><strong>ad</strong></span> <span class='ocrx_word' id='word_1_545' title='bbox 2062 3976 2338 4034; x_wconf 87' lang='lat' dir='ltr'><strong>Zenonem</strong></span> <span class='ocrx_word' id='word_1_546' title='bbox 2376 3979 2642 4035; x_wconf 87' lang='lat' dir='ltr'><strong>translata</strong></span> <span class='ocrx_word' id='word_1_547' title='bbox 2669 3980 2956 4050; x_wconf 85' lang='lat' dir='ltr'><strong>contisque</strong></span> <span class='ocrx_word' id='word_1_548' title='bbox 2995 3979 3048 4033; x_wconf 88' lang='lat' dir='ltr'><strong>in</strong></span> <span class='ocrx_word' id='word_1_549' title='bbox 3102 3979 3251 4034; x_wconf 91' lang='lat' dir='ltr'><strong>circo</strong></span> <span class='ocrx_word' id='word_1_550' title='bbox 3305 3977 3544 4032; x_wconf 81' lang='lat' dir='ltr'><strong>circnm-</strong></span> 
     </span>
    </p>
   </div>
   <div class='ocr_carea' id='block_1_82' title="bbox 1959 4069 3546 4144">
    <p class='ocr_par' dir='ltr' id='par_1_82' title="bbox 1959 4069 3546 4144">
     <span class='ocr_line' id='line_1_82' title="bbox 1959 4069 3546 4144; baseline -0.002 -20"><span class='ocrx_word' id='word_1_551' title='bbox 1959 4079 2080 4126; x_wconf 89' lang='lat' dir='ltr'><strong>acta</strong></span> <span class='ocrx_word' id='word_1_552' title='bbox 2112 4080 2274 4143; x_wconf 87' lang='lat' dir='ltr'><strong>atque</strong></span> <span class='ocrx_word' id='word_1_553' title='bbox 2305 4072 2431 4128; x_wconf 89' lang='lat' dir='ltr'><strong>inde</strong></span> <span class='ocrx_word' id='word_1_554' title='bbox 2459 4081 2610 4128; x_wconf 88' lang='lat' dir='ltr'><strong>trans</strong></span> <span class='ocrx_word' id='word_1_555' title='bbox 2640 4081 2856 4143; x_wconf 88' lang='lat' dir='ltr'><strong>portum</strong></span> <span class='ocrx_word' id='word_1_556' title='bbox 2889 4071 3109 4144; x_wconf 82' lang='lat' dir='ltr'><strong>oppido,</strong></span> <span class='ocrx_word' id='word_1_557' title='bbox 3140 4071 3229 4128; x_wconf 91' lang='lat' dir='ltr'><strong>cui</strong></span> <span class='ocrx_word' id='word_1_558' title='bbox 3279 4069 3416 4124; x_wconf 73' lang='lat' dir='ltr'><strong>Sion:</strong></span> <span class='ocrx_word' id='word_1_559' title='bbox 3445 4086 3546 4122; x_wconf 79' lang='lat' dir='ltr'><strong>llu-</strong></span> 
     </span>
    </p>
   </div>
   <div class='ocr_carea' id='block_1_83' title="bbox 1603 4229 2262 4293">
    <p class='ocr_par' dir='ltr' id='par_1_83' title="bbox 1603 4229 2262 4293">
     <span class='ocr_line' id='line_1_83' title="bbox 1603 4229 2262 4293; baseline 0.011 -7"><span class='ocrx_word' id='word_1_560' title='bbox 1603 4229 1833 4289; x_wconf 61' lang='lat' dir='ltr'><strong>VARIE.</strong></span> <span class='ocrx_word' id='word_1_561' title='bbox 1863 4233 2262 4293; x_wconf 81' lang='lat' dir='ltr'><strong>LECTIONES.</strong></span> 
     </span>
    </p>
   </div>
   <div class='ocr_carea' id='block_1_84' title="bbox 275 4420 438 4475">
    <p class='ocr_par' dir='ltr' id='par_1_84' title="bbox 275 4420 438 4475">
     <span class='ocr_line' id='line_1_84' title="bbox 275 4420 438 4475; baseline 0.012 -2"><span class='ocrx_word' id='word_1_562' title='bbox 275 4437 344 4475; x_wconf 79' lang='lat' dir='ltr'><strong>ex</strong></span> <span class='ocrx_word' id='word_1_563' title='bbox 369 4420 438 4475; x_wconf 78' lang='grc' dir='ltr'>Α.</span> 
     </span>
    </p>
   </div>
   <div class='ocr_carea' id='block_1_85' title="bbox 276 4483 1489 4556">
    <p class='ocr_par' dir='ltr' id='par_1_85' title="bbox 276 4483 1489 4556">
     <span class='ocr_line' id='line_1_85' title="bbox 276 4483 1489 4556; baseline -0.004 -13"><span class='ocrx_word' id='word_1_564' title='bbox 276 4493 325 4524; x_wconf 81' lang='grc'><strong>⁸³</strong></span> <span class='ocrx_word' id='word_1_565' title='bbox 369 4488 764 4556; x_wconf 84' lang='grc' dir='ltr'>κοινωνήσουσι</span> <span class='ocrx_word' id='word_1_566' title='bbox 805 4483 880 4550; x_wconf 72' lang='grc' dir='ltr'>Α,</span> <span class='ocrx_word' id='word_1_567' title='bbox 932 4483 1302 4556; x_wconf 78' lang='grc' dir='ltr'>κοινωνήσωσι</span> <span class='ocrx_word' id='word_1_568' title='bbox 1351 4484 1489 4554; x_wconf 81' lang='lat' dir='ltr'><strong>vulg.</strong></span> 
     </span>
    </p>
   </div>
   <div class='ocr_carea' id='block_1_86' title="bbox 374 4343 3092 4468">
    <p class='ocr_par' dir='ltr' id='par_1_86' title="bbox 374 4343 3092 4468">
     <span class='ocr_line' id='line_1_86' title="bbox 374 4343 3092 4468; baseline 0.001 -88"><span class='ocrx_word' id='word_1_569' title='bbox 374 4350 423 4382; x_wconf 72' lang='grc' dir='ltr'><strong>τε</strong></span> <span class='ocrx_word' id='word_1_570' title='bbox 443 4349 698 4448; x_wconf 63' lang='grc' dir='ltr'>κινήσας,</span> <span class='ocrx_word' id='word_1_571' title='bbox 746 4343 862 4408; x_wconf 78' lang='grc' dir='ltr'>Γιζ.</span> <span class='ocrx_word' id='word_1_572' title='bbox 918 4343 1334 4432; x_wconf 69' lang='grc' dir='ltr'>τελευτήσαντος</span> <span class='ocrx_word' id='word_1_573' title='bbox 1375 4343 1431 4433; x_wconf 44' lang='grc' dir='ltr'>,Α</span> <span class='ocrx_word' id='word_1_574' title='bbox 1455 4386 1470 4409; x_wconf 89' lang='grc'><strong>,</strong></span> <span class='ocrx_word' id='word_1_575' title='bbox 1497 4345 1747 4468; x_wconf 49' lang='grc' dir='ltr'>κινήσας.</span> <span class='ocrx_word' id='word_1_576' title='bbox 1796 4345 2081 4437; x_wconf 72' lang='grc' dir='ltr'>Γιζερίχου</span> <span class='ocrx_word' id='word_1_577' title='bbox 2109 4351 2165 4404; x_wconf 82' lang='grc' dir='ltr'>δὲ</span> <span class='ocrx_word' id='word_1_578' title='bbox 2188 4351 2301 4405; x_wconf 84' lang='grc' dir='ltr'>τελ.</span> <span class='ocrx_word' id='word_1_579' title='bbox 2337 4352 2481 4422; x_wconf 86' lang='lat' dir='ltr'><strong>vulg.</strong></span> <span class='ocrx_word' id='word_1_580' title='bbox 2602 4352 2647 4384; x_wconf 75' lang='grc' dir='ltr'><strong>τε</strong></span> <span class='ocrx_word' id='word_1_581' title='bbox 2675 4350 2731 4405; x_wconf 66' lang='grc' dir='ltr'><strong>δὲ</strong></span> <span class='ocrx_word' id='word_1_582' title='bbox 2781 4350 2908 4440; x_wconf 42' lang='grc' dir='ltr'><strong>ηδ(ῐο</strong></span> <span class='ocrx_word' id='word_1_583' title='bbox 2939 4365 3027 4432; x_wconf 25' lang='grc' dir='ltr'><strong>ἢρχ</strong></span> 
     </span>
     <span class='ocr_line' id='line_1_87' title="bbox 374 4411 3092 4468; baseline 0 0"><span class='ocrx_word' id='word_1_584' title='bbox 374 4420 438 4468; x_wconf 78' lang='grc' dir='ltr'><strong>Α-</strong></span> <span class='ocrx_word' id='word_1_585' title='bbox 532 4418 554 4450; x_wconf 84' lang='grc'><strong><em>⁸</em></strong></span> <span class='ocrx_word' id='word_1_586' title='bbox 627 4414 994 4468; x_wconf 78' lang='grc' dir='ltr'>Αλεξανδοευς</span> <span class='ocrx_word' id='word_1_587' title='bbox 1029 4416 1089 4465; x_wconf 85' lang='grc' dir='ltr'><strong>τὸ</strong></span> <span class='ocrx_word' id='word_1_588' title='bbox 1121 4411 1254 4466; x_wconf 81' lang='grc' dir='ltr'>αυτὸ</span> <span class='ocrx_word' id='word_1_589' title='bbox 1287 4415 1356 4468; x_wconf 72' lang='grc' dir='ltr'>Α.</span> <span class='ocrx_word' id='word_1_590' title='bbox 1389 4415 1595 4468; x_wconf 79' lang='grc' dir='ltr'>Αλεξαν</span> <span class='ocrx_word' id='word_1_591' title='bbox 1632 4417 1782 4468; x_wconf 75' lang='grc' dir='ltr'>θείας</span> <span class='ocrx_word' id='word_1_592' title='bbox 1806 4417 1875 4468; x_wconf 80' lang='grc' dir='ltr'><strong>τὰ</strong></span> <span class='ocrx_word' id='word_1_593' title='bbox 1907 4421 2045 4468; x_wconf 84' lang='grc' dir='ltr'>αυτὰ</span> <span class='ocrx_word' id='word_1_594' title='bbox 2067 4422 2211 4468; x_wconf 67' lang='lat' dir='ltr'><strong>vuln-</strong></span> <span class='ocrx_word' id='word_1_595' title='bbox 2263 4423 2309 4456; x_wconf 76' lang='lat'>“</span> <span class='ocrx_word' id='word_1_596' title='bbox 2348 4420 2648 4468; x_wconf 66' lang='grc' dir='ltr'>ἐκκλησίας</span> <span class='ocrx_word' id='word_1_597' title='bbox 2677 4421 2720 4468; x_wconf 78' lang='grc' dir='ltr'><strong>Α</strong></span> <span class='ocrx_word' id='word_1_598' title='bbox 2753 4435 2782 4468; x_wconf 76' lang='lat' dir='ltr'><strong>e</strong></span> <span class='ocrx_word' id='word_1_599' title='bbox 2808 4421 2846 4468; x_wconf 86' lang='lat' dir='ltr'><strong>l&#39;.</strong></span> <span class='ocrx_word' id='word_1_600' title='bbox 2893 4419 3092 4468; x_wconf 67' lang='grc' dir='ltr'>Αλεξαν</span> 
     </span>
    </p>
   </div>
   <div class='ocr_carea' id='block_1_87' title="bbox 627 4411 3535 4548">
    <p class='ocr_par' dir='ltr' id='par_1_87' title="bbox 627 4411 3535 4548">
     <span class='ocr_line' id='line_1_88' title="bbox 627 4411 3535 4492; baseline 0 -22"><span class='ocrx_word' id='word_1_601' title='bbox 627 4414 994 4485; x_wconf 75' lang='grc' dir='ltr'>Αλεξανδρεὺς</span> <span class='ocrx_word' id='word_1_602' title='bbox 1029 4416 1089 4465; x_wconf 86' lang='grc' dir='ltr'><strong>τὸ</strong></span> <span class='ocrx_word' id='word_1_603' title='bbox 1121 4411 1254 4466; x_wconf 81' lang='grc' dir='ltr'>αὐτὸ</span> <span class='ocrx_word' id='word_1_604' title='bbox 1287 4415 1356 4480; x_wconf 73' lang='grc' dir='ltr'>Α,</span> <span class='ocrx_word' id='word_1_605' title='bbox 1375 4411 1782 4488; x_wconf 80' lang='grc' dir='ltr'>’Δλεξανδρείας</span> <span class='ocrx_word' id='word_1_606' title='bbox 1806 4411 1880 4470; x_wconf 75' lang='grc' dir='ltr'>τὰ</span> <span class='ocrx_word' id='word_1_607' title='bbox 1907 4411 2045 4473; x_wconf 62' lang='grc' dir='ltr'>αὐτὰ</span> <span class='ocrx_word' id='word_1_608' title='bbox 2067 4422 2211 4491; x_wconf 86' lang='lat' dir='ltr'><strong>vulg.</strong></span> <span class='ocrx_word' id='word_1_609' title='bbox 2263 4423 2309 4456; x_wconf 82' lang='lat'>“</span> <span class='ocrx_word' id='word_1_610' title='bbox 2348 4411 2648 4492; x_wconf 70' lang='grc' dir='ltr'>ἐκκλησίας</span> <span class='ocrx_word' id='word_1_611' title='bbox 2677 4421 2721 4473; x_wconf 81' lang='grc' dir='ltr'><strong>Α</strong></span> <span class='ocrx_word' id='word_1_612' title='bbox 2753 4435 2782 4476; x_wconf 90' lang='lat' dir='ltr'><strong>e</strong></span> <span class='ocrx_word' id='word_1_613' title='bbox 2808 4421 2846 4484; x_wconf 85' lang='lat' dir='ltr'><strong>f&#39;,</strong></span> <span class='ocrx_word' id='word_1_614' title='bbox 2877 4419 3282 4491; x_wconf 80' lang='grc' dir='ltr'>Ἀλεξανδρείας</span> <span class='ocrx_word' id='word_1_615' title='bbox 3305 4421 3445 4490; x_wconf 86' lang='lat' dir='ltr'><strong>vnlg.</strong></span> <span class='ocrx_word' id='word_1_616' title='bbox 3471 4423 3535 4486; x_wconf 83' lang='lat' dir='ltr'><strong>A,</strong></span> 
     </span>
     <span class='ocr_line' id='line_1_89' title="bbox 627 4483 3535 4548; baseline 0.001 -9"><span class='ocrx_word' id='word_1_617' title='bbox 627 4503 764 4540; x_wconf 76' lang='grc' dir='ltr'>τουσι</span> <span class='ocrx_word' id='word_1_618' title='bbox 805 4486 880 4548; x_wconf 76' lang='grc' dir='ltr'>Α,</span> <span class='ocrx_word' id='word_1_619' title='bbox 932 4483 1302 4548; x_wconf 85' lang='grc' dir='ltr'>κοινωνήσωσι</span> <span class='ocrx_word' id='word_1_620' title='bbox 1351 4484 1489 4548; x_wconf 77' lang='lat' dir='ltr'><strong>vulg.</strong></span> <span class='ocrx_word' id='word_1_621' title='bbox 1567 4485 1614 4516; x_wconf 77' lang='lat'><strong>“</strong></span> <span class='ocrx_word' id='word_1_622' title='bbox 1642 4487 1871 4548; x_wconf 73' lang='grc' dir='ltr'>πολλοὺς</span> <span class='ocrx_word' id='word_1_623' title='bbox 1923 4490 2193 4548; x_wconf 82' lang='grc' dir='ltr'>πολέμους</span> <span class='ocrx_word' id='word_1_624' title='bbox 2223 4491 2289 4548; x_wconf 86' lang='grc' dir='ltr'>Α.</span> <span class='ocrx_word' id='word_1_625' title='bbox 2319 4491 2472 4548; x_wconf 80' lang='grc' dir='ltr'>πολλ.</span> <span class='ocrx_word' id='word_1_626' title='bbox 2500 4492 2627 4548; x_wconf 80' lang='grc' dir='ltr'>τοὺς</span> <span class='ocrx_word' id='word_1_627' title='bbox 2666 4492 2786 4547; x_wconf 88' lang='grc' dir='ltr'>πολ.</span> <span class='ocrx_word' id='word_1_628' title='bbox 2814 4493 2962 4548; x_wconf 65' lang='lat' dir='ltr'><strong>vulg.</strong></span> <span class='ocrx_word' id='word_1_629' title='bbox 3071 4492 3118 4522; x_wconf 82' lang='grc'><strong>⁸⁵</strong></span> <span class='ocrx_word' id='word_1_630' title='bbox 3145 4489 3535 4548; x_wconf 74' lang='grc' dir='ltr'>ἀπετμήθησαν</span> 
     </span>
    </p>
   </div>
   <div class='ocr_carea' id='block_1_88' title="bbox 277 4504 2962 4632">
    <p class='ocr_par' dir='ltr' id='par_1_88' title="bbox 277 4504 2962 4632">
     <span class='ocr_line' id='line_1_90' title="bbox 277 4504 2962 4562; baseline 0.001 -20"><span class='ocrx_word' id='word_1_631' title='bbox 277 4504 325 4524; x_wconf 82' lang='grc'><em>’³</em></span> <span class='ocrx_word' id='word_1_632' title='bbox 369 4504 764 4556; x_wconf 81' lang='grc' dir='ltr'>κοινωνησουσι</span> <span class='ocrx_word' id='word_1_633' title='bbox 805 4504 880 4550; x_wconf 78' lang='lat' dir='ltr'><strong>A,</strong></span> <span class='ocrx_word' id='word_1_634' title='bbox 932 4504 1302 4551; x_wconf 75' lang='grc' dir='ltr'>κοινωνήσωσι</span> <span class='ocrx_word' id='word_1_635' title='bbox 1352 4504 1489 4554; x_wconf 81' lang='lat' dir='ltr'><strong>vmg.</strong></span> <span class='ocrx_word' id='word_1_636' title='bbox 1567 4504 1614 4516; x_wconf 87' lang='lat'><strong>&quot;</strong></span> <span class='ocrx_word' id='word_1_637' title='bbox 1642 4504 1871 4550; x_wconf 63' lang='grc' dir='ltr'>πολλοὺς</span> <span class='ocrx_word' id='word_1_638' title='bbox 1923 4504 2193 4562; x_wconf 73' lang='grc' dir='ltr'>πολέμους</span> <span class='ocrx_word' id='word_1_639' title='bbox 2223 4504 2289 4559; x_wconf 78' lang='grc' dir='ltr'>Α,</span> <span class='ocrx_word' id='word_1_640' title='bbox 2319 4504 2472 4548; x_wconf 76' lang='grc' dir='ltr'>πολλ.</span> <span class='ocrx_word' id='word_1_641' title='bbox 2500 4504 2627 4556; x_wconf 81' lang='grc' dir='ltr'>τους</span> <span class='ocrx_word' id='word_1_642' title='bbox 2666 4504 2786 4547; x_wconf 75' lang='grc' dir='ltr'>πολ.</span> <span class='ocrx_word' id='word_1_643' title='bbox 2814 4504 2962 4562; x_wconf 77' lang='lat' dir='ltr'><strong>vulg.</strong></span> 
     </span>
     <span class='ocr_line' id='line_1_91' title="bbox 277 4553 1967 4632; baseline 0.005 -27"><span class='ocrx_word' id='word_1_644' title='bbox 277 4558 528 4632; x_wconf 72' lang='grc' dir='ltr'>ἀπεμήθ,</span> <span class='ocrx_word' id='word_1_645' title='bbox 588 4559 735 4629; x_wconf 71' lang='lat' dir='ltr'><strong>vulg.</strong></span> <span class='ocrx_word' id='word_1_646' title='bbox 810 4557 857 4590; x_wconf 78' lang='grc'><strong>⁸⁸</strong></span> <span class='ocrx_word' id='word_1_647' title='bbox 890 4553 1219 4626; x_wconf 82' lang='grc' dir='ltr'>εἰσήχθησαν</span> <span class='ocrx_word' id='word_1_648' title='bbox 1258 4554 1300 4606; x_wconf 83' lang='lat' dir='ltr'><strong>A</strong></span> <span class='ocrx_word' id='word_1_649' title='bbox 1333 4569 1385 4619; x_wconf 90' lang='lat' dir='ltr'><strong>e,</strong></span> <span class='ocrx_word' id='word_1_650' title='bbox 1409 4555 1798 4627; x_wconf 75' lang='grc' dir='ltr'>εἰσηνέχθησαν</span> <span class='ocrx_word' id='word_1_651' title='bbox 1825 4558 1967 4629; x_wconf 83' lang='lat' dir='ltr'><strong>vulg.</strong></span> 
     </span>
    </p>
   </div>
   <div class='ocr_carea' id='block_1_89' title="bbox 2602 4349 3536 4405">
    <p class='ocr_par' dir='ltr' id='par_1_89' title="bbox 2602 4349 3536 4405">
     <span class='ocr_line' id='line_1_92' title="bbox 2602 4349 3536 4405; baseline -0.001 0"><span class='ocrx_word' id='word_1_652' title='bbox 2602 4352 2647 4384; x_wconf 83' lang='lat'><strong>&quot;</strong></span> <span class='ocrx_word' id='word_1_653' title='bbox 2675 4350 2731 4405; x_wconf 82' lang='grc' dir='ltr'>δὲ</span> <span class='ocrx_word' id='word_1_654' title='bbox 2781 4350 2908 4404; x_wconf 84' lang='lat' dir='ltr'><strong>add.</strong></span> <span class='ocrx_word' id='word_1_655' title='bbox 2963 4365 3027 4403; x_wconf 80' lang='lat' dir='ltr'><strong>ex</strong></span> <span class='ocrx_word' id='word_1_656' title='bbox 3060 4350 3124 4404; x_wconf 84' lang='lat' dir='ltr'><strong>A.</strong></span> <span class='ocrx_word' id='word_1_657' title='bbox 3203 4349 3248 4381; x_wconf 82' lang='grc'><strong>⁸⁸</strong></span> <span class='ocrx_word' id='word_1_658' title='bbox 3291 4349 3384 4403; x_wconf 68' lang='grc' dir='ltr'>καὶ</span> <span class='ocrx_word' id='word_1_659' title='bbox 3413 4350 3536 4404; x_wconf 86' lang='lat' dir='ltr'><strong>add.</strong></span> 
     </span>
    </p>
   </div>
   <div class='ocr_carea' id='block_1_90' title="bbox 3071 4489 3540 4561">
    <p class='ocr_par' dir='ltr' id='par_1_90' title="bbox 3071 4489 3540 4561">
     <span class='ocr_line' id='line_1_93' title="bbox 3071 4489 3540 4561; baseline -0.002 -18"><span class='ocrx_word' id='word_1_660' title='bbox 3071 4492 3118 4522; x_wconf 81' lang='grc'><strong>⁸⁵</strong></span> <span class='ocrx_word' id='word_1_661' title='bbox 3136 4489 3436 4561; x_wconf 64' lang='grc' dir='ltr'>ἀπετμήθη</span> <span class='ocrx_word' id='word_1_662' title='bbox 3447 4507 3540 4542; x_wconf 83' lang='grc' dir='ltr'><strong>σαν</strong></span> 
     </span>
    </p>
   </div>
   <div class='ocr_carea' id='block_1_91' title="bbox 1630 4650 2281 4710">
    <p class='ocr_par' dir='ltr' id='par_1_91' title="bbox 1630 4650 2281 4710">
     <span class='ocr_line' id='line_1_94' title="bbox 1630 4650 2281 4710; baseline 0.006 -4"><span class='ocrx_word' id='word_1_663' title='bbox 1630 4650 1771 4707; x_wconf 80' lang='lat' dir='ltr'><strong>JAC.</strong></span> <span class='ocrx_word' id='word_1_664' title='bbox 1804 4651 2016 4708; x_wconf 85' lang='lat' dir='ltr'><strong>GOARI</strong></span> <span class='ocrx_word' id='word_1_665' title='bbox 2047 4651 2281 4710; x_wconf 64' lang='lat' dir='ltr'><strong>NOTAE.</strong></span> 
     </span>
    </p>
   </div>
   <div class='ocr_carea' id='block_1_92' title="bbox 355 4737 3140 4818">
    <p class='ocr_par' dir='ltr' id='par_1_92' title="bbox 355 4737 3140 4818">
     <span class='ocr_line' id='line_1_95' title="bbox 355 4737 3140 4818; baseline -0.003 -16"><span class='ocrx_word' id='word_1_666' title='bbox 355 4747 470 4818; x_wconf 70' lang='lat'><strong>(27)</strong></span> <span class='ocrx_word' id='word_1_667' title='bbox 510 4749 793 4818; x_wconf 81' lang='lat' dir='ltr'><strong>Annorum</strong></span> <span class='ocrx_word' id='word_1_668' title='bbox 825 4745 989 4818; x_wconf 86' lang='lat' dir='ltr'><strong>trium</strong></span> <span class='ocrx_word' id='word_1_669' title='bbox 1018 4755 1292 4818; x_wconf 79' lang='lat' dir='ltr'><strong>summam</strong></span> <span class='ocrx_word' id='word_1_670' title='bbox 1313 4739 1440 4799; x_wconf 87' lang='lat' dir='ltr'><strong>huic</strong></span> <span class='ocrx_word' id='word_1_671' title='bbox 1478 4742 1867 4818; x_wconf 30' lang='lat' dir='ltr'><strong>omnes‘codd.</strong></span> <span class='ocrx_word' id='word_1_672' title='bbox 1897 4745 1951 4806; x_wconf 78' lang='grc' dir='ltr'>υ</span> <span class='ocrx_word' id='word_1_673' title='bbox 1977 4744 2237 4818; x_wconf 66' lang='lat' dir='ltr'><strong>scribitur</strong></span> <span class='ocrx_word' id='word_1_674' title='bbox 2261 4759 2289 4798; x_wconf 89' lang='lat' dir='ltr'><strong>a</strong></span> <span class='ocrx_word' id='word_1_675' title='bbox 2323 4743 2575 4818; x_wconf 77' lang='lat' dir='ltr'><strong>Liberata</strong></span> <span class='ocrx_word' id='word_1_676' title='bbox 2597 4740 2858 4818; x_wconf 67' lang='lat' dir='ltr'><strong>Breviarii</strong></span> <span class='ocrx_word' id='word_1_677' title='bbox 2895 4752 3029 4818; x_wconf 84' lang='lat' dir='ltr'><strong>cap_._</strong></span> <span class='ocrx_word' id='word_1_678' title='bbox 3053 4737 3140 4818; x_wconf 79' lang='lat' dir='ltr'><strong>l</strong></span> 
     </span>
    </p>
   </div>
   <div class='ocr_carea' id='block_1_93' title="bbox 282 4813 1868 4884">
    <p class='ocr_par' dir='ltr' id='par_1_93' title="bbox 282 4813 1868 4884">
     <span class='ocr_line' id='line_1_96' title="bbox 282 4813 1868 4884; baseline -0.004 -10"><span class='ocrx_word' id='word_1_679' title='bbox 282 4813 620 4876; x_wconf 77' lang='lat' dir='ltr'><strong>attribuunt,</strong></span> <span class='ocrx_word' id='word_1_680' title='bbox 650 4816 810 4884; x_wconf 76' lang='lat' dir='ltr'><strong>cujus</strong></span> <span class='ocrx_word' id='word_1_681' title='bbox 831 4816 958 4868; x_wconf 90' lang='lat' dir='ltr'><strong>anni</strong></span> <span class='ocrx_word' id='word_1_682' title='bbox 984 4813 1598 4884; x_wconf 62' lang='lat' dir='ltr'><strong>sigillatimettumerati</strong></span> <span class='ocrx_word' id='word_1_683' title='bbox 1636 4813 1868 4884; x_wconf 66' lang='lat' dir='ltr'><strong>adqua-</strong></span> 
     </span>
    </p>
   </div>
   <div class='ocr_carea' id='block_1_94' title="bbox 283 4878 1869 4954">
    <p class='ocr_par' dir='ltr' id='par_1_94' title="bbox 283 4878 1869 4954">
     <span class='ocr_line' id='line_1_97' title="bbox 283 4878 1869 4954; baseline -0.004 -10"><span class='ocrx_word' id='word_1_684' title='bbox 283 4901 409 4944; x_wconf 88' lang='lat' dir='ltr'><strong>tuor</strong></span> <span class='ocrx_word' id='word_1_685' title='bbox 430 4878 734 4942; x_wconf 75' lang='lat' dir='ltr'><strong>ascendere</strong></span> <span class='ocrx_word' id='word_1_686' title='bbox 762 4878 1193 4954; x_wconf 65' lang='lat' dir='ltr'><strong>comperiuiitnr.</strong></span> <span class='ocrx_word' id='word_1_687' title='bbox 1221 4878 1384 4954; x_wconf 79' lang='lat' dir='ltr'><strong>_Vide</strong></span> <span class='ocrx_word' id='word_1_688' title='bbox 1411 4899 1531 4952; x_wconf 85' lang='lat' dir='ltr'><strong>pag.</strong></span> <span class='ocrx_word' id='word_1_689' title='bbox 1562 4899 1677 4951; x_wconf 88' lang='lat' dir='ltr'><strong>seq.</strong></span> <span class='ocrx_word' id='word_1_690' title='bbox 1709 4878 1869 4937; x_wconf 81' lang='lat' dir='ltr'><strong>Barb.</strong></span> 
     </span>
    </p>
   </div>
   <div class='ocr_carea' id='block_1_95' title="bbox 281 4951 1873 5030">
    <p class='ocr_par' dir='ltr' id='par_1_95' title="bbox 281 4951 1873 5030">
     <span class='ocr_line' id='line_1_98' title="bbox 281 4951 1873 5030; baseline -0.004 -15"><span class='ocrx_word' id='word_1_691' title='bbox 281 4961 455 5015; x_wconf 77' lang='lat' dir='ltr'><strong>codex</strong></span> <span class='ocrx_word' id='word_1_692' title='bbox 490 4958 586 5030; x_wconf 87' lang='lat' dir='ltr'><strong>qui</strong></span> <span class='ocrx_word' id='word_1_693' title='bbox 613 4967 722 5011; x_wconf 86' lang='lat' dir='ltr'><strong>tres</strong></span> <span class='ocrx_word' id='word_1_694' title='bbox 743 4951 1010 5019; x_wconf 80' lang='lat' dir='ltr'><strong>recenset,</strong></span> <span class='ocrx_word' id='word_1_695' title='bbox 1029 4951 1330 5009; x_wconf 86' lang='lat' dir='ltr'><strong>secundum</strong></span> <span class='ocrx_word' id='word_1_696' title='bbox 1363 4951 1607 5024; x_wconf 85' lang='lat' dir='ltr'><strong>repetere</strong></span> <span class='ocrx_word' id='word_1_697' title='bbox 1637 4967 1746 5006; x_wconf 88' lang='lat' dir='ltr'><strong>non</strong></span> <span class='ocrx_word' id='word_1_698' title='bbox 1782 4971 1873 5008; x_wconf 87' lang='lat' dir='ltr'><strong>ve-</strong></span> 
     </span>
    </p>
   </div>
   <div class='ocr_carea' id='block_1_96' title="bbox 282 5037 456 5084">
    <p class='ocr_par' dir='ltr' id='par_1_96' title="bbox 282 5037 456 5084">
     <span class='ocr_line' id='line_1_99' title="bbox 282 5037 456 5084; baseline -0.006 0"><span class='ocrx_word' id='word_1_699' title='bbox 282 5037 456 5084; x_wconf 83' lang='lat' dir='ltr'><strong>retur.</strong></span> 
     </span>
    </p>
   </div>
   <div class='ocr_carea' id='block_1_97' title="bbox 353 5093 1614 5168">
    <p class='ocr_par' dir='ltr' id='par_1_97' title="bbox 353 5093 1614 5168">
     <span class='ocr_line' id='line_1_100' title="bbox 353 5093 1614 5168; baseline -0.004 -15"><span class='ocrx_word' id='word_1_700' title='bbox 353 5099 470 5168; x_wconf 74' lang='lat'><strong>(28)</strong></span> <span class='ocrx_word' id='word_1_701' title='bbox 503 5095 770 5168; x_wconf 82' lang='lat' dir='ltr'><strong>Evagrius</strong></span> <span class='ocrx_word' id='word_1_702' title='bbox 793 5095 899 5168; x_wconf 66' lang='lat' dir='ltr'><strong>lib.</strong></span> <span class='ocrx_word' id='word_1_703' title='bbox 931 5111 1018 5168; x_wconf 85' lang='grc' dir='ltr'>ιιι,</span> <span class='ocrx_word' id='word_1_704' title='bbox 1041 5111 1197 5168; x_wconf 81' lang='lat' dir='ltr'><strong>capp.</strong></span> <span class='ocrx_word' id='word_1_705' title='bbox 1221 5099 1308 5162; x_wconf 77' lang='grc'><strong>18,</strong></span> <span class='ocrx_word' id='word_1_706' title='bbox 1342 5095 1421 5168; x_wconf 25' lang='grc' dir='ltr'><strong>19Α</strong></span> <span class='ocrx_word' id='word_1_707' title='bbox 1446 5102 1499 5168; x_wconf 81' lang='lat' dir='ltr'><strong>et</strong></span> <span class='ocrx_word' id='word_1_708' title='bbox 1524 5093 1614 5168; x_wconf 72' lang='lat'><strong>20.</strong></span> 
     </span>
    </p>
   </div>
   <div class='ocr_carea' id='block_1_98' title="bbox 356 5164 1868 5240">
    <p class='ocr_par' dir='ltr' id='par_1_98' title="bbox 356 5164 1868 5240">
     <span class='ocr_line' id='line_1_101' title="bbox 356 5164 1868 5240; baseline -0.001 -18"><span class='ocrx_word' id='word_1_709' title='bbox 356 5164 471 5240; x_wconf 74' lang='lat'><strong>(29)</strong></span> <span class='ocrx_word' id='word_1_710' title='bbox 497 5164 985 5240; x_wconf 57' lang='lat' dir='ltr'><strong>Libellumfelieis</strong></span> <span class='ocrx_word' id='word_1_711' title='bbox 1011 5167 1079 5240; x_wconf 80' lang='lat' dir='ltr'><strong>ad</strong></span> <span class='ocrx_word' id='word_1_712' title='bbox 1101 5168 1367 5240; x_wconf 58' lang='lat' dir='ltr'><strong>Acacium</strong></span> <span class='ocrx_word' id='word_1_713' title='bbox 1410 5164 1868 5240; x_wconf 64' lang='lat' dir='ltr'><strong>liabetBaronius</strong></span> 
     </span>
    </p>
   </div>
   <div class='ocr_carea' id='block_1_99' title="bbox 284 5236 1866 5306">
    <p class='ocr_par' dir='ltr' id='par_1_99' title="bbox 284 5236 1866 5306">
     <span class='ocr_line' id='line_1_102' title="bbox 284 5236 1866 5306; baseline -0.003 -12"><span class='ocrx_word' id='word_1_714' title='bbox 284 5236 588 5294; x_wconf 50' lang='lat' dir='ltr'><strong>ad&#39;annum</strong></span> <span class='ocrx_word' id='word_1_715' title='bbox 611 5236 672 5292; x_wconf 87' lang='lat' dir='ltr'><strong>C.</strong></span> <span class='ocrx_word' id='word_1_716' title='bbox 707 5237 836 5299; x_wconf 70' lang='grc'><strong>485,</strong></span> <span class='ocrx_word' id='word_1_717' title='bbox 873 5252 1021 5290; x_wconf 84' lang='grc' dir='ltr'>ηιιιη.</span> <span class='ocrx_word' id='word_1_718' title='bbox 1054 5237 1124 5289; x_wconf 71' lang='grc'><strong>46</strong></span> <span class='ocrx_word' id='word_1_719' title='bbox 1176 5247 1230 5292; x_wconf 88' lang='lat' dir='ltr'><strong>et</strong></span> <span class='ocrx_word' id='word_1_720' title='bbox 1273 5238 1363 5303; x_wconf 76' lang='grc'><strong>47,</strong></span> <span class='ocrx_word' id='word_1_721' title='bbox 1411 5249 1527 5306; x_wconf 88' lang='lat' dir='ltr'><strong>quo</strong></span> <span class='ocrx_word' id='word_1_722' title='bbox 1557 5236 1866 5306; x_wconf 86' lang='lat' dir='ltr'><strong>defensoris</strong></span> 
     </span>
    </p>
   </div>
   <div class='ocr_carea' id='block_1_100' title="bbox 286 5304 1868 5377">
    <p class='ocr_par' dir='ltr' id='par_1_100' title="bbox 286 5304 1868 5377">
     <span class='ocr_line' id='line_1_103' title="bbox 286 5304 1868 5377; baseline -0.002 -14"><span class='ocrx_word' id='word_1_723' title='bbox 286 5311 452 5365; x_wconf 82' lang='lat' dir='ltr'><strong>istius</strong></span> <span class='ocrx_word' id='word_1_724' title='bbox 474 5324 672 5364; x_wconf 88' lang='lat' dir='ltr'><strong>nomen</strong></span> <span class='ocrx_word' id='word_1_725' title='bbox 697 5309 915 5377; x_wconf 87' lang='lat' dir='ltr'><strong>promit.</strong></span> <span class='ocrx_word' id='word_1_726' title='bbox 959 5325 979 5357; x_wconf 73' lang='grc' dir='ltr'><strong>ι</strong></span> <span class='ocrx_word' id='word_1_727' title='bbox 1006 5306 1085 5358; x_wconf 79' lang='lat' dir='ltr'><strong>Ad</strong></span> <span class='ocrx_word' id='word_1_728' title='bbox 1110 5323 1272 5376; x_wconf 88' lang='lat' dir='ltr'><strong>quam</strong></span> <span class='ocrx_word' id='word_1_729' title='bbox 1299 5304 1442 5371; x_wconf 63' lang='lat' dir='ltr'><strong>rem,</strong></span> <span class='ocrx_word' id='word_1_730' title='bbox 1471 5324 1490 5356; x_wconf 75' lang='grc' dir='ltr'><strong>ι</strong></span> <span class='ocrx_word' id='word_1_731' title='bbox 1519 5305 1718 5372; x_wconf 79' lang='lat' dir='ltr'><strong>inquit,</strong></span> <span class='ocrx_word' id='word_1_732' title='bbox 1755 5323 1774 5355; x_wconf 73' lang='grc' dir='ltr'><strong>ι</strong></span> <span class='ocrx_word' id='word_1_733' title='bbox 1799 5304 1868 5360; x_wconf 90' lang='lat' dir='ltr'><strong>de</strong></span> 
     </span>
    </p>
   </div>
   <div class='ocr_carea' id='block_1_101' title="bbox 287 5378 1863 5448">
    <p class='ocr_par' dir='ltr' id='par_1_101' title="bbox 287 5378 1863 5448">
     <span class='ocr_line' id='line_1_104' title="bbox 287 5378 1863 5448; baseline -0.003 -14"><span class='ocrx_word' id='word_1_734' title='bbox 287 5381 525 5448; x_wconf 77' lang='lat' dir='ltr'><strong>collegio</strong></span> <span class='ocrx_word' id='word_1_735' title='bbox 552 5387 743 5433; x_wconf 86' lang='lat' dir='ltr'><strong>nostro</strong></span> <span class='ocrx_word' id='word_1_736' title='bbox 784 5378 979 5431; x_wconf 87' lang='lat' dir='ltr'><strong>fratres</strong></span> <span class='ocrx_word' id='word_1_737' title='bbox 1009 5387 1060 5429; x_wconf 90' lang='lat' dir='ltr'><strong>et</strong></span> <span class='ocrx_word' id='word_1_738' title='bbox 1084 5379 1441 5447; x_wconf 77' lang='lat' dir='ltr'><strong>coepiscopos</strong></span> <span class='ocrx_word' id='word_1_739' title='bbox 1466 5386 1714 5448; x_wconf 81' lang='lat' dir='ltr'><strong>nostros,</strong></span> <span class='ocrx_word' id='word_1_740' title='bbox 1730 5391 1863 5448; x_wconf 79' lang='lat' dir='ltr'><strong>eum</strong></span> 
     </span>
    </p>
   </div>
   <div class='ocr_carea' id='block_1_102' title="bbox 327 5445 1864 5505">
    <p class='ocr_par' dir='ltr' id='par_1_102' title="bbox 327 5445 1864 5505">
     <span class='ocr_line' id='line_1_105' title="bbox 327 5445 1864 5505; baseline -0.003 -1"><span class='ocrx_word' id='word_1_741' title='bbox 327 5445 491 5505; x_wconf 81' lang='lat' dir='ltr'><strong>uibus</strong></span> <span class='ocrx_word' id='word_1_742' title='bbox 521 5451 675 5503; x_wconf 86' lang='lat' dir='ltr'><strong>illum</strong></span> <span class='ocrx_word' id='word_1_743' title='bbox 711 5464 741 5503; x_wconf 87' lang='lat' dir='ltr'><strong>a</strong></span> <span class='ocrx_word' id='word_1_744' title='bbox 773 5449 941 5501; x_wconf 86' lang='lat' dir='ltr'><strong>latere</strong></span> <span class='ocrx_word' id='word_1_745' title='bbox 976 5456 1163 5500; x_wconf 89' lang='lat' dir='ltr'><strong>nostro</strong></span> <span class='ocrx_word' id='word_1_746' title='bbox 1188 5445 1591 5503; x_wconf 57' lang='lat' dir='ltr'><strong>&#39;lidelissimnm</strong></span> <span class='ocrx_word' id='word_1_747' title='bbox 1631 5445 1864 5500; x_wconf 79' lang='lat' dir='ltr'><strong>Felicem</strong></span> 
     </span>
    </p>
   </div>
   <div class='ocr_carea' id='block_1_103' title="bbox 324 5517 1869 5576">
    <p class='ocr_par' dir='ltr' id='par_1_103' title="bbox 324 5517 1869 5576">
     <span class='ocr_line' id='line_1_106' title="bbox 324 5517 1869 5576; baseline -0.003 0"><span class='ocrx_word' id='word_1_748' title='bbox 324 5521 634 5576; x_wconf 83' lang='lat' dir='ltr'><strong>efensorem</strong></span> <span class='ocrx_word' id='word_1_749' title='bbox 691 5528 896 5573; x_wconf 66' lang='lat' dir='ltr'><strong>sancta:</strong></span> <span class='ocrx_word' id='word_1_750' title='bbox 923 5517 1180 5572; x_wconf 71' lang='lat' dir='ltr'><strong>Ecclesiae</strong></span> <span class='ocrx_word' id='word_1_751' title='bbox 1207 5517 1466 5572; x_wconf 78' lang='lat' dir='ltr'><strong>Romana:</strong></span> <span class='ocrx_word' id='word_1_752' title='bbox 1523 5517 1869 5571; x_wconf 76' lang='lat' dir='ltr'><strong>ordinatione</strong></span> 
     </span>
    </p>
   </div>
   <div class='ocr_carea' id='block_1_104' title="bbox 287 5587 1869 5656">
    <p class='ocr_par' dir='ltr' id='par_1_104' title="bbox 287 5587 1869 5656">
     <span class='ocr_line' id='line_1_107' title="bbox 287 5587 1869 5656; baseline -0.006 -10"><span class='ocrx_word' id='word_1_753' title='bbox 287 5593 644 5646; x_wconf 61' lang='lat' dir='ltr'><strong>direximus.»</strong></span> <span class='ocrx_word' id='word_1_754' title='bbox 669 5589 923 5648; x_wconf 81' lang='grc' dir='ltr'>Ἔκδικος</span> <span class='ocrx_word' id='word_1_755' title='bbox 953 5589 1136 5656; x_wconf 86' lang='lat' dir='ltr'><strong>itaque</strong></span> <span class='ocrx_word' id='word_1_756' title='bbox 1162 5588 1414 5643; x_wconf 86' lang='lat' dir='ltr'><strong>defensor</strong></span> <span class='ocrx_word' id='word_1_757' title='bbox 1432 5597 1536 5648; x_wconf 83' lang='lat' dir='ltr'><strong>est,</strong></span> <span class='ocrx_word' id='word_1_758' title='bbox 1569 5589 1658 5656; x_wconf 92' lang='lat' dir='ltr'><strong>qui</strong></span> <span class='ocrx_word' id='word_1_759' title='bbox 1682 5587 1869 5639; x_wconf 80' lang='lat' dir='ltr'><strong>Eccle-</strong></span> 
     </span>
    </p>
   </div>
   <div class='ocr_carea' id='block_1_105' title="bbox 291 5659 1860 5729">
    <p class='ocr_par' dir='ltr' id='par_1_105' title="bbox 291 5659 1860 5729">
     <span class='ocr_line' id='line_1_108' title="bbox 291 5659 1860 5729; baseline -0.006 -13"><span class='ocrx_word' id='word_1_760' title='bbox 291 5663 386 5716; x_wconf 65' lang='lat' dir='ltr'><strong>sia</strong></span> <span class='ocrx_word' id='word_1_761' title='bbox 405 5663 554 5729; x_wconf 79' lang='lat' dir='ltr'><strong>jura,</strong></span> <span class='ocrx_word' id='word_1_762' title='bbox 584 5668 790 5715; x_wconf 86' lang='lat' dir='ltr'><strong>statuta</strong></span> <span class='ocrx_word' id='word_1_763' title='bbox 817 5668 870 5711; x_wconf 89' lang='lat' dir='ltr'><strong>et</strong></span> <span class='ocrx_word' id='word_1_764' title='bbox 897 5659 1180 5729; x_wconf 79' lang='lat' dir='ltr'><strong>privilegia</strong></span> <span class='ocrx_word' id='word_1_765' title='bbox 1219 5667 1367 5713; x_wconf 86' lang='lat' dir='ltr'><strong>sarta</strong></span> <span class='ocrx_word' id='word_1_766' title='bbox 1401 5668 1538 5729; x_wconf 83' lang='lat' dir='ltr'><strong>tecta</strong></span> <span class='ocrx_word' id='word_1_767' title='bbox 1569 5665 1860 5729; x_wconf 55' lang='lat' dir='ltr'><strong>eonservat</strong></span> 
     </span>
    </p>
   </div>
   <div class='ocr_carea' id='block_1_106' title="bbox 288 5724 1860 5788">
    <p class='ocr_par' dir='ltr' id='par_1_106' title="bbox 288 5724 1860 5788">
     <span class='ocr_line' id='line_1_109' title="bbox 288 5724 1860 5788; baseline -0.006 -1"><span class='ocrx_word' id='word_1_768' title='bbox 288 5724 604 5788; x_wconf 72' lang='lat' dir='ltr'><strong>etdel‘endit</strong></span> <span class='ocrx_word' id='word_1_769' title='bbox 632 5749 645 5786; x_wconf 88' lang='lat'><strong>:</strong></span> <span class='ocrx_word' id='word_1_770' title='bbox 680 5724 1384 5788; x_wconf 37' lang='lat' dir='ltr'><strong>undedefensor—Ecclesiae</strong></span> <span class='ocrx_word' id='word_1_771' title='bbox 1417 5727 1502 5782; x_wconf 88' lang='lat' dir='ltr'><strong>hic</strong></span> <span class='ocrx_word' id='word_1_772' title='bbox 1532 5727 1674 5782; x_wconf 89' lang='lat' dir='ltr'><strong>idem</strong></span> <span class='ocrx_word' id='word_1_773' title='bbox 1705 5724 1860 5782; x_wconf 73' lang='lat' dir='ltr'><strong>Felix</strong></span> 
     </span>
    </p>
   </div>
   <div class='ocr_carea' id='block_1_107' title="bbox 2048 4807 3538 4883">
    <p class='ocr_par' dir='ltr' id='par_1_107' title="bbox 2048 4807 3538 4883">
     <span class='ocr_line' id='line_1_110' title="bbox 2048 4807 3538 4883; baseline -0.003 -15"><span class='ocrx_word' id='word_1_774' title='bbox 2048 4815 2159 4883; x_wconf 71' lang='lat'><strong>(30‘;</strong></span> <span class='ocrx_word' id='word_1_775' title='bbox 2185 4813 2416 4883; x_wconf 75' lang='lat' dir='ltr'><strong>Legatos</strong></span> <span class='ocrx_word' id='word_1_776' title='bbox 2446 4813 2677 4883; x_wconf 81' lang='lat' dir='ltr'><strong>injurias</strong></span> <span class='ocrx_word' id='word_1_777' title='bbox 2717 4807 3044 4883; x_wconf 63' lang='lat' dir='ltr'><strong>hujnsnzmli</strong></span> <span class='ocrx_word' id='word_1_778' title='bbox 3063 4807 3538 4883; x_wconf 70' lang='lat' dir='ltr'><strong>Cptistantinopoli</strong></span> 
     </span>
    </p>
   </div>
   <div class='ocr_carea' id='block_1_108' title="bbox 2014 4878 3543 4940">
    <p class='ocr_par' dir='ltr' id='par_1_108' title="bbox 2014 4878 3543 4940">
     <span class='ocr_line' id='line_1_111' title="bbox 2014 4878 3543 4940; baseline -0.003 -1"><span class='ocrx_word' id='word_1_779' title='bbox 2014 4878 2169 4940; x_wconf 84' lang='lat' dir='ltr'><strong>assos</strong></span> <span class='ocrx_word' id='word_1_780' title='bbox 2223 4878 2453 4938; x_wconf 68' lang='lat' dir='ltr'><strong>testatur</strong></span> <span class='ocrx_word' id='word_1_781' title='bbox 2491 4881 2780 4936; x_wconf 88' lang='lat' dir='ltr'><strong>Liberatus</strong></span> <span class='ocrx_word' id='word_1_782' title='bbox 2810 4883 2861 4932; x_wconf 90' lang='lat' dir='ltr'><strong>in</strong></span> <span class='ocrx_word' id='word_1_783' title='bbox 2895 4878 3188 4934; x_wconf 84' lang='lat' dir='ltr'><strong>Breviario.</strong></span> <span class='ocrx_word' id='word_1_784' title='bbox 3238 4896 3257 4928; x_wconf 72' lang='grc' dir='ltr'><strong>ι</strong></span> <span class='ocrx_word' id='word_1_785' title='bbox 3285 4881 3418 4932; x_wconf 91' lang='lat' dir='ltr'><strong>ltum</strong></span> <span class='ocrx_word' id='word_1_786' title='bbox 3456 4891 3543 4935; x_wconf 84' lang='lat' dir='ltr'><strong>est</strong></span> 
     </span>
    </p>
   </div>
   <div class='ocr_carea' id='block_1_109' title="bbox 2021 4949 3536 5024">
    <p class='ocr_par' dir='ltr' id='par_1_109' title="bbox 2021 4949 3536 5024">
     <span class='ocr_line' id='line_1_112' title="bbox 2021 4949 3536 5024; baseline -0.003 -18"><span class='ocrx_word' id='word_1_787' title='bbox 2021 4958 2101 5020; x_wconf 83' lang='lat' dir='ltr'><strong>P.,</strong></span> <span class='ocrx_word' id='word_1_788' title='bbox 2122 4964 2176 5009; x_wconf 90' lang='lat' dir='ltr'><strong>et</strong></span> <span class='ocrx_word' id='word_1_789' title='bbox 2191 4955 2433 5024; x_wconf 65' lang='lat' dir='ltr'><strong>praedicti</strong></span> <span class='ocrx_word' id='word_1_790' title='bbox 2456 4951 2695 5022; x_wconf 89' lang='lat' dir='ltr'><strong>episcopi</strong></span> <span class='ocrx_word' id='word_1_791' title='bbox 2727 4951 2780 5024; x_wconf 83' lang='lat' dir='ltr'><strong>in</strong></span> <span class='ocrx_word' id='word_1_792' title='bbox 2809 4949 3274 5024; x_wconf 73' lang='lat' dir='ltr'><strong>custodiamsunt</strong></span> <span class='ocrx_word' id='word_1_793' title='bbox 3307 4950 3536 5024; x_wconf 79' lang='lat' dir='ltr'><strong>redacti,</strong></span> 
     </span>
    </p>
   </div>
   <div class='ocr_carea' id='block_1_110' title="bbox 1971 5020 3537 5088">
    <p class='ocr_par' dir='ltr' id='par_1_110' title="bbox 1971 5020 3537 5088">
     <span class='ocr_line' id='line_1_113' title="bbox 1971 5020 3537 5088; baseline -0.006 -9"><span class='ocrx_word' id='word_1_794' title='bbox 1971 5020 2503 5087; x_wconf 24' lang='lat' dir='ltr'><strong>chartis&#39;snblatis,’</strong></span> <span class='ocrx_word' id='word_1_795' title='bbox 2548 5036 2616 5075; x_wconf 89' lang='lat' dir='ltr'><strong>ne</strong></span> <span class='ocrx_word' id='word_1_796' title='bbox 2653 5022 2961 5084; x_wconf 85' lang='lat' dir='ltr'><strong>catholicis,</strong></span> <span class='ocrx_word' id='word_1_797' title='bbox 3019 5021 3221 5088; x_wconf 87' lang='lat' dir='ltr'><strong>quibus</strong></span> <span class='ocrx_word' id='word_1_798' title='bbox 3274 5020 3537 5087; x_wconf 85' lang='lat' dir='ltr'><strong>scriptum</strong></span> 
     </span>
    </p>
   </div>
   <div class='ocr_carea' id='block_1_111' title="bbox 1969 5089 3541 5165">
    <p class='ocr_par' dir='ltr' id='par_1_111' title="bbox 1969 5089 3541 5165">
     <span class='ocr_line' id='line_1_114' title="bbox 1969 5089 3541 5165; baseline -0.008 -15"><span class='ocrx_word' id='word_1_799' title='bbox 1969 5096 2164 5160; x_wconf 81' lang='lat' dir='ltr'><strong>fuerat,</strong></span> <span class='ocrx_word' id='word_1_800' title='bbox 2201 5095 2577 5165; x_wconf 83' lang='lat' dir='ltr'><strong>redderentur.</strong></span> <span class='ocrx_word' id='word_1_801' title='bbox 2622 5090 2770 5157; x_wconf 85' lang='lat' dir='ltr'><strong>Quos</strong></span> <span class='ocrx_word' id='word_1_802' title='bbox 2795 5091 2988 5165; x_wconf 75' lang='lat' dir='ltr'><strong>iterum</strong></span> <span class='ocrx_word' id='word_1_803' title='bbox 3018 5089 3278 5165; x_wconf 69' lang='lat' dir='ltr'><strong>postlnee</strong></span> <span class='ocrx_word' id='word_1_804' title='bbox 3306 5089 3541 5165; x_wconf 60' lang='lat' dir='ltr'><strong>Aeacius</strong></span> 
     </span>
    </p>
   </div>
   <div class='ocr_carea' id='block_1_112' title="bbox 1967 5159 3539 5238">
    <p class='ocr_par' dir='ltr' id='par_1_112' title="bbox 1967 5159 3539 5238">
     <span class='ocr_line' id='line_1_115' title="bbox 1967 5159 3539 5238; baseline -0.005 -20"><span class='ocrx_word' id='word_1_805' title='bbox 1967 5167 2035 5220; x_wconf 88' lang='lat' dir='ltr'><strong>de</strong></span> <span class='ocrx_word' id='word_1_806' title='bbox 2063 5164 2569 5238; x_wconf 10' lang='lat' dir='ltr'><strong>ciustodia_ejie_iens</strong></span> <span class='ocrx_word' id='word_1_807' title='bbox 2600 5177 2784 5238; x_wconf 83' lang='lat' dir='ltr'><strong>secum</strong></span> <span class='ocrx_word' id='word_1_808' title='bbox 2809 5159 3268 5238; x_wconf 32' lang='lat' dir='ltr'><strong>fecit-procedere,</strong></span> <span class='ocrx_word' id='word_1_809' title='bbox 3298 5167 3354 5210; x_wconf 92' lang='lat' dir='ltr'><strong>ut</strong></span> <span class='ocrx_word' id='word_1_810' title='bbox 3379 5159 3539 5225; x_wconf 84' lang='lat' dir='ltr'><strong>quasi</strong></span> 
     </span>
    </p>
   </div>
   <div class='ocr_carea' id='block_1_113' title="bbox 1965 5231 3305 5290">
    <p class='ocr_par' dir='ltr' id='par_1_113' title="bbox 1965 5231 3305 5290">
     <span class='ocr_line' id='line_1_116' title="bbox 1965 5231 3305 5290; baseline -0.009 0"><span class='ocrx_word' id='word_1_811' title='bbox 1965 5231 2290 5290; x_wconf 66' lang='lat' dir='ltr'><strong>eonfi&#39;rmato</strong></span> <span class='ocrx_word' id='word_1_812' title='bbox 2320 5232 2464 5286; x_wconf 89' lang='lat' dir='ltr'><strong>Petri</strong></span> <span class='ocrx_word' id='word_1_813' title='bbox 2498 5233 2805 5287; x_wconf 64' lang='lat' dir='ltr'><strong>sacerdodo</strong></span> <span class='ocrx_word' id='word_1_814' title='bbox 2827 5231 3250 5284; x_wconf 83' lang='lat' dir='ltr'><strong>dimitterentur.</strong></span> <span class='ocrx_word' id='word_1_815' title='bbox 3285 5246 3305 5278; x_wconf 87' lang='grc'><strong>›</strong></span> 
     </span>
    </p>
   </div>
   <div class='ocr_carea' id='block_1_114' title="bbox 2035 5303 3538 5376">
    <p class='ocr_par' dir='ltr' id='par_1_114' title="bbox 2035 5303 3538 5376">
     <span class='ocr_line' id='line_1_117' title="bbox 2035 5303 3538 5376; baseline -0.007 -17"><span class='ocrx_word' id='word_1_816' title='bbox 2035 5306 2148 5376; x_wconf 66' lang='lat' dir='ltr'><strong>(3f)</strong></span> <span class='ocrx_word' id='word_1_817' title='bbox 2198 5303 2499 5376; x_wconf 82' lang='lat' dir='ltr'><strong>Palladium</strong></span> <span class='ocrx_word' id='word_1_818' title='bbox 2560 5303 2786 5376; x_wconf 81' lang='lat' dir='ltr'><strong>ejusque</strong></span> <span class='ocrx_word' id='word_1_819' title='bbox 2839 5315 3013 5376; x_wconf 77' lang='lat' dir='ltr'><strong>annos</strong></span> <span class='ocrx_word' id='word_1_820' title='bbox 3053 5303 3240 5354; x_wconf 89' lang='lat' dir='ltr'><strong>decem</strong></span> <span class='ocrx_word' id='word_1_821' title='bbox 3310 5303 3538 5376; x_wconf 39' lang='lat' dir='ltr'><strong>anno-tat</strong></span> 
     </span>
    </p>
   </div>
   <div class='ocr_carea' id='block_1_115' title="bbox 1964 5371 3537 5447">
    <p class='ocr_par' dir='ltr' id='par_1_115' title="bbox 1964 5371 3537 5447">
     <span class='ocr_line' id='line_1_118' title="bbox 1964 5371 3537 5447; baseline -0.007 -17"><span class='ocrx_word' id='word_1_822' title='bbox 1964 5371 2054 5430; x_wconf 80' lang='lat' dir='ltr'><strong>hic</strong></span> <span class='ocrx_word' id='word_1_823' title='bbox 2101 5371 2325 5445; x_wconf 82' lang='lat' dir='ltr'><strong>Peyrez.</strong></span> <span class='ocrx_word' id='word_1_824' title='bbox 2370 5374 2630 5447; x_wconf 81' lang='lat' dir='ltr'><strong>collatum</strong></span> <span class='ocrx_word' id='word_1_825' title='bbox 2683 5371 2951 5447; x_wconf 75' lang='lat' dir='ltr'><strong>Palatino,</strong></span> <span class='ocrx_word' id='word_1_826' title='bbox 2993 5373 3105 5447; x_wconf 81' lang='lat' dir='ltr'><strong>imo</strong></span> <span class='ocrx_word' id='word_1_827' title='bbox 3159 5381 3360 5447; x_wconf 78' lang='lat' dir='ltr'><strong>annum</strong></span> <span class='ocrx_word' id='word_1_828' title='bbox 3414 5371 3537 5434; x_wconf 85' lang='lat' dir='ltr'><strong>ejus</strong></span> 
     </span>
    </p>
   </div>
   <div class='ocr_carea' id='block_1_116' title="bbox 1963 5440 3538 5517">
    <p class='ocr_par' dir='ltr' id='par_1_116' title="bbox 1963 5440 3538 5517">
     <span class='ocr_line' id='line_1_119' title="bbox 1963 5440 3538 5517; baseline -0.006 -18"><span class='ocrx_word' id='word_1_829' title='bbox 1963 5440 2201 5517; x_wconf 79' lang='lat' dir='ltr'><strong>primum</strong></span> <span class='ocrx_word' id='word_1_830' title='bbox 2251 5455 2306 5499; x_wconf 91' lang='lat' dir='ltr'><strong>et</strong></span> <span class='ocrx_word' id='word_1_831' title='bbox 2363 5444 2722 5498; x_wconf 85' lang='lat' dir='ltr'><strong>decurrentes</strong></span> <span class='ocrx_word' id='word_1_832' title='bbox 2779 5443 3038 5511; x_wconf 72' lang='lat' dir='ltr'><strong>deinceps</strong></span> <span class='ocrx_word' id='word_1_833' title='bbox 3095 5440 3286 5504; x_wconf 87' lang='lat' dir='ltr'><strong>incipit</strong></span> <span class='ocrx_word' id='word_1_834' title='bbox 3344 5451 3538 5490; x_wconf 86' lang='lat' dir='ltr'><strong>nume-</strong></span> 
     </span>
    </p>
   </div>
   <div class='ocr_carea' id='block_1_117' title="bbox 1965 5532 2405 5571">
    <p class='ocr_par' dir='ltr' id='par_1_117' title="bbox 1965 5532 2405 5571">
     <span class='ocr_line' id='line_1_120' title="bbox 1965 5532 2405 5571; baseline -0.005 0"><span class='ocrx_word' id='word_1_835' title='bbox 1965 5532 2108 5571; x_wconf 85' lang='lat' dir='ltr'><strong>rare.</strong></span> <span class='ocrx_word' id='word_1_836' title='bbox 2399 5554 2405 5562; x_wconf 90' lang='lat'><strong><em>-</em></strong></span> 
     </span>
    </p>
   </div>
   <div class='ocr_carea' id='block_1_118' title="bbox 2037 5576 3536 5655">
    <p class='ocr_par' dir='ltr' id='par_1_118' title="bbox 2037 5576 3536 5655">
     <span class='ocr_line' id='line_1_121' title="bbox 2037 5576 3536 5655; baseline -0.004 -17"><span class='ocrx_word' id='word_1_837' title='bbox 2037 5586 2148 5655; x_wconf 72' lang='lat'><strong>(5&#39;2)</strong></span> <span class='ocrx_word' id='word_1_838' title='bbox 2197 5584 2502 5655; x_wconf 84' lang='lat' dir='ltr'><strong>Jornandes</strong></span> <span class='ocrx_word' id='word_1_839' title='bbox 2559 5583 2636 5636; x_wconf 80' lang='lat' dir='ltr'><strong>De</strong></span> <span class='ocrx_word' id='word_1_840' title='bbox 2689 5599 2834 5652; x_wconf 80' lang='lat' dir='ltr'><strong>regn.</strong></span> <span class='ocrx_word' id='word_1_841' title='bbox 2893 5597 2956 5634; x_wconf 86' lang='lat' dir='ltr'><strong>ac</strong></span> <span class='ocrx_word' id='word_1_842' title='bbox 2999 5591 3154 5647; x_wconf 80' lang='lat' dir='ltr'><strong>temp.</strong></span> <span class='ocrx_word' id='word_1_843' title='bbox 3187 5576 3536 5645; x_wconf 70' lang='lat' dir='ltr'><strong>successione,</strong></span> 
     </span>
    </p>
   </div>
   <div class='ocr_carea' id='block_1_119' title="bbox 1966 5653 2764 5717">
    <p class='ocr_par' dir='ltr' id='par_1_119' title="bbox 1966 5653 2764 5717">
     <span class='ocr_line' id='line_1_122' title="bbox 1966 5653 2764 5717; baseline -0.003 -8"><span class='ocrx_word' id='word_1_844' title='bbox 1966 5653 2286 5711; x_wconf 82' lang='lat' dir='ltr'><strong>Theodorus</strong></span> <span class='ocrx_word' id='word_1_845' title='bbox 2316 5653 2528 5717; x_wconf 80' lang='lat' dir='ltr'><strong>Lector,</strong></span> <span class='ocrx_word' id='word_1_846' title='bbox 2566 5655 2658 5707; x_wconf 87' lang='lat' dir='ltr'><strong>lib.</strong></span> <span class='ocrx_word' id='word_1_847' title='bbox 2704 5671 2764 5707; x_wconf 88' lang='grc' dir='ltr'><strong>ιι.</strong></span> 
     </span>
    </p>
   </div>
   <div class='ocr_carea' id='block_1_120' title="bbox 2035 5721 2975 5796">
    <p class='ocr_par' dir='ltr' id='par_1_120' title="bbox 2035 5721 2975 5796">
     <span class='ocr_line' id='line_1_123' title="bbox 2035 5721 2975 5796; baseline 0.001 -19"><span class='ocrx_word' id='word_1_848' title='bbox 2035 5725 2146 5796; x_wconf 76' lang='lat'><strong>(‘55)</strong></span> <span class='ocrx_word' id='word_1_849' title='bbox 2189 5723 2356 5780; x_wconf 72' lang='lat' dir='ltr'><strong>Habet</strong></span> <span class='ocrx_word' id='word_1_850' title='bbox 2385 5724 2689 5779; x_wconf 81' lang='lat' dir='ltr'><strong>Jornandes</strong></span> <span class='ocrx_word' id='word_1_851' title='bbox 2735 5721 2975 5778; x_wconf 79' lang='lat' dir='ltr'><strong>hastilia.</strong></span> 
     </span>
    </p>
   </div>
  </div>
