4092 6198
3699 365 3804 390 1⁵1⁸⁸δέ

3697 384 3808 428 51!.

547 378 580 439 3
585 381 614 439 ’ἵ
628 377 647 439 ι
1941 374 2128 436 THEC

2230 375 2428 440 [ANIS

537 496 690 542 runt.
748 486 1009 541 Caeterum
1069 484 1148 539 Dii
1212 484 1530 541 monasterii
1592 484 1849 556 praelecto
1893 500 1926 542 e
1969 486 2108 542 vivis

2230 491 2377 544 ταντὶ
2407 486 2678 561 ἀνθρώπῳ
2705 485 2782 557 τῷ
2822 484 2896 556 μὴ
2925 480 3201 554 δεχομένῳ
3245 479 3345 548 τὴν
3395 479 3452 532 ὲν
3494 477 3807 547 Χαλκηδόνι

541 579 774 643 sublato,
803 577 1125 632 Timotheus
1162 579 1496 648 superiorem
1523 579 1688 633 alium
1711 579 2111 637 substituturus

2230 584 2428 638 τύνοδον
2445 584 2488 617 ⁸⁷
2514 599 2530 615 ο
2564 581 2660 635 καὶ
2687 578 2860 643 οὕτως
2883 572 3332 648 προχειρισθῆναι
3362 572 3456 624 ὑπ’
3477 571 3642 624 αὑτοῦ
3672 571 3732 624 ού
3754 568 3808 602 ⁸⁸

540 668 794 723 accessit.
841 669 904 720 At
941 669 1033 738 qui
1092 671 1496 739 promovendus
1525 679 1645 725 erat
1680 671 1818 725 dixit
1852 687 1868 726 :
1916 686 1951 726 a'
1995 672 2112 727 viro

2230 673 2534 739 ιατεδέξατο
2555 673 2584 724 ὁ
2615 670 2936 740 ἡγούμενος.
2962 667 3216 736 Ἰωάννης
3258 664 3314 716 δὲ
3342 663 3371 715 ό
3422 662 3812 734 ἀρχιδιάκονος

540 760 633 828 qui
658 759 1156 816 Chalcedonensem
1195 762 1462 832 synodum
1502 762 1896 833 reprobavierit,
1949 764 2114 819 bene.

2230 766 2482 835 Τιμοθέου
2515 765 2815 834 Μανιχαῖος
2836 760 2932 824 ὥν,
2965 757 3195 830 ὑϐρίσας
3215 756 3501 826 Τιμόθεον,
3534 754 3614 826 τῷ
3642 755 3811 826 βασι-

540 851 833 906 dictionem
856 867 915 907 se
943 853 1084 907 nolle
1109 854 1377 923 accipere.
1416 855 1716 924 ReSpoudit
1743 853 2066 912 Timotheus
2094 871 2111 909 :

2230 861 2296 912 lsi
2320 859 2607 929 ὲμήνυσεν.
2645 857 2704 910 '0
2735 854 2793 908 δὲ
2815 851 3065 924 βασιλεὺς
3094 847 3668 920 ἁτιμάσαςΤιμόθεον,
3700 864 3814 917 χα-

539 943 903 998 Auathemate
942 943 1176 1000 feriatur
1201 947 1450 1016 quisquis
1482 946 1980 1003 Chalcedonensem
2005 961 2112 1002 non

2230 951 2394 1013 κεπῶς
2427 947 2570 1004 κατὰ
2615 948 2908 1020 πρόσωπον
2955 943 3294 1014 ἀρνούμενον
3321 934 3481 1012 εὗρεν
3511 939 3608 993 καὶ
3636 939 3813 992 πάλιν

539 1034 826 1089 admiserit
855 1037 1121 1107 synodum
1160 1055 1173 1090 :
1222 1046 1385 1107 atque
1412 1039 1483 1095 ita
1516 1055 1575 1096 se
1611 1040 1679 1096 ab
1704 1055 1768 1095 eo
1799 1039 2114 1095 conﬁrmari

2230 1040 2681 1110 ιναθεματίζοντα
2723 1039 2848 1100 τοὺς
2905 1037 3229 1109 δεχομένους
3276 1035 3376 1106 τὴν
3407 1037 3464 1086 ὲν
3493 1032 3807 1102 Χαλκηδόνι

539 1140 649 1180 non
703 1126 951 1194 permisit
987 1125 1291 1197 prml'eetus.
1341 1128 1576 1186 Joannes
1619 1139 1802 1186 autem
1842 1129 2115 1187 Timothei

2230 1131 2712 1200 τύνοδον.’ῐωαννης
2747 1131 2802 1185 δὲ
2824 1132 2852 1183 ὁ
2874 1130 3281 1200 Ἀλεξανδρείας
3301 1130 3330 1181 ὁ
3361 1125 3628 1195 δυσσεϐὴς
3657 1125 3804 1178 ἐκώ-

542 1215 968 1273 archidiaconus
999 1233 1122 1272 cum
1159 1228 1305 1274 esset
1338 1218 1708 1287 Manichacus,
1756 1223 2018 1292 conjectis
2059 1224 2114 1278 in

2230 1224 2346 1273 luas
2401 1220 2528 1283 τοὺς
2567 1219 2898 1286 Αἰγυπτίους
2928 1219 3252 1290 ἀνέρχεσθαι
3283 1219 3366 1280 τίς
3396 1216 3466 1269 τὰ
3501 1213 3809 1284 Ἰεροσόλυ-

542 1305 890 1366 Timotheum
912 1309 1200 1377 conviciis,
1226 1327 1340 1368 rem
1382 1315 1447 1367 ad
1484 1314 1864 1384 imperatorem
1896 1315 2112 1370 detulit.

2230 1332 2318 1383 μα,
2342 1313 2430 1368 διὰ
2461 1312 2522 1365 τὸ
2561 1311 2636 1383 μὴ
2663 1313 2937 1365 κοινωνεῖν
2968 1311 3028 1363 ἐν
3054 1312 3118 1380 τῇ
3158 1307 3364 1378 ὑψώσει
3396 1309 3466 1378 τῇ
3497 1307 3556 1358 ὲν
3579 1303 3808 1374 Χαλκηο

542 1398 648 1454 Sed
699 1415 823 1454 cum
878 1401 1176 1470 imperator
1228 1403 1404 1473 ipsum
1458 1404 1823 1474 ignominiose
1876 1416 1931 1461 et
1982 1407 2118 1464 dure

2230 1405 2328 1458 Βόνι
2391 1403 2611 1473 συνόδῳ.
2679 1401 2889 1472 ⁴ὒοϐερά
2939 1401 2999 1455 δέ
3060 1417 3183 1454 τινα
3233 1399 3340 1452 ὑπὸ
3395 1395 3810 1468 δαιμονιὼντων

542 1491 923 1562 corripuisset,
971 1491 1292 1549 Timotheus
1320 1502 1446 1549 ante
1493 1495 1844 1566 imperatoris
1881 1513 2115 1568 conspec-

2230 1496 2436 1563 ἐγένετο
2459 1496 2540 1558 εἰς
2581 1494 2928 1565 Ἰεροσόλυμα
2955 1494 3077 1548 τότε
3107 1495 3175 1547 ³³.
3206 1491 3558 1553 Ἀναστάσιος
3585 1489 3644 1542 δὲ
3675 1489 3806 1541 ἔπι-

542 1590 690 1636 etum
733 1599 845 1637 rem
877 1585 1095 1656 negavit
1125 1601 1338 1642 omnem
1374 1628 1389 1654 ,
1430 1595 1484 1642 et
1512 1589 1605 1658 qui
1653 1590 1924 1664 synodum
1957 1590 2119 1646 Chal-

2230 1585 2284 1638 θυ
2293 1586 2410 1655 μῶν
2431 1584 2684 1654 γενέσθαι
2703 1584 2829 1648 δοὺξ
2843 1583 3224 1653 Παλαιστίνης,
3253 1582 3519 1650 ὑπέσχετο
3533 1577 3612 1648 τῷ
3643 1578 3809 1649 βασι-

541 1675 749 1731 cedone
789 1675 947 1747 136
990 1677 1323 1734 celebratam
1366 1681 1713 1750 reciperent,
1771 1683 2120 1740 anathemate

2230 1679 2333 1743 λεί,
2367 1677 2418 1729 εἰ
2449 1677 2522 1746 μὴ
2554 1675 2727 1728 πείσω
2768 1676 2817 1706 ⁸ο
2843 1675 3098 1743 Ἰωάννην
3140 1672 3233 1726 τὸν
3267 1671 3412 1742 μετὰ
3435 1669 3621 1723 Ἠλίαν
3679 1669 3810 1721 ὲπῐ-

542 1765 886 1834 perstrinxit.
914 1764 1152 1824 Ioannes
1181 1778 1363 1824 autem
1395 1770 1596 1841 impius
1625 1772 1969 1829 Alexandriae
1989 1790 2120 1845 prae»

2230 1784 2424 1822 σκοπον
2492 1765 2880 1836 Ἱεροσολύμων
2947 1765 3276 1832 κοινωνῆσαι
3334 1761 3580 1832 Σευήρῳ,
3639 1759 3810 1814 δεδειν

544 1856 626 1910 sul
657 1855 940 1928 Aigyptios
984 1857 1415 1931 Hierosolymam
1468 1834 1764 1918 ascendere
1813 1834 2114 1935 prohibuit,

2230 1858 2535 1930 τριακοσίας
2551 1834 2736 1926 λίτρας
2758 1834 3006 1926 χρυσίου.
3022 1855 3218 1909 Λαϐὼν
3235 1855 3290 1907 δὲ
3314 1854 3417 1926 τήν
3443 1855 3619 1924 ἀρχὴν
3639 1849 3810 1925 ἦλθεν

543 1963 612 2002 ne
648 1949 702 2002 in
735 1957 941 2003 sanctae
985 1951 1170 2005 crucis
1233 1951 1592 2010 exaltationis
1632 1953 1774 2012 festo
1813 1956 2117 2012 Chalcedo-

2230 1952 2300 2012 είς
2318 1948 2387 2002 τὰ
2426 1947 2797 2018 Ἰεροσόλυμα,
2829 1947 2926 2000 καὶ
2958 1947 3214 2016 Ἰωάννην
3251 1947 3328 2016 μὴ
3359 1946 3682 2014 πειθόμενον
3721 1947 3810 2008 είς

543 2042 732 2095 nensis
759 2043 952 2112 synodi
1001 2041 1259 2098 Pati-ibus
1289 2046 1781 2102 communicarent.
1809 2047 1947 2104 Tum
1992 2065 2120 2105 vero

2230 2041 2464 2111 φρουρὰν
2481 2038 2754 2092 ἐνέϐαλεν.
2788 2039 3066 2109 Ζαχαρίας
3098 2038 3157 2091 δέ
3181 2055 3266 2099 τις
3290 2039 3473 2107 ἄρχων
3500 2037 3809 2090 Παλαιστί-

545 2145 635 2185 res
661 2145 889 2199 prorsus
932 2130 1219 2186 horrendae
1249 2133 1316 2188 ab
1350 2132 1417 2188 iis
1447 2135 1537 2204 qui
1568 2135 1905 2193 daemonibus
1935 2151 2120 2193 corre-

2230 2154 2336 2206 νης,
2369 2134 2627 2205 θεοφιλὴς
2656 2133 2814 2204 ἀνὴρ,
2842 2133 3073 2188 ὑπέθετο
3098 2132 3177 2202 τῷ
3199 2133 3483 2202 ὲπισκόπῳ
3507 2131 3655 2202 ζήλῳ
3676 2131 3814 2200 θείῳ

544 2223 621 2290 pti
676 2229 836 2277 erant
874 2221 1267 2294 Hierosolymis
1318 2225 1500 2280 editae.
1553 2226 1883 2283 Anastasius
1937 2235 2117 2284 autem

2230 2227 2522 2298 φερόμενος
2578 2225 2914 2296 ὑποσχέσθαι
2944 2225 3021 2294 τῷ
3049 2225 3200 2278 eam
3233 2226 3405 2278 ποιεῖν
3451 2223 3520 2277 τὰ
3542 2223 3810 2277 δοκοῦντα

545 2311 846 2368 Palaestinae
889 2313 1000 2370 dux
1045 2315 1159 2369 fieri
1209 2330 1335 2370 cum
1377 2317 1634 2380 ambiret,
1678 2319 1784 2374 nisi
1827 2317 2115 2384 Joannem,

2230 2319 2388 2390 αὐτῷ,
2415 2320 2464 2372 εί
2490 2318 2912 2388 ἀποκατασταθῇ
2937 2319 3016 2380 εἰς
3052 2316 3142 2370 τὸν
3169 2317 3362 2386 θρόνον
3382 2315 3571 2370 αὐτοῦ.
3605 2314 3714 2368 Τοῦ
3745 2315 3810 2368 δὲ

546 2405 638 2472 qui
676 2413 796 2473 post
820 2403 990 2458 Eliam
1026 2403 1528 2478 Hierosolymorum
1559 2409 1874 2480 episcopum
1903 2413 2116 2481 agebat,

2230 2410 2591 2475 ἂπολύσαντος
2617 2411 2804 2474 αὑτὸν,
2831 2410 2928 2464 καὶ
2953 2409 3529 2480 ἀποκαταστήσαντος,
3567 2423 3809 2474 συναγα-

546 2512 670 2551 cum
714 2495 921 2551 Severo
959 2497 1406 2554 communionem
1454 2497 1655 2556 habere
1690 2500 1972 2565 suaderet,
2015 2503 2120 2557 300

2230 2500 2334 2570 γὼν
2361 2503 2430 2555 τὰ
2463 2503 2804 2572 μοναστήρια
2855 2503 2937 2564 είς
2969 2503 3062 2555 τὸν
3099 2501 3226 2555 ναὸν
3264 2500 3358 2553 τοῦ
3409 2498 3568 2566 ἁγίου
3597 2498 3808 2565 Σιεφὰ-

547 2586 665 2639 auri
693 2585 861 2639 libras
884 2585 1205 2656 imperatori
1241 2601 1302 2642 se
1346 2603 1642 2656 pensurum
1691 2591 1970 2661 promisit.
1995 2590 2117 2646 Mox

2230 2612 2333 2660 νου,
2351 2595 2446 2648 καὶ
2468 2593 2710 2648 ἀνελθὼν
2735 2593 2822 2648 ἐπ’
2837 2593 3111 2662 ἄμϐωνος,
3135 2591 3492 2661 ἁνεθεμὰτισε
3509 2589 3808 2660 Νεστόριον

545 2675 811 2746 dignitate
844 2683 1057 2746 arrepta
1084 2715 1100 2740 ,
1126 2678 1274 2732 venit
1299 2679 1733 2748 Hierosolymam
1764 2691 1818 2737 et
1849 2680 2116 2738 Joannem

2230 2687 2315 2742 καὶ
2342 2686 2584 2756 Εύτυχέα
2610 2687 2704 2738 καὶ
2732 2685 2971 2755 Σευῆρον
3004 2686 3098 2737 καὶ
3129 2685 3440 2755 Σωτήριχον
3467 2681 3560 2735 τὸν
3587 2681 3804 2733 Καισα-

547 2767 652 2823 sibi
691 2768 1049 2824 reluctantem
1085 2771 1323 2839 conjecit
1355 2771 1410 2826 in
1445 2771 1775 2828 custodiam.
1825 2773 2120 2831 Zacharias

2230 2779 2398 2851 ρείας,
2421 2778 2792 2848 ἀναγορεύσας
2820 2777 2919 2840 τὰς
2951 2777 3114 2845 ἁγίας
3143 2778 3235 2831 καὶ
3255 2773 3641 2845 οἰκουμενικὰς
3671 2771 3798 2826 τέσο

547 2867 728 2913 autem
761 2860 981 2930 quidam
1015 2859 1318 2917 Palaestinae
1346 2863 1658 2933 praefectus,
1694 2865 1780 2920 vir
1807 2866 2117 2936 religiosus,

2230 2887 2396 2940 σαρας
2438 2869 2719 2932 συνόδους·
2758 2869 2942 2938 παρῆν
2971 2869 3028 2922 δὲ
3074 2868 3166 2922 καὶ
3219 2867 3476 2930 Ὑπάτιος
3523 2867 3552 2918 ό
3587 2862 3810 2932 αδελφιο

546 2950 734 3006 divino
780 2952 898 3007 zelo
931 2960 1137 3018 motus,
1188 2955 1442 3025 episcopo
1484 2958 1785 3027 suggessit,
1825 2957 1948 3012 duci
1999 2973 2122 3028 quae

2230 2960 2344 3024 5οὗς
2373 2961 2416 2992 ⁸¹
2451 2958 2675 3032 (41))τοῦ
2707 2959 2969 3029 βασιλέως
2997 2957 3070 3029 μὴ
3094 2958 3364 3012 κοινωνῶν
3392 2959 3470 3028 τῷ
3497 2959 3720 3030 Σευήρῳ
3742 2957 3806 3011 τὸ

545 3043 756 3112 placita
796 3042 974 3098 forent
1019 3055 1404 3101 exsecuturum
1447 3047 1822 3117 polliceretur,
1866 3048 1909 3103 si
1957 3048 2121 3104 modo

2230 3050 2466 3105 σύνολον.
2513 3042 2680 3113 Οὗτος
2708 3050 3042 3120 κοινωνήσας
3068 3049 3144 3118 τῷ
3173 3049 3396 3120 Ἰωάννη
3423 3050 3546 3103 τότε
3577 3049 3816 3120 χρυσίου

548 3133 826 3202 propriam
858 3134 960 3190 sibi
989 3134 1172 3190 sedem
1192 3137 1477 3207 reciperet.
1499 3137 1615 3203 Quo
1638 3138 1790 3192 illum
1815 3139 2121 3194 dimittente

2230 3141 2416 3211 λίτρας
2443 3141 2639 3196 έκατδν
2669 3140 2935 3210 Θεοδοαίῳ
2966 3140 3042 3212 τῷ
3063 3141 3196 3211 ὁσίῳ
3227 3141 3273 3172 ⁸³
3295 3140 3508 3210 ὲξάρχῳ
3543 3141 3659 3196 ὄντι
3695 3140 3809 3193 τῶν

551 3239 615 3277 ac
640 3225 840 3278 throno
875 3225 1213 3293 restituente,
1247 3243 1370 3281 mox
1404 3229 1494 3283 ille
1526 3230 1858 3284 monasteria
1893 3245 2123 3302 quaeque

2230 3233 2611 3304 μοναστηρίων
2643 3229 2756 3304 (50)
2787 3233 2866 3296 είς
2900 3232 3164 3302 διανομὴν
3189 3232 3297 3284 τῶν
3342 3230 3486 3301 ὑπὲρ
3515 3231 3612 3301 τῆς
3637 3229 3810 3300 ὀρθῆς

551 3317 608 3370 in
639 3314 696 3370 S.
727 3314 986 3385 Stephani
1021 3318 1282 3386 templum
1314 3320 1552 3391 collegit,
1579 3330 1632 3376 et
1655 3321 1864 3377 sanetis
1888 3331 2123 3392 quatuor

2230 3325 2461 3386 πίστεως
2483 3324 2695 3395 καὶτῆς
2729 3326 2788 3378 ὲν
2816 3324 3120 3394 Χαλκηδόνι
3143 3325 3189 3357 ⁸³
3220 3322 3524 3393 ζηλούντων
3557 3322 3812 3393 μοναχῶν

549 3406 910 3464 meumenicis
943 3408 1196 3464 conciliis
1219 3410 1435 3480 publice
1465 3413 1815 3481 proclamatis
1846 3413 1897 3468 in
1927 3412 2124 3470 Nesto-

2230 3416 2480 3470 δέδωκεν.
2528 3415 2587 3470 Ὀ
2638 3415 2695 3468 δὲ
2749 3415 3001 3486 βασιλεὺς
3029 3415 3180 3478 τινας
3223 3413 3334 3485 (δι)
3367 3413 3476 3468 τῶν
3529 3412 3811 3486 ἀρχόντων

547 3504 720 3570 rium,
763 3502 1087 3575 Eutyehem,
1136 3503 1397 3560 Severum
1448 3515 1501 3560 et
1551 3503 1898 3560 Soterichum
1943 3507 2126 3562 Caesa—

2230 3507 2563 3579 προσέταξεν
2609 3509 2690 3572 είς
2745 3507 2838 3561 τὸν
2879 3509 3006 3560 ναὸν
3051 3506 3146 3560 τοῦ
3177 3506 3333 3576 ἁγίου
3379 3504 3657 3576 Θεοδώρου
3696 3503 3809 3558 τῶν

548 3612 658 3652 rete
699 3598 988 3668 praesulem
1023 3597 1314 3652 anathema
1353 3613 1419 3653 ex
1457 3596 1690 3653 amboue
1727 3599 2123 3668 pronuntiavit.

549 3688 649 3746 His
695 3688 945 3746 interfuit
977 3688 1241 3762 Hypatius
1273 3689 1624 3760 imperatoris
1661 3706 1726 3746 ex
1761 3689 1931 3747 fratre
1955 3706 2126 3763 nepos

551 3801 582 3840 a
630 3784 816 3841 Severi
866 3785 1250 3843 communione
1293 3785 1513 3854 penitus
1563 3786 1810 3843 alienus.‘
1853 3785 1955 3841 Hic
1999 3803 2124 3842 cum

550 3877 750 3932 Joanni
781 3879 1234 3944 communicaret,
1268 3874 1578 3932 Theodosio
1617 3886 1811 3932 sancto
1850 3885 2128 3932 monaste-

554 3971 762 4026 riorum
795 3971 1091 4043 praeposito
1120 3977 1339 4025 centum
1373 3969 1492 4023 auri
1527 3969 1693 4025 libras
1725 3980 1854 4024 tunc
1879 3969 2125 4036 donavit,

2228 3602 2542 3671 Σφαρακίου
2595 3601 2680 3654 ἐπ’
2709 3601 2961 3671 ἄμϐωνος
2992 3600 3090 3671 τὴν
3143 3600 3463 3671 προσθήκην
3489 3597 3584 3651 τοῦ
3640 3597 3810 3668 Τρισ-

2227 3693 2383 3764 αγίου
2422 3692 2910 3758 ύποϐάλλειν,ὥστε
2937 3693 3003 3746 τὰ
3027 3692 3206 3762 πλήθη
3229 3689 3644 3761 ἀγανακτοῦντα
3669 3689 3814 3754 ἔξελ-

2229 3787 2341 3842 θείν
2371 3787 2510 3840 κατὰ
2527 3787 2626 3858 τὴν
2658 3786 2871 3857 ήμέραν
2899 3786 2999 3855 τῆς
3017 3784 3171 3854 λιτῆς
3197 3783 3488 3854 γινομένης
3510 3784 3568 3835 έν
3596 3781 3816 3852 τῷΤριο

2229 3881 2416 3950 κόγχῳ
2432 3880 2518 3934 διὰ
2549 3880 2649 3952 τήν
2676 3881 2822 3933 κόνιν
2841 3895 2857 3912 ·
2895 3881 3058 3951 ήνίκα
3085 3880 3179 3933 καὶ
3206 3878 3470 3948 Τιμόθεος
3503 3877 3569 3930 δι’
3598 3877 3808 3946 ἐγγρά-

551 4080 704 4134 quas-
727 4065 782 4118 in
811 4063 1130 4127 monachos,
1157 4061 1249 4133 qui
1283 4071 1487 4117 rectam
1527 4061 1685 4117 fidem
1711 4070 1764 4118 et
1784 4061 2128 4118 Chalcedone

553 4157 823 4228 synodum
861 4164 1037 4210 actam
1082 4164 1390 4218 tuerentur,
1423 4154 1796 4211 distribueret.
1830 4155 2128 4225 imperator

549 4263 720 4319 porro
752 4249 1169 4320 magistratuum
1199 4247 1501 4313 nonnullis,
1541 4257 1602 4303 ut
1641 4249 1696 4301 in
1737 4247 1912 4302 sancti
1954 4244 2128 4301 Theo-

551 4339 670 4395 dori
721 4339 1144 4410 Spharaciorum
1187 4340 1392 4410 templo
1435 4355 1501 4395 ex
1550 4340 1785 4394 amboue
1821 4339 2006 4410 hymni
2046 4347 2130 4394 ter

551 4432 727 4490 sancti
759 4431 1092 4501 subjicerent
1118 4431 1547 4486 additamentum
1580 4431 1835 4501 pnecepit
1862 4448 1875 4483 :
1928 4446 1994 4486 ex
2018 4445 2127 4501 quo

2230 3989 2331 4040 φου
2359 3968 2765 4040 ύπομνηστικοῦ
2796 3968 2997 4032 πάσαις
3025 3969 3146 4030 ταῖς
3163 3965 3479 4032 ἐκκλησίαις
3510 3960 3814 4038 προσέταξε

2229 4065 2291 4118 τὸ
2325 4064 2622 4135 Τρισάγιον
2650 4064 2708 4115 ὲν
2737 4065 2857 4127 ταῖς
2883 4062 3059 4124 λιταῖς
3093 4060 3231 4132 μετὰ
3257 4060 3354 4129 τῆς
3389 4057 3707 4126 προσθήκης
3733 4057 3815 4108 εί-

2230 4158 2372 4209 πεῖν.
2397 4156 2572 4226 Ὅπερ
2601 4153 2787 4207 πολλοὶ
2810 4152 3136 4223 φοϐούμενοι
3165 4151 3447 4222 ἐποίησαν.
3466 4150 3532 4202 Οἱ
3560 4149 3615 4201 δὲ
3643 4163 3816 4218 μονα-

2229 4248 2316 4319 χοὶ
2346 4245 2503 4302 ἄλλον
2529 4246 2744 4316 ψαλμὸν
2779 4241 2942 4316 ἦλθον
2977 4244 3292 4315 ψάλλοντες.
3317 4241 3551 4304 Τούτους
3577 4239 3633 4292 δὲ
3686 4236 3815 4291 ἰδὼν

2231 4339 2259 4391 ὑ
2287 4337 2413 4400 λαὸς
2443 4337 2694 4406 ἔκραξεν·
2724 4333 2931 4403 Καλῶς
2962 4334 3153 4406 ἦλοον
3183 4340 3234 4390 ol
3263 4332 3590 4402 ὀρθόδοξοι.
3613 4330 3816 4393 Στάσις

2230 4449 2289 4485 τε
2317 4430 2486 4501 πολλὴ
2517 4429 2707 4500 γέγονε
2740 4429 2833 4483 καὶ
2884 4427 3216 4500 ἐμπρησμὸς
3249 4426 3413 4479 οἴκων
3461 4423 3672 4476 πολλῶν
3715 4421 3817 4474 καὶ

551 4525 784 4595 populus
834 4523 1187 4594 indignatus,
1231 4539 1298 4578 ex
1343 4522 1713 4594 processionis
1761 4521 2012 4591 precibus
2058 4522 2125 4577 ad

2237 4525 2386 4594 φόνοι
2417 4525 2619 4595 μυρίοι,
2647 4521 2742 4576 τοῦ
2772 4521 2928 4592 ὄχλου
2975 4517 3354 4581 καταϐοῶντος
3388 4512 3722 4582 Ἀναστασίῳ
3743 4513 3813 4577 ⁸⁸,

552 4618 920 4675 Trieonehum
949 4632 1014 4672 eo
1045 4617 1136 4672 die
1158 4624 1381 4688 propter
1408 4616 1694 4686 pulverem
1727 4616 1945 4687 igneum
1977 4615 2132 4670 habi-

551 4711 644 4775 tis,
691 4725 750 4764 se
797 4709 1059 4766 subduxit
1100 4729 1114 4765 :
1152 4725 1276 4764 cum
1318 4709 1482 4765 etiam
1518 4705 1840 4763 Timotheus
1871 4708 2130 4764 omnibus

552 4799 804 4854 ecclesiis
850 4816 946 4869 per
991 4800 1232 4856 libellum
1265 4801 1534 4870 scriptum
1563 4798 1754 4865 edixit,
1799 4809 1858 4854 ut
1887 4808 1971 4854 ter
2005 4816 2134 4856 san-

551 4898 702 4944 ctum
736 4891 1022 4961 hymnum,
1055 4908 1164 4948 non
1198 4892 1404 4948 omisso
1441 4891 1832 4957 additamenta,
1866 4891 1918 4946 in
1951 4893 2132 4962 publi-

554 4982 634 5038 cis
661 4983 1104 5052 processionibus
1137 4983 1493 5038 decantarent
1525 5001 1540 5037 :
1579 4983 1721 5052 quod
1753 4983 1996 5052 plerique
2018 4999 2128 5054 pne

2229 4618 2326 4670 καὶ
2353 4616 2513 4671 ἄλλον
2544 4613 2770 4685 βασιλέα
2797 4611 3116 4674 αἰτούντων,
3149 4607 3468 4663 Βιταλιανὸν
3497 4605 3555 4658 δὲ
3594 4604 3816 4656 πάντων

2231 4707 2645 4780 εύφημούντων,
2695 4704 2772 4768 ὡς
2811 4703 3212 4774 αὐτοκράτορα,
3252 4700 3394 4754 ὥστε
3435 4699 3627 4767 φυγεῖν
3651 4695 3814 4748 Ἀνα-

2232 4799 2473 4863 στάδσιον,
2499 4798 2593 4851 καὶ
2621 4795 2892 4868 κρυϐῆναι
2923 4797 2980 4848 ὲν
3010 4793 3321 4866 προαστείῳ
3363 4792 3531 4861 ἐγγὺς
3572 4789 3817 4858 Βλαχερ-

2237 4891 2368 4956 νῶν,
2399 4889 2491 4943 ὑπ’
2519 4888 2689 4959 αὑτῆς
2723 4888 2780 4942 δὲ
2802 4886 3097 4956 Ἀρεάδνης
3126 4884 3470 4956 ὑϐρισθῆναι,
3501 4884 3575 4944 ὡς
3602 4878 3815 4933 πολλῶν

2238 4982 2424 5037 κακῶν
2455 4982 2628 5037 αἴτιον
2658 4982 3028 5052 Χριστιανοῖς.
3067 4976 3502 5048 Ἀλαμουνδάρου
3542 4975 3586 5007 ⁸³
3621 4971 3678 5026 δὲ
3715 4968 3816 5024 τοῦ

1837 5093 2068 5154 νΑιιιΑῑ
2105 5095 2506 5154 LECTIONES.

625 5213 674 5248 "
706 5211 974 5283 Τιμόθεος
1007 5214 1062 5267 δὲ
1085 5214 1189 5284 ἔφη

555 5284 774 5348 στάσιος
809 5287 860 5338 h.
958 5285 1005 5316 ⁸ο
1031 5286 1156 5338 l‘urt.
1195 5285 1394 5339 πείσοι.

1502 5288 1543 5318 ⁸⁸
1581 5286 1812 5356 ἀδελφὸς
1835 5287 1878 5338 Α
1904 5302 1954 5341 e.

1216 5245 1286 5256 --
1307 5247 1374 5258 -~
1414 5215 1632 5268 σύνοδον
1659 5231 1768 5269 om.
1799 5214 1844 5270 Α
1884 5215 1919 5270 b
1954 5215 1993 5269 ί.
2089 5216 2135 5248 ⁵⁸
2155 5217 2214 5270 ού
2241 5217 2362 5272 add.
2393 5233 2455 5271 ex
2485 5217 2525 5270 A
2550 5218 2604 5273 b.

2066 5289 2111 5319 ⁶¹
2137 5288 2270 5356 ὁσίῳ
2301 5304 2410 5340 om.
2445 5291 2489 5342 Α
2514 5305 2544 5344 e
2573 5289 2610 5343 l'.

2713 5219 2760 5250 ”
2788 5218 2866 5277 εἰς
2902 5216 2967 5268 Ἰε
2979 5215 3272 5283 ροσόλυμα.
3314 5212 3433 5283 τότε
3462 5211 3516 5283 δέ
3540 5226 3624 5283 τις
3651 5209 3818 5283 ’Λναο

2713 5287 2760 5320 ⁸³
2786 5280 3092 5357 Χαλκηδόνι
3146 5280 3366 5336 συνόδου
3404 5281 3707 5334 λαλούντων
3745 5280 3813 5332 Α.

555 5356 599 5388 ⁸³
624 5354 975 5409 Ἀναστσσίου
1006 5372 1057 5410 a.
1096 5357 1139 5388 ⁸⁸
1171 5356 1588 5428 ’Λλαμουνδάρῳ
1607 5356 1684 5426 τῷ
1719 5354 2044 5427 ψυλὰρχῳ-
2074 5354 2425 5427 βαπτισθέντι
2464 5360 2514 5412 b.

1865 5471 2005 5529 iac.
2038 5473 2252 5543 coam
2297 5474 2532 5530 nom}.

624 5585 736 5657 (i9)
760 5585 821 5659 in,
851 5587 967 5659 Hyp
988 5587 1079 5642 etio
1107 5603 1259 5659 error
1281 5587 1394 5658 jam
1423 5593 1660 5652 notatus,
1681 5600 1837 5656 nepos
1858 5601 1922 5640 ea!
1944 5601 2124 5639 sorore

553 5654 843 5721 Anastasii,
875 5654 981 5713 non
1013 5676 1076 5712 ex
1111 5654 1300 5712 fratre.

626 5724 739 5794 (50)
784 5726 919 5791 Quis
973 5729 1324 5784 monasteriis
1379 5724 1699 5794 praepositus
1762 5725 1815 5778 in
1878 5724 2124 5780 Ecclesia

557 5789 663 5846 εν.
690 5789 912 5865 exponit
935 5799 1338 5870 euchologium,
1367 5789 1418 5852 ét
1449 5789 1690 5853 collinus
1718 5804 1908 5850 nostro
1941 5795 2126 5851 labore

2233 5587 2559 5643 illustratus.

2308 5661 2420 5726 (5i)
2452 5659 2652 5714 Eadem
2692 5659 2761 5715 ab
2783 5659 3013 5730 Evagrio
3046 5656 3142 5713 lib.
3170 5672 3250 5713 ιιι.
3293 5670 3412 5726 cap.
3452 5655 3552 5709 ult.
3580 5649 3816 5708 diversi.-

2239 5730 2394 5786 tnode
2422 5739 2664 5784 narrata.
