4092 6198
437 224 548 289 375

1824 224 2320 288 THEOPHANIS

3596 219 3705 286 3Ἶὸ

442 335 657 409 llypatii
700 347 873 408 pater,
904 335 979 390 ad
1000 334 1259 390 Vitaliani
1297 333 1460 405 pedes
1487 337 1796 405 proetdens,
1828 335 2018 391 multis

2132 338 2213 392 τὸν
2239 340 2371 395 ίδιον
2392 340 2507 394 υίδν
2525 342 2591 395 ὲκ
2623 340 2733 395 τῶν
2758 342 2818 395 ὲν
2847 340 3035 412 Μυσίᾳ
3060 338 3277 410 δεσμῶν
3304 336 3485 402 ζῶντα
3497 334 3705 390 ἀπέλα-

440 431 696 503 lacrymis
720 430 1000 501 llypatium
1021 428 1299 499 proprium
1318 428 1487 482 tilium
1521 444 1585 483 ex
1617 428 1871 496 vinculis,
1890 430 2016 500 qui-

442 523 542 577 Il'JS
575 521 856 576 tenebatur
886 520 939 574 in
967 519 1160 591 Mysia,
1202 520 1432 575 liberum
1471 527 1525 575 et
1555 520 1764 577 salvum
1788 523 2014 592 recepit.

438 609 703 667 Cmterum
724 609 1043 665 llormisdas
1056 610 1337 666 Romanus
1350 609 1641 681 episcopus
1655 626 1685 664 a
1708 609 2016 666 Theuderi-

441 708 546 757 eho
576 704 925 767 sollicitatus,
974 703 1067 772 qui
1114 701 1394 757 Vitaliano
1462 701 1700 767 favebat,
1744 700 2015 756 Euodium

441 797 756 865 episcopum
795 802 851 850 et
890 791 1220 849 Vitalianum
1274 793 1760 860 archidiaconum,
1811 793 2019 848 indicto

443 886 718 942 Heraclea:
750 885 913 957 138
932 886 1187 953 concilio,
1209 886 1421 957 legatos
1452 885 1620 942 misit.
1651 883 2020 941 Accesserunt

441 980 741 1034 etiamnum
768 995 834 1034 ex
862 978 1097 1035 diversis
1112 978 1249 1035 locis
1266 978 1503 1050 episcopi
1525 978 1747 1033 circiter
1764 976 2018 1046 ducenti;

443 1072 535 1141 qui
571 1083 681 1125 tam
722 1086 753 1126 a
802 1070 1034 1127 scelesto
1082 1073 1432 1140 imperatore,
1463 1086 1625 1142 quam
1664 1085 1695 1124 a
1730 1069 2020 1126 Timotheo

442 1163 678 1232 Cpoleos
712 1164 971 1234 episcopo
997 1162 1267 1228 delusi,re
1289 1162 1488 1218 infecta
1518 1163 2024 1233 recessere.lmpius

445 1256 715 1328 siquidem
744 1257 1061 1328 imperator,
1095 1257 1271 1326 pactis
1287 1256 1523 1324 violatis,
1547 1256 1612 1311 ad
1630 1270 1821 1326 papam
1840 1254 2025 1311 Romae

444 1365 512 1405 ne
543 1347 940 1404 venirentclam
970 1347 1331 1419 signiﬁcavit;
1368 1347 1587 1403 aliunde
1603 1362 1733 1403 vero
1752 1346 2024 1401 \‘italiano

444 1455 659 1496 sacram
693 1439 880 1494 Romae
922 1440 1243 1494 mittendam
1296 1439 1541 1506 dederat,
1580 1454 1687 1510 qua
1720 1454 1912 1509 papam
1955 1438 2023 1493 ad

446 1533 741 1589 concilium
790 1531 1065 1586 Heraclea:
1098 1531 1481 1586 celebrandum
1517 1538 1575 1584 ut
1626 1530 1909 1585 accederet
1927 1529 2026 1584 do-

450 1624 565 1678 lose
583 1622 869 1677 invitabat.
894 1620 1056 1676 Plebs
1076 1631 1254 1676 autem
1280 1620 1524 1676 omniset
1551 1629 1775 1676 senatus
1806 1620 2026 1675 univer-

2118 432 2232 487 ϐεν.
2262 433 2556 505 Ὀρμίσδας
2568 432 2980 498 δὲόὲπίσκοπος
3012 428 3571 502 Ῥὠμηςόχλούμενος
3600 427 3707 481 ὑπὸ

2117 527 2441 599 Θευδερίχου
2470 527 2829 597 χαριζομένου
2845 527 2893 559 ’⁸
2911 524 3236 594 Βιταλιανῷ,
3261 522 3373 595 (55)
3398 522 3618 575 Εὖόδιον
3636 521 3706 552 ⁷⁸·

2117 618 2210 672 τὸν
2234 618 2534 672 ἐπίσκοπον
2571 617 2819 688 επεμψεν
2844 617 2943 671 καὶ
2970 617 3062 671 τὸν
3106 613 3427 669 Βιταλιανδν
3456 611 3709 686 ἀρχιδιά-

2122 728 2283 765 κονον
2313 712 2371 764 ὲν
2398 710 2478 781 τῷ
2516 711 2563 743 ⁷⁷
2593 710 2929 782 κρατηθῆναι
2981 710 3081 780 τὴν
3131 710 3190 763 ὲν
3233 706 3533 776 Ἡρακλείᾳ
3577 705 3709 757 σύν-

2118 799 2467 857 οδονῘἯλθον
2486 802 2543 856 δὲ
2567 805 2662 857 καὶ
2681 801 2968 856 ἑπίσκοποι
2987 801 3062 865 ὡς
3087 801 3134 833 ⁷⁸
3161 798 3423 854 διακόσιοι
3441 800 3504 851 ὲκ
3522 796 3711 864 διαφό-

2123 912 2231 966 ρων
2259 896 2471 951 τόπων⁸
2498 895 2695 958 οἵτινες
2715 892 3112 965 ὲμπαιχθέντες
3139 892 3245 946 ὑπὸ
3264 890 3357 945 τοῦ
3386 888 3709 960 παρανόμου

2118 987 2389 1059 βασιλέως
2417 987 2513 1042 καὶ
2542 987 2807 1058 Τιμοθέου
2843 986 3145 1041 ἐπισκόπου
3182 981 3709 1039 Κωνσταντινουπὸ-

2120 1075 2258 1138 λεως
2286 1076 2642 1147 ἀνεχώρησαν
2667 1076 3036 1148 ἇπρακτοι.⁹υ
3062 1074 3175 1144 γὰρ
3218 1071 3420 1143 ἀσεόὴς
3448 1071 3711 1142 βασιλεὺς

2123 1166 2375 1237 παραϐὰς
2403 1168 2503 1229 τὰς
2517 1165 2813 1237 συνθήκας,
2830 1166 3007 1237 λάθρα
3032 1166 3304 1236 ἐδήλωσεν
3335 1162 3414 1235 τῷ
3440 1164 3646 1231 πάππα⁴
3663 1163 3709 1194 ⁷⁸

2134 1261 2357 1331 Ῥώμης
2407 1260 2483 1331 μὴ
2528 1261 2938 1333 παραγενέσθαι
2989 1262 3056 1319 ⁸⁸.
3099 1260 3191 1331 Τῷ
3246 1260 3355 1330 γὰρ
3405 1256 3715 1327 Βιταλιανῷ

2126 1354 2339 1425 σάκραν
2381 1349 2452 1425 ἦν
2506 1354 2729 1426 πέμψας
2769 1355 2863 1408 τοῦ
2903 1353 3117 1424 πέμψαι
3140 1352 3312 1425 αὐτὴν
3357 1351 3438 1414 είς
3478 1347 3705 1418 Ῥώμην

2127 1448 2262 1519 πρὸς
2288 1448 2349 1502 τὸ
2382 1448 2793 1520 παραγενέσθαι
2811 1446 2903 1501 τὸν
2918 1448 3149 1502 πάππαν
3173 1445 3267 1499 ἐπὶ
3291 1445 3349 1498 τὸ
3371 1446 3706 1516 κρατηθῆναι

2128 1539 2346 1594 σύνοδον
2381 1542 2439 1593 ὲν
2476 1539 2797 1612 Ἡρακλείᾳ.
2866 1540 2982 1603 Πᾶς
3016 1539 3073 1592 δὲ
3101 1540 3129 1592 ὁ
3160 1536 3205 1569 ⁸¹
3234 1538 3361 1601 λαὸς
3396 1539 3489 1589 καὶ
3513 1538 3546 1607 ή
3572 1535 3705 1603 σύγ-

2129 1631 2326 1702 κλητος
2358 1632 2642 1703 παρρησίᾳ
2684 1631 2984 1703 ἐλοιδόρουν
3019 1630 3371 1684 Ἀναστάσιον
3403 1629 3478 1692 ὡς
3514 1627 3711 1698 ἐπίορ-

450 1730 547 1770 sus
580 1713 931 1770 Anastasinm
977 1728 1077 1767 ceu
1119 1713 1401 1783 periurum
1427 1712 2024 1784 conviciisimpetebat.

2135 1690 2249 1776 κον.
2297 1690 2355 1777 't)
2381 1690 2452 1777 δὲ.
2477 1690 2813 1795 ’παρανομος
2858 1690 3093 1788 αναιδῶς
3138 1723 3325 1792 ἔλεγεν
3363 1690 3528 1792 νόμον
3568 1690 3708 1773 εἶναι

451 1806 531 1862 Ad
563 1822 685 1879 quae
719 1805 965 1861 nefarius
997 1805 1088 1861 ille
1134 1804 1609 1875 impudentissime
1640 1804 1893 1870 dicebat,
1923 1804 2025 1859 ha-

455 1901 569 1956 beri
607 1901 803 1971 legem,
829 1915 951 1971 qua:
997 1900 1379 1969 imperatorem
1429 1899 1483 1953 in
1523 1899 1853 1955 necessitate
1895 1914 2029 1955 con-

452 1994 706 2046 stitutum
752 1992 997 2062 peierare
1029 2006 1096 2046 ac
1135 1989 1585 2059 mentirijubeat.
1614 1988 1739 2045 Haec
1762 1990 1852 2047 ille
1902 2005 2028 2048 sce-

451 2087 627 2142 lestus
655 2084 1076 2139 Maniclnnorum
1118 2083 1441 2153 discipulus.

522 2198 589 2253 Δ.
616 2197 678 2254 C.
724 2198 849 2253 507.
873 2227 948 2241 -
979 2197 1093 2253 Hoc
1123 2211 1267 2252 anno
1304 2197 1577 2252 Anastasii
1613 2196 1872 2268 periuriis
1901 2197 2029 2252 irri-

456 2288 920 2347 tatusVitalianus
953 2291 1010 2346 in
1034 2291 1155 2361 ejus
1175 2290 1515 2359 exercitusfet
1536 2290 1798 2359 reliquam
1812 2304 2029 2346 omnem

456 2383 849 2453 rempublicam
881 2384 1048 2437 multa
1089 2383 1230 2437 mala
1267 2382 1551 2448 exercuit;
1596 2381 1837 2437 caedibus
1863 2381 2027 2448 enim,

457 2475 670 2545 rapinis
698 2483 753 2528 et
817 2474 1047 2529 militum
1096 2474 1640 2530 exauctorationibus
1673 2489 1769 2530 eos
1806 2487 2030 2540 vetans,

459 2565 527 2619 ad
560 2564 905 2635 irrogandam
935 2565 1153 2619 demum
1184 2564 1449 2631 majorem
1484 2564 2029 2631 contumeliam,sin-

456 2655 599 2725 gulis
626 2653 849 2710 follibus
880 2656 1124 2724 singulos
1151 2655 1351 2712 milites
1378 2654 1723 2710 divendebat.

529 2767 595 2820 Α.
615 2765 678 2822 C.
694 2765 895 2821 508.—
911 2764 1025 2821 Hoc
1052 2779 1196 2819 anno
1211 2764 1377 2831 Unni,
1396 2764 1596 2834 quibus
1616 2763 2035 2834 Saberappella-

462 2860 563 2922 tio,
588 2859 910 2927 Caspiarum
951 2866 1232 2927 portarum
1266 2857 1534 2912 limitibus
1558 2855 1814 2920 emensis,
1841 2856 2031 2911 Armeo

462 2947 606 3001 niam
634 2947 750 3000 suis
770 2945 1183 3002 incursionibus
1209 2945 1546 3001 infestarunt
1566 2963 1580 3011 ;
1599 2944 2034 3015 Cappadociam-

2135 1816 2427 1870 κελεύοντα
2500 1815 2726 1886 βασιλέα
2791 1816 2913 1870 κατ’
2962 1814 3211 1887 ἀνάγκην
3274 1814 3555 1885 ἐπιορκεῖν
3608 1813 3707 1866 καὶ
3780 1866 3783 1867 ν

2133 1906 2444 1979 ψεύδεσθαι.
2472 1904 2659 1961 Ταῦτα
2687 1907 2716 1960 ὁ
2749 1904 3219 1979 παρανομώτατος
3252 1904 3709 1977 Μανιχαιόφρων.

2211 2201 2276 2256 Α.
2303 2197 2381 2252 Μ.
2401 2195 2567 2252 6007.
2591 2225 2665 2236 --
2686 2193 2875 2264 Τούτῳ
2888 2194 2968 2266 τῷ
3006 2195 3117 2250 ἔτει
3146 2193 3466 2261 Βιταλιανδς
3486 2193 3714 2263 ’ἀγανα-

2137 2291 2348 2362 κτήσας
2371 2287 2515 2343 κατά
2540 2288 2895 2341 Ἀναστασίου
2917 2287 3005 2342 διὰ
3018 2287 3118 2360 τὴν
3146 2289 3191 2321 ⁸³
3208 2286 3517 2359 ἐπιορκίαν,
3543 2285 3714 2340 πολλὰ

2139 2382 2289 2437 κακὰ
2311 2385 2425 2445 τοῖς
2478 2382 2585 2436 ὑπὸ
2627 2381 2983 2436 Ἀναστᾶσιον
3024 2381 3072 2413 ⁸³
3098 2381 3485 2453 στρατοπέδοις
3516 2381 3613 2434 καὶ
3645 2371 3714 2451 τῇ

2137 2473 2297 2543 λοιπῇ
2327 2471 2573 2543 πολιτείᾳ
2618 2470 2989 2535 ἐπεδείκνυτο,
3022 2471 3265 2541 ἀναιρῶν
3310 2472 3407 2527 καὶ
3453 2466 3719 2544 ἁρπάζων

2138 2560 2235 2616 καὶ
2255 2560 2587 2629 ἀφλοπίζων,
2621 2561 2717 2615 καὶ
2742 2560 2897 2623 τέλος
2931 2561 3070 2631 πρὸς
3107 2559 3265 2631 ὕϐριν
3287 2560 3519 2614 ἕκαστον
3549 2577 3718 2631 στρα-

2139 2652 2342 2722 τιώτην
2368 2653 2497 2722 μιᾶς
2526 2651 2764 2721 φύλλεως
2793 2651 2843 2683 ⁸⁸
2880 2650 2994 2723 (56)
3029 2651 3396 2723 ὲπίπρασκεν.

2211 2769 2273 2822 Δ.
2304 2766 2381 2822 Μ.
2424 2765 2583 2823 6008.
2612 2796 2681 2806 -
2718 2766 2905 2837 Τούτῳ
2931 2765 3011 2837 τῷ
3045 2766 3155 2820 ἔτει
3195 2765 3384 2821 Οὒννοι
3409 2769 3460 2821 oi
3497 2767 3543 2800 ⁸⁸
3568 2766 3696 2836 λεγό

2145 2875 2294 2929 μενοι
2329 2857 2515 2927 Σασὴρ
2545 2857 2590 2889 ⁸⁸
2625 2856 2736 2927 (57)
2762 2857 3099 2927 περάσαντες
3127 2857 3225 2923 τὰς
3263 2858 3524 2922 Κασπίας
3546 2858 3723 2921 πύλας

2138 2950 2240 3018 τὴν
2266 2948 2560 3020 Ἀρμενίαν
2592 2948 2909 3018 ἐξέδραμον,
2953 2948 3351 3003 Καππαδοκίαν
3388 2967 3449 3003 τε
3492 2951 3586 3004 καὶ
3611 2951 3721 3003 Γα-

463 3050 574 3106 que
601 3042 655 3091 et
689 3035 956 3091 Caiatiam
987 3046 1040 3091 et
1062 3033 1295 3090 Pontum
1324 3035 1657 3105 depopulati,
1684 3036 1749 3090 ad
1777 3035 2027 3090 Euchait:

2142 3039 2333 3093 λατίαν
2378 3039 2473 3091 καὶ
2511 3039 2708 3092 Πόντον
2759 3039 3091 3110 ληϊζόμενοι,
3140 3040 3215 3105 ὡς
3249 3042 3344 3095 καὶ
3375 3041 3648 3111 Εὑχαῖταν
3671 3038 3720 3071 ⁸⁷

463 3143 660 3200 usque,
677 3133 1024 3198 quartantum
1041 3126 1181 3181 haud
1203 3126 1559 3195 subegerunt.
1584 3127 1859 3196 progressi
1880 3133 2009 3182 sunt
2028 3143 2043 3179 :

461 3238 491 3275 a
532 3221 742 3291 quibus
786 3219 1004 3290 fugiens
1058 3233 1216 3279 sacer
1264 3218 1644 3285 Macedonius,
1696 3227 1752 3275 et
1811 3220 1879 3275 de
1932 3220 2046 3276 vita

463 3313 671 3382 ubique
720 3326 817 3381 per
847 3311 989 3369 viam
1024 3308 1367 3378 periclitans,
1415 3308 1603 3364 salvus
1649 3308 1869 3365 tandem
1895 3306 2046 3365 Gan-

464 3418 619 3473 gram
654 3418 714 3459 se
750 3403 975 3472 recepit.
1010 3399 1127 3455 Viri
1168 3400 1401 3455 salutem
1447 3415 1595 3470 aegre
1642 3400 1851 3457 audivit
1899 3402 2048 3457 Ana-

465 3493 691 3558 stasius,
739 3503 796 3549 et
828 3494 933 3549 sub
963 3490 1293 3563 rigidissima
1340 3489 1591 3546 custodia
1642 3490 1815 3546 teneri
1846 3490 2036 3561 jussit,

467 3587 643 3642 misso
674 3586 861 3651 etiam,
889 3593 951 3642 ut
978 3585 1184 3653 ferunt,
1211 3584 1303 3655 qui
1334 3598 1460 3639 eum
1514 3583 1731 3639 tolleret
1768 3597 1800 3639 e
1832 3583 2035 3639 medio.

468 3679 542 3733 lta
575 3684 1018 3747 consummatus,
1053 3676 1283 3749 Gangrat
1313 3677 1368 3733 in
1397 3675 1599 3746 templo
1622 3675 1795 3731 sancti
1829 3684 2037 3748 marty-

2146 3130 2343 3201 μικροῦ
2369 3131 2479 3183 δεῖν
2510 3132 2990 3201 παραστήσασθαι.
3009 3132 3172 3186 Ὀθεν
3189 3132 3285 3186 καὶ
3313 3133 3502 3203 φυγὼν
3526 3135 3554 3187 ὁ
3577 3132 3724 3202 ἱερὸς

2142 3222 2474 3286 Μακεδόνιος
2496 3223 2822 3276 κινδυνεύων
2847 3224 3035 3295 σχεδὸν
3070 3226 3148 3289 εἰς
3177 3224 3439 3299 Γάγγραν
3461 3223 3718 3295 διεσώθη.

2145 3312 2284 3365 Ὄπε
2292 3330 2323 3383 ρ
2343 3312 2530 3382 μαθὼν
2548 3314 2898 3379 Ἀναστάσιος
2912 3316 3126 3386 πικρῶς
3143 3315 3476 3387 προσέταξεν
3491 3315 3655 3369 αὑτὸν
3675 3315 3723 3348 ⁸⁸

2143 3404 2262 3457 ἐκεῖ
2299 3404 2346 3437 ⁸⁸
2393 3405 2782 3474 φυλάττεσθαι,
2839 3406 3082 3480 πέμψας,
3136 3407 3214 3472 ῶς
3267 3425 3422 3477 φασι,
3478 3407 3575 3463 καὶ
3628 3406 3723 3460 τὸν

2144 3494 2471 3566 ἀναιροῦντα
2512 3497 2696 3553 αὐτόν.
2732 3496 3052 3563 Τελειωθεὶς
3093 3499 3149 3553 δὲ
3194 3502 3252 3553 ὲν
3283 3500 3558 3570 Γάγγραις
3583 3516 3721 3554 κατ-

2156 3586 2315 3655 ετέθη
2359 3588 2416 3641 ὲν
2444 3587 2523 3659 τῷ
2552 3586 2666 3659 ναῷ
2694 3587 2788 3642 τοῦ
2826 3588 3007 3658 Ἀγίου
3061 3589 3338 3661 μάρτυρος
3394 3588 3723 3645 Καλλινίκου

2144 3675 2372 3747 ἔγγιστα
2400 3678 2508 3733 τῶν
2527 3678 2799 3750 λειψάνων
2818 3679 2981 3735 αὑτοῦ
3005 3681 3206 3745 πολλὰς
3234 3682 3404 3746 ἰάσεις
3433 3680 3723 3737 ἐπιτελῶν.

1738 3819 1968 3876 νΑΒιιλΕ
1990 3820 2414 3881 κιΕοΤιοΝΕε.

544 3964 589 4037 ’(⁸
624 3962 989 4037 χαριζομένου
1016 3960 1144 4037 Ab,
1174 3961 1532 4037 χαριζόμενος
1558 3962 1703 4037 vulg.
1778 3962 1844 3994 "‘
1874 3962 2106 4037 Ἑνόδιον
2138 3962 2203 4018 Α.
2224 4033 2237 4037 _
2278 3965 2322 3997 '"
2354 3965 2413 4037 ὲν
2435 3964 2534 4037 τῷ]
2558 3966 2637 4037 εἰς
2664 3965 2724 4018 τὸ
2756 3981 2848 4037 κρ.
2882 3964 2963 4037 Α.
3023 3964 3322 4037 τ’ᾼὼςνοῐη.
3342 3962 3409 4021 Α.
3458 3965 3531 4037 _"
3562 3965 3727 4037 πάπᾳ

471 4032 529 4088 lt.
557 4035 595 4088 Ι.
626 4031 707 4089 ἐι
743 4031 882 4088 infra
909 4031 975 4087 Α.

469 4105 620 4174 vulg.
696 4104 743 4138 ⁸³
769 4104 915 4174 ὑπὲρ
942 4103 1313 4174 ’ᾼναστηᾹιλ

469 4173 661 4244 Σαμὴν
691 4173 840 4244 vulg.

1077 4031 1125 4064 ⁸ο
1152 4031 1558 4104 παραγενέσθαι
1603 4031 1671 4097 Δ,
1716 4032 2115 4103 παραγίνεσθαι
2149 4033 2296 4105 vnlg.

1079 4119 1162 4153 στ.
1193 4105 1235 4153 Α
1263 4118 1313 4153 e.
1410 4102 1457 4134 ⁸⁸
1489 4101 1731 4153 ωόλλεωε
1772 4102 1839 4153 Δ.
1876 4104 2081 4153 ιοόλεωε
2101 4104 2249 4153 vulg.

944 4103 1162 4157 Ἀναστ.
1193 4102 1313 4159 Αε.
1410 4102 1457 4134 ⁸⁸
1489 4102 1731 4169 φόλλεως
1772 4102 1839 4165 Α,
1876 4104 2081 4171 φόλεως
2101 4102 2269 4172 vulg:
2354 4105 2401 4136 "
2435 4108 2485 4159 oi
2518 4105 2642 4160 add.
2662 4120 2727 4159 ex
2756 4106 2821 4159 Α.
2910 4106 2958 4139 ⁸⁸
2986 4104 3171 4175 Σαόὴρ

944 4171 986 4205 ⁸⁷
1016 4172 1289 4241 Εὑχαϊταν
1316 4174 1357 4225 Α
1389 4172 1421 4225 b
1444 4188 1496 4239 e,
1522 4172 1762 4242 Εὐχαῖτα
1792 4173 1939 4244 vulg.
2014 4172 2061 4205 ⁸⁸
2090 4174 2252 4228 αὑτὸν
2287 4174 2414 4229 add.
2440 4191 2506 4230 ex
2535 4176 2602 4230 A.
2675 4175 2720 4210 ⁸⁸
2750 4174 2889 4247 ἐκεῖ]
2923 4175 3109 4240 κακῶς
3139 4177 3196 4232 b.

2395 4035 2440 4066 ⁸¹
2472 4034 2652 4089 dadd.
2680 4050 2743 4088 ex
2778 4035 2841 4091 A.
2948 4036 2998 4068 "
3021 4035 3113 4105 διὰ
3154 4036 3253 4105 τὴν
3296 4034 3341 4088 Α
3373 4049 3425 4101 e,
3453 4035 3521 4105 δι’
3550 4034 3727 4104 αὐτὴν

2354 4105 2401 4187 '3
2435 4108 2485 4159 οι
2518 4105 2642 4187 θεω-
2662 4120 2727 4187 εξ
2754 4106 2821 4187 .A-
2846 4174 2887 4187 _.
2910 4106 2958 4139 οε
2986 4104 3171 4187 Συεσὴρ
3200 4106 3247 4160 Α
3276 4120 3326 4170 εις
3360 4104 3607 4176 εασῆρες
3663 4107 3723 4174 ’ἰ

1785 4294 1927 4351 JAC.
1961 4294 2174 4353 GOARI
2210 4295 2444 4353 NOTAE.

543 4420 659 4489 (55)
684 4418 752 4476 Ut
775 4417 1043 4490 significet
1063 4432 1205 4490 agre
1225 4416 1530 4472 Romanum
1560 4418 1870 4488 pontiﬁcem
1899 4421 2043 4473 Hor-
2077 4425 2122 4482 ι)
2149 4420 2381 4474 militum
2445 4420 2601 4490 ὖόρις
2628 4459 2641 4480 .

474 4492 705 4547 misdam
759 4488 955 4544 adduci
1018 4488 1298 4560 potuisse,
1330 4499 1387 4543 ut
1432 4491 1699 4560 synodum
1734 4492 2043 4559 generalem

471 4562 735 4617 celebrari
777 4560 1017 4625 sineret;
1065 4559 1229 4629 idque
1280 4558 1425 4627 jure,
1466 4558 1603 4614 cum
1644 4558 1868 4615 haeresis
1910 4561 2045 4615 adeo

472 4632 528 4685 in
563 4630 783 4689 Oriente
809 4630 1013 4701 vigeret
1051 4631 1153 4683 sub
1203 4629 1459 4684 haeretico
1488 4630 1755 4700 principe,
1791 4642 2046 4701 essetque

474 4703 800 4768 periculum,
831 4699 901 4756 ne
927 4699 1150 4755 Patrum
1177 4700 1456 4771 suffragiis
1499 4714 1609 4755 non
1650 4699 1784 4758 satis
1821 4699 2043 4757 cautum

470 4782 614 4825 esset
642 4771 930 4825 Cousnrts.

548 4840 660 4909 (56)
691 4840 795 4909 Alii
837 4839 1019 4904 φόλλιν
1047 4840 1316 4902 scribunt,
1366 4849 1422 4895 et
1473 4840 1778 4897 masculam
1839 4840 2046 4897 faciunt

474 4906 686 4965 vorem.
751 4906 917 4962 Follis
947 4910 1178 4978 pretium
1211 4926 1346 4978 pene
1380 4910 1673 4967 incertum.
1702 4910 2041 4968 Vilissiiuuui

473 4977 1052 5050 exstitissegAnastasii
1087 4977 1246 5034 aetate
1272 4991 1511 5049 arguunt
1538 4981 1887 5050 Theophanis
1916 4997 2044 5037 ver-

477 5056 565 5115 ba,
602 5048 848 5130 singulos
876 5047 1074 5130 milites
1098 5050 1327 5130 singulis
1345 5047 1575 5107 follibus
1602 5047 1869 5130 εἱςςῦϐριν
1898 5055 2044 5107 testi-

480 5131 657 5175 matos
697 5117 1038 5176 scribentis:
1076 5117 1208 5172 mihi
1256 5126 1433 5173 tamen
1475 5138 1581 5177 non
1639 5117 1927 5177 adeo'leve
1982 5132 2044 5176 ut

475 5192 657 5254 obolo,
691 5191 773 5263 vel
804 5187 1633 5263 atri_minutiorisquuandum
1658 5193 1921 5263 judicem.
1950 5191 2053 5245 Re-

478 5261 848 5332 centioribusg
876 5257 1081 5314 Graecis
1133 5258 1350 5332 erit)“,
1374 5257 1387 5260 ’
1416 5262 1498 5316 vel
1568 5271 1628 5318 ut
1658 5257 1674 5263 ⁷
1696 5264 2054 5332 pronuntiant

479 5331 677 5399 φύλλα,
736 5330 948 5403 decima
1005 5330 1236 5399 septima
1290 5345 1416 5400 pars
1463 5343 1549 5388 est
1574 5330 1752 5403 asperi
1804 5332 2050 5388 Turcici.

478 5404 684 5470 Aspera
735 5400 990 5462 Turcica,
1058 5407 1280 5455 centum
1312 5400 1704 5457 commutando
1762 5402 2054 5473 Hispanico

479 5472 675 5542 regali,
710 5473 825 5527 sive
860 5486 1085 5542 nummo
1136 5478 1416 5542 argenteo,
1465 5489 1551 5529 me
1589 5475 1729 5542 apud
1762 5472 1871 5528 eos
1901 5490 2055 5542 pere-

482 5541 751 5612 grinante.
793 5541 1256 5612 numerabantur.
1336 5540 1537 5598 Suidas
1592 5540 1777 5612 (pono:
1823 5540 2045 5612 exponit

482 5609 723 5683 otiolum.
774 5610 847 5683 _I_n
901 5626 1179 5683 nummum
1223 5614 1405 5681 itaque
1440 5609 1686 5669 millc'et
1717 5609 2043 5683 septingenti

488 5677 685 5733 milites
717 5695 743 5732 a
774 5679 1041 5737 Vitaliano
1070 5680 1299 5739 fuissent
1318 5677 1527 5742 'censiti
1559 5703 1569 5738 :
1598 5700 1717 5755 qua:
1745 5677 2044 5742 cette-nun

2577 4436 2641 4481 ς.
2690 4418 2790 4490 sed
2856 4419 3032 4490 ipsius
3081 4418 3340 4474 Vitaliani
3408 4427 3735 4490 censeretur

2151 4491 2445 4548 stoliditas.
2487 4489 2655 4545 Follis
2685 4489 2929 4554 Petavio,
2974 4505 3077 4561 ms.
3114 4490 3400 4561 cujusdam
3426 4489 3582 4559 Regii
3607 4506 3734 4545 ver-

2152 4561 2238 4615 bis
2262 4562 2478 4627 edocto,
2520 4575 2778 4616 nummus
2810 4570 2896 4615 est
2920 4576 3000 4615 ex-
3018 4560 3238 4616 duobus
3279 4562 3553 4629 argenteis
3575 4574 3734 4615 com-

2151 4631 2385 4708 positus,
2403 4646 2541 4708 quos
2562 4629 2924 4708 bliliarenses,
2948 4632 3043 4696 ait,
3072 4630 3466 4708 intelligimus:
3496 4644 3734 4708 quorum

2153 4698 2353 4772 singuli
2386 4698 2668 4772 denarios.
2703 4716 2809 4755 non
2834 4708 3046 4756 veteres
3079 4710 3139 4772 _et
3170 4698 3471 4772 Romanos,
3498 4698 3597 4772 atad
3626 4700 3736 4754 mi—

2152 4769 2317 4827 nores
2345 4771 2661 4826 nummulos
2693 4772 2977 4826 continent
3002 4789 3017 4824 :
3062 4769 3131 4825 de
3156 4771 3358 4841 quibus
3382 4770 3474 4825 ille
3504 4770 3588 4824 vir
3606 4786 3739 4841 eru-

2153 4842 2301 4896 ditus
2335 4843 2400 4895 ad
2445 4842 2706 4910 integram
2758 4841 2928 4895 animi
2963 4840 3291 4904 satietatem,
3349 4840 3625 4895 luculenta
3669 4840 3739 4896 de

2154 4911 2282 4967 folle
2330 4912 2645 4967 Milliarensi
2696 4926 2760 4965 ac
2791 4927 3141 4966 nummorum
3185 4911 3436 4966 minutiis
3490 4910 3738 4964 Diatriba

2151 4982 2218 5036 ad
2245 4982 2615 5036 animadvers.
2670 4980 2727 5035 in
2769 4980 3135 5053 Epiphanium
3179 4981 3254 5035 De
3284 4997 3452 5038 mens.
3492 4991 3544 5035 et
3571 4980 3735 5050 pond.

2151 5054 2420 5119 apposita.

2186 5069 2601 5187 ρῗὲῗίιῗίυηηοε
2634 5121 2892 5175 Vitaliani
2922 5120 3218 5175 auxiliares
3239 5129 3475 5177 testatur
3500 5119 3742 5175 Jornan-

2151 5191 2265 5257 des,
2308 5190 2383 5263 De
2402 5209 2546 5263 regn.
2573 5203 2620 5246 et
2646 5204 2800 5261 ternp.
2832 5208 3058 5263 success.
3098 5191 3336 5263 Saberos
3367 5190 3592 5263 Hunnos
3622 5205 3741 5245 me~

2152 5270 2329 5333 tuorat
2360 5260 2661 5333 Procopius
2684 5265 2777 5317 lib.
2802 5278 2852 5325 v,
2880 5260 2972 5333 _De
2999 5262 3133 5315 bello
3162 5261 3373 5333 Persico
3403 5262 3470 5333 ad
3505 5263 3735 5333 calcem.

2155 5330 2347 5387 Varias
2366 5330 2554 5387 eoruui
2590 5334 2844 5388 nationes
2874 5331 3106 5385 Maeotim
3144 5332 3393 5399 paludem
3430 5332 3736 5385 incolentes

2155 5412 2411 5457 numerat
2444 5404 2713 5469 Agathias
2749 5404 2847 5456 lib.
2874 5419 2924 5464 v,
2962 5403 3101 5458 alios
3126 5402 3503 5472 Nephthalitas
3529 5400 3735 5454 Proco-

2154 5479 2296 5539 pius,
2327 5474 2415 5527 Iib.
2453 5490 2467 5526 l
2502 5474 2745 5527 ineunte.
2826 5472 3015 5527 Utrum
3041 5489 3067 5524 a
3099 5471 3377 5539 Sabergau
3403 5471 3732 5525 Hunnorqu

2154 5543 2292 5595 dure
2322 5542 2502 5597 lluuni
2536 5544 2768 5597 Saberi?
2805 5545 2932 5596 mihi
2972 5544 3218 5597 dubium.
3279 5541 3601 5597 Hunnorum
3649 5541 3734 5593 in-

2154 5615 2466 5668 cursiOuetn
2512 5614 2679 5668 refert
2731 5613 3077 5667 Marcellinus
3113 5630 3257 5669 anno
3309 5611 3583 5669 Anastasii
3637 5609 3732 5673 Ἡ.

2154 5684 2244 5754 qui
2288 5701 2314 5737 ιι
2346 5683 2649 5755 Septembri
2677 5685 2748 5738 “2.5
2776 5692 2859 5740 est
2895 5682 3231 5753 Theophani.
