4092 6198
296 276 402 335 383

1649 267 2137 331 TlIEOI’IIANIS

3448 254 3555 317 384

301 404 449 444 mum
481 403 540 444 se
574 389 828 444 omnibus
859 387 1126 443 exhibuit.
1154 386 1280 440 Fuit
1310 396 1469 441 recta:
1510 386 1630 441 fidei
1656 386 1871 442 studio-

1977 380 2278 452 ἀνεδείχθη,
2296 379 2543 452 ζηλωτὴς
2555 378 2838 450 ὀρθοδόξου
2853 374 3087 437 πίστεως
3103 373 3346 443 ἔμπυρος
3367 372 3552 443 "(78),

298 496 395 536 sus
425 491 479 535 et
510 481 636 535 belli
679 481 853 549 gloria
913 477 1229 548 praeclarus.
1274 477 1442 533 Uxori
1490 495 1619 534 vero
1649 479 1870 533 nomine

299 571 539 641 Lupicia:
581 571 937 639 coniunctus,
970 569 1147 624 eidem
1201 571 1415 641 imperii
1452 586 1713 625 coronam
1768 570 1871 625 im-

300 664 507 734 pertiit,
536 677 721 733 quam,
753 662 878 715 dum
914 660 1283 727 redimiretur,
1309 663 1668 734 Euphemiam
1703 679 1871 735 popu-

296 756 441 811 lares
473 754 650 809 tribus
710 762 1068 810 vocaverunt.
1112 754 1446 811 Mcmoratus
1484 766 1665 811 autem
1704 771 1871 827 supra

297 847 607 901 Vitalianus
640 854 762 914 post
796 846 1076 902 Anastasii
1130 856 1365 904 mortem
1407 848 1625 905 Iustino
1674 864 1872 918 magno

296 937 753 994 devinctissimus
796 937 992 1004 evasit,
1042 937 1180 995 adeo
1232 950 1291 995 ut
1346 941 1593 1010 magistri
1662 941 1874 997 militiae

297 1029 616 1100 dignitatem
646 1028 716 1083 ab
750 1044 814 1084 eo
840 1040 1288 1100 consequeretur,
1312 1043 1366 1086 et
1399 1033 1722 1104 Byzantium
1748 1048 1873 1103 pro-

298 1122 477 1177 fectus
494 1121 847 1176 consulatum
888 1132 1124 1195 gereret,
1158 1132 1214 1181 et
1254 1128 1447 1182 consul
1492 1128 1874 1184 declararetur

296 1222 353 1268 et
381 1213 630 1269 Presenti
657 1228 863 1278 comes,
891 1223 1152 1286 tantaque
1184 1217 1329 1287 apud
1359 1218 1745 1288 imperatorem
1776 1235 1874 1273 an—

296 1307 557 1360 ctoritate
608 1304 860 1377 polleret,
902 1315 962 1360 ut
1007 1306 1271 1365 Severum
1312 1310 1513 1380 expelli
1563 1310 1785 1379 juberet
1818 1320 1872 1365 et

297 1397 497 1452 occidi.
533 1397 658 1455 Fuit
689 1402 834 1457 enim
865 1399 1176 1455 Vitalianus
1208 1408 1370 1455 rectae
1406 1401 1528 1456 fidei
1567 1400 1707 1457 bene
1742 1402 1875 1458 alle-

297 1496 439 1544 ctus.
480 1488 557 1543 Eo
582 1490 774 1548 nuntio
800 1499 1047 1562 accepto,
1090 1491 1229 1561 fugit
1268 1490 1531 1556 Severus,
1577 1506 1643 1545 ac
1670 1492 1874 1561 pariter

294 1578 549 1636 Julianus
579 1581 958 1639 Halicarnassi
992 1583 1307 1654 episcopus,
1363 1591 1419 1638 et
1452 1581 1719 1637 Dioscoro
1748 1583 1876 1636 Ale-

297 1673 627 1729 xandrinum
660 1675 842 1729 adhuc
903 1675 1284 1746 episcopatum
1337 1675 1765 1731 administrante
1815 1676 1869 1731 in

1974 475 2069 529 καὶ
2090 477 2148 528 ἐν
2179 474 2443 543 πολέμοις
2475 469 2779 541 εὐδοκιμῶν
2795 488 2811 503 ο
2836 467 3065 538 σύμϐιον
3087 466 3145 519 δὲ
3175 464 3314 536 ἔχων
3329 464 3555 534 ὀνόματι

1971 566 2273 621 Λουπικίαν
2330 566 2395 630 ⁸⁸,
2445 563 2668 633 ἔστεψεν
2720 560 3078 630 Αὐγοῦσταν·
3140 560 3207 630 ῆν
3292 558 3343 611 οἱ
3391 557 3557 627 δῆμοι

1973 658 2244 712 ἐκάλεσαν
2299 657 2594 726 Εὐφημίαν
2638 655 2680 686 ¹⁹
2718 652 2798 716 είς
2842 651 2905 704 τὸ
2939 650 3133 721 στέψαι
3164 649 3361 718 αὐτήν.
3399 647 3561 700 Βιτα-

1972 748 2154 811 λιανδς
2184 747 2241 800 δέ
2270 748 2298 800 ό
2323 744 2620 817 πορῤηθεὶς
2653 742 2764 815 (79)
2792 742 2928 812 μετὰ
2948 741 3178 795 θάνατον
3203 738 3557 792 Ἀναστασίου

1972 832 2247 911 Ἰουστίνῳ
2276 837 2355 908 τῷ
2380 836 2600 907 μεγάλῳ
2632 834 2841 904 σφόδρα
2858 832 3134 903 ᾠκειώθη,
3164 831 3307 884 ὥστε
3349 847 3557 899 στρατ-

1972 933 2171 1003 ηλάτου
2226 929 2382 995 ἀξίαν
2434 928 2565 998 παρ’
2622 924 2790 981 αὐτοῦ
2839 924 3123 990 δέξασθαι,
3182 925 3278 977 καὶ
3318 921 3557 976 ὐπατεῦ-

1976 1044 2067 1080 σαι
2098 1025 2212 1096 (80)
2241 1024 2466 1077 ἐλθόντα
2500 1024 2557 1075 ἐν
2583 1019 2867 1090 Βυζαντίῳ
2893 1019 2990 1073 καὶ
3021 1018 3230 1073 ὐπατον
3258 1021 3560 1089 ἀναγορευ-

1975 1120 2159 1191 θῆναι,
2189 1119 2283 1171 καὶ
2314 1117 2531 1189 κόμητα
2559 1113 2868 1185 Πρεσέντου
2899 1112 2945 1145 ⁸⁸
2986 1110 3121 1184 (81),
3154 1113 3471 1184 παρρησίαν
3496 1130 3559 1167 τε

1974 1213 2122 1285 ἔχειν
2145 1211 2418 1282 τοσαύτην
2443 1210 2581 1281 πρὸς
2602 1207 2694 1263 τδν
2737 1206 2981 1270 Βασιλέα,
3014 1207 3156 1261 ὥστε
3184 1208 3280 1261 καὶ
3320 1207 3560 1278 Σευῆρον

1975 1304 2279 1377 προστάξαι
2304 1302 2418 1374 (82)
2448 1301 2784 1373 ἐκϐληθῆναι
2848 1302 2944 1356 καὶ
2996 1300 3374 1372 ἀναιρεθῆναι.
3422 1301 3562 1355 Δίαν

1974 1396 2082 1467 γὰρ
2114 1392 2183 1467 ἦν
2220 1395 2502 1466 όρθόδοξος
2546 1393 2887 1457 Βιταλιανός.
2929 1392 2990 1447 ⁸0
3016 1392 3073 1446 δὲ
3118 1393 3355 1465 Σευῆρος
3394 1392 3562 1447 ἁκού-

1977 1507 2098 1553 σας,
2146 1490 2371 1558 ἔφυγεν,
2406 1487 2502 1541 καὶ
2555 1486 2847 1549 Ἰουλιανὸς
2884 1483 3311 1556 Ἁλικαρνασσοῦ
3336 1485 3561 1540 ἐπίσκο-

1974 1600 2095 1647 πος,
2124 1584 2216 1636 καὶ
2251 1584 2331 1644 εἰς
2352 1582 2631 1650 Αἴγυπτον
2658 1578 3009 1643 ἀπελθόντες,
3031 1577 3236 1648 ταύτην
3262 1575 3559 1650 ἐτάραξαν,

1976 1674 2068 1728 τὸν
2099 1674 2229 1746 περὶ
2261 1672 2503 1743 φθαρτοῦ
2556 1672 2652 1725 καὶ
2700 1670 2986 1739 ἀφθάρτου
3016 1669 3178 1738 λόγον
3213 1670 3561 1741 κινήσαντες,

295 1766 589 1837 Αἰεγριιιηι
643 1766 875 1837 profecti
929 1766 996 1821 de
1049 1766 1402 1836 corruptibili
1439 1776 1492 1821 et
1552 1768 1872 1837 incorrupto

1983 1772 2279 1839 Διοσκόρου
2316 1764 2747 1827 ἐπισκοποῦντος
2776 1762 3211 1832 Ἀλεξανδρείας.
3237 1763 3563 1818 Ἐπίσκοποι

291 1858 460 1929 motis
490 1858 890 1927 questionibus
918 1873 1147 1929 magnos
1174 1858 1228 1913 in
1262 1871 1321 1913 ea
1348 1860 1622 1914 tumultus
1666 1862 1874 1934 excita-

294 1957 442 2003 runt.
468 1950 737 2003 Czeterum
778 1950 1022 2020 episcopi
1052 1960 1107 2005 et
1138 1951 1327 2005 clerici
1379 1950 1548 2006 Roma
1578 1961 1871 2019 venerunt,

292 2041 387 2107 qui
451 2038 757 2096 llormisdaz
788 2042 1022 2095 Romani
1083 2042 1361 2111 pontificis
1390 2042 1719 2098 auctoritate
1752 2060 1873 2098 mu-

296 2133 419 2199 niti,
452 2132 579 2189 freti
617 2151 839 2205 quoque
888 2135 1150 2191 Vitaliani
1188 2137 1368 2191 adhuc
1392 2138 1634 2195 viventis
1681 2149 1875 2212 poten-

292 2227 368 2281 tla
403 2234 457 2281 et
477 2226 705 2284 Joannis
731 2228 1073 2298 Cappadocis
1127 2228 1364 2299 Cpoleos
1394 2230 1646 2301 episcopi
1703 2232 1869 2286 etiam

293 2314 609 2382 superstitis
664 2315 996 2385 diligentia,
1053 2327 1299 2372 sanctam
1357 2318 1868 2376 Chalcedonensem

291 2404 561 2475 synodum
589 2406 712 2461 aliis
767 2408 948 2462 tribus
1003 2408 1178 2464 sacris
1207 2408 1432 2480 synodis
1472 2426 1873 2465 annumerave-

290 2502 441 2560 runt,
481 2502 536 2549 et
566 2510 673 2549 una
710 2510 833 2550 cum
858 2496 939 2552 eis
969 2498 1023 2551 in
1060 2513 1251 2554 sacras
1275 2500 1495 2555 tabulas
1531 2500 1865 2555 retulerunt.

290 2584 560 2641 Cmterum
607 2588 775 2657 impio
807 2589 1011 2644 Severo
1043 2589 1111 2645 de
1158 2591 1337 2647 medio
1367 2592 1604 2658 sublato,
1665 2591 1869 2650 Paulus

291 2678 627 2749 recipiendis
650 2681 954 2750 peregrinis
994 2682 1049 2737 in
1082 2682 1421 2739 Eubulorum
1467 2684 1628 2740 domo
1658 2701 1870 2756 praepo-

290 2769 459 2834 situs,
508 2772 813 2828 Antiochia:
843 2774 1045 2841 prwsul
1077 2775 1366 2831 ordinatus
1393 2784 1481 2832 est
1514 2795 1528 2831 :
1573 2778 1724 2834 mille
1741 2793 1869 2834 vero

289 2864 411 2918 auri
443 2864 612 2921 libras
646 2866 1005 2923 Antiochenm
1035 2867 1246 2923 civitati
1279 2870 1510 2938 largitus
1544 2870 1864 2941 imperator,

288 2958 345 3013 in
382 2959 624 3029 reliquas
657 2960 820 3017 urbes
860 2961 1029 3015 multa
1071 2961 1277 3031 passim
1304 2963 1563 3033 aequitate
1595 2971 1681 3019 est
1710 2980 1866 3030 usus,

1979 1860 2035 1913 δὲ
2056 1861 2150 1914 καὶ
2176 1859 2433 1930 κληρικοὶ
2486 1857 2595 1913 ἀπὸ
2639 1856 2862 1925 Ῥώμης
2904 1851 3068 1925 ἦλθον
3094 1856 3139 1887 ²¹
3180 1855 3438 1918 λαϐόντες
3466 1856 3565 1909 αὐ-

1980 1950 2197 2005 θεντίαν
2231 1950 2335 2004 ὑπὸ
2375 1948 2670 2020 Ὀρμίσδου
2728 1947 3031 2001 ἐπισκόπου
3073 1946 3314 2019 Ῥώμης,
3358 1949 3562 2021 σπουδῇ

1979 2039 2301 2095 Βιταλιανοῢ
2341 2038 2477 2110 (85),
2513 2038 2769 2092 Ἰωάννου
2823 2037 2870 2069 ⁸³
2914 2037 3009 2091 τοῦ
3066 2039 3437 2104 Καππάδοκος
3486 2040 3565 2094 ἔτι

1979 2131 2185 2195 ζῶντος
2239 2131 2542 2184 ἐπισκόπου
2606 2131 3258 2197 Κωνσταντινουπόλεως,
3323 2132 3420 2187 καὶ
3469 2132 3568 2204 τὴν

1980 2221 2140 2290 ἁγίαν
2165 2223 2223 2275 ἐν
2252 2221 2566 2290 Χαλκηδόνι
2601 2220 2820 2274 σύνοδον
2856 2221 3153 2287 συνέταξαν
3179 2224 3224 2255 ’³
3242 2226 3354 2288 τοῖς
3377 2225 3569 2279 διπτύ-

1977 2331 2092 2384 χοις
2145 2314 2258 2385 (84)
2309 2312 2447 2384 πρὸς
2495 2315 2617 2376 ταῖς
2652 2314 2842 2379 ἄλλαις
2898 2317 3073 2386 ἱεραῖς
3116 2317 3266 2387 τρισὶ
3304 2320 3564 2384 συνόδοις.

1977 2408 2217 2479 Σευηρου
2247 2407 2303 2460 δέ
2326 2408 2421 2460 τοῦ
2442 2407 2737 2472 δυσσεϐοῦς
2767 2409 2831 2461 ἐκ
2864 2409 3043 2463 ποδῶν
3068 2411 3378 2479 γεγονότος,
3418 2414 3569 2469 Παῦ-

1976 2500 2067 2563 λος
2090 2499 2470 2571 ἐχειροτονήθη
2514 2500 2815 2565 ἐπίσκοπος
2848 2501 3185 2573 Ἀντιοχείας
3221 2504 3250 2555 ὁ
3281 2504 3557 2576 ξενοδόχος

1978 2594 2088 2646 τῶν
2120 2591 2417 2646 Εὐϐούλου.
2474 2592 2583 2646 Καὶ
2631 2592 2950 2665 ἐδωρήσατο
2975 2595 3004 2648 ό
3036 2595 3290 2666 βασιλεὺς
3324 2600 3391 2670 τῇ
3419 2599 3570 2655 πόλει

1978 2687 2311 2758 Ἀντιοχείας
2339 2686 2518 2756 χιλίας
2550 2687 2739 2759 λίτρας
2781 2689 3010 2758 χρυσίου
3032 2708 3048 2725 ·
3080 2692 3176 2745 καὶ
3208 2695 3332 2756 ταῖς
3379 2682 3571 2757 ἄλλαις

1976 2778 2033 2831 δέ
2062 2778 2251 2832 πόλεσι
2279 2777 2484 2849 πολλὴν
2515 2778 2778 2850 εὐνομίαν
2824 2780 3127 2851 παρέσχεν,
3180 2781 3437 2847 κωλύσας
3472 2784 3573 2837 καὶ

1975 2866 2076 2930 τὰς
2122 2865 2394 2936 δημώδεις
2439 2868 2707 2938 ταραχάς.
2754 2866 2984 2924 Ξεναῖαν
3040 2871 3099 2925 δέ
3151 2872 3245 2927 τὸν
3287 2872 3573 2940 Φιλόξενον

1977 2958 2280 3012 ἐπίσκοπον
2346 2958 2708 3029 Ἱεραπόλεως
2765 2962 3215 3036 Μανιχαιόφρονα
3258 2966 3410 3032 ὄντα,
3476 2969 3574 3023 καὶ

287 3059 340 3105 et
360 3053 650 3122 populares
681 3053 955 3109 tumultus
981 3054 1184 3125 ubique
1209 3055 1571 3124 compescuit.
1600 3053 1865 3110 Xeuaiam

1977 3052 2183 3123 Πέτρον
2220 3053 2530 3124 Ἀπαμείας
2560 3052 2826 3126 ἐξώρισεν
2849 3056 2879 3109 ὁ
2903 3057 3138 3130 εὐσεϐὴς
3163 3059 3420 3129 βασιλεὺς
3447 3061 3572 3117 Ἰου.

288 3159 528 3214 quoque,
582 3145 945 3200 Philoxcnum
1008 3148 1253 3211 nomine,
1294 3147 1451 3219 142
1510 3146 1870 3218 Hierapoleos

1977 3149 2151 3209 στῖνος
2182 3148 2279 3201 σὺν
2336 3149 2472 3200 πᾶσι
2525 3149 2639 3211 τοῖς
2677 3147 2967 3218 μετέχουσι
3004 3149 3107 3217 τῆς
3151 3151 3336 3223 λώϐης
3366 3154 3571 3210 αὐτῶν.

288 3237 607 3307 episcopum
640 3253 765 3292 cum
795 3237 1111 3293 Manichzeis
1144 3240 1499 3303 sentientem,
1536 3240 1872 3308 Petrumque

1993 3238 2286 3309 ’Ᾱμάντιόν
2343 3257 2402 3293 τε
2444 3239 2536 3292 τὸν
2568 3240 2937 3310 πραιπόσιτον
2979 3241 3116 3314 (85),
3172 3244 3268 3298 καὶ
3313 3244 3573 3318 Ἀνδρέαν

287 3329 566 3399 Apameae,
594 3344 721 3384 cum
754 3331 1015 3385 omnibus
1049 3331 1239 3386 eodem
1289 3332 1549 3401 contagio
1598 3331 1796 3387 aﬂlatis
1820 3332 1872 3387 in

1979 3330 2073 3382 τὸν
2096 3330 2570 3402 κουϐικουλάριον,
2595 3333 2691 3385 καὶ
2707 3332 3000 3405 Θεόκριτον
3026 3335 3116 3389 τὸν
3140 3336 3573 3409 κὸμηταἈμαν-

287 3420 541 3475 exsilium
606 3421 734 3489 pius
783 3421 1083 3490 imperator
1133 3423 1345 3493 expulit
1393 3432 1499 3479 :et
1560 3424 1872 3478 Amantium

1982 3419 2123 3483 τίου,
2173 3418 2233 3471 δν
2268 3418 2522 3473 ἐϐούλετο
2581 3421 2809 3491 ποιῆσαι
2860 3421 3106 3491 βασιλέα,
3152 3424 3229 3487 ὡς
3276 3429 3574 3498 τυραννίδα

289 3514 641 3584 praepositum
663 3523 716 3569 et
752 3513 1031 3569 Andream
1062 3515 1468 3570 cubicularium
1518 3524 1573 3570 et
1607 3515 1880 3571 Theocri-

290 3616 404 3660 tum
436 3607 682 3661 Amantii
712 3607 995 3675 comitem,
1026 3623 1193 3678 quem
1246 3608 1634 3680 imperatorem
1693 3609 1879 3665 decla-

289 3714 413 3754 rare
449 3694 817 3769 proponebat,
843 3715 941 3755 ceu
973 3700 1322 3771 tyrannidem
1352 3702 1670 3768 meditatos,
1702 3701 1879 3757 inter-

288 3792 441 3849 fecit.
470 3792 813 3865 Prrepositus
836 3796 987 3850 enim
1021 3796 1290 3866 pecunias
1315 3795 1541 3851 Justino
1565 3797 1877 3852 donaverat

289 3885 343 3939 in
369 3885 572 3942 milites
621 3885 1060 3951 distribuendas,
1094 3902 1159 3941 ea
1222 3888 1568 3952 conditione,
1613 3896 1673 3941 ut
1697 3886 1880 3943 Theo-

286 3980 488 4034 critum
544 3981 931 4051 imperatorem
986 3982 1253 4037 salutaret
1313 3999 1327 4036 :
1389 3980 1673 4037 exercitus
1735 3995 1869 4037 vero

287 4073 587 4145 populique
643 4075 823 4130 tribus
868 4075 1227 4141 Theocritum
1290 4075 1565 4145 imperare
1597 4089 1707 4130 non
1742 4081 1874 4129 sunt

289 4164 460 4235 passi,
509 4165 604 4221 sed
659 4164 941 4222 Iustinum
991 4157 1299 4240 principem
1347 4168 1865 4224 renuntiaverunt:

1989 3512 2399 3581 μελετήσαντας
2448 3513 2681 3566 ἀνεῖλεν.
2721 3512 2782 3568 '0
2829 3515 2939 3586 γὰρ
2974 3518 3335 3588 πραιπόσιτος
3374 3521 3588 3582 δέδωκε,

1984 3604 2262 3675 Ἰουστίνῳ
2294 3605 2556 3676 χρήματα
2581 3605 2865 3677 ρογεῦσαι,
2888 3609 3037 3672 ὅπως
3067 3609 3362 3683 Θεόκριτος
3398 3614 3444 3646 ’⁸
3474 3614 3575 3686 βα·-

1988 3696 2236 3766 σιλεύσῃ.
2282 3697 2340 3750 Ὀ
2377 3697 2432 3751 δὲ
2493 3698 2727 3768 στρατὸς
2756 3700 2801 3731 ’⁵
2836 3700 2930 3753 καὶ
2978 3702 3028 3754 οί
3063 3702 3227 3773 δῆμοι
3246 3704 3344 3776 οὐχ
3372 3706 3577 3761 εἴλοντο

1980 3789 2073 3843 τὸν
2106 3788 2401 3860 Θεόκριτον
2433 3790 2776 3858 βασιλεῦσαι,
2817 3793 2935 3847 ἀλλ’
2964 3793 3259 3851 ’1ουστῖνον
3298 3798 3574 3872 ἀνεκήρυ-

1983 3881 2104 3948 ξαν.
2133 3882 2301 3935 Αὐτοὶ
2330 3881 2385 3935 δὲ
2410 3881 2859 3955 δυσφορήσαντες
2885 3888 3182 3956 τυραννίδα
3212 3890 3573 3963 ἐμελέτησαν,

1984 3974 2080 4028 καὶ
2116 3973 2486 4046 ἀνῃρέθησαν.
2515 3975 2914 4029 Ἀνεκαλέσατο
2939 3977 2995 4031 δὲ
3027 3981 3055 4032 ὁ
3079 3979 3339 4049 βασιλεὺς
3366 3984 3577 4049 πάντας

1980 4066 2107 4127 τούς
2151 4065 2355 4124 ἀδίκως
2408 4067 2453 4098 ’⁵
2499 4066 2880 4136 ἐξορισθέντας
2943 4070 3050 4125 ὑπὸ
3096 4071 3452 4130 Ἀναστασίου
3479 4079 3577 4132 καὶ

1991 4157 2276 4212 Ἀππίωνα
2323 4157 2417 4211 τὸν
2464 4159 2756 4230 πατρίκιον
2788 4162 2858 4227 ’⁷,
2899 4162 2960 4217 δν
2991 4166 3050 4219 ἐν
3084 4165 3296 4239 Νικαίᾳ
3336 4170 3577 4241 πρεσϐύ-

1587 4303 1823 4360 VARUE
1860 4295 2267 4357 LECTIONES.

356 4420 398 4452 "
425 4418 669 4493 ἔμπυρος
696 4421 760 4485 A,
791 4420 1053 4493 ἔμπειρος
1088 4421 1251 4493 vulg:
1284 4491 1293 4493 _
1317 4422 1361 4454 ⁸⁸
1383 4420 1619 4493 Λουκίαν

1814 4418 1855 4451 ⁸⁸
1890 4413 2182 4486 Εὐφημίαν
2215 4413 2263 4464 οἱ
2303 4413 2477 4486 Aﬁth
2511 4412 2778 4486 ἐκάλεσαν
2807 4405 3134 4485 πεῷθείσαν
3165 4419 3338 4486 αὐτὴν
3363 4421 3579 4486 Αὐγου-

285 4506 426 4565 σταν
443 4483 495 4545 b.
516 4483 618 4565 μ-ίθ
652 4483 1044 4565 ΠερσἔντουἈέ
1118 4492 1161 4565 ’ξ
1187 4483 1542 4565 ’ἦλθονλ--τ
1581 4492 1801 4565 ⁹Ιξώμσης
1823 4503 1934 4542 om.
1965 4483 2064 4565 Δι’
2083 4485 2150 4565 _”
2183 4483 2387 4565 σπουδῇ
2411 4483 2753 4565 Βιταλιανοὶξ,
2795 4483 3043 4565 Ἰωάννου
3082 4483 3579 4565 ᾼηύπδΒιταλιαη

286 4559 378 4633 νοῦ
403 4559 483 4613 ἔτι
510 4559 742 4633 ζῶντος,
763 4562 1011 4615 Ἰωάννου
1074 4562 1220 4633 vulg.

286 4631 329 4661 ’⁵
364 4631 741 4704 στρατηλάτης
770 4635 815 4686 A
844 4650 896 4688 e.
967 4634 1013 4665 ¹⁶
1035 4631 1272 4697 τούςὰδ.
1301 4635 1373 4700 Α,
1401 4632 1493 4687 τοῦ
1517 4634 1600 4687 άδ.
1634 4631 1781 4701 vulg.

1332 4562 1379 4595 ³³
1413 4553 1707 4625 συνέταξαν
1761 4553 1825 4625 A,
1878 4553 2241 4625 συνετάξαντο
2294 4553 2441 4625 vulg.

1857 4628 1899 4660 ιτ
1928 4621 2240 4694 πατρίκιονῖ
2269 4621 2640 4696 πρεσϐύτερον
2673 4625 2708 4681 1)
2739 4621 2791 4681 e.

2550 4554 2595 4586 “
2628 4554 2920 4631 Θεόκριτος
2976 4558 3044 4626 Α,
3077 4558 3369 4630 Θεόκριτον
3428 4561 3575 4631 vulg.

1597 4747 1743 4803 JAC.
1782 4743 1992 4802 GOARI
2026 4738 2260 4796 NOTAE.

384 4861 471 4925 78)
516 4860 840 4919 Theodorus
866 4864 1084 4921 Lector.

388 4932 477 4992 79)
527 4932 877 4988 Marcellinus
945 4935 1051 4989 hoc
1100 4936 1291 4992 eodem
1341 4953 1507 4993 anno.
1561 4936 1875 4994 Vitalianus

289 5002 493 5076 Scytha
541 5002 742 5078 Justipi
775 5005 1076 5078 principis
1135 5008 1338 5076 pietate
1373 5010 1437 5062 ad
1475 5010 1870 5078 rempublicam

288 5073 601 5150 revocatus,
626 5073 731 5150 (1P.
773 5073 1053 5150 ingressus
1081 5073 1166 5150 est
1192 5096 1205 5132 :
1235 5081 1578 5150 septimoque
1601 5073 1874 5150 receptio-

289 5148 375 5202 nis
403 5146 492 5199 die
517 5146 777 5215 magister
809 5147 993 5215 milita:
1024 5146 1332 5202 ordinatus.

360 5215 473 5292 (89)
506 5214 661 5292 Quod
704 5232 850 5270 anno
888 5214 1086 5271 Justini
1147 5219 1387 5276 secundo
1444 5220 1695 5292 contigit,
1742 5218 1869 5275 Jor-

289 5287 497 5341 uandes
536 5288 608 5340 De
643 5303 787 5355 regit.
814 5296 862 5340 et
891 5298 1046 5356 temp.
1078 5304 1303 5343 success.

364 5356 760 5439 (81))1ιξεὶῖεῑυτ
798 5358 1008 5438 militiae
1043 5359 1096 5415 in
1128 5359 1410 5439 Praesenti,
1467 5362 1585 5439 sive
1619 5364 1871 5439 Praesen-

295 5427 421 5481 talis
447 5427 862 5507 dicebatur,qui
890 5444 1128 5507 praesens
1163 5430 1295 5507 imp.
1326 5430 1593 5507 obsequio
1640 5436 1870 5507 deputa-

295 5446 421 5481 taus
447 5446 862 5497 unccuatur,qul
890 5446 1128 5499 prasens
1164 5446 1295 5555 Imp.
1326 5446 1593 5501 Obsequio
1640 5446 1870 5507 deputa-

292 5507 382 5577 tus
412 5504 551 5550 erat.
602 5497 679 5553 De
710 5498 829 5568 ejus
882 5503 1204 5558 muneribus
1285 5501 1584 5559 aucirollus
1640 5507 1693 5560 in
1754 5516 1870 5561 not.

294 5583 428 5621 ιηιο.

508 5636 771 5715 Evagrius
804 5639 896 5695 lib.
927 5657 1001 5707 tv,
1029 5660 1148 5714 cap.
1185 5644 1235 5709 vi,
1267 5652 1319 5701 ct
1347 5642 1634 5701 Liberatus
1666 5648 1719 5703 in
1754 5649 1874 5703 Bre-

298 5708 497 5775 viat'iu,
526 5724 649 5778 cap.
684 5712 765 5765 ll).

1912 4871 1957 4926 Ι)
2053 4861 2162 4930 (8ῑ)
2206 4860 2434 4914 Factum
2458 4858 2513 4914 id
2542 4858 2850 4916 Hormisdae
2878 4859 3123 4930 episcopi
3152 4859 3385 4915 Romani
3413 4869 3574 4917 auto-

1983 4931 2163 4993 ritate,
2205 4930 2387 5001 studio
2418 4930 2695 5001 Vitaliani,
2718 4946 2841 4984 cum
2865 4930 3105 4985 Joannes
3139 4931 3434 5001 Cappadox
3464 4933 3571 4989 CP.

1980 5003 2269 5076 episcopus
2289 5000 2474 5076 adhuc
2502 5000 2557 5076 in
2588 5000 2957 5076 vivisageret.
2993 5001 3085 5055 Sic
3114 5009 3168 5056 et
3192 5000 3383 5058 Anast.
3416 5003 3570 5076 legit,

1978 5069 2089 5128 non
2114 5069 2185 5124 ut'
2208 5071 2404 5125 vitiose
2428 5069 2633 5124 habent
2655 5069 2825 5125 edita.
2852 5070 3144 5127 Consus.

2037 5141 2150 5211 (86)
2170 5140 2239 5197 Ut
2255 5148 2446 5195 sancta
2468 5140 2693 5194 Patrum
2717 5141 2949 5211 illorum
2966 5142 3259 5197 haberetur
3281 5145 3569 5209 memoria,

1973 5221 2027 5266 et
2048 5209 2239 5265 eorum
2258 5211 2468 5265 sancita
2487 5212 2872 5280 probarentur.
2907 5209 3048 5267 Hinc
3085 5212 3306 5269 Patrum
3328 5217 3571 5269 omnium

1972 5284 2038 5338 ad
2058 5282 2308 5355 diversas
2333 5283 2573 5355 synodos
2589 5281 2957 5337 mcumeuicas
2973 5286 3444 5355 convenientium,
3478 5302 3575 5355 pro

1982 5351 2477 5426 synodissingulis
2535 5351 2705 5407 festos
2736 5355 2901 5426 etiam
2956 5353 3075 5426 dies
3127 5355 3377 5423 singulos
3408 5351 3575 5426 agunt

1980 5423 2153 5496 Graeci
2179 5423 2244 5477 ad
2270 5421 2596 5496 hodiernum
2622 5438 2796 5492 usque
2824 5421 2968 5476 diem
2996 5440 3010 5478 :
3044 5422 3112 5479 de
3138 5421 3339 5496 quibus
3370 5421 3572 5483 consu-

1979 5492 2201 5550 lendum
2232 5508 2420 5548 corum
2474 5493 2761 5548 Menzeum.

2051 5564 2162 5631 (85)
2197 5564 2526 5637 Jurnandes,
2554 5563 2626 5618 De
2643 5580 2785 5637 regn.
2811 5572 2857 5637 et
2879 5573 3037 5633 temp.
3060 5582 3288 5621 success.
3311 5568 3576 5637 Evagrius
3646 5580 3664 5598 ο

1987 5634 2086 5758 llih.
2116 5650 2189 5698 tv,
2222 5650 2340 5707 cap.
2368 5634 2435 5699 ‘2;
2467 5633 2763 5689 Chronicbn
2787 5634 3235 5704 Alexandrinum,
3265 5649 3315 5692 ct
3351 5633 3576 5693 March

2015 5722 2108 5758 llll.

2015 5722 2108 5759 1111.
