4092 6198
481 291 582 359 ill

1855 293 2348 356 THEOPHANIS

3633 289 3750 356 412

483 407 705 478 cognito
737 403 995 461 Saraceni
1022 404 1262 475 praedam
1283 413 1447 475 atque
1472 407 1716 476 captivos
1745 421 1929 463 secum
1960 407 2057 462 ab-

2175 406 2494 478 τροεϐἀλετο
2521 404 2569 438 ⁸⁸
2597 403 2904 476 στρατηγὸν
2951 403 2999 437 ⁸⁸
3049 401 3162 476 (56)
3205 402 3492 474 ’Δνατολῆς
3530 403 3757 462 Βελισάο

483 499 750 552 ducentes
786 511 883 566 per
917 496 1233 551 interiorem
1283 497 1512 552 limitem
1542 513 1650 552 una
1683 513 1810 553 cum
1867 498 2057 556 Persis

485 589 840 658 aufugerunt.
896 585 1083 642 Mense
1115 601 1283 658 porro
1312 588 1485 659 Aprili
1512 589 1761 659 ejusdem
1813 591 2062 661 septima

485 677 808 733 indictionis
842 678 1014 746 comae
1044 679 1346 736 auxiliares
1399 681 1469 735 ab
1513 674 1851 752 imperatore
1906 697 2062 738 sum-

484 768 668 822 missa:
711 769 1052 824 advenerunt
1100 771 1338 840 pedestri
1383 771 1599 839 itinere,
1629 780 1684 829 et
1711 789 1778 828 ex
1825 773 2062 844 Phrygia

484 857 576 927 qui
605 856 979 928 Lycocranitte
1012 871 1402 931 nuncupantur
1428 881 1442 918 :
1475 872 1539 944 et.
1554 873 1807 919 revocato
1829 863 2063 934 Hypatio

485 950 719 1020 patricio
749 950 1085 1018 Secundino,
1125 955 1448 1024 magistrum
1485 956 1696 1011 militiae
1729 955 1975 1027 prtefecit
2005 957 2062 1012 in

486 1038 710 1096 Oriente
732 1041 1081 1098 Bclisarium.
1116 1044 1456 1102 lluodecimo
1487 1064 1615 1104 vero
1647 1048 1773 1104 Maii
1825 1049 2059 1106 Hermo-

487 1148 655 1204 genes
685 1135 948 1204 magister
977 1136 1058 1190 vir
1091 1135 1392 1202 litteratus,
1427 1140 1494 1195 ad
1530 1140 1824 1197 Persarum
1879 1157 2062 1215 regem

489 1225 558 1280 ab
587 1225 918 1295 imperatore
947 1225 1264 1283 Iustiniano
1316 1229 1528 1300 legatus
1559 1232 1627 1285 de
1652 1247 1785 1301 pace
1815 1232 2065 1288 habenda

490 1316 718 1382 missus,
756 1318 1107 1374 Antiochiam
1143 1321 1410 1390 pervenit.
1446 1321 1612 1377 Junio
1647 1323 1848 1380 deinde
1879 1339 2068 1380 mense

494 1407 779 1465 Samarites
811 1409 1066 1468 etKJudaei
1103 1413 1449 1469 Palaestinam
1483 1414 1810 1481 incolentes,
1845 1415 2068 1471 Juliano

491 1499 730 1568 quodam
761 1501 815 1556 in
856 1517 1037 1572 regem
1078 1515 1368 1569 coronato,
1399 1505 1674 1576 motisque
1699 1506 1752 1559 in
1793 1506 2066 1566 Christia—

492 1605 596 1644 nos
631 1591 822 1656 armis,
853 1592 1101 1662 rapinas,
1128 1593 1330 1656 (aedes,
1362 1593 1620 1648 incendia
1658 1594 1925 1654 adversus
1970 1610 2067 1651 eos

491 1683 873 1740 excitaverunt
909 1703 923 1740 :
957 1700 1097 1755 quos
1127 1683 1268 1740 Deus
1308 1686 1360 1738 in
1385 1685 1684 1740 Jostiniani
1714 1703 1909 1744 manus
1955 1697 2070 1742 tra-

2170 516 2282 571 ριον
2332 496 2711 568 διαδεξάμενος
2753 495 3016 550 ’Υπάτιον
3060 496 3152 548 τὸν
3191 495 3480 566 πατρίκιον
3524 497 3757 551 Σεκουνε-

2165 591 2305 644 δῖνον
2335 589 2471 662 (57).
2518 588 2628 642 Καὶ
2657 589 2722 658 τῇ
2759 588 2826 658 ιβ’
2850 587 2946 640 τοῦ
2989 588 3170 642 Μαΐου
3211 587 3382 658 μηνὸς
3411 587 3663 657 εἰσῆλθεν
3698 591 3759 643 ἐν

2179 683 2477 753 Ἀντιοχέα
2547 680 2882 751 Ἑρμογένης
2933 682 2961 734 6
3017 679 3318 751 μάγιστρος
3363 679 3410 710 ⁸⁸
3453 679 3566 751 (58)
3616 681 3758 752 ἀνὴρ

2170 775 2352 843 σοφὸς,
2373 772 2614 844 πρέσϐυς
2635 771 2923 834 ἀπολυθεὶς
2949 771 3100 841 παρά
3128 768 3220 824 τοῦ
3251 770 3758 841 βασιλέωςῚουστι-

2169 865 2351 920 νιανοῡ
2383 865 2517 935 πρὸς
2551 865 2644 916 τὸν
2676 863 2900 934 βασιλέα
2948 861 3172 933 Περσῶν
3216 861 3346 933 περὶ
3381 863 3622 934 εἰρήνης.
3664 862 3756 933 Τῷ

2151 957 2226 1016 ,δὲ
2261 957 2464 1026 ’ῐουνίῳ
2495 956 2628 1026 μηνὶ
2653 955 2991 1025 Σαμαρεῖται
3018 953 3128 1023 (59)
3160 953 3256 1006 καὶ
3289 952 3532 1006 Ἰουδαῖοι
3561 955 3620 1006 ὲν
3649 954 3760 1007 Πα-

2169 1051 2417 1122 λαιστίνῃ
2450 1047 2674 1120 βασιλέα
2733 1045 3019 1101 Ἰουλιανόν
3067 1047 3113 1078 ⁵⁷
3164 1063 3285 1099 τινα
3339 1045 3593 1115 ἔστεψαν.
3649 1046 3761 1099 Καὶ

2171 1145 2312 1201 κατά
2357 1142 2698 1215 Χριστιανῶν
2751 1140 2890 1194 ὅπλα
2938 1140 3263 1210 κινήσαντες
3287 1177 3303 1203 ,
3355 1139 3610 1210 ἁρπαγὰς
3664 1139 3763 1194 καὶ

2173 1236 2364 1305 φόνους
2404 1234 2502 1289 καὶ
2555 1233 2939 1305 ὲμπυρισμοὺς
2987 1230 3128 1284 κατὰ
3174 1229 3516 1302 Χριστιανῶν
3567 1230 3762 1300 εἰργά-

2174 1341 2355 1380 σαντο.
2386 1323 2494 1388 Οὓς
2520 1326 2549 1377 6
2582 1323 2711 1387 Θεὸς
2759 1321 3076 1392 παρέδωκεν
3109 1320 3189 1382 εἰς
3218 1321 3408 1389 χεῖρας
3449 1318 3764 1374 ’Ῑουστινια-

2172 1418 2289 1483 νοῦ,
2339 1417 2437 1470 καὶ
2493 1415 2740 1488 ἀνήλωσε
2786 1415 3015 1476 πάντας.
3069 1411 3164 1466 καὶ
3216 1412 3620 1480 ἀπεκεφάλισεν
3666 1412 3766 1465 τὸν

2172 1507 2436 1578 τύραννον
2478 1505 2782 1561 Ἰουλιανόν.
2819 1503 3066 1574 Χοσρόης
3098 1502 3154 1555 δὲ
3201 1503 3229 1554 6
3263 1501 3375 1554 τῶν
3403 1501 3630 1573 Περσῶν
3666 1502 3765 1572 βα-

2175 1597 2353 1661 σιλεὺς
2401 1597 2694 1666 δεξάμενος
2728 1594 3064 1664 Ἑρμογένην
3111 1593 3415 1663 μάγιστρον
3493 1592 3634 1662 μετά
3665 1591 3766 1646 δὼ-

2180 1706 2288 1760 ρων
2318 1687 2686 1758 πρεσϐεύοντα
2727 1686 2856 1757 περὶ
2894 1685 3136 1754 εἰρήνης,
3172 1685 3249 1754 τῷ
3289 1683 3347 1738 δὲ
3392 1683 3595 1754 Ἰουλίῳ
3632 1682 3764 1754 μηνὶ

491 1773 652 1837 didit,
692 1775 832 1830 adeo
855 1777 1132 1833 utdeletis
1162 1777 1419 1832 omnibus
1451 1776 1731 1832 Julianum
1775 1789 2068 1849 tyrannum

2175 1781 2272 1851 τῆς
2301 1779 2470 1848 αὐτῆς
2519 1778 2563 1844 ζ’
2611 1777 2938 1840 ἰνδικτιῶνος
2987 1775 3167 1828 λαϐὼν
3205 1775 3274 1827 τὰ
3327 1775 3496 1844 δῶρα,
3538 1776 3764 1846 εἰρήνην

490 1868 670 1935 capite
701 1868 1070 1924 obtruncarit.
1100 1870 1375 1926 Cbosroes
1418 1878 1602 1925 autem
1627 1869 1926 1927 Persarum
1972 1887 2072 1928 rex

493 1957 888 2029 Hermagenem
908 1962 1230 2031 magistrum
1252 1965 1316 2018 de
1347 1977 1483 2031 pace
1511 1963 1759 2019 habenda
1784 1975 2072 2022 tractatum

494 2049 812 2105 habiturum
841 2067 964 2106 cum
993 2052 1158 2108 donis
1190 2054 1540 2109 accedentem
1564 2056 1811 2126 suscepit
1845 2075 1857 2110 :
1890 2068 1944 2111 at
1974 2055 2074 2112 Ju-

493 2142 568 2196 lio
591 2157 800 2209 mense,
826 2143 930 2198 fuit
962 2145 1007 2200 is
1032 2145 1281 2215 ejusdem
1313 2145 1632 2202 indictionis
1665 2148 1718 2214 7,
1751 2149 2076 2206 muneribus

493 2233 757 2303 acceptis,
786 2234 1127 2304 propositum
1151 2237 1218 2289 dc
1244 2249 1376 2306 pace
1402 2251 1710 2291 sermonem
1743 2238 1972 2306 respuit,
2002 2239 2075 2294 ita

495 2323 760 2378 nimirum
780 2339 810 2378 a
839 2325 1086 2396 profugis
1110 2324 1399 2382 Samaritis
1427 2341 1745 2397 persuasus,
1774 2329 1868 2396 qui
1898 2329 2077 2398 regio-

495 2430 622 2486 nem
674 2432 829 2478 suam
875 2424 931 2472 et
966 2419 1280 2473 universam
1318 2418 1699 2485 Palaestinam,
1747 2431 1935 2490 utpote
1981 2421 2077 2491 qui

498 2504 799 2562 auxiliares
817 2509 1006 2578 copias
1034 2508 1346 2564 Judteorum
1373 2520 1429 2567 et
1476 2512 1875 2567 Samaritarum
1907 2512 2076 2584 quin-

496 2598 762 2670 quaginta
790 2599 959 2654 millia
993 2601 1280 2667 haberent,
1312 2603 1628 2672 proditione
1652 2603 1871 2659 tradere
1913 2604 2076 2674 polli-

499 2689 782 2748 cebantur.
820 2691 917 2748 llis
933 2694 1176 2750 conlisus
1198 2694 1495 2760 Chosrocs,
1520 2698 1672 2766 pacis
1703 2697 2075 2751 conditionem

501 2797 614 2837 non
664 2785 900 2854 accepit,
931 2786 1180 2854 quinimo
1228 2788 1296 2842 de
1348 2785 1748 2859 Hierosolymis
1799 2805 1898 2858 per
1941 2791 2078 2846 istos

503 2873 785 2943 potiundis
823 2871 1137 2946 cogitabat,
1165 2879 1302 2934 urbe
1331 2879 1587 2954 videlicet
1615 2881 1921 2951 prmdivite,
1957 2897 2082 2951 qua:

505 2966 795 3021 innumera
817 2969 932 3022 auri
972 2970 1286 3024 centenaria
1317 2980 1371 3025 et
1403 2971 1678 3040 ingentem
1708 2972 2077 3041 pretiosorum

502 3056 744 3128 lapidum
781 3060 1094 3131 congeriem
1143 3077 1311 3131 penes
1351 3078 1412 3117 se
1460 3063 1706 3119 haberet.
1752 3063 2077 3118 Prmtextum

501 3161 636 3202 vero
653 3150 928 3219 cepitauri
954 3149 1169 3206 fodinas
1192 3153 1245 3206 in
1269 3153 1548 3207 montibus
1573 3155 1874 3216 Armeniaz,
1896 3163 2081 3222 utpote

505 3257 629 3306 qua
659 3243 926 3298 talentum
969 3241 1230 3299 Romanis
1263 3244 1426 3299 simul
1481 3252 1650 3313 atque
1704 3243 1890 3300 Persis
1923 3245 2082 3308 olim,

506 3349 654 3389 nunc
685 3343 867 3389 autem
910 3335 1046 3389 solis
1080 3334 1344 3390 Romanis
1394 3338 1719 3405 penderent,
1759 3345 1924 3407 atque
1970 3338 2077 3392 alia

505 3427 752 3495 quzedam
784 3428 962 3496 capita
988 3426 1332 3496 praetendens
1363 3427 1430 3481 ad
1464 3427 1849 3498 imperatorem
1900 3430 2080 3499 scrip-

507 3516 760 3572 siI.Cum
789 3532 916 3572 vero
971 3518 1020 3571 id
1076 3517 1478 3571 Samaritarum
1525 3527 1896 3570 commentum
1955 3533 2078 3572 esse

2173 1871 2235 1926 οὐ
2269 1869 2592 1935 κατεδέξατο
2625 1869 2870 1939 ποιῆσαι,
2903 1866 3256 1930 ἀναπεισθεὶς
3285 1867 3331 1899 ⁵⁸
3358 1867 3461 1919 ὑπὸ
3485 1867 3734 1937 Σαμαρει

2173 1964 2281 2017 τῶν
2317 1962 2740 2032 προσφυγόντων
2788 1960 2967 2030 αὐτῷ,
3018 1960 3110 2035 καί
3159 1958 3563 2029 ὑποτιθεμένων
3617 1959 3768 2031 αὐτῷ

2177 2049 2484 2116 προδιδόναι
2518 2049 2613 2118 τὴν
2645 2047 2828 2118 χώραν
2863 2047 3067 2112 αὐτῶν,
3109 2049 3291 2100 πᾶσαν
3328 2048 3428 2118 τὴν
3475 2047 3769 2102 Παλαιστί-

2177 2159 2296 2212 νην,
2347 2141 2423 2203 ὠς
2473 2141 2688 2211 ἔχοντες
2738 2140 2836 2192 καὶ
2883 2139 3202 2210 συμμαχίαν
3249 2139 3536 2204 Ἰουδαίους
3579 2157 3638 2194 τε
3672 2142 3770 2196 καὶ

2178 2234 2524 2304 Σαμαρείτας
2559 2232 2805 2299 χιλιάδας
2837 2233 3196 2303 πεντήκοντα.
3235 2231 3459 2296 Τούτοις
3488 2232 3772 2304 θαρρήσας

2176 2325 2422 2396 Χοσρόης
2472 2325 2532 2377 ού
2590 2325 2870 2393 προείλετο
2918 2326 2964 2356 ⁸⁸
3002 2325 3102 2395 τὴν
3149 2324 3392 2395 εἰρήνην,
3447 2325 3772 2394 βουλόμενος
3865 2378 3868 2382 ,

2178 2417 2275 2470 καὶ
2307 2417 2352 2448 ⁸⁸
2381 2415 2478 2487 τὴν
2525 2416 2880 2486 Ἰερουσαλὴμ
2915 2415 2983 2469 δι’
3023 2415 3203 2468 αὐτῶν
3237 2415 3578 2486 παραλαϐεῖν
3610 2415 3772 2486 ἔχους-

2180 2526 2281 2563 σαν
2314 2510 2518 2580 χρυσοῦ
2569 2509 2917 2578 ἀναρίθμητα
2963 2509 3311 2578 κενηνάρια,
3350 2509 3444 2561 καὶ
3488 2508 3694 2561 λιθειαν
3725 2508 3770 2540 ⁸⁸

2179 2599 2401 2671 πολλήν.
2445 2600 2725 2672 Ἀφορμὴν
2758 2601 2813 2654 δὲ
2842 2601 3034 2654 ἔϐαλεν
3061 2603 3106 2634 ⁶¹
3135 2601 3246 2671 (60)
3281 2601 3410 2670 περὶ
3435 2601 3544 2653 τῶν
3573 2616 3774 2671 χρυσοο

2182 2693 2381 2764 ρυχίων
2456 2693 2563 2746 τῶν
2609 2696 2666 2746 έν
2707 2697 2818 2758 τοῖς
2864 2695 3048 2762 ὄρεσιν
3084 2693 3396 2763 Ἀρμενίας.
3445 2693 3522 2755 ὡς
3572 2691 3772 2764 πρώην

2179 2787 2282 2840 ἀνὰ
2312 2786 2549 2840 τάλαντα
2587 2786 2632 2818 ⁸³
2663 2771 2960 2839 τελούντων
3001 2785 3294 2856 Ῥωμαίοις
3324 2802 3383 2837 τε
3427 2785 3474 2816 ⁸⁸
3507 2785 3601 2837 καὶ
3629 2785 3772 2853 Πέρ-

2183 2895 2304 2942 σαις
2329 2877 2460 2948 (61),
2493 2877 2588 2932 νῦν
2619 2878 2674 2930 δὲ
2714 2878 3004 2947 Ῥωμαιοις
3031 2879 3212 2948 μόνοις
3235 2875 3534 2929 τελούντων
3564 2877 3632 2931 ⁸³.
3657 2874 3772 2929 Καὶ

2180 2971 2317 3025 ἄλλα
2347 2971 2470 3024 τινὰ
2501 2970 2774 3040 κεφάλαια
2815 2969 3284 3040 προφασιζόμενος
3322 2967 3528 3038 ἔγραφε
3564 2968 3641 3038 τῷ
3673 2969 3774 3038 βα.

2185 3062 2340 3116 σιλεί.
2365 3061 2702 3126 Γνωσθέντος
2733 3061 2790 3114 δὲ
2815 3061 2910 3114 τοῦ
2944 3061 3219 3130 δράματος
3254 3058 3360 3113 τῶν
3391 3060 3772 3129 Σαμαρειτῶν,

2188 3155 2244 3206 ἐν
2269 3153 2347 3223 τῷ
2378 3154 2740 3223 ὑποστρέφειν
2773 3152 2971 3216 αὐτοὺς
3001 3155 3064 3206 ὲκ
3097 3151 3204 3204 τῶν
3252 3149 3500 3220 Περσῶν,
3531 3152 3774 3222 ἐκρατήσ-

2185 3247 2358 3314 θησαν
2387 3245 2468 3307 εἰς
2500 3244 2559 3297 τὸ
2617 3245 2902 3315 Ἀμμίδιος
2948 3244 3092 3315 (62)·
3129 3238 3272 3314 ἦσαν
3325 3241 3383 3295 δὲ
3437 3243 3775 3314 Σαμαρεῖται

2182 3336 2472 3404 ὀνομαστοὶ
2501 3336 2546 3368 ⁸⁸
2569 3336 2730 3390 πέντε
2755 3339 2819 3389 ὲκ
2848 3336 2956 3390 τῶν
2975 3337 3224 3408 εὐπόρων
3247 3337 3423 3391 αὐτῶν
3443 3354 3458 3368 ο
3482 3336 3577 3391 καὶ
3626 3352 3774 3407 παρ-

2181 3427 2440 3497 εδόθησαν
2456 3427 2533 3498 τῷ
2551 3427 2895 3500 στρατηλάτῃ
2920 3429 3242 3501 Βελισαρίῳ,
3274 3431 3367 3484 καὶ
3394 3428 3778 3497 ἐξετασθέντες

2180 3519 2542 3590 ὡμολόγησαν
2577 3519 2774 3574 πάντα.

507 3621 846 3680 compertum
881 3611 1098 3677 fuisset,
1126 3612 1418 3667 redeuntes
1444 3627 1475 3666 e
1501 3611 1684 3667 Persia
1719 3612 1926 3667 detenti
1954 3623 2083 3668 sunt
2125 3613 2192 3668 ad
2222 3615 2578 3670 Ammidium.
2605 3613 2776 3670 Erant
2824 3623 3008 3671 autem
3057 3617 3148 3672 isti
3196 3616 3458 3687 praecipui
3525 3615 3777 3686 quinque

1801 3727 2035 3782 VARI/13
2072 3729 2477 3787 LECTIONES.

581 3843 630 3914 ’ξ
649 3841 979 3914 προεϐάλετο
1011 3844 1075 3908 A,
1097 3843 1467 3914 προεϐάλλετο
1502 3843 1647 3914 vulg.

509 3913 554 3944 ³⁷
602 3912 885 3967 Ἰουλιανόν
919 3931 1040 3968 τινα
1078 3912 1294 3978 Αίτινά
1326 3914 1479 3968 Ἰουλ.
1515 3912 1659 3980 vulg.

510 3983 675 4056 fit-11
700 3985 822 4056 add.
852 4000 917 4037 ex
945 3984 1010 4036 Δ.
1141 3983 1370 4056 λιθείαν]
1399 3984 1584 4056 λιθέαν
1610 3983 1767 4056 codd.
1792 3996 1846 4039 et
1881 3987 2021 4056 vulg.

511 4051 560 4086 ’δ
584 4069 644 4106 τε
665 4054 790 4109 add.
831 4069 895 4110 ex
929 4057 995 4108 Α.
1061 4054 1106 4086 ⁸⁸
1144 4051 1498 4118 τελοῦντεςἉ
1524 4055 1576 4109 ι).

1821 3846 2127 3919 στρατηγὸν
2160 3847 2202 3900 Α
2235 3851 2290 3913 b,
2321 3848 2702 3919 στρατηλάτην
2749 3849 2897 3918 vulg.

1739 3915 1784 3989 _'°
1809 3915 2160 3989 ἀναπεισθεὶς
2187 3921 2251 3989 A,
2297 3915 2538 3989 πεισθεὶς
2569 3915 2712 3989 vulg.

2100 3989 2145 4019 θ’
2177 3988 2389 4052 ἔϐαλεν,
2429 3987 2554 4043 fort.
2582 3987 2794 4044 ἐλαϐεν.

1671 4053 1715 4084 ⁸⁸
1745 4053 2037 4125 ὀνομαστοὶ
2061 4057 2126 4120 Α,
2168 4059 2412 4128 ὀνόματα
2439 4059 2564 4129 vulg

2997 3848 3051 3920 ’ᾗ
3073 3849 3372 3920 μάγιστρος
3402 3849 3430 3901 6
3460 3847 3675 3920 ξκύθης
3701 3846 3778 3920 _A.

2812 3917 2865 3952 ⁵⁹⁷
2882 3918 3163 3988 προείλετο
3187 3920 3252 3978 Α,
3281 3917 3600 3988 προσείλετο
3625 3917 3774 3985 vulg.

2891 3987 2937 4021 “
2962 3988 3202 4043 τάλαντα
3238 3989 3305 4054 Α,
3330 3987 3600 4042 ταλάντου
3626 3989 3774 4057 vulg.

1798 4171 1939 4227 JAC.
1974 4171 2186 4228 GOARI
2217 4173 2456 4230 NOTAE.

583 4268 703 4346 (56)
729 4265 1040 4346 A_Justino'
1065 4280 1175 4346 lam
1206 4265 1750 4346 creatumnlielisagii
1779 4280 1992 4346 ,ροηδε-ξ
2021 4275 2075 4318 et

510 4334 862 4403 consiliarius
889 4335 1440 4406 testaturProco’pius
1463 4337 1558 4390 lib.
1583 4353 1623 4397 ι,
1673 4335 1746 4390 De
1773 4334 1909 4390 bello
1947 4335 2078 4389 Per.

509 4419 641 4478 sico,
670 4424 724 4469 et
744 4426 772 4462 a
803 4408 1120 4464 Justiniano
1139 4407 1322 4478 denuo
1351 4407 1685 4478 institutum.

589 4475 838 4559 (57)_lta
874 4479 1246 4559 legocunctis
1402 4477 1573 4559 codd.
1601 4476 1815 4559 {fallent
1847 4475 2081 4559 25x39?-

511 4545 1012 4611 6ivco.'Secnndini
1049 4549 1251 4618 etenim
1291 4545 1434 4602 filius
1461 4555 1581 4602 erat
1621 4548 1910 4618 Hypatius.
1943 4547 2084 4604 Vide

513 4628 642 4682 libri
688 4621 921 4677 iudicem
953 4620 1120 4675 verbo
1163 4617 1451 4687 Hypatius.
1493 4647 1564 4658 -ο
1596 4617 1822 4687 Ειιιεηά.
1854 4619 2088 4671 Σεκουν-

514 4697 660 4750 δίνου
692 4695 859 4764 liquet
897 4705 960 4745 ex
997 4686 1479 4764 saepiusrepetitis
1519 4689 1586 4742 de
1611 4686 2089 4764 llypatio_Sec_un-

517 4768 631 4818 dini
690 4757 839 4826 lilio,
896 4759 1322 4830 imperatoribus
1379 4757 2084 4830 Anastasio'et"Justino,

520 4834 888 4888 Successorem
938 4828 1074 4882 dans
1128 4829 1453 4884 Belisarium
1516 4828 1750 4897 Hypatio
1800 4828 2092 4883 Secundini

518 4903 730 4973 patricii
757 4901 894 4973 ﬁlio.
921 4928 991 4940 ——
1029 4899 1388 4973 Ἑρμογένης
1442 4902 1474 4952 ὀ
1501 4897 1832 4973 μὰγιστρος
1869 4903 1902 4954 ό
1937 4899 2093 4973 22x13-

521 4967 651 5040 οης.
676 4970 808 5039 Reg.
835 4967 944 5022 Vox
966 4967 1168 5041 omissa
1181 4967 1462 5041 notatione
1484 4967 1669 5039 digna,
1695 4967 1754 5026 ut
1776 4971 1938 5024 homo
1960 4969 2095 5041 Scy-

521 5038 611 5098 tba
637 5043 710 5095 ita
730 5038 952 5108 sapiens
979 5038 1452 5094 fucrit.Cousr:rts.

597 5112 709 5186 (58)
750 5109 1141 5186 l_|ermog_enem
1166 5111 1392 5186 ﬂuidam
1445 5109 1512 5164 de
1547 5125 1678 5179 pace
1712 5111 2096 5186 lega‘tnnrme-

521 5179 706 5239 morat
754 5181 1098 5248 Proc0pius:
1132 5179 1252 5248 ejus
1286 5189 1493 5245 tamen,
1547 5190 1607 5233 ut
1646 5187 1699 5234 et
1731 5179 2001 5243 Belisarii,
2040 5190 2096 5234 et

523 5255 670 5310 ultro
700 5254 948 5320 citroque
977 5266 1006 5304 a
1035 5248 1220 5305 Persis
1252 5257 1304 5303 et
1320 5251 1592 5320 immanis
1618 5264 1705 5304 res
1740 5250 2096 5320 geStasaliter

525 5334 794 5379 enarrat:
833 5318 1003 5389 quare
1049 5323 1186 5376 alios
1243 5334 1273 5373 a
1315 5319 1586 5392 Procopio
1637 5332 1888 5376 auctores
1920 5318 2097 5374 Theo-

522 5396 1035 5465 plnanemseculum
1060 5399 1298 5465 constat.

596 5466 707 5533 (b9)
762 5461 964 5517 Juliani
1023 5462 1374 5533 histor-iniria
1405 5460 1773 5533 Samaritanis
1821 5461 2095 5533 indregem

526 5529 699 5588 eveCIi
736 5534 902 5588 refert
927 5533 1164 5604 Cyrillus
1193 5533 1246 5586 in
1276 5529 1398 5585 Vita
1432 5533 1489 5586 S.
1518 5531 1675 5586 Sabae
1697 5531 1840 5604 apud
1874 5530 2095 5604 S_.urium

528 5603 616 5655 die
643 5605 676 5656 5
711 5599 1045 5658 Decembris.
1080 5605 1200 5656 Alia
1240 5619 1428 5658 eorum
1459 5605 1666 5658 scelera
1706 5599 1870 5655 habet
1896 5599 2100 5654 Proco-

531 5671 673 5740 pius,
709 5671 783 5723 De
808 5673 952 5740 azdif.
977 5671 1295 5740 Iustiniani,
1331 5682 1470 5727 orat.
1504 5674 1555 5725 5.
1599 5671 1905 5740 Legendqu
1934 5669 2100 5725 Chro-

537 5739 690 5794 nicon
718 5742 1134 5796 Alexandrinum
1161 5744 1224 5798 ad
1259 5739 1580 5813 prmsentcm
1613 5739 1837 5795 annum;

2257 4267 2472 4340 (60)ADc
2505 4266 2628 4340 i_stis
2661 4267 2994 4340 aurifglinis
3062 4266 3367 4340 Procopius
3400 4265 3736 4340 mediolibri
3761 4287 3781 4327 ι

2190 4337 2275 4392 De
2313 4338 2448 4392 bello
2504 4337 2722 4392 Persico
2763 4354 2783 4392 :
2820 4337 2970 4392 Tunc
3005 4341 3171 4393 etiam
3230 4337 3516 4393 Persarum
3571 4339 3688 4394 loca
3719 4343 3782 4396 in

2113 4433 2158 4490 ι)
2189 4409 2570 4490 Ρεηργηιεηὶἱε
2604 4407 2828 4462 Romani
2858 4417 3178 4490 receperunt
3224 4425 3508 4490 arcemque.
3556 4408 3776 4490 Belum,

2193 4495 2255 4532 ac
2296 4478 2661 4547 Pharangium
2715 4488 2980 4544 vocatam,
3030 4479 3170 4533 unde
3204 4495 3398 4548 aurum
3465 4477 3645 4533 Persa
3694 4482 3783 4548 fo-

2189 4549 2364 4612 diunt,
2394 4550 2605 4617 regique
2630 4550 2831 4618 ferunt.
2881 4549 2945 4603 Et
2980 4550 3121 4602 infra
3158 4567 3171 4603 :
3210 4547 3341 4602 Inde
3368 4547 3781 4606 Persarmenio—

2194 4636 2312 4690 rum
2360 4619 2490 4690 ﬁnes
2537 4620 2816 4687 incipiunt,
2853 4620 2942 4673 ubi
2972 4620 3094 4672 auri
3147 4619 3422 4690 metallum
3485 4629 3586 4684 est,
3634 4621 3780 4690 quod

2194 4688 2405 4760 (Iabade
2445 4691 2788 4753 concedente,
2845 4690 3061 4760 quidam
3113 4688 3517 4760 loci‘indigena
3563 4688 3780 4760 nomine

2194 4757 2478 4830 Symeones
2503 4761 2728 4813 curabat
2757 4779 2774 4813 :
2809 4757 2900 4827 qui
2926 4769 3206 4830 postquam
3269 4759 3461 4823 Laxos,
3489 4770 3539 4812 et
3581 4758 3781 4814 Roma-

2193 4847 2288 4884 nos
2339 4833 2394 4884 in
2441 4829 2576 4884 bello
2608 4832 2930 4899 potentiores
2968 4831 3119 4890 vidit,
3156 4829 3425 4884 Cabadem
3454 4830 3629 4882 reditu
3683 4846 3778 4898 pe-

2194 4901 2470 4954 cuniarum
2498 4901 2749 4966 privavit.
2780 4899 2907 4953 Ideo
2933 4910 2982 4953 et
3015 4901 3188 4966 ipsum
3238 4899 3400 4952 simul
3454 4915 3576 4952 cum
3625 4899 3777 4953 Plia-

2193 4973 2379 5041 rangio
2405 4969 2656 5024 Romanis
2693 4971 2906 5024 tradens
2937 4972 3109 5041 petiit,
3140 4980 3196 5022 ut
3225 4969 3348 5038 ipsi,
3378 4972 3595 5023 remotis
3627 4970 3778 5041 aliis,

2195 5039 2309 5095 rem
2331 5051 2598 5095 curarent.
2631 5043 2699 5093 At
2743 5041 2854 5094 illis
2891 5040 3024 5094 nihil
3058 5039 3122 5094 de
3156 5041 3374 5094 metallo
3431 5040 3778 5106 curantibus,

2197 5121 2402 5166 tantum
2429 5113 2563 5164 satis
2597 5112 2767 5165 visum
2801 5110 2975 5164 hostes
3009 5111 3106 5180 hoc
3143 5109 3365 5180 vectigal
3399 5110 3667 5180 amisisse.

2267 5183 2378 5252 (61)
2415 5180 2545 5252 Qum
2570 5183 2784 5252 singula
2825 5179 3026 5235 talenta
3058 5179 3313 5235 Romanis
3339 5195 3400 5233 ac
3437 5179 3616 5234 Persis
3645 5195 3779 5252 pen-

2195 5249 2396 5308 derent.
2429 5249 2730 5306 Obscurior
2757 5252 3051 5321 interpres,
3112 5265 3176 5321 ac
3205 5252 3352 5321 velut
3385 5264 3553 5321 unum
3595 5249 3784 5321 utris:

2197 5339 2304 5392 que
2332 5323 2662 5392 penderetur
2690 5319 2978 5384 talentum,
3030 5319 3177 5391 quod
3209 5329 3263 5374 et
3289 5319 3639 5392 Theopbanis
3676 5319 3777 5392 tati

2198 5389 2484 5448 sententiae
2513 5393 2861 5454 adversatur,
2915 5400 2967 5444 et
3013 5389 3082 5445 iis
3108 5406 3229 5459 qua:
3258 5390 3426 5445 tradit
3476 5389 3780 5460 l‘roc0pius

2200 5464 2239 5516 Ι.
2277 5465 2299 5516 l
2345 5461 2417 5515 De
2443 5461 2578 5516 bello
2606 5461 2844 5516 Persico.
2873 5461 3166 5516 COMBEFIS.

2276 5534 2386 5605 (6‘2)
2417 5532 2765 5605 Ammodium
2801 5533 2976 5605 locu_m
3011 5548 3041 5586 a
3066 5529 3203 5605 Dara
3237 5529 3429 5605 stadiis
3471 5528 3544 5583 '20
3569 5527 3783 5584 distana-

2202 5601 2330 5667 ten'i,
2359 5601 2469 5672 Quo
2493 5603 2595 5657 sibi
2622 5601 2800 5672 Persae
2827 5610 2881 5657 et
2913 5601 3143 5656 Romani
3175 5601 3414 5668 primum
3457 5611 3782 5667 occurrere,

2202 5671 2467 5730 memorat
2494 5674 2693 5729 citatus
2707 5671 3048 5745 Procopius.
