4092 6198
417 274 523 342 427

1794 275 2284 338 THEOPHANIS

3576 273 3690 341 428

417 389 602 446 nullos
652 388 1063 460 adjunxerun't,
1104 392 1158 440 et
1217 401 1324 440 una
1381 385 1545 449 simul
1605 385 1885 442 irruerunt
1941 387 1998 442 in

2103 387 2160 441 δὲ
2191 385 2281 441 διὰ
2330 382 2425 438 τοῦ
2462 383 2770 456 μονοπάτου
2807 381 2922 456 (10)
2969 381 3064 438 τοῦ
3111 384 3455 456 καθίσματος
3497 392 3580 452 εις
3625 388 3694 446 τὸ

417 483 649 538 circum.
708 479 777 535 Et
826 477 1029 534 Narses
1082 477 1303 548 quidem
1367 477 1526 534 ostiis
1588 477 1994 545 anterioribus,

418 573 607 631 Mundi
637 571 786 627 ﬁlius
817 571 890 626 iis
921 585 1044 642 quae
1077 570 1144 626 ad
1197 579 1426 637 metam,
1465 569 1557 626 alii
1591 586 1686 641 per
1717 569 1995 634 semitam,

417 680 525 736 qua
558 661 735 720 tendit
769 661 1068 732 imperator
1101 661 1262 733 158
1307 662 1376 718 ad
1410 664 1694 734 propriqu
1730 662 1899 718 sedile
1939 662 1998 718 in

418 770 600 812 arena:
629 754 811 812 solum
845 753 1038 819 delati,
1076 753 1374 822 factiosos,
1413 753 1470 809 lii
1499 754 1721 826 quidem
1754 754 1995 827 sagittis,

414 849 511 906 alii
535 847 734 919 gladiis
763 845 1065 904 confodere
1094 858 1148 903 et
1177 846 1469 902 concidere
1494 854 1786 918 coeperunt
1813 863 1829 901 :
1861 846 1999 902 adeo

413 952 478 999 ut
505 941 694 999 nullus
715 955 785 997 ex
812 938 1042 996 Venetis
1073 949 1166 994 aut
1194 938 1441 997 Prasinis
1469 940 1630 1006 civis,
1663 939 1758 1012 qui
1783 947 1917 996 tunc
1939 941 1998 996 in

415 1034 567 1091 circo
614 1040 897 1102 repertus,
935 1031 1230 1086 incolumis
1283 1031 1543 1086 evaserit.
1582 1029 1890 1087 Belisarius
1931 1030 1999 1086 ad

415 1124 768 1196 imperatoris
825 1121 998 1179 sedile
1053 1136 1163 1176 una
1223 1135 1348 1176 cum
1405 1121 1705 1191 spathariis
1771 1123 1998 1178 evolans

413 1224 635 1287 raptum
678 1213 971 1286 Hypatium
1003 1210 1159 1268 duxit
1181 1211 1247 1266 ad
1281 1211 1693 1282 imperatorem,
1727 1213 1820 1282 qui
1851 1213 1998 1269 illico

416 1304 680 1362 custodiae
713 1303 966 1360 traditus.
1000 1302 1280 1359 (laesorum
1321 1316 1386 1358 ea
1432 1302 1521 1356 die
1553 1311 1836 1357 numerata
1870 1309 1998 1358 sunt

415 1397 484 1463 ad
515 1397 742 1468 triginta
774 1395 1021 1468 quinque
1061 1394 1233 1450 millia
1271 1409 1285 1447 :
1322 1409 1425 1452 nec
1456 1393 1603 1449 ullus
1636 1394 1730 1465 qui
1769 1393 1996 1451 factioni

415 1491 654 1561 cuipiam
681 1497 832 1546 esset
882 1488 1136 1545 addictus
1187 1487 1432 1544 occurrit
1483 1485 1640 1541 ullibi
1674 1484 1850 1556 :quin
1887 1485 1998 1540 imo

415 1590 618 1638 cuncta
650 1595 867 1637 summa
907 1578 1307 1650 tranquillitate
1351 1584 1482 1634 sunt
1531 1576 1863 1647 composita.
1898 1575 1997 1630 Se-

416 1673 610 1744 quenti
656 1673 778 1728 luce
807 1670 1080 1744 Hypatius
1114 1677 1170 1726 et
1198 1669 1496 1740 Pompeius
1542 1668 1665 1738 ejus
1699 1668 1870 1722 frater
1901 1683 1997 1722 ne—

2101 476 2306 547 πέλμα,
2336 474 2430 529 καὶ
2463 473 2699 547 ἤρξαντο
2732 475 2958 530 κόπτειν
3009 475 3137 540 τοὺς
3185 476 3416 549 δήμους,
3474 479 3526 533 οἰ
3581 480 3686 550 μὲν

2100 567 2434 635 τοξεύοντες,
2469 569 2519 620 οἱ
2562 568 2619 622 δὲ
2656 567 3124 637 κατασφάζοντες,
3157 567 3299 624 ὥστε
3329 570 3541 640 μηδένα
3577 573 3689 626 τῶν

2100 659 2337 713 πολιτῶν
2361 657 2394 729 ἢ
2418 657 2660 713 Βενέτων
2679 659 2727 691 ιι
2765 659 2798 731 ἢ
2832 659 3127 731 Πρασίνων
3156 660 3500 732 εὑρεθέντων
3530 664 3588 717 ἐν
3609 664 3690 736 τῷ

2103 751 2314 822 ἱππικῷ
2349 751 2608 821 σωθῆναι.
2627 753 2686 806 '0
2715 752 2773 806 δέ
2809 751 3131 826 Βελισάριος
3170 752 3486 826 εἰσδραμὼν
3515 757 3609 810 ἐπὶ
3628 757 3693 812 τὸ

2102 843 2352 914 κάθισμα
2377 843 2473 898 τοῦ
2507 844 2778 915 βασιλέως
2806 844 2946 916 μετὰ
2976 844 3300 917 σπαθαρίων
3355 846 3682 920 συλλαϐόμε-

2100 952 2189 999 νος
2222 933 2483 991 Ὑπάτιον
2519 936 2875 1008 προσήγαγεν
2904 935 2982 1008 τῷ
3016 937 3249 1008 βασιλεῖ,
3291 938 3388 992 καὶ
3419 940 3692 996 ἀπέθεντο

2100 1025 2265 1080 αὑτὸν
2297 1027 2355 1080 ἐν
2387 1029 2455 1099 τῇ
2483 1028 2725 1100 φυλακῇ.
2766 1028 3066 1083 Ἀπέθανον
3095 1029 3153 1084 δὲ
3176 1033 3242 1101 τῇ
3275 1031 3461 1102 ἡμέρᾳ
3501 1032 3695 1106 ἐκείνῃ

2101 1120 2336 1192 χιλιάδες
2369 1123 2672 1190 τριάκοντα
2701 1124 2866 1180 πέντε
2895 1124 3129 1195 ἀνδρῶν.
3152 1124 3262 1179 Καὶ
3291 1125 3392 1179 οὐκ
3425 1125 3508 1180 ἔτι
3537 1125 3694 1195 ἐφαί-

2100 1229 2221 1266 νετο
2279 1215 2522 1286 δημότης
2585 1216 2844 1272 πώποτεο
2908 1217 3025 1271 ἀλλ’
3079 1218 3298 1285 ἐγένετο
3355 1216 3557 1288 ἡσυχία
3618 1220 3691 1290 τῇ

2101 1306 2286 1377 ἡμέρᾳ
2313 1307 2521 1380 ἐκείνῃ.
2555 1309 2633 1378 Τῇ
2663 1309 2720 1362 δέ
2764 1308 3031 1380 ἐπαύριον
3073 1310 3395 1380 ἐσφάγησαν
3430 1309 3696 1373 ’Υπάτιος

2100 1402 2196 1452 καὶ
2227 1399 2512 1471 Πομπήϊος
2536 1403 2564 1454 ό
2597 1401 2823 1470 ἀδελφὸς
2851 1401 3046 1456 αὐτοῦ’
3079 1402 3170 1455 καὶ
3197 1403 3397 1474 ἐρῤἱφη
3426 1403 3496 1457 τὰ
3513 1404 3559 1435 ⁸⁸
3585 1402 3694 1456 σώ-

2103 1507 2250 1560 ματα
2280 1492 2460 1548 αὐτῶν
2475 1494 2532 1546 ἐν
2552 1496 2616 1564 τῇ
2646 1493 2888 1567 θαλάσσῃ
2905 1509 2920 1524 °
2942 1494 3039 1548 καὶ
3068 1493 3448 1566 ἐδημεύθησαν
3467 1494 3519 1548 οἱ
3552 1490 3695 1549 οἶκοι

2101 1582 2280 1637 αὐτῶν
2305 1624 2320 1650 ,
2355 1583 2493 1655 μετὰ
2535 1584 2630 1637 καὶ
2681 1585 2855 1639 ἄλλων
2915 1591 2982 1655 ιη’
3022 1585 3326 1656 πατρικίων
3377 1587 3472 1641 καὶ
3517 1586 3696 1642 lno-J-

2103 1673 2303 1744 στρίων
2323 1674 2434 1745 (ll)
2469 1674 2563 1729 καὶ
2593 1675 2872 1729 ὑπατικῶν
2922 1677 3325 1749 δημευθέντων,
3358 1678 3435 1743 ὡς
3467 1681 3695 1751 συνδρό-

415 1762 549 1829 cati,
581 1771 637 1818 et
664 1776 854 1818 eorum
884 1761 1151 1817 cadavera
1176 1761 1232 1815 in
1263 1775 1416 1816 mare
1443 1759 1709 1831 projecta,
1741 1760 1997 1830 aedesque

2105 1780 2220 1832 μων
2260 1764 2546 1820 Ὑπατίου.
2589 1766 2699 1820 Καὶ
2729 1767 2952 1836 ἐγένετο
2989 1769 3154 1838 φόϐος
3195 1769 3397 1840 μέγας,
3430 1771 3528 1823 καὶ
3555 1771 3694 1840 ήσύσ

416 1855 634 1910 illorum
661 1854 970 1925 publicatae,
996 1867 1105 1908 una
1125 1867 1250 1908 cum
1277 1851 1514 1908 aliorum
1547 1852 1905 1922 patriciorum
1930 1851 1997 1907 l8

415 1955 470 2002 et
517 1946 818 2002 illustrium
865 1951 921 2001 et
968 1943 1369 2012 consularium,
1423 1958 1657 2014 quorum
1703 1942 1996 2000 facultates

2105 1871 2271 1924 χασεν
2301 1858 2335 1927 ή
2369 1857 2545 1926 πόλις,
2598 1858 2694 1912 καὶ
2742 1858 2846 1926 οὐκ
2895 1860 3037 1932 ἤχθη
3091 1860 3319 1915 ἱππικὸν
3365 1861 3458 1914 ἐπὶ
3500 1860 3696 1916 ίκανδν

2106 1946 2322 2017 χρόνον.

416 2036 768 2107 imperatoris
798 2033 996 2090 aerario
1029 2033 1291 2098 addictze.
1340 2032 1489 2104 quod
1534 2047 1595 2090 sc
1629 2031 1848 2105 Ilypatii
1881 2033 2124 2092 fautores
2153 2047 2208 2093 et
2239 2039 2560 2097 auxiliarios
2582 2042 2968 2113 praebuissent.
3003 2043 3232 2114 Magnus
3273 2044 3472 2102 exinde
3511 2054 3695 2102 terror

415 2130 632 2188 animos
653 2129 902 2186 omnium
938 2127 1186 2192 incessit,
1212 2127 1346 2184 urbs
1369 2128 1694 2182 tumultuari
1724 2127 1960 2194 destitit,
1983 2145 2084 2188 nec
2114 2134 2352 2190 nonnisi
2378 2135 2542 2207 longo
2575 2147 2698 2208 post
2725 2138 2904 2209 spatio
2925 2139 3203 2196 circenees
3237 2139 3370 2196 editi
3399 2151 3526 2196 sunt
3555 2141 3692 2199 ludi.

487 2223 605 2280 lloc
636 2221 826 2279 eodem
859 2236 1006 2276 anno
1033 2236 1064 2275 a
1094 2236 1326 2292 vespere
1365 2219 1432 2276 ad
1464 2222 1851 2291 crepusculum
1881 2238 2001 2276 ma-

2180 2228 2272 2300 Τῷ
2301 2229 2346 2284 δ’
2371 2229 2520 2300 αύτῷ
2547 2232 2656 2286 ἐτει
2686 2233 2780 2288 καὶ
2821 2233 3068 2303 ἀστέρων
3098 2233 3291 2302 γέγονε
3344 2234 3546 2307 δρόμος
3577 2236 3692 2309 (12)

417 2315 658 2370 tutinum
688 2323 964 2368 aSIrorum
991 2324 1299 2366 concursus
1329 2310 1524 2380 ingens
1552 2309 1703 2365 visus
1727 2316 1834 2376 est,
1865 2310 2001 2366 adeo

2108 2319 2276 2384 πολὺς
2309 2321 2417 2374 ἀπὸ
2463 2323 2704 2394 ἑσπέρας
2737 2324 2844 2390 ἕως
2874 2324 3077 2394 αῠγους
3097 2342 3111 2358 ο
3138 2324 3280 2380 ὥστε
3335 2329 3548 2392 πάντας
3601 2329 3696 2383 ἐκ·

418 2416 479 2462 ιιι
507 2420 703 2460 omncs
734 2410 884 2459 metu
938 2400 1241 2456 exanimati
1268 2401 1651 2456 eaclamarent
1682 2400 1941 2458 :Caduut
1971 2417 2001 2458 e

2109 2412 2442 2483 πλήττεσθαι
2475 2417 2568 2470 καὶ
2595 2417 2798 2486 λέγειν,
2861 2418 2942 2472 ὅτι
3006 2418 3070 2472 Ol
3111 2419 3346 2492 ἀστέρες
3373 2421 3691 2488 πίπτουσιν,

416 2497 558 2552 ccelo
585 2494 778 2557 stella),
808 2505 910 2548 nec
945 2505 1189 2561 unquam
1239 2505 1353 2546 rem
1388 2499 1642 2546 monstro
1673 2500 1781 2546 tam
1815 2493 2001 2562 proxi-

417 2602 564 2644 mam
591 2583 1004 2655 conspeximus.

487 2682 555 2734 A.
607 2680 668 2734 C.
722 2676 845 2731 525.
895 2705 964 2716 —
1025 2672 1206 2729 Roma:
1263 2673 1492 2741 episcopi
1545 2672 1776 2728 Joannis
1828 2690 1999 2728 anuus

415 2773 642 2840 primus.

491 2863 607 2918 lloc
642 2877 788 2916 anno
820 2860 1110 2915 Theo-dera
1144 2857 1393 2929 piissima
1426 2860 1672 2930 Augusta
1701 2858 1766 2913 ad
1797 2858 2004 2918 calidas

416 2952 739 3026 Pythiorum
773 2967 970 3023 aquas,
1007 2950 1213 3022 quibus
1251 2965 1454 3021 corpus
1489 2949 1697 3006 foveret
1721 2965 1787 3006 ac
1811 2950 2003 3006 retice-

416 3052 526 3110 ret,
557 3041 806 3113 profccta
836 3050 920 3097 est
951 3058 964 3094 :
1002 3041 1104 3097 viae
1133 3041 1318 3098 socios
1341 3040 1613 3097 dederunt
1649 3056 1708 3096 se
1733 3043 1999 3112 patricius

417 3133 609 3191 Menas
648 3133 964 3206 praefectus,
1012 3132 1280 3204 patricius
1322 3132 1471 3188 Elias
1522 3133 1874 3204 largitionum
1906 3148 2002 3188 co-

416 3243 561 3298 mes,
609 3238 663 3284 et
707 3227 804 3283 alii
839 3225 1081 3298 patricii,
1115 3241 1216 3282 uec
1259 3240 1370 3281 non
1414 3226 1737 3282 cubicularii
1768 3236 1823 3282 et
1860 3227 2004 3297 opti-
2029 3263 2073 3322 ο

418 3329 598 3377 mates
633 3318 700 3375 ad
732 3330 972 3390 quatuor
997 3317 1192 3374 millia.
1233 3317 1514 3389 lugentem
1543 3333 1712 3388 porro
1739 3317 2002 3387 pecunia-

2108 2505 2201 2559 καὶ
2233 2505 2334 2560 οὐκ
2365 2505 2584 2575 εἴδαμέν
2617 2525 2747 2562 ποτε
2779 2508 2988 2563 τοιοῦτο
3019 2512 3274 2582 πρᾶγμα.

2177 2671 2242 2724 Α.
2283 2671 2358 2723 Μ.
2406 2670 2565 2726 609.5.
2603 2700 2674 2710 —-
2731 2669 2958 2741 Ῥώμης
3014 2671 3356 2728 ἐπισκόπου
3409 2671 3694 2729 Ἰωάννου

2105 2761 2241 2830 ἔτος
2270 2761 2341 2816 a'.

2179 2853 2364 2926 Τούτῳ
2395 2853 2472 2924 τῷ
2513 2853 2624 2908 ἔτει
2658 2853 2909 2926 Θεοδὼρα
2937 2855 2970 2923 ἡ
3001 2855 3371 2925 εὐσεϐεστάτη
3401 2855 3694 2925 Δὺγούστα

2106 2941 2328 3013 ἐξῆλθεν
2367 2943 2446 3006 είς
2499 2943 2566 2996 τὰ
2599 2943 2780 3015 θερμὰ
2808 2942 2918 2996 τῶν
2948 2943 3159 2997 Πυθίων
3181 2945 3399 3017 (15)·τοῦ
3424 2946 3472 2978 ⁸⁸
3502 2946 3695 3018 θερμί-

2112 3049 2228 3086 σαι·
2271 3033 2365 3086 καὶ
2413 3032 2736 3103 συνεξῆλθον
2759 3033 2804 3065 ⁸⁷
2826 3034 2961 3105 αὐτῇ
2990 3035 3019 3087 ὃ
3043 3051 3102 3086 τε
3127 3033 3414 3105 πατρίκιος
3436 3037 3629 3106 Μηνᾶς
3665 3036 3695 3090 ό

2106 3121 2344 3194 ἔπαρχος
2377 3124 2468 3177 κα)⁹
2495 3127 2522 3177 ὀ
2552 3125 2842 3195 πατρίκιος
2875 3125 3062 3189 Ἠλίας
3090 3127 3118 3179 ὁ
3158 3125 3333 3196 κόμης
3361 3127 3471 3179 τῶν
3501 3125 3694 3198 λαργι-

2106 3215 2300 3269 τιόνων
2329 3215 2395 3280 ⁸⁸,
2419 3217 2513 3269 καὶ
2541 3216 2688 3270 ἄλλοι
2717 3217 3017 3286 πατρίκιοι,
3043 3217 3138 3270 καὶ
3168 3219 3218 3270 οἱ
3251 3217 3695 3290 κουὸικουλάριοι
3717 3276 3734 3289 ,

2108 3309 2202 3362 καὶ
2233 3309 2530 3379 σατράπαι,
2563 3309 2798 3379 χιλιάδες
2823 3311 3119 3379 τέσσαρες⁶
3173 3310 3272 3364 κα)⁸
3302 3311 3471 3364 πολλὰ
3505 3313 3695 3386 ἐχαρί-

416 3428 540 3471 rum
579 3412 686 3470 vim
729 3413 786 3467 in
824 3410 1088 3467 ecclesias
1113 3452 1129 3475 ,
1185 3425 1486 3481 pauperum
1528 3410 1766 3480 hospitia
1799 3418 1854 3467 et
1886 3425 2001 3466 mo-

2108 3419 2237 3455 σατο
2261 3405 2382 3464 ταῖς
2437 3403 2758 3474 ἐκκλησίαις
2798 3404 2894 3457 κα)⁸
2927 3404 3218 3476 πτωχείοις
3247 3403 3292 3436 λ’
3322 3405 3417 3457 καὶ
3446 3408 3557 3470 τοῖς
3599 3424 3698 3478 μοι

419 3506 659 3563 nasteria
689 3503 995 3560 distribuit.

489 3599 555 3654 Δ.
584 3599 648 3654 C.
681 3597 805 3652 526.
839 3629 908 3639 —
941 3596 1056 3653 Hoc
1102 3609 1249 3652 anno
1287 3592 1514 3650 Priscus
1550 3610 1614 3650 ex
1651 3594 2003 3666 imperatoris

419 3689 638 3746 notario
666 3689 860 3745 consul
895 3687 1217 3760 designatus
1237 3728 1254 3756 ,
1285 3693 1433 3741 mota
1462 3701 1558 3758 per
1598 3702 1724 3743 eum
1761 3687 2002 3758 impera-

423 3782 576 3840 tricis
608 3781 984 3858 indignatione
1005 3823 1022 3848 ,
1054 3780 1216 3837 bonis
1249 3781 1509 3836 omnibus
1547 3780 1846 3836 mulctatus
1877 3769 2000 3847 est,

420 3884 476 3935 et
510 3875 862 3948 imperatoris
901 3876 1062 3947 jussu
1117 3875 1402 3948 Cyzicena:
1451 3873 1699 3930 ecclesiae
1730 3872 2000 3932 diaconus

421 3967 731 4024 ordinatus.

496 4058 610 4115 lloc
648 4061 812 4114 etiam
857 4075 1002 4114 unm
1032 4057 1344 4112 Vandalicm
1389 4055 1766 4126 expeditiones
1809 4070 2000 4111 susce-

423 4160 549 4222 ptze,
582 4161 636 4205 et
661 4150 842 4205 Africa
877 4151 1096 4204 demum
1132 4164 1162 4202 a
1199 4147 1463 4202 Belisario
1497 4155 1733 4218 recepta.
1761 4143 1996 4202 Vandali

2106 3495 2441 3565 ναστηρίοις.

2175 3589 2240 3640 Α.
2282 3587 2357 3640 Μ.
2399 3586 2558 3642 6026.
2594 3618 2664 3627 -
2690 3587 2878 3660 Τούτῳ
2925 3589 3003 3661 τῷ
3057 3590 3171 3645 ἔτει
3207 3593 3447 3666 Πρίσκος
3490 3596 3516 3648 ὁ
3549 3593 3693 3647 ῦπα-

2106 3695 2196 3742 τος
2230 3679 2339 3750 (14)
2375 3681 2481 3734 ἀπὸ
2529 3683 2795 3754 νοταρίων
2837 3682 2932 3736 τοῦ
2971 3683 3236 3755 βασιλέως
3270 3674 3696 3756 ’ἀγανακτηοεὶς

2109 3769 2217 3823 ἀπὸ
2277 3769 2557 3840 Θεοδὼρας
2614 3773 2712 3844 τῆς
2777 3773 3097 3846 βασιλίσσης
3135 3777 3182 3808 ⁸⁸
3227 3775 3526 3848 ἐδημεύθη,
3600 3780 3695 3831 καὶ

2107 3861 2353 3928 διάκονος
2374 3863 2612 3928 Κυζίκου
2652 3865 3059 3939 ἐχειροτονήθη,
3094 3866 3452 3931 κελεύσαντος
3477 3868 3570 3921 τοῦ
3594 3868 3697 3938 βα-

2109 3953 2320 4018 σιλέως.

2177 4047 2266 4118 Τῷ
2287 4047 2331 4101 δ’
2347 4048 2495 4119 αὐτῷ
2511 4047 2618 4102 ἔτει
2634 4049 2923 4118 γεγόνασιν
2945 4051 3296 4106 Ούανδαλικοὶ
3315 4053 3541 4124 πόλεμοι
3559 4053 3695 4124 (15).

2105 4140 2200 4194 καὶ
2232 4141 2536 4212 παρέλαϐεν
2583 4142 2905 4215 Βελισάριος
2940 4145 3038 4216 τὴν
3069 4145 3358 4218 ’Δφρικήν.
3397 4142 3462 4200 Οἱ
3513 4147 3621 4216 γὰρ
3648 4147 3695 4178 ⁸⁸

1683 4279 1924 4338 VARUE
1954 4277 2360 4336 LECTIONES.

507 4402 620 4472 “ii
657 4400 902 4472 ΔΒενέτων
930 4401 997 4472 Α,
1045 4399 1078 4470 ἦ
1133 4398 1247 4472 τῶν
1273 4399 1363 4472 _B.
1425 4399 1572 4470 vulg.

425 4468 620 4596 vulg.A'
651 4470 697 4504 ⁴⁸
729 4468 1088 4542 λαργιτιόνων
1117 4468 1161 4524 Α
1194 4484 1246 4534 a,
1272 4468 1642 4541 lapyma’vc‘niv
1666 4469 1812 4540 vulg.

424 4560 536 4601 om.
628 4583 640 4597 .

1650 4398 1697 4431 ⁸⁵
1746 4399 1816 4453 τὰ
1865 4399 1992 4455 add.
2025 4413 2092 4454 ex
2121 4398 2187 4452 A.
2261 4394 2319 4467 _“
2374 4394 2470 4450 τοῦ
2521 4410 2656 4467 om._
2686 4395 2759 4467 Α.
2826 4395 2871 4467 ‘_"
2917 4397 3242 4467 συνεξῆλθον
3293 4399 3361 4464 Δ,
3426 4397 3696 4467 συνῆλθον

1909 4468 1954 4502 ⁸⁸
1981 4471 2216 4539 πτωχοῖς
2240 4465 2307 4521 Α.

2430 4435 2475 4499 ὶιῖ
2515 4435 2858 4539 ῥ’ἕὲιλῐᾶἇης]
2916 4435 3241 4540 ἓέἇῖιὶἳετῖῗ
3263 4435 3361 4522 εἷ’
3426 4435 3697 4541 ἳῖἱιὶἭρ

1717 4621 1862 4678 JAC.
1898 4621 2115 4680 GOARI
2151 4624 2384 4685 NOTIE.

506 4749 622 4820 (10),
650 4744 948 4820 Clirquicon
986 4742 1338 4820 _Alexa_ndr.,
1391 4739 1477 4792 διὰ
1505 4735 1620 4820 τοῦΔ
1648 4737 2006 4807 μονοπόρτου.
2041 4744 2084 4799 ι)
2115 4818 2123 4820 Α
2186 4744 2572 4820 (15)Ανίι]ᾉείιὰο
2597 4747 2820 4820 quae_de
2845 4747 3162 4820 Pythiorum
3185 4749 3345 4819 aquis
3366 4748 3692 4807 scribuntur

427 4813 700 4899 Rigaltius
732 4813 1120 4899 :.MOVOﬂa'tt(§:
1175 4813 1372 4866 itinera
1430 4816 1695 4899 angusta“,
1745 4823 2000 4899 pergqua':

429 4878 526 4944 uni
565 4893 715 4957 patet
766 4883 1039 4957 incessus.
1083 4885 1414 4957 'A‘uonymus
1443 4878 1818 4957 ξμὈφείλουσι
1843 4879 1908 4957 .δέ
1949 4880 2000 4932 οἱ

397 5003 400 5005 .
425 4958 521 5016 τοῦ
551 4949 828 5025 τάγματος
855 4953 1076 5025 μικράς-
1096 4949 1271 5016 ὁδοὺς⁷
1290 4949 1594 5025 ὀιφορίζειν,
1625 4949 1693 5002 τὰ
1731 4949 2002 5025 λεγόμενα

424 5028 574 5084 ἔνδον
616 5019 1179 5097 novendiales—Debent
1233 5022 1324 5097 qui
1358 5021 1595 5097 stanti»
1649 5019 1825 5097 media
1892 5020 2005 5074 acie

426 5103 541 5156 tias
572 5089 846 5168 angustas,
873 5093 1179 5157 monopatia
1235 5089 1432 5159 dictas,
1463 5091 1658 5144 liberas
1689 5089 2002 5160 relinquere.

426 5171 749 5229 Μονόπατος
787 5164 972 5232 itaque
999 5179 1030 5217 a
1063 5161 1273 5232 Palatio
1306 5163 1374 5218 ad
1409 5161 1623 5216 circum
1655 5161 1794 5232 via._
1883 5227 1895 5232 Α

487 5181 749 5224 ονοπατος
787 5181 972 5224 Itaque
999 5181 1030 5217 a
1063 5181 1273 5217 l'alilllo
1306 5181 1374 5218 30
1409 5181 1623 5216 CII'CUIII
1656 5181 1762 5214 VIa.

499 5240 613 5313 (ll)
651 5227 995 5313 Pancirollus
1016 5234 1086 5313 _it_t_
1119 5231 1289 5313 Noti}.
1325 5233 1484 5313 imp._,
1513 5245 1654 5312 .cap.
1775 5227 1836 5313 l_n
1863 5227 2005 5313 duas

427 5300 636 5368 classes
657 5314 883 5364 senatus
919 5303 1090 5360 dividi
1115 5304 1304 5373 carpit,
1327 5300 1647 5366 illustrium,
1679 5311 1733 5355 et
1763 5300 2006 5373 clarissi-

427 5396 681 5446 morum;
715 5377 772 5432 bi
811 5374 1050 5446 patricii,
1085 5371 1329 5430 illustres
1352 5373 1788 5446 alii,isenatores
1823 5371 2002 5446 mino-

426 5466 548 5522 rum
577 5441 844 5522 gentium.
879 5445 1104 5522 Basilio.
1139 5446 1317 5522 eclog.
1419 5458 1431 5494 :
1463 5443 1526 5496 Οἱ
1552 5441 2003 5522 απὸηπατρικίων

426 5520 534 5584 ἕως
558 5511 910 5589 ίλλουστρίων
951 5517 1090 5570 εἰσὶν
1119 5516 1168 5570 oi
1207 5511 1564 5584 συῖίκλητικοί
1591 5528 1603 5541 ’
1648 5511 1933 5589 ξειιαιονςε
1969 5529 2001 5566 a

424 5581 684 5659 patriciis,
706 5581 1029 5659 ad'illustres
1049 5603 1225 5659 usque
1243 5581 1612 5641 numerantur.
1652 5581 1861 5638 Glossa:
1893 5584 1998 5637 Ba-

427 5658 606 5728 silie.:
635 5658 1008 5728 Ἰλλούστριος,
1042 5657 1290 5726 εὐγενής.

496 5727 608 5797 (12)
635 5725 898 5799 Agathias
929 5729 1025 5784 lib.
1060 5725 1125 5794 v,’
1147 5725 1270 5798 pest
1304 5725 1544 5781 initium.

2113 4818 2169 4874 in
2206 4816 2354 4872 notis
2378 4818 2443 4872 ad
2486 4816 2689 4874 annum
2719 4816 3018 4873 Justiniani
3045 4818 3137 4872 37.

2187 4888 2299 4958 (14)
2329 4888 2377 4942 Is
2415 4889 2632 4963 videtur
2662 4887 2990 4953 Emeseuus,
3013 4889 3080 4963 de
3108 4905 3217 4959 quo
3244 4886 3445 4963 Suidas
3476 4907 3528 4946 v.
3554 4891 3694 4963 ῐιρί⁸

2116 4975 2268 5032 σκος,
2301 4961 2542 5025 nomine,
2564 4967 2830 5032 notarum
2863 4959 3260 5032 experimento,
3298 4969 3352 5014 et
3376 4961 3500 5031 ejus
3528 4959 3691 5032 poena

2117 5028 2280 5100 talem
2308 5031 2706 5084 asserentibus.
2743 5028 3036 5085 Consuletu
3071 5045 3196 5084 eum
3226 5045 3334 5086 non
3389 5028 3694 5100 agnoscunt

2117 5098 2290 5171 Fasti.
2325 5115 2495 5170 quare
2523 5101 2606 5167 τὸ,
2627 5100 2854 5166 ὕπατος,
2879 5101 2960 5156 vel
2981 5100 3102 5171 ejus
3131 5098 3692 5171 estcognomentum,

2115 5170 2200 5224 vel
2221 5171 2550 5243 promissam
2584 5185 2650 5224 ac
2703 5171 3044 5243 designatam
3068 5170 3340 5243 duntaxat
3367 5171 3692 5241 dignitatem

2111 5243 2385 5296 enuntiat.
2418 5239 2699 5298 Videndus
2723 5239 2998 5296 Barouius
3031 5240 3100 5296 ad
3119 5256 3210 5295 an.
3239 5241 3344 5297 355
3372 5256 3401 5295 a
3436 5239 3589 5298 num.
3625 5243 3694 5298 l6

2110 5309 2178 5364 ad
2217 5309 2310 5373 21,
2355 5313 2496 5380 apud
2558 5327 2720 5382 quem
2755 5313 2841 5366 lex
2871 5311 2938 5366 de
2967 5312 3392 5383 praescriptione
3417 5311 3694 5383 Belisario

2112 5383 2342 5436 consule
2402 5383 2534 5445 lata,
2574 5381 2718 5436 anno
2766 5381 3039 5452 sequenti,
3069 5381 3363 5438 emanasse
3392 5382 3692 5448 censenda,

2111 5461 2235 5522 post
2262 5467 2481 5524 pmnam
2508 5452 2774 5524 nimirum
2807 5451 2996 5507 Prisco
3030 5451 3352 5524 irrogatam.

2179 5521 2290 5592 (t5)
2321 5523 2623 5592 Marcellini
2655 5522 2970 5592 Chronicon
3023 5521 3172 5578 anno
3201 5521 3499 5578 Justiniaui
3531 5525 3586 5588 7,
3611 5524 3697 5578 in-

2109 5590 2243 5667 dici.
2274 5590 2706 5667 l2,_.|usti_nian_o
2747 5596 2865 5667 ipso
2893 5590 2959 5645 IV
2988 5594 3242 5650 consule.
3287 5593 3521 5667 Reliqua
3560 5597 3695 5650 l‘ro-

2111 5665 2325 5733 ropius.
2364 5663 2441 5717 De
2465 5665 2599 5718 bello
2643 5663 2811 5718 Vand.
2843 5665 2873 5718 l.
2915 5680 2952 5719 ι.
