3848 6194
396 284 501 351 ιειι

1766 271 2172 333 ΤΗΕΟΡΗΑΝ
2186 274 2254 332 IS

3408 285 3596 355 .Bi.

397 397 473 451 tia
501 390 853 463 conspicuus.
889 390 981 460 qui
1010 402 1112 443 nec
1136 387 1193 442 in
1225 385 1567 444 Christianos
1590 386 1956 442 carnificinam

2073 389 2167 441 τοῦ
2198 389 2345 442 θείου
2386 388 2575 456 αὐτοῦ,
2625 392 2716 445 καὶ
2778 390 2949 446 πολλὰ
2988 393 3240 465 χρήματα
3285 395 3406 469 πρὸς
3447 402 3589 456 αὐτὸν

396 497 491 543 aut
526 485 695 542 animi
734 483 1080 540 severitatem
1101 481 1267 536 ullam
1300 481 1575 543 ostendit;
1606 490 1662 533 at
1694 480 1844 535 circa
1882 494 1969 535 res

395 576 619 633 bellicas
658 574 840 631 mollis
866 570 1161 627 admodum
1200 580 1255 627 et
1294 570 1539 639 dejectus
1561 609 1575 633 ,
1613 570 1749 625 adeo
1776 578 1834 624 ut
1869 584 1970 624 nec

396 670 523 725 belli
569 682 751 722 vocem
804 664 997 719 audire
1051 663 1370 719 sustineret.
1422 663 1585 717 Amer
1627 670 1808 716 autem
1849 661 1969 731 ejus

395 758 780 822 consobrinus,
811 755 894 810 vir
928 756 1105 810 bonus
1144 771 1213 811 ac
1258 764 1563 825 praestans,
1610 769 1697 809 res
1745 754 1969 808 bellicas

392 864 585 905 omnes
627 849 767 918 apud
810 846 1086 904 Vandalos
1128 847 1583 910 administrabat,
1614 861 1777 916 quem
1807 861 1869 900 ea
1902 845 1970 900 de

392 955 558 995 causa
580 939 971 1011 nuncupabant
985 939 1271 995 Achillem.
1291 938 1462 993 Porro
1488 937 1787 994 llderichus
1812 939 1970 1009 160

395 1036 607 1090 amicus
619 1031 1072 1099 fuitlustiniano,
1092 1020 1217 1088 cum
1235 1033 1481 1102 privatus
1506 1031 1688 1087 adhuc
1715 1032 1820 1087 sub
1870 1030 1968 1085 Ju-

395 1129 545 1183 stiuo
572 1127 845 1182 avunculo
896 1131 1221 1190 mereretur,
1278 1134 1335 1178 et
1359 1123 1613 1178 amicitia:
1636 1122 1704 1178 ad
1735 1124 1968 1179 invicem

392 1218 782 1275 conﬁrmanda:
816 1217 1003 1272 missis
1022 1223 1079 1271 et
1104 1215 1341 1286 acceptis
1372 1214 1693 1270 muneribus
1717 1214 1967 1284 plurimis

391 1326 515 1367 sese
541 1309 887 1380 frequentius
916 1309 1310 1381 provocabant.
1352 1307 1480 1364 Fuit
1512 1317 1691 1364 autem
1717 1325 1781 1364 ex
1806 1308 1967 1365 Gize-

393 1404 530 1457 richi
567 1418 763 1472 genere
791 1403 1012 1473 quidam
1050 1401 1314 1473 originem
1347 1400 1575 1466 ducens,
1611 1400 1702 1457 cui
1722 1400 1965 1457 Gelimer

392 1510 612 1561 nomen,
652 1497 737 1549 vir
766 1508 999 1564 nequam
1037 1502 1092 1549 et
1128 1493 1310 1565 pravis
1353 1494 1602 1549 moribus
1633 1494 1961 1560 instructus,

392 1602 572 1641 rerum
603 1586 1036 1641 innovandarum
1053 1585 1356 1652 studiosus,
1376 1593 1432 1641 et
1454 1583 1807 1640 facultatibus
1834 1574 1971 1642 alie?

2069 480 2282 550 ἐπεμπέ
2317 499 2378 534 τε
2403 483 2497 537 καὶ
2524 482 2736 553 ἐδέχετο
2758 483 2886 554 παρ’
2908 483 3077 538 αὐτοῦ
3102 486 3192 557 τὴν
3212 486 3253 519 ’⁸
3282 489 3444 556 φιλίαν
3471 509 3590 563 κρα-

2067 571 2264 628 τύνων.
2301 568 2410 626 Ἦν
2431 574 2488 628 δέ
2516 592 2600 638 τις
2628 574 2815 629 τούτου
2847 576 3112 646 συγγενὴς
3127 578 3187 631 ὲκ
3218 578 3303 631 τοῦ
3324 580 3494 648 γένους
3515 585 3594 638 Γι-

2070 664 2308 734 ζερίχοο,
2330 664 2562 736 Γελίμερ
2590 666 2837 736 ὀνόματι,
2891 666 3030 737 ἀνὴρ
3063 669 3225 732 δεινὸς
3259 670 3301 701 ⁷³
3328 674 3415 724 καὶ
3446 690 3594 727 atauo-

2069 754 2225 825 ήθης,
2256 756 2351 807 καὶ
2404 758 2695 828 πράγμασι
2723 758 3009 829 νεωτέροις
3059 760 3149 812 καὶ
3176 762 3436 831 χρήμασιν
3466 765 3598 818 ἀλλο-

2067 848 2238 917 τρίοις
2270 848 2607 903 ἐπιτίθεσθαι
2652 850 3033 920 ἐπιστάμενος.
3083 846 3245 918 Οὗτος
3292 858 3600 927 τυραννήσας

2066 940 2208 992 κατὰ
2242 940 2336 993 τοῦ
2368 940 2499 994 ἰδίου
2527 941 2786 996 δεσπότου
2816 944 3107 1015 Ἰλδερίχου
3154 946 3435 999 ἑπταετίαν
3462 947 3601 1017 βασι-

2067 1030 2355 1095 λεύσαντος
2377 1032 2444 1098 “,
2470 1033 2655 1086 τοῦτον
2686 1037 2986 1105 κρατήσας,
3023 1037 3101 1098 είς
3126 1035 3360 1106 φυλακὴν
3397 1038 3603 1092 ἀπέθετο

2068 1123 2164 1176 σὺν
2188 1124 2255 1193 τῇ
2282 1123 2503 1191 γυναικὶ
2533 1124 2912 1198 Ἀμαλαφρίδῃ
2933 1166 2949 1191 ,
2996 1125 3090 1178 καὶ
3137 1125 3259 1189 τοὺς
3297 1126 3512 1190 Γὸτθους
3536 1128 3605 1180 δι-

2066 1214 2317 1284 έφθειρεν
2340 1214 2605 1282 ἅπαντας,
2634 1216 2724 1270 καὶ
2754 1218 2973 1288 Ἀμερα
2994 1218 3088 1272 καὶ
3111 1219 3200 1271 τὸν
3228 1219 3383 1272 αὑτοῦ
3406 1220 3605 1290 ἀδελφὺν

2065 1306 2346 1377 Εὐαγέτην
2377 1307 2420 1338 ⁷⁸
2450 1308 2508 1359 ὲν
2563 1308 2776 1379 φυλακῇ
2816 1308 3000 1379 ἔσχεν.
3031 1308 3319 1381 Ἐπαρθεὶς
3343 1310 3398 1363 δὲ
3426 1314 3486 1381 τῇ
3531 1330 3610 1366 τυ-

2066 1398 2295 1468 ραννίδι,
2344 1400 2445 1453 ούκ
2493 1400 2723 1472 ⁴ηδύνατο
2778 1403 2835 1454 ὲν
2877 1400 2956 1471 τῷ
3012 1401 3308 1455 καθεστῶτι
3350 1402 3607 1472 βιοτεύειν.

2064 1488 2273 1559 Γράφει
2310 1489 2489 1543 τοίνυν
2518 1490 2654 1561 πρὸς
2684 1488 2906 1558 βασιλέα
2942 1491 3317 1545 Ἰουστινιανὸν
3343 1493 3611 1562 ἀπολογού-

2066 1594 2246 1649 μενος,
2269 1580 2347 1643 ὠς
2374 1581 2419 1612 "
2445 1580 2643 1651 αύτῷή
2671 1580 2915 1651 βασιλεία
2941 1583 3181 1653 ἐννόμως
3211 1584 3495 1652 προσῆκεν,
3521 1584 3609 1636 Ἰλ-

392 1678 480 1733 nis
500 1678 711 1733 inhiare
731 1679 948 1734 solitus.
969 1676 1069 1732 llic
1086 1678 1348 1732 adversus
1368 1676 1656 1732 lldericum
1674 1676 1956 1748 septennio

2061 1669 2280 1742 δερίχου
2313 1671 2389 1743 μὴ
2444 1672 2726 1743 ἰσχύοντος
2756 1672 2925 1746 αὐτὴν
2956 1674 2999 1706 ⁷⁷
3028 1676 3315 1747 διοικῆσαι.
3350 1677 3522 1730 Ταῦτα
3563 1677 3611 1730 δὲ

396 1769 513 1836 jam
560 1785 726 1840 regno
765 1771 993 1840 potitum
1041 1784 1106 1824 ac
1148 1769 1430 1840 proprium
1476 1783 1636 1823 suum
1678 1742 1956 1823 dominum

2076 1762 2451 1826 Ἰουστινιανὸς
2486 1762 2694 1832 μαθὼν,
2758 1762 2996 1833 ἔγραψεν
3047 1767 3185 1835 πρὸς
3219 1765 3398 1830 αὐτὸν,
3456 1764 3524 1829 ὼς
3559 1767 3610 1819 οὗ

388 1862 674 1931 tyrannide
700 1863 954 1925 excitata,
983 1876 1109 1933 rege
1155 1868 1317 1931 capto
1344 1868 1399 1915 et
1427 1861 1483 1915 in
1519 1874 1798 1915 carcerem
1836 1875 1960 1915 cum

389 1968 557 2007 uxore
606 1952 991 2022 Amalaphrida
1029 1953 1318 2021 conjecto,
1360 1948 1594 2006 Gottbos
1631 1966 1824 2007 omnes
1878 1952 1963 2005 in-

387 2043 623 2110 terfecit,
654 2054 706 2099 et
751 2044 1004 2100 Amerem
1030 2051 1087 2100 et
1116 2045 1346 2099 lratrem
1375 2042 1498 2113 ejus
1528 2042 1823 2114 Euagetem
1856 2044 1960 2099 sub

385 2134 636 2191 custodia
675 2136 936 2191 servavit.
964 2133 1235 2190 Caeterum
1282 2149 1425 2190 nova
1465 2134 1753 2205 tyrannide
1780 2134 1959 2191 elatus

387 2242 497 2284 non
527 2228 706 2301 potuit
746 2228 1001 2299 praesenti
1038 2242 1221 2283 rerum
1255 2234 1402 2284 statu
1432 2235 1724 2283 contentus
1751 2218 1959 2284 diutius

387 2322 591 2377 vivere.
623 2320 992 2387 Quamobrem
1036 2318 1414 2375 defensionem
1447 2334 1548 2388 pro
1584 2334 1645 2375 se
1668 2318 1736 2374 ad
1784 2320 1958 2388 impe-

386 2420 624 2467 ratorem
653 2409 1026 2467 Justinianum
1056 2409 1307 2480 scripsit,
1356 2409 1617 2464 nimirum
1644 2410 1711 2464 ad
1753 2424 1812 2465 se
1835 2425 1959 2479 reg-

386 2515 516 2555 num
543 2500 666 2570 jure
686 2500 958 2569 pertinere
977 2540 993 2565 ,
1021 2514 1146 2554 cum
1179 2498 1481 2554 llderichns
1507 2498 1685 2569 ipsum
1717 2499 1955 2554 admini-

385 2600 561 2646 strare
609 2590 831 2645 minime
889 2598 1094 2660 posset.
1155 2590 1231 2644 Ea
1286 2589 1355 2644 de
1412 2604 1474 2644 re
1527 2590 1729 2645 certior
1778 2589 1956 2643 lactus

385 2682 727 2739 Justinianus
747 2681 1017 2738 Gelimero
1039 2681 1342 2752 rescripsit,
1358 2696 1418 2738 se
1438 2680 1597 2738 istam
1627 2680 1747 2751 ejus
1769 2687 1957 2752 tyran-

386 2773 567 2830 nidem
608 2774 921 2831 nullatenus
969 2773 1222 2846 probare.
1253 2773 1324 2827 At
1372 2774 1462 2828 ille
1496 2773 1760 2844 neglectis
1804 2774 1956 2829 hisce

386 2867 699 2937 responsis,
728 2867 978 2923 Amerem
1016 2866 1341 2932 exczeeavit,
1386 2864 1713 2921 lldericbum
1741 2880 1872 2921 vero
1900 2874 1956 2922 et

383 2958 677 3030 Euagetem
705 2958 1018 3029 diligentius
1047 2958 1355 3014 custoditos
1389 2958 1445 3013 in
1467 2973 1743 3013 carcerem
1774 2956 1954 3012 inclu-

2062 1851 2415 1920 καταδέξεται
2468 1853 2674 1925 ταύτην
2717 1855 2817 1923 τὴν
2869 1855 3183 1926 τυραννίδα.
3243 1856 3410 1919 Αὐτὸς
3459 1857 3511 1911 δὲ
3550 1857 3615 1928 μὴ

2061 1943 2320 2015 προσχὼν
2369 1946 2482 2008 τοῖς
2524 1946 2950 2016 γεγραμμένοις,
3000 1946 3098 1999 τόν
3125 1963 3187 2000 τε
3220 1948 3429 2018 Ἀμερα
3453 1948 3614 2013 ἐξετύ-

2061 2034 2273 2105 φλωσεν
2294 2076 2308 2101 ,
2336 2036 2428 2090 τόν
2466 2054 2526 2089 τε
2555 2036 2845 2108 Ἰλδέριχον
2885 2038 2983 2091 σὺν
3040 2038 3310 2108 Εὐαγέτει
3354 2043 3409 2092 ὲν
3432 2039 3613 2109 μείζονι

2059 2127 2273 2199 φυλακῇ
2299 2127 2644 2183 ἀπέκλεισεν.
2674 2128 2859 2183 Ταῦτα
2880 2129 3071 2200 μαθὼν
3100 2131 3466 2195 ’Ῑουστινιανὸς
3492 2132 3615 2185 κατὰ

2059 2218 2265 2288 Λιϐύης
2298 2220 2677 2291 ἐστράτευσεν,
2707 2222 3020 2287 καταλύσας
3069 2223 3162 2277 τὸν
3208 2224 3446 2296 Μηδικὸν
3477 2223 3615 2277 πόλει

2061 2326 2181 2381 μον,
2235 2311 2331 2365 καὶ¹
2385 2312 2882 2383 μεταπεμψάμενος
2936 2312 2983 2344 ⁷⁸
3044 2314 3367 2384 Βελισάριον
3423 2314 3483 2366 ἐκ
3533 2314 3617 2381 τῆς

2070 2400 2263 2472 Ἐῴας,
2293 2402 2608 2458 ἐϐουλεύετο
2632 2404 2989 2474 περὶθτούτου.
3008 2405 3073 2458 Ἡ
3086 2406 3155 2460 δὲ
3176 2406 3467 2476 σύγκλητος
3486 2405 3620 2458 ἐδυσ-

2056 2493 2307 2564 χέραινεν
2365 2495 2863 2568 ἀναμιμνήσκουσα
2888 2496 2983 2550 τοῦ
3012 2515 3071 2552 τε
3116 2499 3347 2561 Λέοντος
3380 2497 3471 2551 τοῦ
3492 2496 3623 2566 βασιο

2055 2583 2190 2647 λέως
2230 2584 2414 2639 στόλον
2443 2586 2538 2639 τὸν
2572 2586 2713 2639 κατὰ
2741 2586 3062 2658 υύανδήλων
3118 2587 3510 2658 στρατεύσαντα
3535 2586 3619 2637 σὺν

2054 2673 2132 2744 τῷ
2162 2675 2469 2746 Βασιλίσκῳ
2507 2678 2601 2732 καὶ
2651 2676 2993 2745 ἀπολωλότα,
3050 2678 3180 2733 ὅσοι
3212 2695 3272 2732 τε
3322 2677 3620 2751 στρατιῶται

2054 2766 2343 2833 ἀπέθανον,
2385 2770 2478 2823 καλ⁵
2500 2771 2601 2824 ὅσα
2630 2770 2890 2842 χρήματα
2910 2770 3311 2841 ἀνηλώθησαν·
3343 2770 3556 2830 δεδιότες
3568 2768 3619 2821 δὲ

2053 2858 2147 2910 τοῦ
2171 2858 2415 2913 κινδύνου
2457 2860 2517 2913 τδ
2566 2860 2795 2930 μέγεθος
2843 2860 2975 2932 (22),
3012 2861 3092 2932 μὴ
3136 2864 3302 2916 αὑτὸν
3347 2860 3621 2932 στρατηγὸν

2054 2950 2256 3021 ταύτης
2282 2953 2381 3022 τῆς
2416 2952 2705 3024 στρατείας
2737 2951 3009 3017 ὲκλέξοιτο
3037 2954 3081 2986 ⁷³
3124 2956 3153 3007 ό
3188 2954 3459 3025 βασιλεύς.
3495 2954 3623 3019 Hap—

383 3050 476 3105 sit.
509 3048 664 3117 Quod
694 3049 785 3106 ubi
814 3049 1037 3105 rescivit
1080 3046 1400 3113 Justianus,
1433 3048 1698 3105 continuo
1729 3048 1952 3117 expedi-

2058 3039 2226 3093 ελθὼν
2255 3042 2309 3094 δὲ
2338 3041 2588 3113 Ἰωάννης
2610 3043 2897 3113 πατρίκιος
2923 3044 3002 3106 είς
3032 3043 3099 3095 τὸ
3127 3044 3296 3113 μέσον
3318 3042 3459 3108 ἔλεξε
3482 3043 3614 3097 τάδε·

383 3144 588 3200 tionem
620 3143 676 3197 in
717 3142 939 3214 Libyam
972 3141 1249 3207 decrevit,
1300 3140 1477 3207 bello,
1513 3139 1658 3210 quod
1698 3141 1752 3195 iu
1780 3139 1951 3196 Media

385 3244 500 3288 tum
543 3232 799 3303 gerebat,
849 3231 1143 3299 dirempto,
1194 3237 1271 3297 et,
1320 3240 1574 3284 revocato
1617 3244 1684 3284 ex
1731 3228 1954 3285 Oriente

384 3321 669 3385 Belisario,
694 3330 943 3374 senatum
975 3334 1038 3375 ea
1064 3320 1131 3375 de
1163 3334 1221 3374 re
1250 3320 1548 3374 consuluit.
1580 3318 1813 3375 Senatus
1838 3336 1951 3375 rem

381 3412 655 3470 dilﬁcilem
688 3420 744 3467 et
775 3412 1138 3482 periculosam
1185 3411 1424 3475 censuit,
1459 3426 1723 3468 revocans
1751 3413 1805 3467 in
1843 3428 1952 3468 uie-

384 3508 615 3565 moriam
657 3504 1088 3560 infelicissimam
1138 3502 1338 3559 Leonis
1368 3504 1717 3574 imperatoris
1756 3504 1951 3561 adver-

381 3613 478 3654 sus
510 3597 782 3654 Vandalos
815 3598 1057 3653 navalem
1077 3597 1502 3669 expeditionem,
1527 3606 1873 3669 quantusque
1897 3598 1951 3653 in

381 3705 445 3745 ea
495 3688 755 3746 Basilisco
786 3687 925 3745 duce
969 3689 1204 3744 militum
1240 3702 1502 3744 numerus
1553 3689 1844 3760 periisset,
1898 3701 1950 3746 et

382 3789 588 3849 quanta
644 3781 1000 3852 pecuniarum
1050 3781 1135 3837 vis
1184 3781 1241 3836 in
1288 3796 1353 3837 ea
1396 3780 1603 3838 frustra
1632 3782 1944 3855 insumpta.

383 3872 563 3939 Quare
613 3887 879 3944 perpensa
928 3871 1157 3943 periculi
1206 3872 1606 3944 magnitudine,
1657 3890 1727 3932 ne
1768 3875 1949 3946 ipsum

382 3965 705 4021 Belisarinm
737 3965 947 4022 navalis
982 3965 1145 4037 hujus
1171 3965 1536 4037 expeditionis
1562 3968 1753 4025 ducem
1780 3969 1949 4042 elige-

383 4067 466 4114 ret
494 4059 809 4128 imperator,
843 4059 1176 4116 metuebant.
1200 4058 1441 4116 Joannes
1470 4072 1651 4117 autem
1684 4064 1949 4133 patricius

383 4152 438 4205 in
462 4149 699 4205 medium
721 4150 1057 4205 descendens
1076 4152 1381 4209 orationem
1401 4151 1717 4223 bujnsmodi
1737 4155 1947 4213 habuit:

380 4244 489 4298 Nos
518 4242 748 4314 quidem,
797 4258 827 4297 ο
850 4243 1087 4306 domine.
1111 4244 1280 4313 jussis
1304 4243 1407 4298 tuis
1428 4244 1725 4318 parebimus
1746 4290 1761 4313 ,
1788 4265 1951 4318 neque

380 4337 512 4405 ipsis
545 4336 794 4391 obsistere
826 4336 1105 4391 consilium
1154 4352 1387 4405 unquam
1429 4338 1528 4408 {uit
1559 4353 1579 4393 :
1614 4353 1822 4409 aquum
1862 4350 1948 4395 ta-

381 4444 495 4482 men
534 4437 633 4491 est,
678 4429 990 4481 immensam
1041 4427 1138 4480 vice
1179 4425 1575 4496 longitudinem,
1619 4439 1820 4497 quanta
1859 4431 1946 4485 αἱ·
1972 4411 2026 4472 Ῑ)

381 4526 570 4577 mirum
627 4521 791 4575 maris
834 4519 1030 4586 spatia,
1082 4528 1131 4572 et
1172 4534 1331 4589 quant
1374 4535 1625 4591 magnum
1677 4524 1943 4579 terrestris

378 4611 583 4665 itineris
615 4611 968 4677 intervallum,
1007 4611 1146 4681 quod
1166 4625 1258 4678 per
1277 4620 1485 4665 centum
1506 4621 1557 4666 et
1587 4612 1942 4685 quadraginta

380 4702 488 4754 dies
532 4703 619 4755 vix
660 4703 845 4770 conﬁci
888 4704 1076 4770 possit,
1115 4710 1370 4773 praterea
1418 4718 1577 4771 quam
1620 4705 1687 4757 sit
1739 4705 1940 4760 incerta

382 4789 503 4843 belli
542 4790 754 4843 ineundi
801 4792 1057 4855 victoria,
1100 4792 1238 4846 vinci
1282 4803 1456 4846 autem
1496 4808 1654 4862 quam
1693 4796 1941 4849 miserunt

2071 3131 2256 3201 Ἡμεῖς
2288 3132 2419 3200 μὲν,
2471 3128 2518 3187 ὧ
2564 3133 2851 3198 δέσποτα,
2884 3133 3007 3200 τοῖς
3032 3135 3180 3199 σοῖς
3219 3134 3615 3203 προστάγμασι

2053 3224 2390 3294 πειθόμεθα,
2416 3226 2513 3280 καί
2544 3228 2655 3280 οὐκ
2673 3226 3085 3296 ἀντιτείνομεν
3106 3229 3177 3283 ⁸⁸.
3210 3225 3396 3284 Ἀλλὰ
3410 3226 3621 3281 δίκαιόν

2051 3320 2183 3374 ἐστι
2216 3317 2581 3386 λογίσασθαί
2607 3334 2681 3371 σε
2708 3319 2775 3371 τό
2801 3335 2864 3371 τε
2891 3318 2997 3387 τῆς
3020 3318 3177 3375 ὀδοῦ
3202 3321 3399 3390 μῆκος
3443 3318 3533 3372 καὶ
3556 3317 3617 3370 τὰ

2052 3411 2162 3480 τῆς
2183 3409 2502 3478 θαλάσσης
2527 3410 2779 3479 πελάγη,
2815 3410 2913 3464 καί
2956 3410 3021 3465 τὸ
3067 3411 3177 3467 διὰ
3207 3413 3396 3482 ξηρᾶς
3429 3409 3621 3466 ἑκατὸν

2052 3502 2509 3571 τεσσαράκοντα
2557 3501 2795 3571 ἡμερῶν
2827 3502 2971 3557 ὁδοῦ
3013 3501 3057 3534 ⁸¹
3115 3504 3422 3574 διάστημα
3470 3504 3620 3573 ἔχον.

2052 3593 2151 3648 καί
2183 3593 2294 3662 τῆς
2341 3593 2519 3661 νίκης
2547 3592 2614 3645 τὸ
2638 3592 2889 3659 ἄδηλον,
2923 3591 3022 3645 καὶ
3068 3594 3186 3662 τῆς
3226 3594 3412 3661 ἣττης
3442 3592 3504 3645 τὸ
3539 3591 3624 3643 ἐπα

2050 3685 2302 3751 ὡδυνον,
2317 3685 2411 3739 καί
2432 3683 2540 3753 τῆς
2566 3686 2951 3754 μεταμελείας
2976 3685 3042 3738 τὸ
3066 3686 3455 3754 ἁνόνητον⁸².
3484 3686 3625 3739 Ἀπο-

2051 3777 2342 3850 δεξάμενος
2368 3778 2425 3831 δὲ
2443 3779 2471 3831 ὁ
2501 3777 2873 3853 βασιλεὺςστὸν
2893 3776 3075 3846 λόγον,
3110 3779 3216 3852 τὴν
3242 3780 3325 3844 είς
3356 3779 3447 3831 τὸν
3479 3777 3624 3830 πόλε-

2053 3889 2152 3942 μον
2208 3870 2519 3945 προθυμίαν
2569 3870 2931 3925 κατέπαυσεν.
2971 3870 3319 3935 Ἐπίσκοπος
3347 3872 3403 3926 δέ
3429 3888 3511 3933 τις
3539 3870 3625 3937 τῆς

2060 3962 2234 4036 Ἐᾠας
2253 3965 2348 4018 τὸν
2373 3963 2597 4033 βασιλέα
2624 3964 3023 4033 ἀνεπτέρωσεν,
3055 3962 3240 4032 λέγων
3271 3964 3338 4017 ἐκ
3357 3960 3489 4015 Θεοῦ
3521 3961 3626 4012 tnt-

2052 4058 2256 4129 σκῆψαι
2287 4056 2437 4129 αύτῷ
2479 4057 2613 4125 ὄναρ
2646 4055 2869 4110 κελεῦον
2892 4055 3054 4109 αὑτὸν
3110 4056 3256 4127 πρὸς
3290 4055 3383 4109 τὸν
3420 4051 3626 4125 βασιλέα

2049 4151 2326 4222 γενέσθαι,
2352 4151 2446 4205 καὶ
2474 4149 2801 4221 αἰτήσασθαι
2832 4148 2993 4204 αὑτὸν
3034 4150 3168 4213 τοὺς
3198 4150 3261 4203 ὲν
3292 4148 3474 4220 Λιϐύη
3500 4146 3624 4216 Χρι-

2052 4244 2300 4308 στιανοὺς
2329 4242 2601 4315 ῥύσασθαι
2644 4243 2709 4296 ὲκ
2739 4243 2849 4296 τῶν
2906 4242 3217 4313 τυράννων·
3257 4242 3435 4311 Κάγὼ
3483 4237 3630 4302 αὐτῷ
3718 4290 3728 4301 ,

2050 4334 2466 4405 συλλήψομαι,
2492 4333 2593 4388 καί
2627 4334 2852 4402 Λιϐύης
2891 4334 3101 4402 κύριον
3128 4333 3423 4404 θήσομαι.
3456 4330 3628 4386 Ταῦτα

2050 4429 2079 4481 ὁ
2105 4426 2357 4498 βασιλεὺς
2402 4426 2641 4490 ἀκούσας
2694 4426 2946 4497 κατέχειν
2988 4426 3089 4498 τὴν
3120 4427 3378 4481 διάνοιαν
3417 4427 3517 4479 οὐκ
3559 4422 3631 4474 ἔτι

2051 4519 2304 4593 ἠδύνατο,
2333 4516 2468 4573 ἀλλὰ
2497 4518 2595 4589 τήν
2623 4535 2682 4571 τε
2709 4516 2967 4589 στρατιὰν
2997 4518 3091 4570 καὶ
3114 4518 3219 4581 τὰς
3253 4518 3391 4581 ναῦς
3418 4512 3631 4581 ἐξώπλι-

2050 4613 2164 4679 (sv,
2187 4611 2324 4665 ὅπλα
2349 4627 2409 4664 τε
2440 4610 2535 4664 κα)⁸
2558 4609 2704 4663 σιτία
2728 4609 2775 4642 ⁸³
2804 4608 3117 4681 ήτοίμαζεν.
3172 4609 3293 4663 Καὶ
3326 4608 3635 4679 Βελισάριον

2047 4702 2466 4772 ὲμπαράσκευον
2500 4700 2780 4754 ἐκέλευσεν
2812 4695 2971 4763 εἶναι,
3012 4699 3089 4763 ὡς
3138 4701 3203 4753 ἓν
3238 4701 3424 4772 Λιϐύῃ
3449 4711 3635 4767 στρατ·

2051 4796 2349 4866 ηγήσοντα.
2411 4792 2730 4852 Πουδέντιος
2766 4791 2822 4845 δὲ
2854 4790 3016 4855 εὐθὺς
3036 4792 3416 4863 τυραννήσας,
3442 4791 3637 4862 Τρίπο·

1630 4926 1865 4985 νΑῐὶίᾹῖ.
1891 4929 2301 4987 LECTIONES.

472 5066 520 5098 "
544 5064 645 5136 τὴν
676 5063 800 5118 add.
832 5080 895 5118 ex
932 5066 997 5117 Α.

1107 5064 1151 5095 ⁷³
1176 5062 1342 5135 δεινὸς
1373 5064 1438 5123 A,
1472 5063 1638 5135 κακὸς
1707 5066 1851 5135 Vulg.
1936 5066 1983 5099 ⁷⁸

2019 5066 2441 5138 βασιλεύσαντος
2470 5069 2536 5132 Δ,

378 5138 447 5203 Α,
496 5132 709 5206 Εύγέην
739 5137 884 5206 vulg.
912 5136 986 5206 In
1008 5134 1064 5206 l_._
1086 5142 1141 5186 et
1197 5132 1358 5187 infra.
1447 5134 1491 5165 "‘
1525 5132 1601 5206 ὡς
1621 5135 1693 5206 3t.
1723 5132 1840 5206 πῶς
1867 5135 2016 5205 vulg.

3273 5071 3322 5103 ⁷³
3358 5070 3634 5137 Εὑαγέτην

2570 5067 2971 5153 βασιλεύσαντα
3003 5068 3149 5138 vulg.
3273 5071 3322 5103 ⁷⁸
3358 5070 3634 5137 Εύαγέτην

2570 5155 2695 5210 υτνην
2738 5139 2886 5210 vulg.
2973 5140 3017 5172 "
3045 5139 3549 5210 προκαλεσάμενος
3600 5135 3636 5188 Β

2107 5139 2149 5209 ’ἶ
2178 5138 2347 5206 αὐτὴν
2396 5139 2462 5209 Α,
2491 5138 2695 5209 ταύτην
2738 5139 2885 5209 vulg.
2973 5140 3017 5172 ⁷⁸
3045 5156 3151 5209 προ

382 5202 437 5280 a.
465 5279 473 5280 ί
522 5209 568 5280 "_’
588 5202 884 5280 στρατείας
901 5203 1270 5280 Δὲκλέξοιτοᾉ,
1301 5208 1562 5280 στρατιᾶς
1584 5202 1877 5280 tesi-{Eone
1894 5202 2040 5280 vnlg.
2126 5207 2172 5238 '°
2200 5202 2572 5280 ἀντιτείνομεν
2601 5202 2668 5274 Α,
2700 5202 3054 5280 ἀνατέίνομεν
3080 5202 3237 5278 vulg.
3324 5202 3542 5280 δι’δμοῦ
3569 5210 3631 5261 Α.

380 5277 427 5310 ⁸³
452 5273 706 5349 ἀνόνητον
733 5293 782 5343 e,
819 5276 1042 5346 ἀνόητον
1079 5289 1130 5341 a,
1172 5273 1444 5343 ἀνώνητον
1476 5273 1620 5342 vulg.
1690 5275 1737 5306 ⁸³
1766 5275 1911 5329 σιτία
1938 5273 2012 5342 Α,
2042 5279 2215 5331 σιτεῖα
2242 5279 2387 5346 vulg.
2473 5273 2485 5279 ⁷
2832 5290 2839 5295 ⁷⁷

1663 5394 1803 5451 JAC.
1838 5395 2052 5453 GOARI
2081 5398 2311 5456 NOTIE.

456 5490 770 5563 (22)Locus
826 5491 1087 5563 injuriose
1144 5487 1411 5563 Belisario
1456 5488 1722 5554 redditus,
1788 5490 1944 5563 quasi

2044 5494 2249 5567 clanius
2273 5495 2526 5567 Procop.,
2557 5498 2786 5562 δεδιότες
2817 5498 2873 5551 δὲ
2912 5499 3162 5560 ἕκαστος,
3236 5514 3365 5550 cum
3421 5496 3637 5566 quisque

381 5576 505 5637 cum
535 5559 725 5616 ducem
760 5559 960 5637 pra-fici
1003 5562 1333 5633 peculiarius
1374 5560 1651 5637 timerent,
1693 5575 1757 5614 ac
1790 5559 1944 5614 velut
2037 5566 2265 5631 periculi
2295 5559 2710 5637 magnitudinem
2748 5559 2975 5632 timeret,
3011 5584 3072 5621 ne
3099 5559 3247 5636 forte
3278 5583 3406 5623 eum
3433 5559 3633 5635 'imp'er.

385 5630 810 5703 ipsuurnegntio
850 5630 1109 5703 imparem
1137 5650 1152 5698 ;
1184 5647 1312 5703 non
1372 5630 1605 5699 quisque
1650 5638 1941 5703 metueret,

385 5697 451 5754 ne
482 5698 586 5755 sibi
614 5697 811 5754 munus
848 5697 949 5755 hoe
997 5697 1434 5757 committeretur
1459 5697 1623 5755 tautae
1674 5705 1822 5754 aleae.
1847 5697 1939 5774 Sic

2039 5637 2304 5690 exercitus
2327 5638 2512 5693 ducem
2534 5639 2851 5709 pmﬁceret.
2892 5637 3187 5695 Counsrts.
