4092 6198
338 278 445 344 435

1727 277 2219 340 THEOPHANIS

3497 270 3607 337 436

330 396 660 466 Procepium
699 394 1024 464 scriptorem
1074 392 1378 463 Syracusas
1417 392 1708 448 destinavit
1766 407 1914 461 qua:-

2026 407 2108 461 ροι
2147 390 2299 453 τινὰς
2327 390 2695 462 ὀδηγήσοντας
2745 390 2909 445 αὑτὸν
2958 391 3035 454 είς
3068 390 3276 462 Λιϐύην
3306 392 3370 445 ἐκ
3400 391 3491 446 τοῦ
3518 399 3600 449 αξ-

333 492 524 553 situm,
556 491 601 543 si
643 503 750 558 qua
802 496 950 542 sorte
997 487 1098 540 vias
1147 487 1404 542 ductores
1437 487 1785 555 comperiret,
1818 484 1909 554 qui

333 583 573 638 classem
602 595 667 637 ex
703 578 1002 647 improviso
1034 579 1099 632 ad
1130 579 1349 650 Libycae
1380 588 1537 634 terrae
1566 593 1690 633 oras
1719 579 1910 633 admo-

331 678 548 729 verent.
580 683 691 738 quo
723 667 992 723 militares
1056 685 1189 726 suas
1246 671 1437 740 copias
1512 670 1777 742 (regionis
1834 678 1914 725 et-

335 763 483 819 enim
524 760 735 815 incolas
772 760 1024 817 hostibus
1059 762 1268 817 auxitin
1304 763 1422 817 fore
1447 762 1754 832 verebatur)
1781 760 1916 815 faci-

332 854 443 910 lius
494 851 560 906 ad
601 852 778 908 solum
819 852 1101 910 educeret.
1142 856 1300 925 162
1350 854 1570 909 Interim
1604 855 1721 923 ipse
1776 853 1918 908 Cau-

335 945 535 1012 chana,
577 959 752 1015 pagus
784 944 831 1001 is
867 946 971 1000 iuit
1020 947 1273 1003 ducentis
1310 949 1503 1004 stadiis
1542 964 1573 1003 a
1627 947 1918 1019 Syracusis

334 1043 607 1099 remotus,
635 1043 746 1089 tota
776 1035 951 1090 classe
981 1036 1119 1091 mari
1146 1037 1324 1091 delata
1355 1039 1583 1107 appulit.
1616 1036 1918 1107 Procopius

336 1127 648 1200 Syracusas
683 1127 988 1196 ingressus,
1032 1128 1102 1185 ab
1128 1128 1521 1185 Amalasunthe
1556 1130 1919 1187 Theuderichi

336 1219 591 1291 conjuge,
625 1220 966 1275 Athalarichi
1000 1236 1132 1277 vero
1172 1221 1337 1277 Italiae
1367 1223 1510 1290 regis
1541 1232 1714 1279 matre
1742 1229 1921 1294 (erant

335 1308 393 1364 hi
448 1310 558 1365 duo
623 1324 749 1364 cum
801 1307 1111 1365 Iustiniano
1162 1309 1373 1366 laedere
1414 1312 1720 1381 conjuncti)
1768 1312 1923 1367 cibos

336 1401 504 1468 emit;
536 1409 591 1455 et
617 1400 905 1470 inOpinato
936 1402 990 1456 in
1026 1403 1263 1456 virunLa
1296 1403 1484 1473 pueris
1550 1404 1789 1458 amicitia
1820 1404 1922 1460 sibi

338 1491 654 1548 devinctum
685 1491 907 1557 incidit,
941 1492 1035 1561 qui
1078 1492 1260 1564 Libyae
1302 1494 1577 1564 marisque
1616 1496 1732 1550 loca
1784 1509 1925 1548 cun-

340 1593 429 1643 cta
496 1585 959 1658 frequentioribus
1026 1586 1416 1657 experimentis
1476 1585 1709 1641 habebat
1775 1597 1925 1653 nota,

339 1678 435 1748 qui
489 1680 670 1736 tribus
709 1694 819 1734 non
856 1679 1093 1749 amplius
1118 1678 1311 1733 diebus
1361 1680 1690 1748 Carthagine
1719 1678 1927 1735 disces-

340 1779 511 1833 serat.
549 1770 596 1826 ιε
620 1770 949 1842 profundam
985 1771 1438 1840 tranquillitatem
1479 1770 1748 1827 Vandalos
1797 1786 1926 1841 age-

340 1879 426 1926 re,
474 1862 680 1918 nullam
714 1864 888 1918 aciem
926 1863 1193 1918 adversus
1219 1878 1278 1919 se
1314 1864 1639 1919 instructam
1675 1864 1929 1933 suspica-

340 1954 412 2018 ri,
463 1952 641 2023 ipsum
678 1952 1005 2009 Gelimerem
1062 1964 1302 2024 quatuor
1346 1970 1375 2008 a
1426 1955 1562 2009 mari
1599 1955 1931 2010 stationibus

340 2060 553 2101 moram
592 2046 646 2101 in
689 2046 945 2117 praesenti
987 2046 1167 2101 facere
1223 2047 1527 2101 asserebat.
1559 2044 1694 2100 Eum
1743 2060 1929 2101 secum

342 2147 686 2208 assumptum
724 2140 1013 2194 Cauchana
1039 2138 1105 2192 ad
1157 2137 1481 2193 Belisarium
1518 2137 1761 2192 adduxit.
1791 2136 1931 2192 Beli-

341 2230 525 2291 sarius
569 2230 657 2285 his
721 2230 925 2285 auditis
990 2240 1115 2300 post
1159 2229 1379 2284 tertium
1433 2229 1577 2283 diem
1635 2228 1704 2283 ad
1744 2227 1930 2298 Libyae

340 2340 470 2383 oras
496 2322 785 2394 applicuit,
817 2322 882 2377 ad
918 2322 1124 2387 locum,
1154 2322 1245 2376 cui
1293 2319 1468 2391 Caput
1496 2319 1667 2375 Breve
1704 2334 1925 2375 nomen.

340 2417 624 2475 Descensu
663 2432 695 2472 e
746 2414 983 2471 navibus
1036 2413 1205 2480 farto,
1269 2430 1395 2469 mox
1448 2413 1596 2468 fossa
1662 2412 1930 2483 profunde

340 2510 531 2573 ducta,
579 2508 833 2578 valloque
895 2507 1109 2562 circum
1178 2507 1440 2571 excitato,
1498 2522 1609 2562 uno
1671 2507 1790 2561 solo
1841 2507 1930 2562 die

342 2610 530 2659 castra
587 2602 775 2655 metati
837 2606 987 2655 sunt.
1041 2599 1178 2666 Illic,
1226 2598 1357 2653 dum
1425 2614 1588 2669 agger
1649 2597 1926 2665 eﬂ‘oditur,

342 2709 595 2765 magnam
631 2708 788 2765 aquae
821 2693 1217 2763 scaturiginem
1263 2704 1456 2763 sponte
1508 2693 1671 2748 tellus
1724 2693 1925 2760 emisit,

341 2800 470 2843 eum
507 2784 755 2854 alioquin
802 2791 951 2840 totus
998 2798 1264 2853 aquarum
1304 2785 1530 2852 penuria
1577 2782 1732 2837 locus
1774 2781 1926 2837 labo-

2017 481 2222 550 φνιδίου
2255 482 2732 552 προσορμίσασθαι
2770 485 2838 552 τῇ
2876 484 2972 553 γῇ,
3001 482 3096 535 καὶ
3127 482 3218 535 τὸν
3259 483 3389 536 λαὸν
3414 484 3610 553 ἐξαγα-

2015 577 2134 643 γεῖν
2187 574 2396 628 δεδιότα
2426 576 2525 646 τὴν
2575 575 2917 646 συμμαχίαν.
2976 574 3152 637 Αὐτὸς
3184 574 3242 627 δὲ
3299 575 3392 629 τὸν
3425 577 3608 632 στόλον

2016 667 2293 737 ἀράμενος
2320 668 2401 730 εἰς
2446 666 2712 737 Καύχανα
2737 669 2783 701 ’³
2810 665 2924 739 (‘28)
2952 667 3015 720 τὸ
3044 667 3247 736 χωρίον
3286 668 3609 739 προσωρμι-

2020 777 2132 825 σεν,
2192 761 2487 824 διακοσίοις
2535 761 2773 824 σταδίοις
2838 760 2938 830 τῆς
2968 758 3328 830 Συρακούσης
3381 760 3606 831 ἀπέχον.

2018 853 2326 924 Προκόπιος
2364 854 2423 907 δὲ
2472 853 2533 908 ὲν
2574 851 2899 923 Συρακούση
2954 851 3236 918 εἰσελθὼν,
3288 852 3494 923 τροφάς
3548 870 3610 908 τε

2019 946 2265 1018 ὠνήσατο
2298 946 2451 1015 παρά
2474 943 2922 1016 Ἀμαλασούνθης
2965 945 3065 1014 τῆς
3122 945 3385 1014 γυναικὸς
3417 946 3613 998 Θευδε-

2025 1038 2196 1108 ρίχου,
2253 1038 2461 1110 μητρὸς
2519 1036 2576 1091 δὲ
2610 1036 2970 1108 Ἀταλαρίχου
3029 1036 3295 1105 βασιλέως
3351 1037 3611 1103 Ἰταλίας,

2023 1130 2206 1199 φιλίαν
2257 1131 2397 1201 πρὸς
2469 1130 2850 1184 Ἰουστινιανὺν
2905 1128 3172 1200 ἑχόντων·
3235 1129 3515 1200 ὲπὲτυχέν-
3550 1147 3613 1185 τε

2023 1223 2341 1293 παραδόξως
2373 1222 2467 1277 καὶ
2490 1222 2704 1294 ἀνδρὸς,
2734 1221 2893 1291 φίλου
2957 1223 3054 1291 μὲν
3086 1221 3235 1291 αὐτῷ
3275 1222 3615 1292 ὑπάρχοντος

2024 1316 2089 1368 ὲκ
2115 1314 2327 1378 παιδὸς,
2370 1314 2777 1384 πεπειραμένου
2824 1314 2881 1366 δὲ
2916 1314 3015 1384 τῆς
3047 1312 3255 1382 Λιϐύης
3308 1313 3489 1367 τόπων
3521 1316 3616 1369 καὶ

2024 1407 2127 1475 τῆς
2183 1405 2479 1472 θαλάσσης,
2526 1405 2720 1474 τρίτην
2766 1404 2982 1474 ἔχοντος
3016 1405 3232 1474 ἡμέραν
3288 1406 3353 1457 ὲκ
3388 1406 3616 1476 Καρχη-

2026 1497 2173 1561 δόνος
2195 1496 2529 1566 ἀφικομένου
2561 1496 2627 1561 ’⁸,
2675 1496 2769 1549 καὶ
2797 1495 3166 1548 διεϐεϐαιοῦτο
3203 1497 3386 1549 πᾶσαν
3415 1498 3614 1567 ἀμερι-

2033 1589 2189 1659 μνίαν
2223 1588 2367 1659 ἔχειν
2406 1589 2623 1653 αὐτοὺς,
2680 1588 2773 1641 καὶ
2828 1587 2903 1656 μὴ
2960 1587 3289 1642 ὑποπτεύειν
3336 1588 3458 1641 τινὰ
3495 1590 3615 1642 κατ’

2030 1680 2208 1735 αὐτῶν
2236 1678 2651 1751 στρατεύεσθαι,
2680 1678 2821 1731 ὥστε
2855 1678 2964 1731 ἀπὸ
2985 1678 3271 1748 τεσσάρων
3300 1678 3476 1747 μονῶν
3502 1676 3620 1750 (‘29)

2030 1775 2127 1843 τῆς
2163 1773 2439 1841 Θαλάσσης
2483 1771 2576 1826 τὸν
2607 1770 2880 1841 Γελίμερα
2925 1769 3266 1835 αὐλίζεσθαι.
3294 1770 3497 1824 Τοῦτον
3524 1770 3618 1823 οὖν

2027 1864 2207 1918 λαϐὼν
2268 1865 2574 1935 Προκόπιος
2637 1864 2717 1927 είς
2789 1862 3057 1932 Καύχανα
3105 1861 3243 1933 πρὸς
3299 1862 3619 1933 Βελισάριον

2028 1958 2339 2024 ἀπήγαγεν.
2404 1956 2516 2008 Καὶ
2563 1952 2738 2008 ταῦτα
2777 1954 2965 2024 μαθὼν
2994 1956 3022 2007 ὁ
3051 1954 3371 2025 Βελισάριος
3405 1957 3475 2025 τῇ
3516 1954 3620 2025 τῆς

2028 2050 2237 2117 Λιϐύης
2266 2051 2407 2120 ἀκτῇ
2431 2048 2477 2083 ’⁸
2511 2052 2756 2119 τριταῖος
2792 2049 3181 2120 προσώρμισεν
3207 2051 3254 2083 ⁹⁸
3291 2051 3372 2113 εἰς
3396 2050 3616 2122 χωρίον,

2030 2144 2058 2196 ὂ
2088 2141 2344 2211 Κεφαλήν
2367 2142 2615 2212 Βράχους
2637 2142 2748 2214 (50)
2770 2142 3046 2217 καλοῦσιν.
3071 2141 3404 2206 Ἀποϐάντες
3429 2144 3485 2196 δὲ
3511 2143 3620 2197 τῶν

2030 2232 2197 2302 νηῶν,
2228 2232 2448 2302 χάρακά
2496 2249 2555 2285 τε
2603 2232 2697 2285 καὶ
2747 2232 2953 2304 τάφρον
2994 2233 3214 2303 βαθεῖαν
3268 2235 3618 2304 ποιήσαντες,

2030 2325 2587 2395 ἐστρατοπεδεύσαντο
2613 2326 2669 2378 ὲν
2692 2326 2876 2398 ἡμέρᾳ
2914 2329 3031 2397 μιᾷ,
3057 2326 3184 2380 ἔνθα
3204 2328 3297 2379 καὶ
3320 2326 3512 2391 ὓδατος
3530 2344 3622 2380 πο-

2030 2416 2092 2469 λύ
2116 2433 2169 2468 τι
2190 2418 2378 2486 χάσμα
2405 2417 2504 2486 τῆς
2532 2417 2744 2486 τάφρου
2775 2417 2820 2448 ”
2842 2417 3200 2487 ὀρυττόμενον
3228 2418 3260 2486 ἡ
3289 2419 3359 2486 γῆ
3393 2416 3620 2487 ἀνῆκεν,

2028 2510 2123 2563 τοῦ
2138 2510 2304 2562 τόπου
2323 2508 2552 2579 ἀνύδρου
2574 2509 2748 2574 ὄντος,
2769 2510 2864 2563 καὶ
2886 2511 2968 2572 είς
2998 2510 3182 2563 πᾶσαν
3206 2509 3395 2580 χρείαν
3419 2512 3533 2572 τοῖς
3558 2527 3620 2562 τε

2030 2598 2190 2666 ζώοις
2215 2601 2311 2653 καὶ
2333 2600 2412 2670 τῷ
2439 2599 2660 2670 στρατῷ
2684 2600 2931 2669 γέγονεν.
2964 2601 3043 2672 Τῇ
3086 2600 3142 2654 δὲ
3178 2600 3415 2673 ἐπιούσῃ
3444 2603 3470 2653 ὁ
3493 2600 3623 2663 λαὸς

2031 2691 2170 2763 πρὸς
2201 2692 2435 2762 πραίδαν
2463 2691 2759 2763 ἐχώρει.’0
2789 2693 2846 2745 δὲ
2881 2692 3189 2763 στρατηγὸς
3226 2692 3457 2755 τούτους
3484 2692 3613 2762 ᾐκί-

2033 2802 2182 2852 σατο,
2210 2785 2387 2853 λέγων
2419 2786 2557 2855 πρὸς
2588 2786 2787 2847 αὐτοὺς
2834 2786 2960 2839 τάδε
2981 2801 2994 2814 ·
3048 2785 3120 2839 Τὸ
3148 2785 3266 2854 μὲν
3308 2784 3624 2850 βιάζεσθαι

344 2888 530 2935 raret:
565 2893 686 2948 qua:
722 2878 790 2933 ad
855 2877 1203 2933 necessarios
1231 2876 1604 2946 iumentorum
1654 2874 1924 2941 ιοιίυειμιε

2030 2877 2128 2931 καί
2156 2877 2281 2942 τοῖς
2308 2878 2651 2946 ἀλλοτρίοις
2677 2878 2721 2911 ’⁷
2756 2876 3083 2939 σιτίᾱσθαι
3119 2876 3330 2930 ἄδικόν
3355 2877 3530 2930 ἐστιν
3554 2876 3638 2949 ἐν,

344 2968 623 3024 exercitus
699 2982 836 3023 usus
909 2964 1145 3023 suﬂ‘ecit.
1201 2964 1463 3035 Sequenti
1520 2964 1642 3018 luce
1699 2962 1924 3033 populus

2031 2966 2211 3020 ,παντί
2233 2965 2435 3035 καιρῷ,
2456 2968 2552 3020 καὶ
2581 2966 2851 3036 μάλιστα
2879 2966 2949 3019 ἐν
2971 2965 3097 3030 τοῖς
3120 2964 3452 3030 κινδύνοις.
3479 2962 3627 3031 Ἐγὼ

346 3057 670 3128 populatum
705 3057 1000 3128 processit.
1036 3055 1337 3111 Praefectus
1365 3056 1639 3111 exercitus
1682 3056 1924 3117 severius

2031 3058 2142 3128 γὰρ
2169 3058 2379 3124 ἐκείνῳ
2404 3060 2448 3091 ⁸⁸
2471 3058 2665 3138 μόνον
2695 3058 2763 3112 τὸ
2789 3056 3029 3125 θαρρεῖν
3054 3055 3211 3123 ἔχων
3248 3057 3331 3121 είς
3370 3055 3483 3122 τὴν
3508 3054 3627 3124 γῆν

345 3148 403 3203 in
457 3163 553 3205 eos
604 3149 1064 3214 animadvertens,
1118 3150 1282 3204 verba
1328 3149 1548 3204 demum
1607 3145 1922 3216 hujusmodi

2030 3152 2258 3218 ταύτην
2281 3148 2436 3218 ὑμᾶς
2467 3131 2826 3215 ἀπεϐίϐασα,
2847 3147 3008 3213 ὅπως
3040 3146 3114 3215 τῇ
3140 3147 3501 3214 δικαιοσύνῃ
3525 3145 3625 3199 καὶ

345 3239 572 3295 habuit:
612 3236 879 3293 Violentia
912 3239 1121 3308 quidem
1150 3240 1250 3302 uti,
1284 3248 1333 3292 et
1364 3238 1550 3291 alienis
1582 3240 1723 3308 furto
1753 3237 1923 3304 raptis

345 3331 515 3386 visere
545 3332 690 3385 omni
737 3340 967 3400 tempore
1001 3331 1171 3400 nefas,
1208 3348 1367 3400 quam
1413 3331 1644 3384 maxime
1690 3328 1925 3397 periculo

345 3419 673 3474 imminente.
728 3419 843 3490 Ego
889 3436 1007 3475 vero
1062 3420 1157 3473 hoc
1196 3420 1312 3473 solo
1346 3420 1579 3487 conﬁsus
1622 3420 1691 3473 ad
1730 3429 1926 3472 terram

346 3512 506 3567 istam
534 3528 624 3566 vos
654 3512 895 3580 exposui,
914 3521 973 3566 ut
1000 3513 1214 3581 justitia
1241 3522 1290 3567 et
1322 3513 1661 3581 beneﬁcentia
1694 3513 1927 3566 divinum

347 3619 541 3658 numen
572 3604 722 3659 nobis
753 3603 1137 3670 demereomur,
1169 3616 1219 3659 et
1252 3604 1441 3676 Libyes
1476 3609 1544 3659 ad
1592 3623 1686 3660 nos
1712 3606 1927 3661 allicia-

347 3709 486 3749 mus.
533 3694 664 3749 Haec
686 3702 863 3749 autem
893 3703 1067 3751 vestra
1098 3696 1396 3766 petulantia
1418 3707 1466 3752 et
1494 3697 1694 3752 vivendi
1715 3697 1930 3752 licentia

347 3802 432 3841 res
465 3786 522 3841 in
565 3788 896 3841 contrariam
930 3797 1114 3853 vertet,
1155 3799 1205 3842 et
1259 3789 1441 3858 Libyes
1484 3788 1740 3845 Vandalis
1780 3806 1929 3859 opem

350 3881 489 3947 {erro
549 3880 842 3948 compellet.
894 3880 1086 3935 Verum
1131 3882 1372 3936 consiliis
1425 3882 1649 3949 prabete
1708 3899 1927 3949 morem,

2027 3241 2386 3310 ἀγαθοεργίςι
2418 3242 2526 3294 τόν
2545 3257 2610 3294 τε
2646 3239 2796 3293 Θεὸν
2828 3238 3315 3307 θεραπεύσωμεν,
3350 3238 3449 3289 καὶ
3482 3235 3627 3310 τοὺς

2027 3335 2255 3398 Λίϐυας
2284 3334 2433 3401 πρὸς
2460 3331 2619 3402 ἡμᾶς
2643 3330 3138 3400 ἐπισπασώμεθα.
3170 3330 3332 3395 Αὕτη
3361 3328 3429 3382 δὲ
3458 3328 3628 3398 ὑμῶν

2027 3428 2066 3496 ἡ
2123 3428 2404 3497 ἀκράτεια
2433 3427 2478 3459 ⁹¹⁹
2519 3429 2608 3492 είς
2668 3424 3028 3479 τούναντίον
3082 3422 3227 3492 ἡμῖν
3286 3418 3623 3491 μεταϐήσεα-

2028 3536 2144 3581 ται,
2179 3518 2279 3575 καί
2332 3517 2476 3583 τοὺς
2521 3517 2745 3582 Λίϐυας
2778 3512 3179 3584 συμμαχῆσαι
3221 3514 3238 3545 ί
3279 3511 3406 3577 τοῖς
3436 3514 3627 3565 Ούανο

2029 3608 2242 3675 δήλοις
2314 3606 2788 3675 παρασκευάσει.
2872 3605 3060 3660 Ἀλλὰ
3136 3605 3475 3671 πειθόμενοι
3546 3598 3627 3665 τῷ

2028 3698 2148 3768 ἐμῷ
2174 3700 2354 3767 λόγῳ,
2382 3698 2706 3765 ὠνούμενοι
2741 3695 2846 3762 τὰς
2883 3695 3110 3764 τροφὰς
3142 3692 3470 3763 κομίζεσθε,
3527 3690 3626 3745 καὶ

2026 3791 2179 3860 μήτε
2207 3791 2405 3845 ἄδικοι
2448 3790 2665 3857 δόξητε
2689 3785 2869 3852 εἶναι,
2897 3781 3066 3857 μήτε
3092 3786 3209 3853 τὴν
3251 3788 3463 3854 φιλίαν
3509 3784 3630 3837 τῶν

2033 3883 2267 3936 Λιϐύων
2293 3884 2382 3948 εὶς
2408 3881 2632 3950 ἔχθραν
2662 3879 3059 3949 μεταϐάλητε,
3094 3878 3194 3931 καὶ
3231 3877 3342 3930 τὸν
3365 3877 3513 3930 Θεὸν
3539 3878 3629 3930 θε-

348 3971 517 4039 pretio
543 3970 684 4025 cibos
710 3982 1035 4041 comparate,
1080 3982 1138 4027 ut
1186 3989 1349 4042 neque
1386 3974 1469 4043 fas
1510 3984 1556 4028 et
1583 3974 1676 4043 jus
1711 3975 1924 4040 violare,

2026 3977 2376 4047 ραπεύσητε
2420 3977 2462 4030 ³.
2492 3974 2819 4027 Παύσασθε
2862 3972 2988 4038 τοῖς
3035 3971 3380 4039 ἀλλοτρίοις
3412 3969 3629 4035 ἐπιπη-

352 4078 515 4132 ncque
545 4063 767 4133 Libyam
805 4065 1052 4133 affectum
1078 4066 1133 4118 in
1165 4064 1382 4119 hostiles
1414 4066 1616 4120 animos
1635 4080 1924 4123 convertere

2033 4069 2273 4134 δῶντες,
2324 4066 2423 4119 καὶ
2456 4066 2668 4134 κέρδος
2713 4064 3133 4119 ἁποσείσασθε
3184 4061 3483 4115 κινδύνων
3522 4075 3627 4129 με·

354 4154 435 4211 νει
462 4142 730 4224 inﬂectere
761 4156 1064 4211 videamini.
1104 4156 1265 4225 Opem
1303 4159 1479 4227 itaque
1505 4158 1604 4212 Dei
1629 4159 1772 4214 vobis
1803 4160 1924 4227 ipsis

2032 4164 2204 4217 στόν.
2239 4159 2594 4222 Ἀποστείλας
2624 4175 2687 4233 τε
2717 4157 3038 4227 Βελισάριος
3063 4156 3157 4209 ἐπὶ
3184 4154 3484 4208 Σύλλεκτον
3529 4152 3627 4223 τὴν

355 4246 713 4312 conciliaturi,
750 4247 805 4300 in
844 4246 1022 4301 aliena
1057 4246 1293 4301 involare
1330 4246 1586 4314 desistite,
1629 4258 1679 4303 et
1728 4250 1924 4304 lucrum

2037 4255 2191 4309 πόλιν
2249 4251 2515 4322 στρατὸν,
2572 4250 2776 4321 ταύτην
2828 4249 2848 4281 ³
2894 4248 3130 4319 ἀπονητὶ
3170 4246 3502 4317 παρέλαϐεν.
3536 4246 3627 4298 Ἐν

352 4350 559 4394 scatens
589 4339 934 4409 undequaque
956 4338 1204 4408 periculis
1251 4339 1486 4394 labentes
1515 4351 1766 4398 amovete.
1792 4341 1924 4397 Tum

2036 4345 2189 4399 νυκτὶ
2215 4344 2323 4415 γὰρ
2351 4343 2487 4414 πρὸς
2515 4342 2685 4411 αὐτὴν
2710 4341 3034 4411 ἀφικόμενοι
3053 4340 3152 4394 σὺν
3181 4341 3302 4401 ταῖς
3332 4336 3629 4400 εἰσιούσαις
3696 4362 3706 4370 ·

351 4429 656 4487 Belisarius
711 4431 781 4485 ad
835 4430 1131 4502 Syllectum
1202 4431 1391 4486 urbem
1456 4434 1701 4487 exercitu
1762 4434 1924 4490 misso

2035 4439 2276 4509 ἀμάξαις
2316 4436 2426 4491 τῶν
2479 4435 2753 4506 ἀγροίκων
2805 4433 3162 4497 εἰσελθόντες,
3210 4430 3414 4501 ταύτην
3445 4429 3623 4499 ἔσχον.

353 4537 474 4580 eam
502 4524 655 4580 nullo
689 4523 877 4579 labore
908 4524 1267 4595 comparavit.
1304 4524 1419 4580 Sub
1454 4533 1671 4581 noctem
1697 4527 1843 4582 enim
1866 4527 1924 4582 ad

2031 4530 2144 4585 Καὶ
2173 4529 2362 4598 ἐπειδὴ
2402 4527 2585 4599 ήμὲρα
2620 4527 2857 4594 ἐγένετο,
2907 4525 3001 4578 τόν
3053 4541 3113 4577 τε
3167 4522 3320 4595 ἱερέα
3368 4521 3628 4583 καὶτοὺς

354 4628 475 4670 eam
510 4614 763 4685 profecti,
796 4615 1208 4671 rusticanorum
1248 4616 1508 4671 curribus
1562 4617 1617 4671 in
1670 4632 1789 4672 eam
1849 4620 1924 4673 in-

2032 4619 2208 4692 ταύτῃ
2237 4619 2492 4690 πρώτους
2523 4617 2801 4680 λαϐόντες,
2826 4616 2964 4687 πρὸς
2991 4614 3088 4668 τὸν
3124 4612 3435 4683 στρατηγὸν
3457 4611 3623 4682 επεμ-

355 4705 735 4775 gredientibus
785 4708 1029 4773 admisti,
1089 4718 1524 4779 occupaverunt.
1576 4708 1924 4765 lllucescentt

2033 4711 2163 4781 ψαν.
2199 4711 2277 4782 Τῇ
2313 4710 2369 4763 δὲ
2397 4710 2533 4780 αὐτῇ
2566 4708 2751 4779 ἡμέρᾳ
2779 4708 2871 4762 καὶ
2900 4710 2928 4760 ὁ
2977 4706 3071 4760 τοῦ
3109 4705 3375 4777 δημοσίου
3424 4704 3627 4775 δρόμου

356 4796 476 4851 sole
502 4797 844 4852 sacerdotem
877 4806 932 4853 et
959 4811 1189 4854 caeteros
1235 4800 1477 4855 civitatis
1508 4799 1777 4868 primores
1821 4817 1924 4871 cap

2036 4801 2488 4873 ἐπιμελούμενος,
2533 4799 2908 4871 ηὐτομόλησεν
2960 4798 3240 4869 παραδοὺς
3283 4798 3409 4860 τοὺς
3454 4796 3618 4866 δημο-

357 4894 444 4942 tos
473 4886 539 4941 ad
577 4886 899 4958 praefectum
938 4891 1225 4946 miserunt.
1263 4890 1466 4946 Eodem
1498 4893 1586 4946 die
1616 4892 1708 4962 qui
1741 4908 1924 4950 cursu:

2040 4898 2187 4959 σίους
2223 4896 2442 4959 ἵππους.
2482 4880 2797 4963 Συνελήφθη
2850 4892 2908 4945 δὲ
2952 4892 3048 4946 καὶ
3091 4893 3121 4946 ὁ
3174 4891 3275 4954 τὰς
3333 4887 3624 4960 βασιλικὰς

1628 5050 1707 5106 VA
1718 5053 1851 5108 RUE
1887 5054 2294 5112 LECTIONES.

409 5157 763 5246 καέὲαῗα
786 5161 851 5246 A1
910 5161 955 5194 ’³
988 5162 1321 5246 ἀίέίκομένου
1362 5166 1427 5246 A3
1460 5169 1970 5246 d<?I_>gép.:_~.oevulg.
2028 5174 2076 5208 ⁸⁸
2109 5173 2273 5246 ἀκτῇ]
2296 5174 2429 5244 ὀκτῇ
2456 5173 2626 5246 νυιε.
2651 5172 2698 5205 ⁸⁵
2725 5167 3626 5246 προσώρμισεν-Αωροσὼρμησεν

358 5228 514 5314 vulg._
590 5230 637 5262 ”
661 5231 760 5301 τῆς
792 5228 1093 5314 τάφρουιΛ,
1124 5228 1294 5314 eis}.
1330 5239 1474 5314 vulg.
1511 5228 1522 5238 ’
1555 5228 1748 5314 ’ζὲοὺς
1775 5228 2094 5314 ἀλλοτρίους
2223 5228 2336 5276 m“
2358 5228 2577 5297 ἐκείνοῖ
2604 5245 2672 5314 Λ.
2744 5228 2790 5275 ⁸⁵
2832 5228 3075 5312 ἀκρασία
3107 5242 3171 5295 Α,
3196 5228 3207 5236 ’
3270 5228 3288 5271 ί
3322 5228 3625 5308 συμμαχῆη

360 5314 447 5352 σαι
485 5305 551 5366 Α,
581 5307 891 5373 συμμαχεῖν
928 5305 1071 5376 vulg.
1161 5308 1180 5337 ²
1211 5305 1610 5383 θεραπεύσητε]
1647 5305 2003 5384 ἁναπαύσητε
2036 5305 2089 5370 Λ’
2111 5316 2147 5371 ί.
2225 5316 2246 5347 ³
2278 5315 2455 5386 ταύτῃ
2484 5315 2549 5381 Α,
2579 5313 2783 5384 ταύτης
2810 5305 2956 5385 vulg.

1626 5426 1770 5485 JAC.
1793 5429 2002 5488 GOARI
2036 5432 2263 5489 NOTE.

434 5536 545 5603 (‘28)
583 5538 915 5595 Caucunetn.

433 5607 545 5686 $29)
582 5607 813 5686 Procop.
848 5628 861 5664 :
887 5610 1007 5686 ,Ἐν
1034 5610 1280 5686 Ἐρμίονι
1312 5612 1411 5686 τὴν
1454 5613 1738 5686 διατριϐὴν
1770 5610 1938 5686 εἶχεν,

362 5674 400 5747 ἧ
428 5677 576 5755 ἐστιν
614 5680 669 5755 ev
692 5674 1209 5755 Βυζακίιρηήμερξῖιν
1245 5674 1527 5755 τεσσάρων
1563 5674 1668 5752 6δῴ
1694 5674 1793 5752 τῆς
1823 5674 1940 5755 iii/1;

365 5744 456 5810 νος
482 5744 836 5817 διαφέρουσα·
873 5744 1113 5804 Οὲιὶιὶιειί
1129 5744 1651 5809 Ηενηιίοηείιιοναηί
1670 5744 1930 5823 trahebat,

2044 5563 2162 5618 qua:
2211 5556 2292 5602 est
2346 5548 2462 5619 agri
2526 5545 2812 5619 Byzaceni,
2844 5555 3077 5619 quatuor
3118 5543 3323 5619 diergm
3373 5543 3557 5596 itinere
3588 5559 3621 5596 α

2047 5612 2190 5672 mari
2221 5612 2465 5683 distans;
2492 5612 2748 5688 ad'quod
2774 5612 3199 5686 eratCarthago.
3223 5612 3516 5670 COIBEFIS.

2119 5690 2232 5762 (50)
2260 5689 2435 5761 Caput
2465 5688 2633 5746 Vada.
