4092 6198
331 246 446 314 επ

1619 249 1715 310 CII
1726 248 2292 314 RONOGRAPHIA.

3513 248 3616 314 438

327 345 665 433 διακρίσεις
693 355 865 413 ποιῶν
887 356 1189 430 βεριδάριος
1220 357 1355 431 (5i).
1390 359 1706 432 Βελισάριος
1739 363 1796 416 δέ
1815 363 1931 418 δια-

2061 365 2240 421 mblici
2270 363 2501 420 curandi
2535 362 2842 420 sustinebat
2864 360 3225 433 provinciam,
3253 359 3410 430 equis
3441 360 3622 430 publi-

330 452 629 524 κοσμήσας
655 448 718 504 τὸ
764 449 1080 520 στράτευμα
1134 451 1228 505 ἐπὶ
1275 452 1603 524 Καρχηδόνα
1657 453 1928 520 ἐϐάδιζεν.

343 546 582 615 Ἰωάννῃ
613 543 670 596 δὲ
690 541 768 614 τῷ
789 543 1065 614 Ἀρμενίῳ
1096 544 1442 616 τριακοσίους
1482 545 1799 610 ἐπιλέκτους
1827 565 1933 601 πα-

334 638 535 710 ραδοὺς
567 635 943 708 παρήγγειλεν
977 637 1409 705 παρακολουθεῖν
1458 655 1517 692 τε
1549 640 1655 702 ἀεὶ,
1707 641 1802 694 καὶ
1835 640 1930 694 τοῦ

333 729 760 802 στρατεύματος
791 729 867 801 μὴ
892 729 1028 783 πολὺ
1045 730 1352 786 διίστασθαι
1374 732 1416 787 ⁵.
1438 732 1530 796 Εἰς
1554 733 1611 786 δέ
1635 733 1934 788 Σύλλεκτον

327 821 435 892 τὴν
470 821 628 875 πόλιν
666 819 1001 892 ἀφικόμενος
1045 821 1090 886 ⁸,
1125 821 1425 894 ἀγαθότητι
1468 823 1566 878 καὶ
1599 824 1933 896 γλυκολογίᾳ

328 912 561 977 τούτους
591 912 952 983 ἀνεκτήσατο,
1007 911 1150 966 ὥστε
1177 913 1306 977 τοὺς
1331 913 1552 977 λοιποὺς
1583 913 1832 986 καθάπερ
1877 917 1937 969 ἐν

329 1005 497 1078 χώρᾳ
525 1005 706 1076 οἰκείᾳ
733 1005 755 1036 ⁸
785 1005 884 1076 τὴν
915 1004 1148 1074 πορείαν
1187 1004 1523 1077 ποιήσασθαι
1553 1009 1598 1072 ⁷,
1635 1005 1760 1061 οὗτε
1801 1008 1935 1061 ύπο-

330 1101 684 1173 χωρούντων,
739 1098 864 1154 οὗτε
925 1099 1342 1170 κρυπτομένων,
1396 1099 1534 1154 ἀλλὰ
1585 1100 1680 1156 καὶ
1729 1101 1936 1170 ἀγορὰν

330 1192 758 1263 παρεχομένων,
785 1193 884 1245 καὶ
917 1190 986 1244 τὰ
1018 1190 1154 1245 ἀλλα
1189 1192 1304 1252 τοῖς
1335 1191 1697 1262 στρατιώταις
1731 1193 1939 1263 ὑπηρε-

329 1283 601 1338 τούντων.
630 1283 996 1353 ὐγδοὴκοντα
1031 1283 1088 1336 δὲ
1117 1283 1366 1350 σταδίους
1413 1285 1670 1349 ἀνύοντες
1720 1285 1936 1357 ἡμέραν

335 1377 585 1446 ἑκάστην
615 1375 638 1409 ⁸
670 1375 801 1446 ἄχρι
854 1375 1206 1445 Καρχηδόνος
1239 1375 1566 1430 διετέλεσαν.
1618 1375 1807 1440 Οὕτως
1835 1379 1856 1410 ⁹
1883 1377 1939 1431 δὲ

335 1471 429 1525 διὰ
474 1471 575 1540 τῆς
613 1468 835 1537 Λεπτῆς
888 1467 1099 1531 πόλεως
1148 1467 1634 1538 καὶἈδραμούτου
1666 1470 1746 1532 εἰς
1791 1469 1940 1540 Χρά-

339 1581 428 1618 σιν
458 1563 575 1636 (52)
629 1562 691 1615 τὸ
723 1561 926 1632 χωρίον
953 1560 1234 1630 ἀφίκοντο,
1289 1560 1435 1614 ὀκτὼ
1464 1562 1558 1616 καὶ
1590 1562 1938 1633 τριακοσίους

337 1654 594 1716 σταδίους
625 1650 976 1723 Καρχηδόνος
1008 1651 1232 1720 ἀπέχον,
1269 1649 1400 1704 ἔνθα
1421 1646 1489 1720 ἦν
1511 1651 1606 1705 καὶ
1630 1650 1937 1722 βασίλεια¹⁰

334 1746 450 1798 τῶν
465 1710 794 1814 Ούαννδὴλων
813 1710 857 1774 ἶί
894 1710 988 1796 καὶ
1021 1710 1342 1814 παράδεισοι
1372 1710 1649 1797 κάλλιστοι
1679 1744 1770 1798 καὶ
1797 1743 1938 1816 κρῆ-
1969 1710 2017 1772 Β

337 1857 434 1894 ναι
468 1839 836 1893 διειδέσταται
877 1839 918 1870 ⁸³
950 1837 1046 1891 καὶ
1080 1836 1313 1910 ὀπωρῶν
1338 1837 1697 1892 παντοδαπῶν
1736 1836 1943 1910 πλῆθος

335 1932 574 2002 ἄπειρον
603 1948 618 1963 ο
658 1931 803 1984 ὥστε
834 1931 944 1984 τῶν
994 1929 1348 2001 στρατιωτῶν
1383 1930 1615 1994 ἕκαστος
1639 1930 1739 2003 τὴν
1769 1931 1940 1986 καλύ-

339 2022 449 2091 εην
476 2022 537 2075 ἐν
563 2021 805 2090 δένδροις
827 2021 1135 2093 όπωρίμοις
1167 2021 1210 2053 ⁸³
1246 2020 1510 2092 ἐπήξατο,
1546 2023 1641 2076 καὶ
1675 2023 1785 2078 τῶν
1814 2041 1944 2095 καρ⁹

341 2113 469 2166 πῶν
498 2113 721 2184 ὡραίων
751 2113 924 2166 ὄντων
953 2112 1050 2166 καλ⁸
1095 2112 1316 2167 πάντων
1337 2113 1722 2169 ἀπολαύόντων
1763 2115 1829 2179 ¹⁸,
1861 2114 1946 2168 αἵ-

344 2207 546 2276 σθησις
573 2205 635 2260 οὑ
687 2205 880 2274 γέγονε
931 2205 1332 2277 ἐλαττουμένης
1377 2204 1602 2278 ταύτης.
1650 2207 1711 2261 Ὁ
1745 2207 1802 2262 δὲ
1845 2209 1947 2261 Γε-

340 2297 513 2372 λίμερ
538 2297 780 2360 ἀκούσας
804 2299 1060 2370 παρεῖναι
1087 2299 1219 2363 τοὺς
1259 2296 1588 2371 Ῥωμαίους,
1621 2301 1823 2370 γράφει
1867 2301 1948 2366 εἰς

345 2389 686 2461 Καρχηδόνα
709 2390 845 2460 πρὸς
868 2389 960 2442 τὸν
985 2388 1212 2460 ἀδελφὸν
1241 2388 1485 2460 ’Δματᾶν
1501 2390 1639 2463 (55),
1666 2391 1792 2446 me
1803 2409 1951 2465 ριχον

352 2481 458 2552 μὲν
497 2481 592 2534 καλ⁸
619 2478 818 2543 ὄιῖλους
871 2481 1033 2545 ὅσους
1089 2482 1171 2546 εἰς
1205 2481 1456 2554 φυλακὴν
1504 2482 1617 2554 ἔχει
1668 2486 1953 2552 συγγενεῖς

351 2571 526 2626 αὐτοῦ
559 2573 901 2638 ἀποκτεῖναι,
935 2572 1102 2626 αὑτὸν
1137 2572 1194 2626 δὲ
1226 2573 1322 2626 καὶ
1351 2575 1479 2638 τοὺς
1512 2574 1555 2605 ’⁸
1588 2575 1948 2647 υύανδήλους,

352 2667 455 2720 καὶ
481 2667 538 2721 εί
563 2681 614 2719 τι
640 2665 768 2719 ἄλλο
793 2666 1033 2736 μάχιμον
1054 2667 1113 2720 ἐν
1140 2669 1204 2738 τῇ
1226 2666 1378 2720 πόλει
1405 2661 1491 2737 ἦν,
1516 2665 1798 2731 ἐξοπλίσαι
1819 2669 1955 2739 πρὸς

355 2752 625 2832 πόλεμον.
691 2761 750 2816 '0
809 2761 866 2815 δὲ
919 2763 1167 2833 Ἀματᾶς
1195 2760 1265 2815 τὰ
1318 2761 1363 2794 ¹⁶
1403 2759 1764 2816 κελευσθέντα
1807 2761 1958 2832 αὐτῷ

2035 460 2118 516 eis
2141 459 2360 514 traditis
2381 457 2437 513 in
2471 463 2657 529 partes
2677 454 2959 512 Romanas
2988 455 3232 520 transiit,
3263 461 3316 509 et
3345 452 3437 526 qui
3474 454 3620 525 regia

2037 565 2307 622 responsa
2364 549 2578 606 ferebat
2640 547 2984 610 veredarius,
3033 554 3147 601 tum
3201 546 3366 600 etiam
3431 554 3625 617 captus

2037 651 2143 698 est.
2181 642 2337 699 Tunc
2366 642 2686 708 Belisarius,
2712 641 2887 712 copiis
2935 641 2989 694 in
3039 637 3287 694 ordinem
3319 636 3622 707 diSpositis,

2039 734 2429 806 Carthaginem
2482 750 2677 790 versus
2719 734 2826 788 iter
2876 731 3100 788 direxit.
3132 728 3329 784 Joanni
3358 743 3491 785 vero
3520 729 3626 783 Ar-

2044 827 2227 883 menio
2279 835 2557 884 trecentos
2605 827 2937 883 lectissimos
2967 823 3117 879 viros
3149 822 3305 894 163
3344 836 3628 877 commcn-

2043 922 2205 988 dans,
2236 937 2377 992 pone
2424 921 2604 990 sequi,
2635 934 2738 975 nec
2770 934 2798 973 a
2839 933 2898 974 se
2929 916 3222 981 divertere,
3255 924 3350 969 aut
3377 913 3447 969 ah
3473 929 3630 970 exere

2042 1017 2153 1071 citu
2223 1015 2442 1086 longius
2517 1012 2802 1070 discedere
2864 1010 3156 1083 prazcepit:
3223 1008 3634 1080 Syllectutnque

2046 1111 2239 1168 urbem
2277 1108 2579 1180 profectus,
2635 1109 2824 1162 innata
2873 1104 2978 1161 sibi
3025 1103 3250 1160 lenitate
3301 1109 3356 1158 et
3388 1101 3629 1157 suavilo-
3698 1163 3716 1184 .

2043 1201 2273 1274 quentia
2321 1199 2526 1254 civium
2583 1197 2796 1252 animos
2859 1202 2914 1250 et
2969 1193 3202 1249 aliorum
3261 1190 3466 1263 pariter
3525 1188 3629 1245 sibi

2047 1293 2317 1358 devinxit,
2351 1299 2411 1346 ut
2441 1291 2494 1346 in
2527 1288 2728 1345 castris
2761 1287 2908 1343 velut
2934 1286 2988 1340 in
3021 1282 3243 1356 propria
3274 1282 3497 1352 regione
3526 1280 3633 1338 iter

2044 1387 2337 1453 baberent,
2368 1400 2546 1454 neque
2594 1399 2624 1436 a
2675 1380 2948 1436 militibus
3011 1393 3072 1435 se
3123 1375 3510 1432 subducendos
3539 1382 3632 1428 aut

2045 1477 2411 1536 occultandos
2438 1482 2720 1546 putarent,
2752 1473 2888 1544 quin
2937 1471 3048 1526 imo
3092 1476 3456 1524 commeatum
3491 1481 3633 1536 pra--

2043 1570 2256 1635 herent,
2285 1575 2596 1635 cmteraque
2651 1565 2836 1618 omnia
2888 1561 3013 1616 vitae
3066 1557 3378 1614 necessaria
3423 1553 3636 1611 submi-

2043 1663 2371 1717 nistrarem.
2397 1657 2585 1713 Stadia
2619 1671 2747 1712 vero
2773 1654 3048 1724 octoginta
3078 1667 3171 1722 per
3202 1649 3450 1720 singulos
3479 1646 3596 1702 dies
3617 1689 3632 1713 ,

2049 1756 2234 1827 quoad
2284 1753 2675 1823 Carthaginem
2716 1748 3090 1820 pervenerint,
3127 1743 3524 1801 conficiebant:
3555 1749 3637 1794 at—

2049 1865 2158 1921 que
2183 1848 2258 1904 ita
2289 1848 2507 1902 demum
2536 1859 2634 1915 per
2663 1841 2888 1914 Leptem
2921 1849 2976 1896 et
2997 1839 3359 1894 Adramutum
3385 1834 3638 1891 civitates

2049 1939 2118 1995 ad
2152 1937 2406 1994 Chrasim
2439 1951 2636 2008 pagum
2677 1942 2983 1989 tercentum
3021 1939 3076 1985 et
3117 1937 3240 1984 octo
3274 1926 3465 1983 stadiis
3503 1923 3642 1979 Car.-

2052 2033 2278 2104 thagine
2330 2030 2589 2087 dissitum
2646 2031 3028 2082 accesserunt.
3086 2023 3202 2077 lllic
3260 2017 3637 2074 Vandalorum

2051 2127 2201 2198 regia
2253 2131 2373 2178 erat
2430 2121 2692 2190 hortique
2746 2115 3105 2190 pulcherrimi
3168 2120 3222 2169 et
3267 2105 3642 2180 limpidissimi

2052 2219 2232 2276 fontes
2259 2225 2314 2272 et
2345 2214 2626 2269 fructuum
2665 2210 2847 2266 omnis
2895 2207 3114 2280 generis
3144 2206 3408 2259 immensa
3438 2198 3597 2269 copia
3625 2215 3640 2250 :

2052 2310 2191 2366 adeo
2222 2316 2282 2362 ut
2302 2306 2688 2376 unusquisque
2715 2301 2951 2356 militum
2979 2296 3226 2353 casulam
3251 2295 3397 2349 inter
3415 2291 3644 2347 arbores

2055 2399 2372 2458 fructiferas
2427 2397 2911 2462 fixerit;cumque
2971 2389 3246 2444 fructuum
3307 2383 3517 2455 species
3577 2377 3646 2434 ad

2055 2489 2425 2563 colligendum
2461 2489 2740 2551 invitaret,
2769 2491 2823 2539 et
2847 2497 2982 2539 usus
3010 2483 3064 2536 in
3092 2493 3284 2534 omnes
3315 2473 3646 2537 communis,

2056 2562 2270 2642 nullum
2299 2582 2693 2640 detrimentum
2728 2582 2944 2649 poterat
2977 2574 3172 2631 oculus
3206 2569 3508 2626 advertere.
3539 2562 3646 2620 Ubi

2059 2677 2300 2736 Gelimer
2339 2675 2623 2731 Romanos
2660 2668 2929 2727 accedere
2979 2664 3228 2732 rescivit,
3259 2659 3647 2730 Carthaginem

2059 2773 2128 2828 ad
2184 2771 2437 2827 Amatam
2499 2767 2726 2822 fratrem
2791 2761 3037 2832 scripsit,
3090 2767 3150 2814 ut
3209 2755 3539 2812 Ilderichum
3598 2753 3652 2805 et

357 2852 643 2923 ἐποίησεν.
681 2853 1000 2924 Βελισάριος
1031 2853 1089 2907 δὲ
1135 2853 1416 2925 Ἀρχελάῳ
1460 2851 1540 2923 τῷ
1585 2853 1818 2926 ὑπάρχῳ
1864 2855 1955 2910 καὶ

2061 2870 2336 2936 quotquot
2383 2861 2522 2916 alios
2570 2858 2674 2914 sub
2715 2855 2969 2911 custodia
3020 2852 3268 2907 detentos
3299 2847 3423 2918 ejus
3463 2842 3651 2899 affines

359 2944 694 3017 Καλωνύμῳ
721 2945 798 3016 τῷ
859 2946 1114 3017 ναυάρχῳ
1168 2945 1444 2999 ἐπέστειλε
1476 2947 1520 2979 ³⁷
1546 2946 1842 3018 πλησιάσαι
1892 2947 1955 3019 τῇ

2063 2956 2186 3014 neci
2221 2932 2507 3016 traderet,
2560 2945 2841 3003 Vandalos
2880 2950 3086 3006 autem,
3123 2950 3176 2996 et
3225 2939 3270 2994 si
3318 2950 3459 3007 quos
3511 2932 3653 2986 alios

361 3039 704 3111 Καρχηδόνι,
741 3041 838 3093 καὶ
884 3039 958 3111 μὴ
983 3039 1256 3094 εἰσϐαλεῖν
1286 3041 1422 3114 πρὸς
1465 3041 1657 3112 αὐτὴν,
1705 3042 1865 3113 ἄχρις
1895 3040 1955 3095 ἂν

2066 3046 2276 3106 militiae
2329 3043 2556 3100 idoneos
2605 3027 2831 3095 haberet
2893 3035 3047 3097 urbs,
3095 3030 3266 3087 armis
3317 3026 3386 3082 ad
3446 3024 3652 3130 bellum

363 3133 569 3196 αὐτοὺς
614 3132 657 3164 ⁸⁸
702 3131 960 3205 κελεύσῃ.
1013 3131 1187 3196 Αὐτὸς
1230 3131 1288 3186 δὲ
1334 3135 1415 3197 εἰς
1453 3132 1688 3204 Δέκιμον
1731 3131 1962 3201 ἀφίκετο

367 3226 648 3297 ἀπέχοντα
692 3227 1045 3297 Καρχηδόνος
1089 3225 1339 3290 σταδίους
1389 3225 1783 3298 ἐϐδομήκοντα.
1815 3225 1875 3280 Ὅ
1905 3225 1962 3280 δέ

367 3320 610 3392 Γελίμερ
636 3319 728 3372 τὸν
749 3319 968 3389 ἀνεψιὸν
989 3317 1368 3390 Κιὸαμοῦνδον
1390 3319 1677 3373 ἐκέλευσεν
1704 3319 1822 3390 ἅμα
1850 3317 1964 3372 δισ-

371 3414 562 3484 χιλίων
598 3413 741 3466 κατά
763 3413 827 3464 τὸ
857 3411 1138 3482 εύὼνυμον
1177 3412 1344 3483 μέρος
1399 3411 1556 3476 ἰέναι,
1609 3411 1756 3476 ὅπως
1791 3410 1964 3482 Ἀμα-

371 3510 474 3572 τᾶς
505 3507 606 3579 μὲν
632 3509 697 3560 ἐκ
724 3507 1092 3578 Καρχηδόνος,
1141 3507 1379 3578 Γελίμερ
1408 3505 1466 3560 δὲ
1500 3507 1746 3573 ὄπισθεν,
1792 3507 1967 3562 Κιδα-

378 3601 602 3670 μοῦνδος
630 3599 688 3652 δὲ
703 3601 768 3654 ἐκ
791 3599 902 3653 τῶν
924 3599 1232 3678 ἀριστερῶν
1260 3599 1304 3632 ¹⁹
1325 3599 1542 3671 χωρίων
1569 3601 1651 3664 εἰς
1678 3598 1844 3654 ταυτδ
1864 3599 1966 3670 τὴν

379 3699 659 3754 κύκλωσιν
687 3698 794 3753 τῶν
821 3696 1097 3768 πολεμίων
1128 3697 1446 3769 ποιήσαιντο
1475 3697 1544 3750 ’σι
1567 3695 1882 3766 Βελισάριος
1912 3691 1968 3747 δέ

382 3792 483 3847 τδν
517 3790 615 3862 μὲν
643 3791 918 3862 Ἰωάννην,
941 3789 1018 3854 ὡς
1048 3791 1318 3862 προέφην,
1360 3789 1628 3860 προάγειν
1657 3789 1969 3853 ἐκέλευσεν,

384 3881 750 3950 Μασσαγέτας
806 3881 864 3934 δέ
916 3881 976 3936 ἐν
1027 3881 1297 3952 ἀριστερᾷ
1333 3878 1435 3948 τῆς
1485 3878 1747 3949 στρατιᾶς
1811 3877 1967 3930 ἰέναι.

394 3974 643 4046 ’Δματᾶς
663 3972 722 4026 δὲ
753 3972 855 4026 ούκ
874 3973 932 4025 ἐν
949 3971 1122 4025 δέοντι
1147 3970 1378 4040 ἀφίκετο
1405 3969 1606 4041 χρόνῳ,
1637 3966 1775 4020 ἀλλὰ
1799 3966 1891 4019 καὶ
1914 3964 1974 4018 τδ

386 4065 596 4136 πλῆθος
624 4065 730 4118 τῶν
767 4063 1092 4135 Ούανδήλων
1123 4063 1191 4116 ἰν.
1209 4061 1522 4133 Καρχηδόνι
1561 4059 1846 4124 ἀπέλιπεν,
1882 4059 1976 4112 καὶ

386 4157 465 4218 ὡς
489 4157 722 4226 τάχιστα
749 4157 831 4219 εἰς
864 4155 926 4209 τὸ
950 4155 1188 4226 Δέκιμον
1215 4153 1444 4223 ἀφίκετο
1483 4153 1580 4205 σὺν
1609 4150 1832 4218 ὀλίγοις,
1883 4149 1977 4202 καὶ

388 4253 500 4307 οὐδ’
532 4251 733 4315 αὐτοὺς
775 4251 1231 4320 συνειλεγμένους
1280 4250 1348 4303 ¹¹.
1412 4247 1763 4318 Συναντήσας
1807 4245 1865 4299 δέ
1903 4243 1979 4316 τῷ

403 4347 630 4418 Ἰωάννῃ
662 4347 744 4408 εἰς
787 4345 974 4414 χεῖρας
1005 4323 1192 4414 ἦλθέν,
1229 4343 1325 4395 καὶ
1357 4341 1631 4395 κτείνεται
1665 4339 1769 4393 ύπδ
1796 4339 1979 4393 Ἰωάν-

391 4457 512 4503 νου,
545 4438 651 4492 καὶ·
669 4437 967 4507 τρέπονται
993 4436 1044 4489 οἰ
1073 4435 1170 4488 σὺν
1196 4433 1346 4505 αύτῷ
1385 4431 1678 4501 φεύγοντες
1701 4430 1978 4503 ἀκρατῶς,

395 4531 492 4585 καὶ
518 4528 809 4583 ἀνεσόὸουν
841 4525 1052 4590 πάντας
1089 4525 1216 4588 τοὺς
1247 4527 1311 4579 ἐκ
1340 4524 1687 4594 Καρχηδόνος
1717 4525 1762 4554 ²²
1785 4524 1865 4586 εἰς
1894 4520 1985 4575 Δέ-

399 4635 566 4690 κιμον
624 4618 825 4681 ἰόντας,
873 4615 1111 4687 οἰόμενοι
1138 4616 1266 4679 τοὺς
1292 4613 1588 4677 διώκοντας
1636 4611 1986 4683 παμπληθεῖς

401 4711 561 4768 εἶναι.
590 4712 845 4778 Ἰωάννης
870 4709 927 4762 δὲ
963 4709 1059 4762 καὶ
1087 4709 1136 4762 oi
1167 4708 1264 4762 σὺν
1289 4707 1437 4762 αὐτῶ
1474 4705 1593 4780 [οὓς
1635 4705 1708 4779 ²³]
1755 4703 1992 4774 ἔσφαζον

2069 3141 2405 3197 instrueret:
2447 3148 2570 3204 quae
2620 3131 2866 3194 Atnatas,
2896 3131 3060 3197 prout
3094 3128 3253 3178 erant
3300 3117 3481 3188 jussa,
3523 3111 3654 3168 fide-

2069 3234 2198 3292 liter
2233 3237 2529 3288 exsecutus
2563 3232 2670 3282 est.
2698 3221 2838 3277 Tum
2885 3216 3182 3274 Bclisarius
3217 3210 3486 3268 Archelao
3517 3220 3656 3278 pra:-

2071 3327 2216 3385 fecto
2281 3332 2338 3381 et
2403 3319 2706 3391 Calonytno
2763 3310 3042 3369 navarcho
3112 3306 3416 3369 mandavit,
3473 3308 3535 3356 ut
3588 3296 3658 3352 ad

2071 3415 2464 3488 Carthaginem
2541 3408 2769 3481 propius
2835 3405 3069 3461 classem
3121 3398 3497 3459 admoverent,
3556 3401 3657 3444 nec

2075 3519 2256 3566 tamen
2282 3481 2744 3577 vimpressionem
2812 3496 2868 3552 in
2916 3493 3110 3550 urbem
3169 3488 3434 3551 facerent,
3481 3481 3664 3538 donec

2075 3607 2194 3676 ipse
2233 3601 2484 3672 juberet:
2527 3595 2645 3666 ipse
2690 3603 2821 3647 vero
2872 3585 3155 3643 Decimum
3200 3577 3394 3637 stadiis
3435 3588 3660 3649 septua-

2078 3670 2246 3769 ginta—
2282 3690 2616 3761 Carthagine
2665 3683 2878 3739 distans
2922 3675 3174 3734 secessit.
3209 3670 3449 3731 Gelimer
3483 3677 3680 3724 autem

2077 3765 2478 3844 Cibamundum
2548 3782 2800 3847 nepotem
2878 3784 3004 3826 cum
3067 3767 3309 3840 millibus
3380 3765 3660 3818 hominum

2079 3877 2296 3937 duobus
2329 3873 2554 3929 sinistra
2579 3871 2681 3924 iter
2734 3864 2940 3921 habere
2979 3861 3167 3934 jussit,
3209 3867 3268 3914 ut
3301 3858 3496 3912 Amata
3523 3855 3661 3909 Car-

2083 3969 2358 4040 thaginem
2386 3977 2580 4020 versus
2613 3968 2760 4015 recta
2797 3955 3076 4016 tendente,
3113 3951 3232 4022 ipse
3265 3961 3410 4019 pone
3459 3960 3656 4016 seque-

2082 4039 2255 4122 retur,
2302 4063 2510 4112 etcum
2553 4044 2916 4110 Cibamundo,
2950 4059 3014 4100 ex
3053 4041 3188 4096 locis
3219 4040 3285 4094 ad
3330 4039 3515 4094 laevam
3560 4049 3664 4106 p0-

2085 4151 2209 4209 sitis
2260 4146 2622 4209 adveniente,
2663 4155 2760 4212 per
2803 4139 3013 4192 circum
3061 4131 3315 4189 hostilem
3360 4128 3662 4186 exercitum

2095 4241 2395 4306 obsideret,
2431 4251 2593 4308 quem
2644 4247 2753 4288 una
2795 4229 2958 4286 simul
3012 4241 3204 4283 omnes
3249 4221 3662 4280 concluderent.

2086 4335 2357 4392 Caeterum
2408 4325 2730 4388 Belisarius,
2763 4331 2823 4378 ut
2868 4320 3130 4392 praztnisi,
3167 4317 3431 4373 Joannem
3465 4329 3666 4386 praece-

2088 4427 2217 4483 dere
2243 4417 2552 4492 imperavit.
2582 4425 2638 4472 et
2686 4413 3026 4483 Massagetas
3085 4408 3221 4464 aciei
3261 4407 3540 4462 sinistram
3586 4411 3665 4459 tc-

2089 4527 2242 4570 nere.
2298 4500 2524 4564 Amatas
2571 4515 2754 4560 autem
2789 4510 3100 4573 opportuno
3143 4508 3388 4568 tempore
3430 4510 3536 4549 non
3585 4500 3668 4548 est

2093 4615 2442 4678 progressus,
2473 4612 2664 4654 verum
2712 4591 2887 4663 cepiis
2919 4587 3294 4644 V'andalorum
3336 4575 3668 4654 Carthagine

2095 4675 2328 4756 reiictis.
2358 4689 2552 4762 paucis
2581 4685 2898 4749 comitatus,
2932 4680 3027 4737 sed
3062 4692 3238 4748 neque
3276 4676 3413 4732 bene
3439 4675 3668 4745 junctis,

1683 4819 1918 4878 VARIE
1971 4810 2376 4874 LECTIONES.

492 4971 516 5004 ⁸
540 4968 816 5024 διεστάναι
843 4965 908 5019 Α.
990 4967 1018 4999 ⁸
1053 4960 1383 5032 ἀφικόμενος
1411 4959 1473 5032 _A.
1493 4955 1901 5032 ἀφικνούμενος
1945 4956 2093 5032 vulg.
2163 4945 2626 5032 ρίκείᾳΔΑηίδίᾳ
2657 4942 2806 5032 νὶιιε.
2859 4933 3424 5032 ὶνλπὲιησξιὲθαιηῇχθ,
3451 4933 3671 5032 vrso-dy:

406 5060 521 5098 των
553 5041 700 5106 vulg.
771 5039 793 5069 ⁸
824 5037 949 5106 καθῖ
978 5031 1313 5106 ἑκάστην-,δι

409 5099 740 5180 Οὺανδήλων
780 5108 846 5180 Α,
872 5105 968 5180 τοῦ
997 5099 1489 5180 υύανδήλουινυίς.

412 5147 1580 5238 :55."'ttwa'uéihééinllﬂj'aééxatiaﬁém
1608 5147 1761 5237 vulg:
1772 5147 1789 5150 ⁷
1806 5147 2141 5238 “mutetis:
2173 5147 2264 5238 καὶ
2287 5163 2412 5238 τρὺς
2443 5147 2851 5238 Α,.αίξτὸν,.καὶ
2877 5147 3005 5212 τους
3022 5147 3199 5238 ηνυιβ.

412 5223 542 5307 ἴω
574 5251 615 5282 ⁸⁷
1062 5223 1263 5298 alii“.
1298 5241 1447 5309 vulg.
1513 5240 1556 5271 “
1588 5223 1786 5301 αὐτούς
1812 5237 1879 5302 Α,
1918 5235 2082 5290 αὑτὸν
2113 5236 2260 5304 vulg.
2276 5272 2306 5298 ,_
2320 5231 2446 5285 fort.
2473 5227 2657 5290 αὑτός.
2709 5223 2753 5256 ¹⁶
2783 5223 3091 5346 ἀρὶστερῶν

415 5324 466 5346 ι.
516 5321 833 5346 ---λημμ-
882 5319 907 5346 Α
985 5316 1296 5346 --ωηερε-,η
1327 5312 1453 5346 νηιη
1570 5311 1613 5340 ιι
1640 5309 1824 5346 nam»
1852 5305 2290 5346 ηιιυεσλρνηέυοιε
2322 5303 2383 5346 Δ-
2463 5300 2510 5332 ³³
2541 5299 2606 5346 ἐκ
2629 5298 2821 5346 Καονη
2886 5305 2976 5346 vo:
3001 5288 3068 5346 A.

1570 5311 1613 5340 "
1639 5298 1824 5370 αὐτοῖς
1852 5298 2290 5374 συνειλεγμένοις
2317 5303 2384 5356 Α.
2463 5300 2510 5332 ³³
2541 5299 2606 5351 ἐκ
2629 5298 2823 5367 Καρχη

415 5324 466 5354 ³⁸
514 5321 836 5445 «stramen
875 5319 940 5380 Α,
985 5316 1303 5384 ποιήσονται
1327 5312 1473 5382 vulg.

421 5392 471 5426 ⁸³
493 5390 590 5445 οὓς
652 5389 905 5445 ciendum
937 5401 1060 5442 esse
1092 5383 1330 5438 videtur.

421 5392 471 5426 ⁸³
493 5390 590 5455 οὓς
615 5383 905 5446 delendum
937 5401 1060 5442 esse
1092 5383 1330 5438 videtur.

1415 5005 1900 5091 ῖὸῖὶὲὶόξλξὲἷιὲὸὶ
1953 5005 2136 5097 tu};
2176 5023 2225 5097 ίξ
2249 5005 2634 5097 surgamus
2671 5005 2885 5097 ιιξξιαι
2908 5005 3394 5097 ἠρβασξλείαννιιις.

1562 5074 2656 5163 δτδίέιᾶσταταιἿ-Ᾰῗξδιηδέστατοιὴνυιε..
2705 5083 2749 5114 ⁸³
2780 5074 3562 5163 ὀπωρίμοις],όπὼροιςὶοοιξιιί

3494 5005 3535 5036 ¹¹
3560 5003 3672 5056 τῶν

3277 5147 3321 5176 ¹⁶
3345 5145 3413 5197 τὰ
3447 5143 3572 5196 add.
3607 5154 3672 5193 ex

3190 5255 3204 5279 ,
3237 5211 3502 5286 ἀριστερά
3527 5207 3672 5286 vulg.

2886 5275 3068 5354 νοςἈ,
3099 5287 3157 5339 ἐν
3184 5275 3492 5356 Καρχηδόνι
3521 5275 3670 5347 vulg.

1715 5464 1855 5522 JAC.
1890 5463 2102 5522 GOARI
2141 5459 2375 5519 NOTAE.

492 5576 610 5646 (5|)
635 5575 865 5641 Quidam
889 5587 954 5628 ex
970 5571 1051 5626 his
1074 5569 1326 5646 quicque
1348 5564 1586 5646 celeriter
1615 5559 2001 5646 invectinregias

423 5629 702 5729 ῃςδξεξιιῖιι
723 5646 949 5708 litteras,
982 5629 1112 5714 quos
1151 5629 1464 5694 Veredarios
1483 5632 1775 5704 appellant.
1800 5629 2004 5685 Proco-

430 5722 558 5792 pius
584 5719 749 5774 idcm.
1213 5745 1236 5774 ο

2176 5556 2288 5628 (32)
2322 5554 2542 5615 Lectus.
2578 5551 2968 5617 Adrumetum,
2992 5545 3216 5602 Gressa.

2175 5627 2289 5700 (35)
2324 5628 2626 5682 Ammatas.
