3848 6194
346 220 462 307 an

1734 222 2146 284 THEOPHAN
2158 225 2223 285 IS

3495 209 3605 275 μθ

356 338 424 394 ad
454 336 687 395 invicem
724 334 1003 392 Decimum
1028 333 1360 404 quantocius
1391 334 1701 390 contendit.
1731 334 1928 391 Joanni

2040 336 2136 401 ἕως
2156 336 2265 390 τῶν
2294 332 2834 404 πυλῶνΚαρχηδόνος
2859 330 3167 394 τοσούτους,
3199 328 3337 383 ὥστε
3363 327 3609 391 εἰκάζει]

354 447 484 487 vero
537 430 715 487 factus
767 427 982 483 obviam
1044 426 1296 482 manibus
1350 441 1473 481 cum
1529 442 1593 481 eo
1656 429 1927 483 consertis

356 524 646 585 occiditur.
678 521 1015 590 comitesque
1058 518 1164 574 fusi
1207 529 1258 575 et
1298 520 1352 573 in
1409 518 1590 591 fugam
1620 520 1928 590 prarcipites

354 615 519 677 versi,
573 615 893 669 immensam
954 612 1358 681 insequentium
1443 611 1684 666 hostium
1757 612 1927 665 aciem

352 719 475 760 esse
530 704 657 763 rati,
716 701 998 757 Decimum
1052 702 1363 765 convolare,
1418 711 1472 755 et
1510 701 1698 755 urbem
1762 700 1927 753 tutari

352 796 793 850 commonebant.
847 792 1110 859 Joannes,
1160 801 1365 857 autem,
1417 802 1471 847 et
1518 793 1610 862 qui
1664 807 1767 845 una
1826 808 1930 862 pu-

350 887 615 959 gnabant,
668 896 775 941 tam
825 900 1081 955 magnum
1124 884 1365 939 hostium
1415 899 1705 937 numerum
1758 900 1931 953 usque

352 978 420 1033 ad
462 980 609 1050 ipsas
664 977 1014 1048 Carthaginis
1073 985 1257 1047 portas
1301 979 1641 1040 occiderunt.
1677 987 1736 1033 ut
1781 978 1933 1046 quis-

349 1072 475 1142 quis
525 1078 730 1125 tantam
777 1081 1015 1141 stragem
1070 1070 1229 1142 164
1279 1070 1527 1136 vidisset,
1557 1086 1675 1126 eam
1712 1071 1931 1125 nonnisi

352 1179 384 1218 a
428 1164 617 1233 viginti
670 1164 953 1219 hominum
1005 1165 1248 1220 millibus
1286 1163 1371 1219 edi
1404 1179 1565 1235 posse
1606 1163 1764 1218 facile
1816 1163 1933 1218 exi-

350 1256 618 1312 stimaret.
669 1255 1048 1312 Cibamundus
1077 1263 1131 1310 et
1158 1256 1250 1325 qui
1288 1255 1699 1310 comitabantur
1732 1256 1934 1309 milites

352 1350 439 1405 bis
468 1349 637 1416 inille,
671 1348 800 1404 dum
828 1349 1110 1420 suppetias
1141 1348 1310 1404 sociis
1339 1346 1598 1411 ati'eruut,
1644 1348 1697 1402 in
1746 1346 1934 1401 Unnos

352 1440 661 1495 incidentes
707 1454 899 1495 omnes
952 1439 1116 1495 deleti
1176 1448 1325 1495 sunt.
1368 1439 1667 1494 Belisarius
1699 1453 1823 1493 cum
1862 1437 1930 1492 ad

356 1530 634 1586 Decimum
694 1530 1053 1596 substitisset,
1108 1529 1241 1584 nihil
1298 1531 1489 1584 borum
1536 1530 1793 1586 rescivit:
1840 1528 1933 1584 sed

352 1623 496 1679 vallo
544 1623 918 1679 circumducto
967 1630 1147 1679 castra
1196 1632 1431 1677 metatus
1485 1631 1590 1687 est,
1629 1622 1682 1677 in
1735 1621 1935 1691 quibus

351 1731 577 1771 uxorem
614 1724 666 1771 et
691 1716 971 1786 pedestres
998 1715 1188 1784 c0pias
1222 1714 1465 1785 reliquit.
1494 1712 1616 1784 lpse
1652 1712 1938 1783 equitibus

353 1806 611 1876 stipatus,
641 1815 693 1861 et
736 1806 969 1860 ducibus
1025 1820 1209 1860 secum
1261 1804 1516 1876 sumptis,
1554 1803 1940 1874 Carthaginem

351 1898 657 1953 contendit.
708 1896 846 1951 Cum
905 1906 1085 1952 autem
1146 1906 1391 1951 mortuos
1449 1896 1503 1949 in
1561 1895 1648 1949 via
1699 1895 1944 1963 jacentes

354 1986 650 2059 ipsumque
704 1988 956 2041 Amatam
1009 2002 1115 2042 una
1170 2003 1293 2042 cum
1366 1985 1628 2041 Vandalis
1673 1986 1942 2049 occisum,

351 2077 670 2147 omniaque,
716 2088 879 2146 prout
906 2086 1058 2147 gesta
1090 2076 1328 2142 fuerant,
1358 2077 1716 2148 percepisset,
1756 2085 1938 2131 tumu-

350 2167 464 2222 lum
506 2166 831 2235 ascendens,
862 2169 1137 2238 pulverem
1184 2170 1467 2224 meridiem
1512 2184 1704 2224 versus
1736 2171 1944 2224 excita-

353 2267 471 2312 tum
530 2273 900 2331 magnumque
942 2257 1316 2315 Vandalorum
1373 2261 1621 2330 equitum
1673 2275 1864 2332 agmen
1911 2275 1942 2314 a

354 2346 627 2403 Celimere
681 2348 904 2403 ductum
965 2350 1283 2421 prospexit:
1356 2350 1683 2406 Cibamundi
1742 2350 1943 2420 quippe

354 2438 565 2495 cladem
599 2448 652 2495 et
676 2440 886 2496 Amatae
921 2442 1121 2496 caedem
1152 2443 1441 2513 ignorabat
1475 2443 1653 2497 adhuc
1678 2442 1939 2498 Gelimer.

354 2529 491 2585 Cum
515 2546 643 2586 vero
670 2532 889 2601 utrique
920 2533 987 2587 ad
1024 2534 1257 2588 invicem
1286 2535 1511 2604 propius
1554 2535 1938 2601 accessissent,

354 2632 747 2694 prtevertentes
778 2623 1009 2680 Vandali
1046 2626 1314 2680 tumulum
1346 2636 1639 2697 occupant,
1690 2636 1744 2681 et
1773 2625 1841 2681 de
1881 2642 1941 2681 se

358 2725 623 2772 terrorem
658 2716 953 2773 maximum
988 2718 1239 2775 hosubus
1272 2719 1580 2774 incutiunt:
1615 2734 1785 2790 quare
1830 2718 1941 2774 Ro-

357 2807 509 2863 mani
558 2809 611 2863 in
661 2807 843 2879 fugam
896 2810 1044 2865 versi
1103 2810 1369 2866 secedunt
1406 2811 1461 2865 in
1509 2811 1691 2866 vicum
1745 2812 1940 2867 stadiis

358 2908 568 2973 septem
598 2918 626 2957 a
660 2901 881 2958 Decimo
902 2913 1193 2960 remotum.
1225 2904 1370 2962 Deus
1397 2913 1577 2962 autem
1610 2917 1804 2976 praeter
1828 2919 1940 2961 om-

361 3011 484 3050 nem
519 2996 835 3066 opinionem
876 2994 1153 3053 Vandalos
1212 2998 1265 3052 in
1316 3009 1518 3053 metum
1578 2998 1841 3070 eonjecit:
1892 2998 1937 3055 si

360 3091 505 3145 enim
561 3089 833 3161 fugientes
882 3091 1146 3147 continuo
1190 3092 1422 3147 insecuti
1489 3101 1696 3159 essent,
1750 3107 1942 3149 omnes

361 3181 581 3250 penitus
631 3197 755 3237 cum
809 3183 927 3253 ipso
975 3182 1241 3239 Belisario
1274 3184 1341 3239 ad
1392 3184 1818 3240 internecionem
1848 3184 1944 3240 de—

360 3273 621 3329 ievissent
661 3275 820 3346 (adeo
849 3275 1047 3349 quippe
1078 3291 1370 3331 numerosa
1418 3285 1536 3331 erat
1572 3276 1942 3333 Vandalorum

363 3364 682 3432 multitude)
722 3374 776 3419 et
805 3363 1067 3420 Joannem
1119 3366 1447 3436 Carthagine
1494 3376 1856 3422 revertentem
1891 3374 1945 3423 et

363 3454 419 3509 in
458 3455 650 3523 spoliis
688 3464 1029 3509 mortuorum
1058 3454 1381 3525 diripiendis
1414 3464 1764 3527 occupatum,
1792 3456 1944 3512 nullo

363 3547 583 3617 negotio
616 3546 927 3617 potuissent
960 3548 1444 3618 comprehendere.
1478 3548 1715 3606 Gelimer
1750 3550 1944 3605 relicto

363 3643 603 3709 tumulo,
639 3642 733 3698 ubi
778 3652 1059 3698 mortuum
1112 3642 1336 3699 fratrem
1378 3642 1739 3712 oﬂ‘endit,.ad
1791 3645 1946 3715 plan-

362 3744 489 3791 ctus
535 3743 591 3792 et
635 3735 899 3806 ejulatum
954 3749 1257 3790 conversus
1312 3744 1397 3791 est
1474 3744 1645 3803 totus,
1698 3751 1765 3791 ex
1835 3752 1947 3808 quo

363 3826 610 3881 victoriae.
641 3826 789 3882 acies
823 3826 871 3880 ei
902 3827 1165 3882 remansit
1205 3827 1429 3882 omnino
1486 3827 1704 3882 obtusa.
1748 3827 1948 3883 Belisa-

367 3918 486 3973 rius
536 3918 868 3986 fugientibus
894 3918 1089 3974 sistere
1124 3918 1321 3989 jussis,
1367 3932 1495 3973 mox
1529 3927 1727 3975 cuncta
1756 3920 1947 3991 dispo-

2030 429 2156 489 τοὺς
2204 424 2445 495 ὁρῶντας
2475 423 2776 494 δισμυρίων
2810 419 3085 491 πολεμίων
3132 418 3192 472 τδ
3226 418 3385 489 ἔργον
3439 413 3603 471 εἶναι.

2033 515 2406 587 Κιϐαμοῦνδος
2434 514 2491 567 δὲ
2521 514 2694 567 κα.ὶοὶ
2736 514 2834 566 σὺν
2889 511 3038 583 αὐτῷ
3085 509 3333 579 δισχίλιοι
3378 527 3609 578 περιπε-

2034 607 2307 671 πτωκότες
2336 608 2391 659 ἐν
2414 608 2480 677 τῇ
2511 605 2649 675 ἀλκῇ
2683 605 2795 668 τοῖς
2816 602 3057 666 θύννοις,
3083 600 3360 655 ἀπώλοντο
3385 603 3609 664 πάντες,

2034 700 2346 771 Βελισάριος
2377 698 2432 751 δὲ
2464 700 2541 761 είς
2575 697 2808 767 Δέκιμον
2834 695 2929 759 ῶν,
2956 695 3111 749 οὐδὲν
3152 694 3354 747 τούτων
3375 693 3614 763 ἔμαθεν*

2033 790 2169 844 ἀλλά
2194 790 2502 861 χαράκωμα
2529 786 2858 859 περιϐαλὼν,
2888 787 3280 855 ἑφοσσάτευσεν
3298 786 3366 849 ⁸³,
3384 784 3618 838 καταλι-

2033 881 2151 935 πὼν
2184 881 2369 935 αὐτόθι
2400 880 2499 951 τὴν
2529 884 2763 949 γυναῖκα
2795 880 2957 933 αὐτοῦ
2992 878 3087 932 καὶ
3112 880 3237 941 τοὺς
3260 877 3476 943 πεζούς.
3502 878 3619 929 Δύ-

2033 976 2123 1039 τὸς
2142 976 2197 1027 δέ
2224 974 2405 1027 λαϐὼν
2432 975 2556 1037 τοὺς
2592 975 2778 1036 ἱππεῖς
2796 974 2840 1004 ’⁸
2870 975 2965 1027 καὶ
2991 973 3117 1037 τοὺς
3143 972 3437 1043 ἡγεμόνας,
3458 970 3616 1024 ἐπὶ¹⁸

2035 1066 2358 1137 Καρχηδόνα
2407 1066 2625 1135 ἐχώρει,
2681 1063 2873 1136 Εύρὼν
2918 1064 2974 1117 δὲ
3018 1065 3143 1127 τοὺς
3182 1065 3226 1095 ’⁷
3258 1062 3623 1123 πεπτωκότας

2034 1158 2262 1227 νεκροὺς
2290 1156 2381 1210 τόν
2434 1172 2493 1209 τε
2524 1156 2768 1227 Ἀματᾶν
2816 1156 2910 1207 καὶ
2956 1156 3082 1217 τοὺς
3110 1153 3471 1223 Οὐανδήλους,
3520 1151 3625 1204 καὶ

2038 1245 2226 1317 μαθὼν
2281 1246 2351 1300 τὰ
2395 1247 2678 1315 γεγονότα,
2725 1246 2805 1310 είς
2841 1246 3004 1315 λόφον
3050 1244 3176 1298 τινὰ
3210 1243 3470 1308 ἀνελθὼν,
3514 1244 3629 1315 όρᾷ

2034 1338 2313 1410 κονιορτὸν
2361 1340 2426 1392 ἐκ
2466 1338 2837 1411 μεσημϐρίας,
2880 1338 2974 1392 καὶ
3025 1336 3343 1409 Ούανδὴλων
3404 1337 3627 1390 ἱππέων

2038 1433 2242 1504 πλῆθος
2269 1432 2426 1501 πολὺ,
2458 1430 2763 1504 ἡγουμένου
2787 1432 2969 1494 αὐτοῖς
2993 1431 3306 1503 Γελίμερος,
3370 1430 3446 1500 μὴ
3475 1429 3630 1498 γνὼο

2038 1544 2231 1591 σαντος
2265 1528 2402 1597 μήτε
2424 1526 2484 1581 τδ
2509 1525 2885 1596 Κιϐαμούνδου
2916 1525 3084 1589 πάθος
3108 1525 3244 1595 μήτε
3260 1523 3319 1577 τὸ
3340 1522 3434 1576 τοῦ
3458 1523 3631 1593 Ἀμα-

2039 1622 2129 1675 τᾶ.
2151 1620 2305 1675 Ἐπεὶ
2332 1620 2584 1703 δὲῂέγγὺς
2612 1618 2857 1690 ἀλλήλων
2886 1618 3146 1687 γεγόνασι
3180 1617 3631 1688 προτερήσαντις

2050 1713 2370 1783 Ούανδῆλοι,
2408 1715 2499 1766 τὸν
2525 1711 2687 1782 λόφον
2713 1710 3216 1781 καταλαμϐάνουσι,
3263 1709 3359 1763 καὶ
3401 1708 3632 1779 φοϐεροὶ
3744 1790 3747 1791 ν

2047 1808 2157 1869 τοῖς
2182 1804 2445 1869 ἐναντίοις
2478 1803 2817 1873 ἐδείχθησαν.
2846 1803 2908 1856 Οἱ
2933 1802 2989 1855 δέ
3041 1801 3295 1873 Ῥωμαῖοι
3324 1801 3631 1872 τραπέντες

2047 1900 2126 1962 εἰς
2150 1898 2352 1969 χωρίον
2400 1896 2754 1966 ἀφικνοῦνται
2807 1895 3053 1958 σταδίους
3080 1895 3221 1947 ὲπτά
3262 1892 3355 1946 τοῦ
3384 1893 3631 1961 Δεκίμου

2048 1991 2271 2059 ἀπέχον.
2305 1989 2433 2053 Θεὸς
2465 1990 2522 2043 δὲ
2550 1988 2774 2052 τούτους
2806 1986 3123 2057 παραδόξως
3148 1983 3447 2047 ἀλλοιώσας
3473 1982 3523 2014 ⁸⁸
3552 1983 3635 2045 είς

2045 2081 2247 2136 δειλίαν
2276 2082 2627 2151 κατέστησεν.
2664 2082 2726 2134 Ei
2766 2080 2876 2152 γὰρ
2897 2079 2994 2151 τὴν
3025 2077 3204 2142 δίωξιν
3229 2077 3391 2139 εὐθὺς
3436 2074 3636 2145 ἐποιή-

2048 2192 2234 2241 σαντο,
2304 2173 2473 2245 ἄρδην
2516 2172 2764 2236 ἅπαντας
2819 2172 2916 2226 σὺν
2967 2170 3264 2241 Βελισαρίῳ
3314 2167 3636 2237 διέφθειραν

2048 2263 2322 2336 (τοσοῦτον
2368 2258 2437 2335 ἦν
2483 2264 2544 2316 τὸ
2594 2261 2796 2333 πλῆθος
2852 2261 2961 2314 τῶν
2990 2258 3355 2332 Οὑανδήλων),
3413 2260 3509 2311 καὶ
3540 2258 3638 2311 τὸν

2058 2354 2313 2425 Ἰωάννην
2341 2352 2754 2424 ὑποστρέφοντα
2798 2353 2863 2404 ἐκ
2888 2350 3240 2422 Καρχηδόνος
3268 2350 3362 2402 καὶ
3393 2346 3639 2401 σκυλεύο

2044 2461 2171 2497 οντα
2224 2444 2349 2507 τοὺς
2406 2444 2710 2507 τεθνεῶτας
2759 2443 2995 2513 ἀπονητὶ
3050 2440 3325 2511 κρατῆσαι
3364 2438 3631 2509 ἤμελλον.

2046 2535 2266 2591 Κατιὼν
2292 2536 2349 2590 δὲ
2376 2536 2441 2589 ἐκ
2466 2535 2560 2589 τοῦ
2584 2535 2747 2604 λόφου
2761 2534 3020 2605 Γελίμερ,
3048 2533 3142 2587 καὶ
3160 2530 3335 2603 εὑρὼν
3358 2532 3451 2583 τὴν
3474 2530 3639 2583 ἀδελ-

2046 2626 2143 2697 φδν
2172 2628 2385 2699 νεκρὸν,
2420 2628 2500 2690 είς
2531 2642 2592 2681 τε
2615 2626 2937 2698 ὀλοφύρσεις
2964 2626 3198 2697 ἐτράπη,
3228 2626 3323 2677 καὶ
3347 2624 3446 2691 τῆς
3469 2623 3640 2691 νίκης

2040 2719 2141 2792 τὴν
2166 2720 2350 2790 ἀκμὴν
2374 2720 2669 2791 ἤμϐλυνεν.
2722 2719 3039 2788 Βελισάριος
3076 2717 3132 2770 δὲ
3166 2716 3293 2779 τούς
3324 2732 3383 2769 τε
3415 2718 3461 2748 ⁸³
3491 2714 3639 2784 φεύ·

2040 2828 2237 2882 γοντας
2261 2812 2448 2883 στῆναι
2472 2812 2756 2877 κελεύσας,
2776 2812 2867 2864 καὶ
2889 2811 3126 2880 κοσμίως
3154 2809 3331 2863 πάντα
3346 2806 3637 2872 διατάξας,

2044 2904 2139 2959 καὶ
2173 2903 2442 2968 ὀνειδίσας
2476 2906 2575 2974 τῆς
2628 2904 2866 2969 δειλίας,
2906 2903 3002 2956 καὶ
3059 2902 3156 2974 τὴν
3208 2900 3470 2970 τελευτὴν
3520 2899 3638 2953 τῶν

2047 2996 2328 3061 ἐναντίων,
2371 2996 2487 3069 ἅμα
2512 3013 2571 3049 τε
2598 2996 2693 3049 καὶ
2736 2996 2835 3066 τὴν
2868 2997 2913 3028 ³ο
2943 2995 3193 3049 Ἰωάννου
3225 2994 3382 3063 νίκην
3412 2992 3645 3059 μαθὼν,

2008 3086 2021 3129 'v
2046 3090 2231 3162 δρόμῳ
2260 3090 2357 3145 καὶ
2384 3090 2607 3162 ἀνδρείᾳ
2638 3090 2731 3142 ἐπὶ
2758 3089 3030 3160 Γελίμερα
3060 3091 3246 3160 χωρεῖ.
3297 3090 3362 3141 Ol
3415 3087 3472 3140 δὲ
3497 3086 3643 3157 βάρ-

2046 3184 2202 3255 ϐαροι
2226 3181 2702 3255 ἀπαρασκεύαστοι
2719 3182 3054 3253 εύρεθέντες,
3079 3182 3161 3241 είς
3182 3182 3361 3250 φυγὴν
3397 3178 3643 3249 ἐτράπη·

2048 3292 2149 3331 σαν
2177 3273 2467 3346 κραταιὰν,
2500 3273 2596 3327 καὶ
2626 3272 2856 3337 πολλοὺς
2887 3271 3252 3335 ἀποϐαλόντες
3280 3272 3360 3334 είς
3385 3271 3644 3339 Μήδειαν

2047 3367 2285 3439 ἐχώρουν
2340 3367 2453 3439 (34)
2485 3365 2876 3429 καταλιπόντες
2926 3365 3269 3437 Καρχηδόνα.
3331 3362 3551 3427 Νυκτὸς
3580 3362 3645 3417 δὲ

2048 3458 2482 3532 καταλαϐούσης,
2529 3460 2636 3513 ὅτε
2674 3456 2990 3529 Βελισάριος
3022 3458 3116 3511 καὶ
3160 3456 3416 3526 Ἰωάννης
3455 3456 3557 3509 καὶ
3586 3458 3643 3508 οἱ

2047 3552 2407 3622 Μασσαγέται
2465 3553 2546 3615 είς
2594 3552 2828 3624 Δέκιμον
2866 3550 3211 3621 ἀφικόμενοι,
3259 3549 3443 3602 πάντα
3477 3548 3525 3580 ³¹
3570 3548 3647 3600 τὰ

2049 3645 2435 3718 συμϐεϐηκότα
2462 3644 2746 3715 μαθόντες,
2777 3643 2997 3714 ἔχαιρον
3018 3659 3029 3673 ·
3057 3645 3123 3713 τῇ
3151 3642 3207 3695 δέ
3228 3640 3493 3711 ἐπαύριον
3521 3641 3649 3711 ἁμα

2048 3738 2155 3792 τῶν
2183 3736 2363 3803 πεζῶν
2397 3737 2490 3791 καὶ
2520 3739 2585 3807 τῇ
2638 3734 2959 3805 Βελισαρίου
3008 3734 3228 3802 γυναικὶ
3258 3734 3505 3797 ἅπαντες
3550 3733 3654 3785 ἐπὶ

2049 3829 2374 3902 Καρχηδόνα
2402 3828 2746 3903 ἐπορεύοντο.
2774 3830 2837 3883 Οἱ
2866 3828 2923 3882 δὲ
2941 3826 3300 3899 Καρχηδόνιοι
3330 3824 3431 3888 τὰς
3459 3824 3653 3889 πύλας

2048 3922 2494 3989 ἀναπετάσαντες
2523 3924 2617 3977 καὶ
2668 3922 2839 3993 λύχνα
2873 3922 3131 3991 ἄψαντες,
3167 3919 3447 3988 πανδημεὶ
3499 3918 3655 3989 πρὸς

368 4012 449 4067 nit
469 4022 682 4078 ornate,
713 4011 1059 4067 formidinem
1091 4012 1405 4081 exprobrat,
1430 4014 1754 4085 cognitaque
1784 4029 1944 4085 quam

366 4102 745 4157 sustinuerant
773 4102 959 4157 hostes
999 4108 1184 4172 strage
1207 4110 1261 4157 et
1288 4118 1317 4155 a
1347 4101 1556 4158 Joanne
1587 4114 1737 4174 parta
1776 4105 1949 4159 victo-

366 4192 474 4261 ria,
527 4201 786 4248 contento
819 4195 1069 4263 corporis
1120 4210 1286 4250 cursu
1338 4203 1392 4250 et
1446 4196 1614 4251 animi
1652 4197 1848 4253 ardore
1892 4197 1946 4251 in

365 4281 691 4340 Gelimerem
732 4285 993 4355 impetum
1036 4284 1185 4341 facit.
1223 4286 1449 4341 Barbari
1502 4286 1789 4342 subeundo
1833 4302 1938 4341 eer-

2049 4291 2273 4357 τούτους
2307 4291 2575 4357 ἐδέξαντο.
2599 4292 2708 4345 Καὶ
2736 4293 2764 4345 ό
2789 4292 2891 4362 μέν
2920 4291 3167 4353 πλεῖστος
3202 4288 3386 4350 στόλος
3415 4287 3531 4358 τὴν
3562 4289 3666 4342 ὲν-

364 4374 558 4430 tamini
605 4374 826 4445 penitus
895 4375 1171 4445 imparati,
1228 4378 1282 4431 in
1346 4378 1580 4433 validam
1647 4379 1828 4451 fugam
1882 4396 1938 4437 se

2048 4382 2209 4452 τολὴν
2236 4381 2328 4436 τοῦ
2355 4382 2671 4454 Βελισαρίου
2697 4381 3031 4461 φυλάξαντες
3057 4382 3156 4434 οὐκ
3190 4377 3443 4451 εἰσῆλθον
3471 4380 3544 4431 ἐν
3576 4380 3670 4451 τῷ

366 4466 693 4540 conjiciunt,
741 4475 795 4521 ct
864 4468 1052 4523 multis
1087 4483 1310 4523 suorum
1358 4470 1576 4527 amissis
1615 4474 1938 4544 desertaque

2050 4473 2251 4545 λιμένι,
2286 4472 2398 4525 ἀλλ’
2456 4474 2560 4539 ἔξω
2594 4472 3010 4545 προσώρμισαν.
3045 4470 3378 4541 Καλώνυμος
3437 4469 3503 4523 δὲ
3552 4472 3669 4541 τὴν

364 4560 713 4631 Carthagine,
760 4557 991 4616 Mediam
1023 4576 1083 4618 se
1113 4562 1403 4635 recipiunt.
1433 4562 1536 4621 Ubi
1568 4580 1675 4621 nox
1712 4566 1937 4637 ingruit,

2053 4563 2339 4635 παρακοήν
2360 4563 2719 4634 ἐνδυσάμενος
2748 4562 3018 4633 εἰσῆλθεν,
3044 4562 3138 4616 καὶ
3164 4562 3232 4613 τὰ
3258 4560 3418 4612 πλοῖα
3449 4560 3671 4629 ληῖσὰ·

362 4648 685 4718 Belisarius,
725 4651 966 4711 Joannes
998 4662 1051 4710 et
1100 4653 1418 4727 Massagetae
1464 4657 1742 4713 Decimum
1784 4674 1938 4730 repe-

2055 4674 2217 4727 μενος
2242 4656 2413 4709 πολλά
2443 4656 2703 4726 χρήματα
2748 4655 3096 4725 άφήρπαζεν,
3136 4655 3230 4708 καὶ
3252 4656 3308 4707 ἐν
3337 4652 3380 4685 ⁸⁸
3409 4657 3535 4717 τοῖς
3562 4657 3670 4726 ἐρ-

365 4749 563 4804 tentes,
610 4746 843 4813 cunctis,
882 4762 1002 4819 qpte
1049 4746 1387 4814 acciderant,
1440 4749 1660 4816 auditis,
1693 4767 1938 4807 summo-

2052 4748 2369 4819 γαστηρίοις
2391 4750 2480 4801 καὶ
2506 4749 2674 4811 οἴκοις
2704 4749 2814 4810 τοῖς
2846 4747 3073 4817 πλησίον
3092 4746 3185 4800 τοῦ
3200 4747 3418 4817 λιμένος
3445 4748 3666 4819 είσῆλο

368 4842 501 4896 pere
547 4829 723 4899 gavisi
779 4842 931 4887 sunt.
980 4833 1210 4893 Postero
1261 4836 1350 4891 die
1389 4837 1563 4908 copiis
1588 4838 1936 4908 pedestribus

2051 4840 2164 4905 θεν,
2199 4841 2293 4895 καὶ
2328 4840 2554 4903 πολλοὺς
2583 4839 3025 4911 ᾐχμαλώτευσεν.
3072 4839 3331 4907 Ἀπονητὶ
3382 4837 3439 4891 δὲ
3470 4838 3664 4895 Βελι-

366 4919 581 4985 accitis,
627 4921 859 4994 conjuge
905 4941 1125 4998 quoque
1176 4928 1427 4986 Belisarii
1474 4945 1661 4987 secum
1692 4941 1934 5004 sumpta,

2050 4934 2237 5005 σάριος
2315 4934 2417 5003 τῆς
2455 4933 2797 5004 Καρχηδόνος
2869 4934 3150 5004 κρατήσας
3219 4931 3456 5003 παρῄνει
3529 4937 3663 4998 τοῖς

366 5012 553 5069 cuncti
582 5011 972 5085 Carthaginem
1005 5033 1200 5075 versus
1228 5021 1588 5093 arripuerunt
1634 5022 1761 5079 iter.
1804 5025 1938 5079 Car-

2047 5025 2407 5097 στρατιώταις
2448 5025 2651 5095 λέγων’
2708 5025 2945 5095 Ὁρᾶτε,
3004 5026 3188 5095 ἡλίκα
3237 5023 3659 5095 εὐτυχήματα

1655 5116 1889 5173 ἾΑΒῘΑΕ
1928 5117 2223 5174 LECTlON
2230 5118 2332 5177 ES.

2050 4015 2354 4087 ὑπάντησιν
2376 4015 2694 4087 Βελισαρίου
2717 4015 2943 4086 ἐξῄεσαν
2960 4016 3026 4071 ³⁸.
3048 4016 3107 4068 υἱ
3130 4014 3186 4067 δὲ
3214 4016 3269 4065 ἐν
3299 4012 3442 4083 αὐτῇ
3467 4012 3661 4064 Οὐαν-

2048 4108 2199 4179 δῆλοι
2250 4110 2308 4161 ἐν
2356 4110 2466 4172 τοῖς
2514 4108 2680 4179 ίεροῖς
2728 4109 3090 4179 προσέφυγον.
3133 4104 3564 4167 Καταλαϐὁντος
3595 4104 3663 4158 δὶ

2050 4200 2142 4253 καὶ
2162 4198 2256 4252 τοῦ
2288 4200 2334 4232 ³³
2368 4200 2580 4266 στόλου,
2613 4200 2713 4271 τὴν
2742 4200 2933 4253 ἅλυσιν
2983 4200 3213 4270 άραντες
3243 4197 3302 4249 ἐν
3334 4194 3416 4266 τῷ
3447 4194 3663 4266 λιμένι

472 5200 1680 5280 ’fMassiuam-1v“AL-tatooazeuoevvulg.
1783 5212 1829 5242 "
1868 5211 2057 5274 ἱππεῖς
2125 5212 2190 5275 Α,
2229 5212 2427 5274 ἵππους
2479 5212 2629 5280 vulg.

437 5273 563 5351 toi);
584 5270 713 5351 add.
743 5287 809 5351 ex
835 5272 901 5327 Α.
966 5272 1010 5303 ’⁸
1041 5270 1427 5351 ἀλλοιώσας-ιλ.
1460 5270 1855 5351 ἀλλοίῷς-ιύιε.
1939 5284 1982 5314 ’9
2010 5270 2135 5343 esti;
2155 5270 2213 5334 τε
2263 5300 2322 5351 φ.
2353 5270 2424 5346 Α,
2468 5284 2561 5335 καὶ⁵
2578 5270 2711 5345 τοὺς
2738 5298 2797 5350 φ.
2823 5282 2973 5351 vulg.

364 5339 406 5371 "
438 5342 617 5396 πάντα
647 5339 717 5406 Α,
747 5341 967 5398 ἅπαντα
984 5343 1131 5415 vulg.
1228 5345 1273 5377 ³⁸
1299 5346 1511 5411 ἐξίεσαν
1562 5339 1725 5405 codd.
1758 5339 1967 5406 efedd.
2072 5339 2130 5383 ⁸⁸⁷
2150 5352 2209 5405 δέ
2237 5339 2333 5404 καὶ
2359 5339 2453 5405 τοῦ
2489 5355 2554 5419 Α,
2594 5352 2651 5406 δέ
2682 5339 2776 5405 eoi}
2820 5339 2966 5423 vulg.

1650 5442 1793 5498 JAC.
1827 5443 2038 5499 (ἓοΛκί
2088 5442 2321 5499 ΝΟΤᾸΒ.

2732 5211 2781 5241 ’⁸
2840 5211 2932 5287 ἐπὶ
2971 5209 3179 5287 Κ.“Α,-
3220 5211 3413 5287 είς-Κ.
3472 5212 3651 5287 γυῖα.

3054 5281 3099 5313 ³⁸
3131 5283 3231 5349 τὴν
3262 5281 3389 5335 add.
3432 5297 3505 5335 ex
3577 5281 3655 5357 Ᾰξ

3056 5351 3100 5384 ³⁸
3157 5354 3215 5405 ἐν
3273 5350 3404 5406 add.
3434 5366 3510 5407 ex
3573 5354 3629 5410 Δ

433 5520 546 5603 (ἵει)
571 5520 969 5603 lfeyrezianus
996 5527 1620 5603 eodex_correctissi1ne
1650 5530 1945 5603 1εείιῖνέπέ
2040 5548 2201 5601 neque
2246 5532 2583 5603 Byzantium
2624 5532 2763 5601 (lege
2800 5529 3114 5603 Byzacium)
3174 5530 3659 5603 undeAveneram,

361 5587 562 5674 ξηειρρᾷ
592 5587 853 5674 ἐχῶρουν,
872 5597 1146 5674 publicant
1182 5599 1404 5670 ingrcssi
1440 5612 1568 5674 sunt
1610 5587 1933 5674 viam._Pro-
2036 5587 2128 5674 εςά
2153 5603 2206 5655 in
2234 5587 2389 5674 Βιὶίφ
2420 5587 2779 5671 οηιηνιιήι,ναε
2812 5587 2872 5658 ui
2888 5587 3115 5674 partem,
3142 5617 3258 5669 quae
3305 5587 3663 5665 ducebas}:

363 5660 506 5728 copli
537 5660 804 5733 interpres
838 5660 1099 5724 iVaudali
1126 5660 1302 5740 itaque
1332 5687 1493 5741 neque
1528 5670 1927 5741 Carthaginem,
2039 5670 2328 5738 Numidas,
2363 5660 2631 5746 fugerunt.
