3848 6194
279 207 390 279 ιιι

1668 208 2163 271 THEOPHANIS

3445 207 3554 278 444

215 371 220 378 ι
284 333 518 392 Romani
593 331 698 388 soli
765 329 957 402 viginti
1016 344 1249 386 numero
1311 327 1560 400 periculo
1618 326 1856 398 przeviso

1978 324 2186 385 ιτάντες
2227 321 2322 375 καὶ
2343 319 2718 392 ὁπλισάμενοι,
2760 321 2875 385 τοῖς
2919 317 3108 388 ἵπποις
3157 321 3448 391 ἐπιϐάντες
3481 329 3556 388 ⁸³.

281 433 609 499 exsurgunt,
639 431 944 493 armantur,
967 423 1023 477 in
1043 437 1216 494 equos
1239 421 1514 488 insiliunt,
1545 431 1621 488 et,
1649 439 1867 480 resera-

284 521 359 576 tis
405 519 701 590 derepente
757 515 954 586 portis,
1008 514 1218 587 clypcis
1263 516 1491 580 obtecti,
1543 516 1866 588 laueeisque

287 612 503 667 fortiter
542 615 874 680 pugnantes,
905 608 1258 664 adversarios
1285 607 1342 664 in
1382 607 1571 680 fugam
1607 616 1862 666 vertunt.

285 702 462 757 Porro
505 699 744 755 Gelimer
779 697 834 754 in
875 697 1187 754 Numidiam
1237 699 1542 770 profectus,
1589 698 1866 758 Vandalos

285 810 498 858 omnes,
524 801 578 848 et
607 809 674 848 ex
698 791 997 849 Maurusiis
1017 807 1156 863 quos
1175 793 1367 848 habuit
1393 795 1600 850 amicos
1620 793 1866 866 collegit,

285 886 431 942 et-ad
464 884 666 940 bellum
697 884 1074 940 renovandum
1105 885 1390 941 instruxit.
1435 885 1674 942 Litteras
1712 887 1869 942 insu-

285 995 382 1049 per
428 979 484 1033 iu
548 975 865 1032 Sardiniam
919 976 986 1031 ad
1032 975 1366 1034 Tzatzonem
1419 977 1646 1036 fratrem
1694 979 1869 1046 dedit,

286 1074 510 1144 quibus,
564 1085 687 1141 quae
741 1071 846 1126 sibi
911 1069 1285 1142 contigerant,
1335 1072 1704 1144 signiﬁcaret.
1769 1074 1867 1128 ille

287 1163 584 1219 confestim
613 1177 645 1218 e
685 1160 941 1217 Sardinia
996 1176 1120 1217 cum
1177 1163 1444 1219 universo
1475 1165 1579 1220 sibi
1618 1166 1872 1236 subjecto

286 1257 533 1313 exercitu
555 1256 622 1311 ad
647 1255 880 1326 Libycas
904 1270 1034 1311 oras
1057 1257 1229 1312 tertio
1259 1256 1477 1312 itineris
1501 1257 1589 1314 die
1604 1259 1872 1331 applicuit

287 1361 343 1406 et
362 1365 487 1405 mox
509 1350 756 1406 occurrit
789 1349 1069 1406 Gelimeri.
1096 1353 1180 1408 illi
1207 1353 1347 1406 colla
1375 1354 1480 1408 sibi
1507 1354 1749 1410 brachiis
1769 1356 1875 1412 cir-

289 1445 722 1513 cumplectentes
766 1445 979 1499 nullum
1015 1446 1249 1502 invicem
1281 1448 1483 1504 dedere
1508 1449 1872 1519 colloquium,

289 1535 410 1601 sed,
443 1536 629 1599 Salve,
655 1543 870 1591 tantum
896 1537 1065 1605 etiati,
1104 1548 1158 1594 et
1181 1540 1518 1597 constrictos
1544 1557 1604 1598 se
1623 1550 1875 1598 tenentes

289 1629 850 1699 collacrymahantur,
874 1633 1170 1701 omnisque
1199 1634 1407 1702 pariter
1420 1635 1698 1690 exercitus
1721 1649 1872 1689 com-

1972 417 2147 470 εἴκοσι
2191 413 2284 469 τὸν
2325 413 2560 486 ἀριθμὸν
2601 414 2755 478 ὄντες
2792 413 3106 484 ἀνοίγουσιν
3145 414 3408 489 ἐξαπίνης
3453 418 3562 482 τὰς

1972 507 2164 574 θύρας.
2215 505 2313 561 καὶ⁵
2356 507 2478 570 ταῖς
2520 505 2715 559 ἀσπίσι
2766 504 3266 578 περιφραξάμενοι,
3307 509 3404 562 καὶ
3440 511 3562 574 τοῖς

1971 605 2194 675 δόρασιν
2231 603 2655 674 άμυνόμενοιξυ,
2685 603 2816 666 τοὺς
2845 602 3124 668 ἐναντίους
3152 604 3452 676 ἐτρέψαντο
3484 608 3567 662 ⁸ξ.

1971 695 2206 765 Γελίμερ
2235 694 2292 748 δὲ
2322 694 2380 747 ὲν
2411 694 2680 765 Νουμιδίᾳ
2721 694 3014 767 γενόμενος
3044 696 3387 768 Ούανδήλους
3415 699 3563 754 πάν-

1971 807 2072 852 τας
2103 790 2430 860 συνήγαγεν,
2471 788 2568 842 καὶ
2609 787 2770 854 ὅσους
2815 787 3138 861 προσφιλεῖς
3167 790 3215 823 ⁸⁸
3259 787 3404 862 εἶχεν
3445 792 3570 846 τῶν

1973 882 2360 954 Μαυρουσίων,
2399 882 2496 936 καὶ
2532 882 2668 954 πρὸς
2706 882 2940 954 πόλεμον
2987 883 3360 956 εύτρεπίζετο.
3428 886 3565 940 Ἀπ-

1973 974 2213 1028 έστειλεν
2245 973 2303 1027 δὲ
2332 975 2426 1027 καὶ
2451 975 2756 1046 γράμματα
2785 975 2844 1029 ἑν
2871 975 3191 1050 Σαρδανίςι⁵⁶
3215 977 3350 1045 πρὸς
3381 979 3569 1044 Τζάτο

1977 1065 2103 1130 ζονα
2131 1067 2178 1099 ⁸⁷
2232 1067 2325 1120 τὸν
2363 1066 2494 1120 ίδιον
2523 1065 2776 1136 ἀδελφὺν,
2805 1067 2874 1122 τὰ
2903 1069 3190 1139 συμϐάντα
3217 1070 3367 1141 αύτῷ
3397 1070 3564 1142 6113.0-

1977 1159 2148 1214 ποιῶν
2170 1176 2185 1191 ο
2216 1160 2274 1223 ὃς
2304 1159 2522 1231 ἀπάρας
2553 1159 2717 1224 εὐθὺς
2754 1159 2898 1230 μετὰ.
2933 1161 3137 1224 παντὸς
3158 1161 3254 1216 τοῦ
3283 1162 3414 1216 λαοῦ
3451 1165 3570 1218 ἀπὸ

1978 1245 2276 1320 Σαρδα’νίας
2305 1250 2384 1313 είς
2414 1248 2512 1320 τὴν
2540 1249 2746 1320 Λιϐύης
2778 1250 2952 1321 ἀκτὴν
2980 1250 3027 1286 ⁵⁸
3058 1254 3299 1322 τριταῖος
3323 1254 3568 1307 κατέλα-

1979 1341 2093 1409 ϐεν,
2122 1341 2218 1394 καὶ
2247 1333 2404 1411 εὗρεν
2435 1340 2527 1393 τὸν
2557 1339 2595 1392 Γ
2598 1339 2850 1411 ελίμερα.
2881 1341 2945 1395 Οἳ
2986 1341 3081 1395 καὶ
3113 1342 3160 1374 ⁸⁹
3199 1343 3573 1413 περιπλακένο

1977 1449 2070 1496 τες
2097 1431 2342 1502 ἀλλήλων
2373 1430 2452 1501 τῷ
2480 1430 2755 1502 τραχήλῳ,
2784 1431 2935 1486 οὐδὲν
2973 1433 3156 1503 μέντοι
3189 1435 3269 1498 είς
3293 1433 3570 1505 ἀλλήλους

1979 1525 2349 1594 ἐφθέγγοντοο
2385 1523 2521 1578 ἀλλὰ
2567 1525 2650 1587 τὸ,
2677 1524 2871 1595 Χαῖρε,
2921 1525 3248 1596 σφίγῄντες
3297 1527 3522 1581 ἔκλαιον
3549 1545 3567 1560 θ

1977 1617 2179 1687 ὁμοίως
2207 1619 2297 1670 καὶ
2317 1618 2344 1669 ὁ
2370 1616 2598 1687 στρατὸς
2621 1616 2666 1646 ⁸ο
2689 1616 2790 1685 τὴν
2819 1616 3108 1688 συμφορὰν
3124 1617 3476 1688 ἀπωδύροντο
3493 1618 3566 1673 ⁸³.

288 1693 517 1777 muueni
553 1721 765 1777 cladem
794 1693 1140 1793 deplorabat.
1173 1693 1413 1780 delimer
1442 1733 1678 1796 utroque
1721 1742 1871 1782 exer-

1989 1708 2047 1760 '0
2074 1708 2130 1759 δὲ
2158 1708 2393 1778 Γελίμερ
2420 1706 2754 1779 παραλαϐὼν
2778 1706 2890 1778 (55)
2924 1708 3268 1780 ἀμφοτέρους
3293 1709 3388 1763 ἐπὶ
3411 1710 3574 1781 Καρ-

290 1812 402 1866 citu
466 1813 521 1867 in
581 1828 748 1868 unum
805 1814 1075 1881 collecto,
1145 1813 1539 1886 Carthaginem
1595 1817 1758 1888 petit,
1801 1825 1876 1871 ιοῐ

288 1907 482 1960 urbem
514 1905 816 1961 obsidione
850 1906 1072 1977 cingere
1099 1907 1348 1973 molitur,
1383 1922 1573 1964 secum
1607 1919 1874 1978 reputans

290 1997 482 2053 urbem
514 1996 999 2069 Romanorumque
1029 1999 1341 2057 exercitum
1382 2013 1412 2052 a
1447 1999 1877 2070 Carthaginien-

290 2089 468 2154 sibus,
516 2089 719 2160 quibus
767 2089 885 2144 Arii
925 2091 1201 2145 sententia
1249 2090 1564 2158 colebatur,
1600 2093 1878 2162 extemplo

290 2183 663 2256 prodendum.
703 2185 785 2240 Ad
823 2183 1111 2240 Unnorum
1148 2201 1368 2256 quoque
1413 2186 1718 2257 pracipuos
1747 2187 1877 2242 mit-

290 2283 436 2340 tens,
486 2277 660 2330 multa
691 2275 840 2332 bona
881 2277 964 2332 eis
1011 2292 1073 2332 se
1101 2276 1438 2332 donaturum
1489 2278 1873 2348 pollicebatur,

291 2368 340 2424 si
372 2367 653 2425 Ronranos
700 2369 757 2424 in
797 2384 994 2425 manus
1045 2385 1177 2426 suas
1217 2370 1532 2441 proditione
1571 2371 1873 2434 traderent.

291 2457 420 2516 Haec
439 2475 469 2514 a
498 2459 790 2518 Gelimeris
833 2463 1073 2532 partium
1100 2463 1480 2520 desertoribus
1509 2480 1876 2533 cognoscens,

291 2551 764 2622 Laurentiumque
817 2553 1111 2623 quemdam
1177 2553 1515 2625 Carthagine
1568 2565 1874 2613 morantem

291 2645 576 2716 reperiens
595 2645 911 2707 Belisarius.
934 2655 992 2700 ut
1009 2647 1344 2717 proditorem
1363 2647 1504 2703 colle
1523 2651 1758 2717 quodam
1783 2664 1878 2718 pe-

292 2750 392 2791 nes
413 2736 694 2791 civitatem
706 2737 818 2791 sito
842 2737 1090 2807 patibulo
1111 2738 1279 2793 alﬁxit
1299 2754 1313 2803 ;
1330 2754 1396 2793 ex
1423 2754 1534 2809 quo
1549 2740 1602 2794 in
1619 2754 1873 2807 maguum

293 2835 560 2882 terrorem
605 2828 829 2884 adducti
883 2839 1034 2896 sunt,
1071 2830 1166 2899 qui
1207 2831 1549 2900 proditiones
1594 2831 1877 2886 machina-

292 2920 516 2984 bantur,
543 2923 682 2977 adeo
708 2931 768 2976 ut
801 2937 924 2992 quae
956 2921 1093 2992 ipsis
1124 2921 1364 2977 Gelimer
1393 2922 1534 2976 clam
1575 2922 1878 2980 indicasset

1975 1800 2174 1872 χηδόνα
2203 1800 2402 1871 ἐχώρει
2436 1803 2503 1864 ⁸⁸,
2541 1800 2638 1854 καὶ
2669 1800 2877 1872 ταύτην
2922 1801 3233 1875 πολιορκεῖν
3275 1804 3568 1874 ἐπειρᾶτο,

1975 1894 2220 1963 οἰόμενος
2269 1892 2397 1955 τοὺς
2429 1893 2489 1944 ὲν
2532 1893 2845 1962 Καρχηδόνι
2898 1894 3208 1966 προδιδόναι
3259 1895 3412 1966 αύτῷ
3462 1897 3573 1966 τὴν

1977 1986 2150 2050 πόλιν,
2181 1985 2274 2039 καὶ
2307 1987 2417 2037 τῶν
2451 1986 2496 2016 ⁸³
2535 1986 2826 2056 Ῥωμαίων
2875 1989 3245 2060 στρατιωτῶν,
3293 1982 3374 2052 οἷς
3403 1990 3436 2059 ἠ
3466 1987 3572 2042 τοῦ

1989 2078 2208 2150 Ἀρείου.
2249 2077 2375 2142 δόξα
2421 2079 2629 2150 ἤσκητο
2652 2079 2722 2132 ⁸⁸.
2755 2078 2988 2151 Πέμψας
3014 2079 3071 2134 δὲ
3107 2079 3205 2134 καὶ
3234 2079 3279 2110 ⁸⁸
3309 2082 3388 2143 εἰς
3433 2081 3573 2144 τοὺς

1976 2171 2244 2242 ἄρχοντας
2271 2170 2376 2224 τῶν
2402 2170 2620 2226 Ούννων
2645 2171 2818 2228 πολλὰ
2837 2173 3021 2236 αὐτοῖς
3043 2171 3224 2241 ἀγαθὰ
3248 2172 3576 2242 ὑπισχνεῖτο

1977 2265 2196 2327 διδόναι,
2247 2267 2297 2318 εί
2349 2263 2869 2336 καταπροδώσουσιν
2909 2266 2955 2298 ⁸⁸
3023 2265 3174 2336 αύτῷ
3235 2265 3570 2336 Ῥωμαίους.

1977 2355 2162 2410 Ταῦτα
2197 2356 2253 2410 δὲ
2289 2355 2606 2429 Βελισάριος
2651 2355 2838 2427 μαθὼν
2881 2356 3037 2428 παρὰ
3078 2356 3189 2410 τῶν
3220 2357 3573 2427 αὐτομόλων,

1977 2449 2072 2502 καὶ
2121 2448 2453 2518 Λαυρέντιόν
2495 2465 2620 2502 τινα
2663 2449 2724 2502 ὲν
2766 2449 3079 2520 Καρχηδόνι
3121 2449 3251 2505 ὅντα
3295 2449 3576 2520 προδότην

1978 2539 2152 2611 εύρὼν
2189 2542 2282 2594 άνε
2293 2541 2612 2596 σκολόπισεν
2638 2542 2731 2595 ἐπὶ
2758 2542 2922 2611 λόφου
2949 2542 3058 2614 πρὸ
3084 2542 3183 2613 τῆς
3208 2542 3439 2604 πόλεως,
3468 2543 3575 2596 καὶ

1978 2631 2086 2684 ἀπὸ
2107 2632 2300 2685 τούτου
2331 2634 2411 2696 είς
2457 2633 2577 2695 δέος
2621 2633 2768 2704 μέγα
2799 2633 3058 2688 ἐνέπεσον
3089 2635 3132 2667 ⁸⁷
3166 2636 3216 2687 ci
3266 2633 3576 2704 προδοσίαν

1981 2723 2403 2794 μελετήσαντες,
2438 2723 2581 2777 ὥστε
2625 2726 2752 2790 τοὺς
2798 2725 3172 2795 Μασσαγέτας
3226 2725 3574 2795 ὁμολογῆσαι

1978 2817 2047 2871 τὰ
2077 2816 2182 2869 ὑπὸ
2215 2815 2513 2888 Γελίμερος
2563 2818 2748 2882 αὐτοῖς
2795 2817 3124 2888 δηλωθέντα.
3159 2817 3266 2872 Τοῦ
3315 2817 3372 2872 δὲ
3407 2817 3577 2872 Βελεμ-

1982 2911 2172 2981 σαρίου
2203 2911 2412 2974 πάντας
2437 2911 2582 2981 λόγῳ
2607 2909 2782 2982 ήθικῷ
2811 2911 2854 2944 ⁸⁸
2882 2911 2982 2966 καὶ
3003 2912 3187 2984 ὅρκοις
3211 2911 3348 2983 πρὸς
3379 2909 3588 2980 φιλίαν.

293 3005 616 3078 Massagetae
648 3009 827 3079 palam
868 3010 1170 3067 edicerent.
1201 3011 1434 3068 Cunctis
1467 3023 1649 3068 autem
1688 3012 1743 3068 in
1780 3028 1874 3069 ex-

1981 3004 2146 3058 αύτοῢ
2171 3004 2569 3075 μεταϐαλόντος
2593 3005 2660 3072 ⁸⁸,
2686 3006 2846 3068 αύτδς
2877 3005 3165 3059 ἐκέλευσεν
3186 3003 3350 3068 εὐθὺς
3372 3003 3577 3058 Ἰωάν-

291 3099 470 3154 ercitu
531 3099 750 3157 blandis
803 3101 925 3172 ejus
967 3103 1152 3160 verbis
1202 3119 1268 3160 ac
1315 3105 1479 3160 etiam
1518 3105 1872 3175 jusjurandis

292 3190 469 3246 amice
498 3191 605 3247 sibi
655 3193 986 3258 conciliatis,
1034 3193 1234 3250 Joanni
1274 3195 1561 3262 Armenio,
1611 3205 1671 3251 ut
1719 3199 1878 3268 equi-

293 3281 466 3346 tibus,
503 3293 705 3353 praater
729 3286 1090 3356 quingentos,
1129 3288 1406 3346 universis
1436 3305 1624 3345 secum
1661 3304 1878 3346 assmu-

294 3372 431 3443 ptis,
463 3375 521 3427 in
556 3373 832 3432 Vandalos
876 3392 1160 3448 egressus,
1200 3379 1610 3437 velitationibus
1641 3397 1876 3452 pugnam

293 3463 616 3531 lacesseret,
666 3468 958 3524 confestim
1009 3471 1322 3541 imperavit.
1362 3473 1487 3543 Ipse
1529 3482 1723 3544 postea
1750 3490 1876 3530 cum

294 3558 635 3628 pedestrium
682 3562 858 3631 copiis
891 3571 946 3618 et
973 3564 1223 3634 equitum
1253 3565 1363 3620 illis
1384 3565 1706 3636 quingentis
1736 3581 1880 3637 pone

296 3652 652 3721 sequebatur.
689 3652 825 3709 Cum
855 3664 1039 3712 autem
1071 3657 1346 3714 Vandalos
1379 3658 1446 3714 ad
1493 3657 1878 3715 Tricamarum

295 3753 480 3801 castra
515 3753 750 3804 metatos
786 3749 1112 3814 invenisset,
1156 3751 1315 3822 juxta
1349 3768 1408 3807 se
1452 3753 1686 3809 invicem
1718 3764 1881 3812 nocte

295 3836 390 3892 illa
422 3835 478 3891 in
510 3838 710 3894 castris
753 3840 976 3911 utrique
1015 3851 1312 3898 steterunt.
1343 3844 1402 3899 In
1437 3843 1687 3902 Romano
1743 3862 1877 3904 vero

293 3929 541 3985 exercitu
569 3940 884 4000 portentum
913 3934 1088 3989 videri
1117 3936 1368 4006 contigit.
1404 3935 1697 3992 Hastarum
1722 3940 1870 3994 enim

295 4023 558 4094 cuspides
583 4024 772 4095 ignitis
803 4027 1024 4082 emissis
1059 4027 1235 4083 radiis
1268 4029 1545 4085 collucere
1578 4048 1590 4084 :
1619 4046 1727 4102 quo
1756 4033 1879 4088 viso

296 4114 486 4184 cuncti
531 4125 742 4172 terrore
777 4117 1098 4188 stupefacti.
1133 4116 1319 4174 Primo
1350 4122 1678 4191 crepusculo
1708 4123 1880 4180 armis

295 4209 559 4280 utrinque
604 4211 800 4266 muniti
843 4212 908 4266 ad
943 4213 1347 4270 conserendam
1385 4231 1622 4284 pugnam
1657 4218 1880 4289 utrique

296 4313 423 4356 cum
477 4300 681 4370 impetu
729 4301 1299 4359 irruerunt.Joannea
1345 4318 1411 4359 ex
1448 4320 1676 4361 suorum
1708 4309 1882 4377 copiis

1981 3114 2078 3168 νην
2107 3097 2202 3151 τὸν
2235 3098 2524 3169 Ἀρμένιον
2551 3098 2889 3169 παραλαϐεῖν
2921 3099 2967 3131 ⁷⁸
2993 3098 3206 3161 πάντας
3219 3099 3348 3162 τοὺς
3373 3099 3588 3163 ἱππεῖς

1980 3188 2158 3260 παρὲξ
2193 3188 2568 3243 πεντακοσίων
2601 3190 2696 3242 καὶ
2724 3189 3010 3254 ἐξελθόντα
3041 3189 3178 3259 πρὸς
3217 3189 3348 3253 τοὺς
3385 3190 3576 3243 Ούαν-

1979 3280 2166 3351 δήλους
2199 3281 2682 3352 ἁκροϐολίσασθαι.
2712 3282 2884 3346 Αὐτὸς
2909 3282 2966 3336 δὲ
2992 3284 3060 3353 τῇ
3084 3282 3349 3353 ὑστεραίᾳ
3371 3283 3417 3314 ⁷⁸
3445 3281 3592 3352 ἆμα-

1978 3373 2057 3445 τῷ
2107 3372 2259 3442 πεζῷ
2303 3373 2523 3445 στρατῷ
2566 3373 2663 3428 καὶ
2719 3377 2832 3438 τοῖς
2876 3374 3258 3436 πεντακοσίοις
3309 3373 3580 3428 ἱππεῦσιν

1982 3467 2187 3522 εἵπετο.
2237 3467 2657 3532 Καταλαϐόντες
2677 3468 2724 3500 ⁷¹
2751 3467 2807 3521 δὲ
2839 3469 2968 3532 τοὺς
3013 3467 3354 3538 Οὐανδήλους
3382 3471 3443 3522 ὲν
3488 3469 3578 3538 τῷ

1981 3559 2326 3630 Τρικαμάρῳ
2350 3559 2943 3630 στρατοπεδεύσαντας,
2969 3560 3190 3632 ἔμειναν
3208 3563 3253 3595 ’⁸
3275 3563 3378 3632 τὴν
3395 3560 3582 3615 νύκτα

1982 3651 2211 3723 πλησίον
2243 3651 2511 3721 ἀλλήλων.
2551 3652 2764 3723 Συνέϐη
2811 3653 2870 3707 δὲ
2901 3653 3065 3724 τέρας
3101 3654 3354 3722 γενέσθαι
3399 3656 3458 3708 ἐν
3488 3654 3583 3725 τῷ

1995 3743 2288 3816 Ῥωμαῖκῷ
2323 3743 2565 3816 στρατῷ.
2595 3745 2718 3798 Τῶν
2743 3745 2851 3816 γὰρ
2881 3745 3220 3817 δοράτων-τὰ
3253 3745 3402 3814 ἄκρα
3432 3746 3582 3818 πυρὶ

1983 3835 2164 3906 πολλῷ
2198 3835 2603 3906 κατελάμπετο.
2641 3837 2813 3891 Τοῦτο
2853 3837 3178 3908 θεασάμενοι
3210 3837 3580 3906 κατεπλάγη-

1984 3946 2116 3983 σανο
2155 3929 2497 3999 φραξάμενοι
2530 3930 2588 3984 δὲ
2630 3931 2745 4000 ἅμα
2783 3929 2929 4000 πρωῒ
2964 3931 3273 4001 ἀμφότεροι
3313 3931 3453 4002 πρὸς
3475 3933 3581 3987 τὸν

1983 4022 2218 4093 πόλεμον
2247 4021 2536 4092 ὥρμησαν.
2577 4024 2828 4092 Ἰωάννης
2856 4023 2913 4076 δὲ
2950 4023 3071 4077 τῶν.¹
3091 4024 3230 4094 ἀμφ’
3262 4023 3428 4079 αὑτὸν
3452 4025 3580 4077 ὀλί-

1982 4132 2116 4184 γους
2141 4113 2535 4180 ὲπιλεξάμενος
2562 4115 2609 4146 ⁷⁸
2635 4115 2727 4168 τόν
2762 4133 2822 4168 τε
2852 4116 3095 4186 ποταμὸν
3136 4116 3286 4188 διέϐη
3325 4117 3421 4170 καὶ
3452 4120 3581 4182 τοῖς

1983 4205 2312 4277 Ούανδήλοις
2335 4205 2638 4260 εἰσέϐαλεν.
2684 4206 2744 4259 Ὃ
2768 4207 2827 4260 δὲ
2869 4206 3129 4272 Τζάτξων
3160 4207 3391 4279 ὠθισμῷ
3426 4226 3580 4280 χρη-

1987 4297 2221 4369 σάμενος
2271 4296 2489 4361 ἐδίωξεν
2523 4296 2708 4354 αὐτόν.
2742 4299 2803 4352 Oi
2833 4298 2892 4352 δὲ
2931 4299 3226 4371 Ούανδῆλοι
3272 4301 3580 4368 διώκοντες

296 4407 408 4448 non
465 4393 653 4449 multis
711 4391 1008 4449 admodum
1074 4395 1317 4461 selectis,
1379 4398 1579 4452 ﬂumen
1641 4399 1874 4469 trajecit,

1983 4390 2111 4462 ἄχρι
2138 4391 2218 4453 είς
2248 4391 2342 4444 τὸν
2369 4391 2613 4462 ποταμὸν
2644 4387 2830 4463 ἦλθον.
2853 4390 3020 4456 Αὖθις
3046 4393 3104 4447 δὲ
3136 4393 3389 4464 Ἰωάννης
3415 4396 3580 4449 πλείο

297 4493 354 4542 et
387 4485 441 4540 in
479 4484 758 4544 Vandalos
799 4486 1220 4558 impressionem
1257 4486 1388 4543 fecit
1418 4507 1434 4544 :
1465 4489 1705 4546 Tzatzou
1755 4493 1873 4548 for-

1982 4501 2142 4548 στους
2174 4484 2221 4515 ⁷⁸
2253 4483 2364 4537 τῶν
2412 4485 2774 4538 ὑπασπιστῶν
2821 4483 3144 4556 Βελισαρίου
3194 4485 3376 4540 λαϐὼν
3425 4489 3580 4542 κατὰ

297 4575 427 4632 titer
458 4577 762 4646 sustinens,
809 4587 864 4634 et
893 4579 948 4634 in
979 4594 1103 4634 cum
1146 4593 1211 4634 ex
1258 4578 1491 4635 adverso
1537 4581 1784 4648 irruens,
1815 4584 1870 4638 in

1979 4577 2074 4631 τοῦ
2100 4577 2420 4643 Τζάτζωνος
2462 4577 2822 4648 είσεπήδησεν
2849 4578 2954 4632 σὺν
2979 4578 3077 4650 βοῇ
3107 4595 3167 4633 τι
3199 4580 3294 4634 καὶ
3329 4583 3580 4653 πατάγῳ

302 4667 484 4736 fugam
530 4671 696 4724 vertit
733 4688 746 4726 :
781 4679 948 4743 atque
993 4671 1069 4727 ita
1121 4671 1484 4742 insequentes
1541 4671 1771 4728 Vandali
1803 4675 1873 4730 ad

298 4757 502 4816 ﬂumen
536 4777 710 4832 usque
741 4773 1135 4834 pervenerunt.
1194 4765 1411 4820 Rursus
1475 4780 1605 4819 vero
1635 4763 1876 4821 Joannes

1981 4673 2182 4744 πολλῷ.
2233 4673 2448 4728 Γίνεται
2480 4668 2572 4728 οὖν
2629 4673 2876 4744 καρτερὰ
2917 4675 2953 4745 ή
3016 4673 3191 4746 μάχη,
3225 4675 3322 4729 καὶ
3373 4677 3579 4732 πίπτει

1983 4767 2244 4833 Τζάτζων
2287 4770 2315 4822 ὁ
2345 4768 2434 4821 τοῦ
2472 4766 2768 4837 Γελίμερος
2814 4765 3068 4832 ἀδελφός.
3104 4769 3237 4822 Τότε
3270 4768 3336 4839 δή
3375 4773 3490 4824 πᾶν
3509 4773 3584 4826 τδ

1598 4901 1830 4959 VARUE
1881 4899 2290 4959 LECTIONES.

325 5003 353 5066 '_
403 4990 450 5023 ³¹
487 4988 682 5066 ἵπποις
735 4990 886 5047 ὲπιϐ.
1043 4994 1233 5059 ἵπποις
1288 5014 1348 5050 τε
1402 4997 1551 5050 ἐπιϐ.
1605 4996 1751 5066 vuig.

297 5061 431 5135 δόρη
477 5061 578 5135 ἀμ.
643 5076 752 5135 om.
795 5076 908 5135 a.“
944 5064 1345 5135 “‘stpétjravm
1406 5067 1468 5133 A,

298 5133 569 5259 2496qu
623 5133 769 5203 vulg.
864 5133 909 5165 ⁸⁷
959 5133 1137 5200 Τζόνα
1187 5133 1250 5192 Α.
1315 5139 1518 5202 Στξόνα
1589 5133 1627 5196 f.
1672 5133 1933 5199 Στέζονοί
1984 5137 2108 5197 vulg

300 5218 422 5259 rum
443 5203 508 5259 ad
558 5247 570 5259 .
599 5214 664 5258 ex
691 5202 758 5259 Α.
841 5205 887 5243 ⁶⁰
913 5207 1218 5259 στρατηγὸς
1248 5208 1312 5259 Α.
1392 5212 1434 5242 ⁶¹
1467 5209 1816 5259 ἀπωδύροντο
1841 5207 1906 5259 Α.
1939 5206 2108 5259 ἀπεδύ

300 5202 422 5260 rum
443 5202 570 5260 add.
584 5214 664 5278 _ex
810 5205 887 5278 _'°
902 5207 1218 5278 στρατηγὸς
1248 5208 1312 5261 Α.
1392 5212 1434 5242 ⁶¹
1467 5209 1816 5278 ἀπωδύροντο
1841 5207 1906 5271 Α,
1939 5206 2170 5277 ἀπεδύρ.
2198 5207 2345 5278 vuig.

299 5274 745 5350 sepulcrum},
772 5275 866 5331 τὸν
901 5274 1244 5350 Ῥίστρατρν
1275 5277 1419 5350 vulg.
1487 5280 1531 5312 “
1565 5274 1772 5350 ήσιέητο
1799 5279 1866 5339 A,
1896 5274 2131 5350 ἠσκεῖτο
2149 5276 2236 5350 vui

1831 4995 1878 5028 ⁵³
1903 4997 2024 5059 ταῖς
2066 4995 2258 5047 ἀσπίσι
2310 5022 2551 5036 ----
2592 4993 2931 5063 ἀμυνόμενοι
2980 5009 3092 5050 om.
3155 4994 3221 5059 Α,

1531 5063 1763 5137 ἐτρεψᾶν
1815 5067 1963 5136 vulg.
2033 5065 2079 5098 ⁸³
2117 5063 2460 5137 προσφιλεῖς]
2520 5066 2648 5137 περὶ

864 5133 909 5234 :7
959 5133 1137 5200 Τξόνα
1160 5133 1282 5237 λᾹ.Α
1315 5139 1518 5237 Στξόεέα
1672 5133 2134 5237 Στέζοὶοοίινιιὲςι.
2162 5133 2168 5135 ⁷
2217 5133 2472 5237 “natura
2497 5136 2554 5237 LA
2583 5151 2614 5189 a
2657 5152 2707 5199 θ,
2731 5136 2910 5237 A63:1er
2943 5136 3094 5208 vulg.

913 5222 1156 5237 nar-nun-“
1194 5224 1218 5237 ρ
1392 5212 1434 5237 et
1507 5227 1589 5237 _..
1626 5209 1814 5237 άλλη-..
1980 5224 2045 5237 -ρ
2085 5206 2150 5237 .1-
2198 5221 2265 5237 υ..
2295 5222 2325 5237 η
2530 5205 2692 5237 mf”...
2826 5209 2996 5237 ..ωλι-τ
3028 5223 3094 5237 ι...

2700 4999 2931 5063 ινόμενοι
2980 5009 3092 5050 om.
3155 4999 3221 5059 Α,
3290 4999 3385 5050 καὶ
3449 5003 3579 5066 τοῖς

2700 5065 3117 5171 φῖἶὲἓξ..ί;η.ιη“
3175 5067 3579 5171 Σῧρῗῖἷίῗιὲν

2451 5155 2470 5187 υ
2497 5140 2554 5187 ἶΔ
2583 5151 2614 5189 a
2657 5152 2707 5199 θ,
2743 5140 2910 5206 ὀκτὴν
2943 5140 3094 5208 vulg.
3208 5140 3257 5171 δ’
3296 5140 3390 5193 καὶ
3424 5141 3585 5196 alte-

2451 5207 2472 5237 ⁸
2499 5205 2696 5276 ἐχώρει
2723 5206 2790 5270 Α,
2812 5209 2996 5330 ἕωρεῖ
3028 5207 3175 5280 vulg.
3257 5207 3304 5240 “
3339 5208 3453 5294 τῶν
3485 5212 3584 5270 Ῥ.

2452 5275 2546 5329 καὶ
2575 5277 2700 5330 add.
2721 5291 2788 5330 ex
2865 5318 2878 5330 .
2953 5277 3000 5311 ⁸⁸
3046 5277 3585 5330 καταποοδωσουσιν

2375 5276 2421 5309 ⁸⁸
2452 5275 2700 5350 utadd.
2721 5291 2791 5350 ea
2812 5275 2878 5350 ᾼ.
2911 5275 2922 5278 ’
2953 5277 3000 5311 ⁸⁸
3046 5275 3588 5350 παὴπροδὼσουσιν

299 5292 650 5346 στρατιωτων
680 5292 745 5342 Α,
772 5292 866 5331 τον
906 5292 983 5332 ‘t’.
1015 5292 1244 5348 στρατον
1275 5292 1419 5345 vulg.
1487 5292 1531 5312 "
1565 5292 1772 5350 ησκητο
1799 5292 1866 5339 Α,
1896 5292 2118 5349 ησκειτο
2149 5292 2294 5379 vulg.
2375 5292 2421 5309 "
2452 5292 2546 5329 και
2575 5292 2700 5330 adu.
2721 5292 2788 5332 ex
2812 5292 2878 5331 Α.
2953 5292 3000 5311 ὀ
3046 5292 3588 5350 καταπροοωσουσιν

299 5345 898 5421 Δ.Δκαταπροδὼσωσιν
927 5347 1073 5421 vulg.
1157 5347 1201 5380 ⁸⁷
1225 5348 1480 5421 ἐνέπεσον
1510 5350 1552 5403 Α
1581 5364 1634 5421 a,
1669 5349 2110 5421 tvéne_cavvulg.
2131 5417 2142 5421 Α
2213 5347 2235 5379 ⁸
2273 5346 2426 5421 λόγῳ
2457 5345 2690 5421 πειθᾼιξιῷ
2719 5346 2960 5421 ίςλόγοις
2989 5346 3231 5421 πιθιριοῖς
3253 5362 3305 5403 a.
3351 5417 3365 5421 _
3388 5348 3441 5381 "
3472 5369 3594 5421 pg-

299 5414 549 5472 ταϐαλὼν
569 5414 635 5474 Ᾱ.

717 5419 764 5451 ’⁸
786 5415 1178 5494 παραλαϐόντα
1201 5434 1251 5494 a.
1304 5419 1668 5494 _"‘_v5q'rspa_i_q
1715 5420 1796 5494 μ,
1820 5417 2023 5494 ὑστέρᾳ
2056 5415 2203 5494 vulg.
2271 5417 2318 5449 "‘
2348 5415 3261 5494 πα-ταλαϐόντεςμίκαταλαϐόντα
3278 5417 3431 5491 vuig.
3472 5415 3560 5454 ἠ

301 5480 524 5554 ιμειναν
551 5489 624 5560 Α,
649 5475 879 5562 ἐμεινον⁵
897 5491 1046 5563 vulg.
1117 5489 1164 5522 ⁷⁸
1192 5488 1417 5559 ἁπολεξ.
1442 5489 1509 5546 Α.
1538 5475 1551 5494 ’
1595 5475 1966 5553 ⁷⁵’πλείστουξ
1981 5475 2048 5552 Α,
2077 5475 2301 5552 πλέίους
2338 5489 2489 5561 vulg.

1595 5583 1739 5642 JAC.
1787 5584 1998 5642 GOARI
2035 5581 2268 5641 NOTE.

377 5673 491 5747 (35)
521 5675 652 5743 Quae
687 5689 995 5751 sequuntur
1014 5679 1216 5738 librum
1253 5679 1509 5752 ProcOpii
1550 5680 1874 5752 secundum,
1917 5680 1993 5737 De
2019 5679 2152 5736 bello
2198 5679 2370 5735 Vand.
2411 5677 2677 5736 delibant.
3365 5699 3382 5728 ι
