4092 6198
262 285 374 350 149
1052 321 1061 331 -
1575 286 1876 350 CHRONO

1977 288 2250 351 lAPHlA.
3428 288 3534 358 850

259 401 489 468 νήσους,
538 396 708 468 αἵπερ
758 395 925 468 ἐγγύς
971 397 1078 452 είσι
1125 397 1220 469 τῆς
1273 397 1534 452 Ὠκεανοῦ
1584 399 1855 470 εἰσϐολῆς,

1977 400 2178 469 generis
2241 397 2524 456 molestias
2584 399 2782 471 Papum
2837 401 3024 458 subire
3076 409 3226 459 coao'
3255 418 3324 469 ιε,
3386 420 3536 462 nunc

257 486 552 561 Mainth
593 506 652 542 τε
689 490 786 544 καὶ
833 489 1128 560 Μινόρικα,
1160 489 1564 560 Ἀπολλινάριον
1606 488 1856 544 ἔστελλεν

1977 492 2177 544 lemum
2227 491 2426 560 captivi
2465 495 2651 561 specie
2675 507 2997 562 oppressus,
3043 495 3248 549 nullius
3287 496 3537 563 alterius,

259 581 444 651 ἄνδρα
476 580 686 650 ἀγαθὸν
713 579 902 643 είς’τὰ
935 579 1192 650 πολέμια.
1226 579 1536 634 Ἀπέστειλε
1567 579 1624 633 δὲ
1670 581 1764 634 καὶ
1798 583 1856 634 ἐν

1977 598 2126 652 quam
2181 582 2393 652 copiosi
2445 583 2593 639 risus
2637 583 2829 653 dignas
2881 599 2971 640 res
3030 585 3298 640 humanas
3345 602 3538 642 omnes
3592 652 3596 656 ,

260 673 497 746 Σικελίᾳ
523 673 635 746 (39)
665 672 822 736 τινὰς
841 672 950 725 τῶν
966 671 1265 734 Λιϐυαίων,
1286 673 1380 725 καὶ
1402 671 1509 726 τῶν
1535 672 1859 743 υὺανδήλων

1977 674 2331 730 existimabat.
2377 674 2512 728 Eunt
2549 690 2713 744 porro
2742 691 2866 730 cum
2918 677 3276 747 optimatibus
3320 677 3540 732 Vanda-
3581 677 3588 732 ξ

260 765 329 824 ἰδ
365 767 631 838 φρούριον
658 764 844 818 λαϐεῖν
871 763 1179 818 ἐκέλευσεν.
1212 765 1272 818 Οἱ
1303 764 1359 817 δὲ
1391 763 1551 817 τοῦτο
1583 762 1626 796 ¹⁸
1655 764 1861 832 φυλάτ-

1977 768 2144 820 lorum
2201 764 2460 822 omnibus
2496 781 2525 820 a
2560 767 2832 824 dedecore
2881 769 3042 838 longe
3087 778 3140 823 et
3192 778 3540 840 contemptu,

263 877 459 924 τοντες
484 857 672 913 Γὸτθοι
698 857 834 928 πρὸς
861 857 904 889 ⁸⁸
936 856 1034 928 τὴν
1058 857 1272 928 μητέρα
1303 856 1658 927 Ἀταλαρίχου
1687 855 1860 910 ταῦτα

1977 855 2072 911 sub
2117 864 2234 912 tuta
2287 857 2416 912 licet
2445 858 2722 921 custodia,
2759 859 2936 912 tenuit
2974 858 3298 928 Belisarius,
3329 871 3388 916 ut
3419 877 3544 916 eum

264 951 408 1023 δῆλα
435 950 722 1022 ἐποίησαν.
767 949 833 1003 Ἦ
862 951 918 1004 δὲ
973 950 1176 1019 γράφει
1229 949 1368 1021 πρὸς
1416 950 1735 1020 Βελισάριον
1785 948 1861 1022 μὴ

1977 946 2034 1001 ad
2069 947 2454 1017 imperatorem
2480 947 2852 1004 Justinianum
2874 948 3195 1021 Byzantium
3227 953 3543 1008 deduceret.

265 1042 435 1097 τοῦτο
465 1041 742 1114 τυραννίδι
773 1042 818 1073 ¹⁷
857 1041 1044 1095 λαϐεῖν
1093 1041 1155 1094 τὸ
1199 1040 1482 1114 φρούριον,
1531 1041 1638 1105 ἕως
1676 1038 1743 1095 ἃν
1774 1041 1869 1112 βα-

1977 1041 2240 1097 Continuo
2285 1057 2422 1098 vero
2471 1043 2735 1115 Cyrillum
2775 1059 2900 1098 cum
2951 1044 3130 1114 capite
3158 1043 3447 1102 Tzatzonis
3487 1047 3542 1102 in

268 1135 462 1199 σιλεὺς
513 1132 896 1196 Ἰουστινιανδς
932 1131 1068 1203 γνῷ,
1116 1133 1210 1187 καὶ
1234 1133 1302 1189 τὰ
1343 1132 1603 1187 δοκοῦντα
1631 1133 1673 1164 ⁸⁸
1717 1130 1866 1202 αὑτῷ

1977 1131 2274 1188 Sardiniam
2325 1133 2585 1196 insulam,
2647 1131 2894 1203 Cyrnum
2944 1134 3074 1189 olim
3123 1135 3350 1201 dictam,
3387 1136 3549 1207 169

267 1227 503 1299 ποιήσῃ.
536 1225 629 1279 Ἐν
662 1223 839 1296 τούτῳ
890 1225 948 1279 δὲ
994 1226 1023 1278 ὁ
1056 1223 1420 1288 Οὓανδαλικδς
1467 1223 1705 1296 πόλεμος
1746 1224 1864 1278 ὲτε-

1977 1227 2337 1296 nisit;quam
2392 1227 2482 1281 ille
2530 1227 2879 1296 postmodum
2921 1227 2974 1281 in
3007 1226 3388 1283 Romanorum
3443 1243 3546 1298 po-

267 1320 442 1376 λεύτα

1977 1318 2457 1388 .estatemﬁrecepit.
2477 1315 2741 1372 Joannem
2767 1325 2947 1370 autem
2966 1316 3194 1372 alterum
3213 1317 3544 1384 Caesaream,

270 1426 397 1483 qua
447 1410 791 1466 Mauritaniae
823 1416 906 1464 est
939 1407 1216 1479 distatque
1262 1422 1292 1461 a
1339 1406 1672 1479 Carthagine
1739 1407 1962 1479 triginta
2015 1408 2232 1463 dierum
2289 1409 2505 1472 itinere,
2579 1409 2647 1462 ad
2724 1407 2904 1463 Gades
2942 1419 2996 1463 et
3065 1409 3546 1472 solis‘occasum,

270 1507 405 1570 sita,
441 1512 496 1560 et
526 1505 755 1574 insuper
799 1501 1032 1557 alterum
1072 1492 1348 1557 Joannem
1395 1517 1564 1556 unum
1599 1516 1666 1556 ex
1699 1500 2026 1557 satellitibus
2061 1501 2129 1555 ad
2162 1500 2360 1556 fretum
2422 1500 2755 1557 Gaditanum
2828 1510 2991 1572 atque
3064 1502 3288 1556 alteram
3343 1501 3552 1558 Heren-

268 1601 342 1655 lis
389 1599 706 1656 columnam
739 1598 916 1662 misit,
973 1597 1068 1668 qui
1121 1606 1388 1664 castrum,
1435 1597 1582 1670 quod
1625 1596 1854 1669 Septum
1891 1608 2114 1664 vocant,
2149 1605 2486 1668 occuparet:
2516 1594 2914 1667 Apollinarium
2955 1609 3088 1650 vero
3155 1594 3330 1650 virum
3403 1595 3552 1650 bello

269 1688 558 1765 Egregium
610 1687 678 1745 ad
731 1691 944 1747 insulas
970 1705 1094 1760 quae
1126 1691 1356 1762 propius
1391 1692 1590 1747 absunt
1623 1691 1691 1745 ab
1721 1691 1924 1746 Oceani
1959 1691 2013 1746 in
2083 1691 2547 1746 mediterraneum
2609 1686 2842 1749 inlluxu,
2912 1684 3229 1754 Majoricam
3285 1685 3551 1741 nimirum

272 1801 445 1858 atque
495 1784 822 1840 Minoricam
880 1784 1196 1851 destinavit,
1236 1796 1292 1840 et
1337 1783 1393 1838 in
1440 1783 1687 1838 Siciliam
1742 1784 2058 1841 nonnullos
2112 1783 2318 1838 milites
2370 1798 2434 1836 ex
2516 1779 2709 1852 Lybia,
2759 1778 2851 1848 qui
2931 1777 3298 1832 Vandalorum
3369 1792 3552 1834 arcem

273 1881 383 1940 sub
413 1877 669 1950 praesidio
698 1885 967 1933 tenerent.
998 1876 1182 1934 Castri
1243 1892 1373 1933 vero
1437 1878 1691 1933 custodes
1732 1876 1920 1933 Gotthi
1995 1875 2144 1932 istud
2197 1874 2495 1930 Atalarichi
2560 1873 2724 1927 matri
2783 1872 2985 1928 litteris
3043 1867 3552 1953 manifestaverunl;

274 1973 370 2028 Illa
414 1973 706 2037 Belisario,
754 1988 825 2029 ne
866 1983 1115 2028 castrum
1177 1972 1464 2045 tyrannice
1494 1980 1920 2042 expugnaretur,
1997 1970 2315 2041 priusquam
2365 1968 2664 2038 imperator
2711 1965 3055 2021 Justinianus
3103 1965 3307 2020 certior
3371 1965 3545 2034 ﬁeret,

271 2077 554 2133 suumque
580 2077 745 2132 super
777 2075 840 2117 ea
869 2076 930 2116 re
960 2061 1251 2117 consilium
1280 2061 1653 2133 explicuisset,
1679 2062 1976 2133 signiﬁcat.
2012 2059 2090 2115 lla
2122 2061 2340 2115 demum
2387 2057 2684 2112 Vandalica
2736 2057 2876 2113 bella
2926 2056 3086 2112 linem
3125 2057 3385 2112 habuere.

358 2159 421 2213 '0
448 2158 508 2212 δὲ
540 2157 754 2228 φθόνος,
785 2151 874 2211 οἷα
907 2159 965 2210 ὲν
1000 2149 1212 2228 μεγάλῃ
1245 2157 1358 2228 (40)
1391 2155 1706 2228 εὐδαιμονίᾳ
1726 2156 1870 2226 φιλεί

2044 2155 2318 2210 Ceterum
2387 2153 2612 2217 invidia,
2693 2151 3158 2222 quemadmodum
3235 2151 3288 2206 in
3357 2166 3554 2222 magna

273 2249 533 2322 γίνεσθαι
561 2251 632 2315 ¹⁹,
674 2248 832 2303 ὤδινε
887 2249 981 2301 καὶ
1031 2250 1111 2312 είς
1166 2247 1504 2320 Βελισάριον.
1554 2247 1711 2312 Τινὲς
1761 2249 1870 2320 γὰρ

274 2341 564 2396 διέϐαλλον
590 2340 752 2394 αὐτὸν
783 2340 863 2403 είς
893 2338 986 2392 τὸν
1017 2338 1247 2409 βασιλέα
1278 2339 1572 2410 τυραννίδα
1615 2339 1868 2410 μελετᾷν.

288 2434 352 2490 '0
381 2434 439 2488 δὲ
469 2431 728 2504 βασιλεὺς
776 2429 1001 2502 πέμψας
1037 2431 1325 2502 Σολομῶνα
1358 2431 1727 2501 ἀποπειρᾶται
1771 2431 1870 2497 τὴν

280 2523 616 2593 Βελισαρίου
646 2521 895 2591 γνώμην,
943 2519 1173 2591 πότερον
1231 2518 1329 2573 σὺν
1372 2519 1628 2590 Γελίμερί
1662 2536 1721 2573 τε
1775 2520 1872 2574 καὶ

278 2613 619 2684 οὓανδήλοις
653 2612 734 2675 είς
769 2609 1067 2674 Βυζάντιον
1097 2609 1273 2681 ἥκειν,
1313 2609 1346 2682 ἢ
1389 2609 1554 2664 αὐτοῦ
1594 2609 1866 2680 μένοντος,

279 2705 528 2767 ἐκείνους
585 2703 791 2759 στεῖλαι
835 2698 972 2758 ὦδε·
1030 2702 1092 2755 οὐ
1135 2702 1245 2774 γὰρ
1297 2701 1488 2756 ἔλαθον
1532 2703 1697 2757 αὐτὸν
1723 2703 1771 2735 ²⁶
1821 2705 1870 2758 οί

278 2797 546 2867 ἄρχοντες
573 2795 622 2848 οἱ
647 2794 744 2864 τὴν
770 2791 1065 2865 τυραννίδα
1088 2793 1495 2861 ἐπενεγκόντες.
1539 2793 1600 2846 'O
1635 2793 1692 2847 δὲ
1714 2792 1870 2846 Βελι-

281 2885 474 2954 σάριος
505 2884 588 2946 εἰς
617 2881 917 2946 Βυζάντιον
958 2881 1188 2951 ἀφίκετο
1233 2881 1522 2952 Σολομῶνα
1555 2884 1872 2954 ’στρατηγὸν

280 2974 494 3047 Λιϐύης
517 2973 860 3028 καταλιπών.
891 2973 1230 3028 Καταλαϐὼν
1257 2974 1316 3028 δὲ
1336 2975 1652 3046 Βελισάριος
1681 2975 1741 3029 τὸ
1767 2976 1872 3028 Βυο

281 3067 506 3132 ζὰντιον
553 3066 671 3136 ἅμα
724 3065 983 3136 Γελίμερι
1031 3065 1128 3119 καὶ
1177 3067 1290 3129 τοῖς
1321 3065 1650 3137 Οὑανδήλοις
1691 3065 1872 3137 γερῶν

282 3157 499 3229 ἠξιώθη
529 3157 810 3227 μεγάλων,
837 3151 949 3210 οἷον
976 3157 1021 3190 ²¹
1049 3159 1108 3210 ὲν
1133 3159 1245 3221 τοῖς
1265 3157 1378 3212 ἄνω
1409 3158 1624 3228 χρόνοις
1653 3158 1704 3211 οἱ
1741 3157 1875 3210 Ῥω-

286 3250 472 3318 μαίων
524 3247 825 3318 στρατηγοὶ
859 3248 916 3300 ὲν
964 3247 1252 3318 μεγίσταις
1290 3247 1468 3311 νίκαις
1519 3247 1871 3319 ἁνεδήσαντο.

295 3341 630 3408 Ἕξακοσίων
659 3357 720 3393 τε
765 3340 974 3412 χρόνων
1005 3338 1416 3412 παρῳχηκότων
1458 3340 1631 3404 οὐδεὶς
1675 3340 1872 3412 ἐληλύ-

286 3434 375 3488 θει
406 3434 488 3496 είς
515 3432 684 3503 τιμὴν
727 3429 1008 3502 τοιαύτην,
1039 3431 1089 3484 εί
1127 3429 1203 3502 μὴ
1241 3431 1402 3495 Τῖτος
1439 3432 1534 3486 καὶ
1577 3432 1868 3502 Τραϊανὸς,

288 3527 390 3578 καὶ
417 3498 1006 3592 ωλοιναῦτοκράτορες
1036 3498 1519 3592 στρατηγήσαντες
1541 3498 1638 3576 ἐπί
1655 3521 1716 3575 τὸ
1739 3521 1872 3594 βαρ-ι
1899 3498 1944 3558 C

289 3615 522 3687 ϐαρικδν
544 3613 696 3677 ἔθνος
723 3613 1001 3683 ἐνίκησαν.
1027 3613 1110 3666 Τά
1137 3630 1202 3681 γε
1229 3613 1337 3685 γὰρ
1358 3613 1575 3684 λάφυρα
1602 3613 1873 3668 ἐνδεικνύο

291 3720 467 3775 μενος
497 3704 595 3756 καὶ
621 3703 688 3756 τὰ
721 3702 816 3756 τοῦ
857 3703 1096 3774 πολέμου
1126 3702 1437 3775 ἀνδράποδα
1463 3705 1522 3756 ὲν
1568 3704 1710 3776 μέσῃ
1732 3704 1776 3734 ’⁸
1805 3706 1872 3774 τῇ

289 3793 460 3850 πόλει
491 3792 856 3864 ἐπόμπευσεν,
887 3794 947 3848 ὃν
996 3794 1264 3865 θρίαμϐον
1307 3793 1532 3848 καλοῦσι
1571 3794 1834 3863 Ῥωμαῖοι
1855 3809 1870 3824 ⁸

286 3886 359 3940 οὔ
382 3885 469 3954 τῷ
496 3885 542 3917 ’³
569 3885 778 3957 παλαιῷ
814 3886 998 3958 μέντοι
1028 3882 1239 3958 τρόπῳ,
1271 3885 1407 3939 ἀλλὰ
1451 3886 1590 3956 πεζῇ
1640 3885 1870 3955 βαδίζων

289 3980 361 4032 ἐκ
390 3979 494 4048 τῆς
519 3978 696 4042 οἰκίας
729 3979 832 4049 τῆς
853 3978 1047 4032 ἑαυτοῦ
1073 3979 1232 4050 ἄχρις
1266 3979 1346 4042 είς
1371 3979 1431 4032 τὸ
1459 3976 1784 4050 ίπποδρόμιν
1806 3979 1873 4034 ’⁵.

287 4064 405 4124 Ἦν
433 4069 492 4123 δὲ
533 4069 604 4124 τὰ
634 4070 853 4141 λάφυρα
893 4070 993 4124 ὅσα
1023 4070 1090 4142 δὴ
1130 4069 1442 4141 ὑπουργικὰ
1481 4071 1547 4140 τῇ
1604 4068 1875 4140 βασιλέως

289 4163 446 4228 τάξει
476 4162 720 4216 ἀνεῖσθαι
741 4161 922 4216 εἰώθει
951 4163 1018 4230 ’⁵,
1046 4161 1228 4233 θρόνοι
1252 4164 1465 4232 χρυσοῖ,
1497 4160 1594 4215 καὶ
1617 4161 1874 4232 ὀχήματα

290 4250 376 4320 οἷς
402 4254 528 4309 τῶν
555 4255 826 4326 βασιλέων
870 4256 927 4310 αί
969 4256 1228 4324 γυναῖκες
1273 4253 1525 4326 ὀχοῦνται
1553 4255 1621 4320 ’⁸,
1646 4253 1874 4325 κόσμος
1913 4259 1916 4264 ’

288 4364 353 4400 τε
383 4347 557 4412 πολὺς
586 4349 651 4402 ὲκ
677 4347 843 4402 λίθων
885 4347 1123 4420 ἐντίμων
1156 4331 1537 4418 συγκείμενος,
1584 4348 1874 4419 ἑκπόματα

288 4441 495 4511 χρυσᾶ,
526 4439 719 4495 καὶτὰ
741 4442 787 4475 ⁸⁷
821 4439 954 4496 ἄλλα
989 4438 1281 4511 σύμπαντα
1326 4440 1428 4494 ὅσα
1458 4442 1539 4504 είς
1571 4440 1672 4511 τὴν
1721 4439 1874 4512 βασι-

289 4529 434 4593 λὲως
467 4528 652 4601 θοίνην
677 4530 946 4601 χρήσιμα.
972 4525 1082 4582 Ἦν
1111 4529 1166 4582 δὲ
1198 4533 1293 4583 καὶ
1312 4530 1554 4600 ἄργυρος
1582 4530 1754 4584 ἕλκων
1777 4549 1878 4601 μυ-

294 4619 490 4688 ριάδας
521 4619 725 4682 πολλὰς
756 4618 1034 4673 ταλάντων
1073 4619 1169 4672 καὶ
1197 4619 1554 4674 παντοδαπῶν
1586 4619 1878 4692 βασιλικῶν

289 4712 620 4782 κειμηλίων,
660 4713 804 4781 ἅπερ
835 4712 1116 4784 Γιζὲριχος
1148 4712 1208 4765 τὸ
1236 4716 1281 4749 ⁸⁸
1311 4713 1371 4766 ὲν
1421 4711 1607 4784 Ῥώμῃ
1640 4712 1879 4784 συλήσας

1976 2246 2241 2302 felicitate
2274 2243 2392 2300 ﬁeri
2427 2252 2595 2310 amat,
2643 2245 2808 2298 etiam
2857 2242 3126 2299 Belisario
3177 2243 3550 2299 calamitatem

1970 2341 2203 2410 peperit.
2263 2337 2499 2404 Quidam
2547 2336 2693 2392 enim
2741 2336 2920 2405 ipsum
2953 2333 3218 2391 aﬂeetatat
3247 2337 3555 2407 tyrannidis

1973 2426 2119 2499 apud
2204 2428 2593 2496 imperatorem
2672 2425 2946 2479 criminati
3024 2433 3175 2480 sunt.
3253 2424 3557 2496 Imperator

1973 2529 2158 2577 autem
2199 2535 2296 2590 per
2328 2517 2678 2574 Salomonem
2710 2517 2964 2574 Belisarii
3018 2518 3347 2574 sententiam
3389 2532 3558 2587 expe-

1974 2613 2135 2677 ritur,
2192 2619 2376 2666 utrum
2456 2609 2575 2680 ipse
2632 2624 2758 2666 cum
2828 2609 3100 2665 Gelimere
3175 2616 3232 2664 et
3294 2607 3555 2665 Vandalis

1973 2701 2336 2783 Byzantium.
2377 2702 2679 2774 proﬁcisci,
2752 2717 2823 2757 an
2879 2710 3030 2759 certe
3087 2702 3208 2773 ipso
3271 2702 3327 2756 in
3387 2700 3558 2772 Lybia

1973 2794 2376 2850 diuturniorem
2429 2807 2640 2847 moram
2671 2791 2948 2857 trahente,
2983 2791 3135 2863 ipsos
3176 2791 3307 2846 illuc
3341 2790 3558 2846 mittere

1973 2893 2239 2941 statueret
2265 2885 2482 2939 ?Porro
2520 2883 2824 2940 Belisarius
2861 2882 3156 2939 Salomone
3198 2882 3387 2955 Libya
3415 2883 3556 2940 duce

1974 2975 2170 3030 relicto
2197 2974 2305 3046 (ab
2338 2975 2694 3044 optimatibus
2727 2975 2876 3029 enim
2901 2989 2961 3030 se
2983 2974 3558 3045 tyrannidisinsimu-

1973 3065 2143 3120 latum
2192 3081 2304 3120 non
2349 3075 2470 3122 erat
2525 3065 2783 3137 nescius)
2822 3063 3148 3137 Byzantium
3209 3079 3406 3121 versus
3449 3064 3556 3119 iter

1975 3157 2190 3228 arripit.
2222 3155 2469 3213 Subinde
2498 3171 2626 3212 eum
2656 3155 2929 3214 Gelimere
2953 3165 3011 3214 et
3038 3154 3303 3212 Vandalis
3341 3157 3558 3229 Byzan-

1976 3249 2113 3303 tium
2174 3248 2478 3320 prol‘ectus,
2544 3264 2608 3305 ea
2673 3249 2941 3304 honorum
3005 3249 3382 3319 amplitudine,
3449 3265 3560 3320 qua

1973 3341 2255 3413 prioribus
2300 3341 2522 3397 saeculis
2573 3342 2951 3397 Romanorum
2999 3342 3171 3400 duces
3205 3352 3329 3413 post
3383 3343 3558 3415 magis

1977 3433 2223 3504 insignes
2250 3418 2511 3489 victorias
2531 3417 2905 3499 donabantur,
2928 3434 3243 3490 cumulatus
3265 3442 3353 3490 est
3381 3453 3394 3489 :
3428 3449 3557 3491 sex-

1975 3536 2167 3582 centos
2191 3528 2336 3581 enim
2381 3542 2558 3583 annos
2574 3527 2622 3584 si
2650 3527 3277 3592 nnmeraveris,nullus,
3295 3527 3401 3582 nisi
3421 3527 3562 3583 forte

1976 3616 2157 3683 Titus,
2182 3618 2493 3690 Trajanus,
2521 3629 2615 3674 aut
2643 3621 2738 3676 alii
2772 3621 3133 3690 imperatores
3148 3629 3201 3675 et
3217 3621 3560 3675 exercituum

1976 3709 2260 3773 ductores,
2293 3713 2384 3780 qui
2421 3713 2682 3766 barbaras
2709 3712 2964 3766 nationes
2995 3711 3338 3771 devicerunt.
3369 3725 3557 3780 parem

1978 3802 2205 3857 honoris
2233 3803 2460 3874 gradum
2492 3803 2585 3873 qui
2613 3803 2875 3872 attigerit,
2909 3802 3070 3856 facile
3104 3811 3387 3857 occurret.
3419 3800 3564 3870 Spo-

1978 3895 2048 3949 lia
2087 3909 2323 3965 namque
2350 3903 2406 3950 ct
2439 3895 2688 3959 exuvias,
2727 3895 2902 3950 victos
2933 3909 3160 3964 quoque
3198 3893 3341 3948 bello
3381 3893 3562 3963 capti-

1978 4002 2096 4054 vos,
2129 4003 2224 4058 per
2259 3987 2490 4063 mediam
2519 3987 2792 4042 civitatem
2828 3984 3224 4048 circumduxit,
3259 3983 3408 4054 quod
3455 3983 3558 4038 tri-

1980 4094 2070 4132 um
2079 4079 2241 4149 phum
2264 4077 2493 4131 Romani
2514 4091 2922 4146 nuncupavere.
2987 4073 3063 4128 lla
3085 4073 3306 4145 quidem
3328 4074 3558 4143 antiquo

1982 4183 2136 4222 more
2158 4182 2223 4222 ex
2260 4168 2424 4222 domo
2453 4167 2558 4222 sibi
2589 4166 2811 4237 prapria
2841 4163 2911 4220 ad
2952 4165 3163 4220 circum
3192 4179 3366 4234 usque
3395 4163 3562 4234 pedes

1983 4256 2232 4312 incessit.
2269 4254 2445 4312 Fuere
2474 4270 2607 4311 vero
2635 4270 2699 4310 ea
2730 4255 2929 4326 spolia,
2956 4268 3080 4324 qua;
3109 4253 3273 4324 regiae
3303 4252 3562 4323 majesta«

1983 4350 2056 4405 tis
2095 4349 2405 4404 ministerio
2435 4358 2490 4403 et
2534 4363 2723 4418 regum
2773 4347 2966 4404 usibus
2993 4347 3222 4402 concedi
3258 4360 3562 4402 consueve-

1984 4448 2113 4496 runt
2160 4460 2174 4497 :
2224 4440 2408 4496 throni
2470 4440 2646 4506 aurei,
2707 4448 2763 4496 et
2817 4439 3052 4504 lecticae,
3112 4437 3316 4509 quibus
3373 4453 3562 4509 regum

1984 4549 2186 4590 uxores
2217 4543 2399 4589 amant
2432 4532 2576 4599 vehi,
2620 4532 2862 4588 mundus
2917 4531 3170 4585 inﬁnitus
3212 4546 3278 4585 ex
3307 4531 3565 4600 pretiosis

1984 4624 2204 4694 lapillis,
2230 4639 2394 4680 aurea
2420 4625 2641 4694 pocula,
2669 4632 2981 4692 caeteraque
3005 4622 3213 4687 ontnla,
3245 4636 3367 4691 quae
3396 4621 3566 4692 regiis

1985 4718 2255 4773 conviviis
2322 4716 2659 4771 inferuntur.
2705 4715 2992 4771 Censitutn
3046 4723 3129 4768 εει
3172 4722 3436 4783 praeterea
3470 4727 3564 4766 ar-

290 4803 566 4858 παλάτιον
594 4803 790 4858 ἐλαϐεν
811 4820 828 4836 ⁶
868 4806 928 4858 ἐν
957 4797 1040 4868 οἷς
1068 4804 1163 4859 καὶ
1194 4804 1262 4858 τὰ
1306 4803 1580 4858 Ἰουδαίων
1610 4805 1876 4878 κειμήλια

1984 4807 2128 4876 genti
2185 4806 2399 4877 pondus
2455 4802 2691 4875 plurium
2751 4804 3059 4876 myriadum
3121 4804 3458 4858 talentorum
3511 4813 3566 4858 et

292 4888 388 4964 ἦν,
420 4895 569 4965 ἅπερ
609 4894 1018 4958 οὐεσπασιανὸς
1062 4894 1221 4959 Τῖτος
1265 4895 1403 4966 μετὰ
1437 4894 1535 4966 τὴν
1564 4897 1674 4950 τῶν
1716 4897 1876 4968 Ἱερο-

1983 4900 2131 4968 regia
2186 4899 2402 4971 generis
2455 4898 2634 4954 omnis
2693 4897 2959 4968 supellex,
3019 4911 3182 4964 quam
3238 4896 3565 4952 Gizerichus

293 4986 551 5056 σολύμων
602 4986 805 5040 ἅλωσιν
855 4986 936 5052 είς
985 4984 1203 5058 Ῥώμην
1235 4987 1279 5019 ’⁸
1328 4987 1579 5058 ἤνεγκεν.
1650 4987 1877 5058 Ἀνδρά·

1989 4989 2220 5044 Romam
2272 4990 2634 5080 depopulatus
2681 5003 2748 5044 ex
2807 4988 3197 5059 imperatorum
3246 4988 3449 5058 palatio
3476 5003 3567 5042 se-

1607 5098 1846 5157 VARIE
1871 5101 2277 5160 LECTIONES.

398 5187 640 5267 ﬂutat-.310
666 5153 891 5267 quin},
917 5189 1417 5267 90?..‘10510‘Vulg:
1497 5191 1715 5267 ξἈπρρς
1744 5153 2476 5267 οθῙῘί-θίῒᾸῙἾί-τυῌραννίδι
2511 5197 2554 5250 Α
2582 5211 2634 5259 a,
2669 5196 2960 5263 τυραννίδα
2995 5197 3141 5267 vulg.
3227 5197 3270 5228 ’⁸
3290 5195 3350 5267 τὸ
3373 5193 3566 5267 δοκοςῦν

443 5260 487 5292 ιο

292 5260 362 5315 Α.
443 5260 487 5292 ¹⁹
512 5259 762 5326 γίνεσθαι
787 5261 851 5325 Α,
879 5259 1130 5329 γενέσθαι
1165 5261 1310 5331 vulg.
1374 5261 1419 5291 ¹⁰
1450 5259 1703 5326 αὐτὸνἈ,
1737 5263 1878 5332 αὐτῷ

294 5331 344 5363 ³³
377 5328 689 5404 Legebatur
721 5329 886 5404 obrui.
964 5331 1435 5404 _”i1ttto6_popsi’ov
1480 5333 1523 5384 Α
1557 5347 1610 5396 a,
1645 5333 1878 5404 ἱπποδρό

704 5261 851 5336 αεΑ,
879 5259 1130 5336 γενέσθαι
1165 5261 1310 5336 νλυιε.
1356 5261 1419 5336 _'°
1450 5259 1703 5336 αθτὸνᾈ,
1737 5263 1886 5336 αθτῷ
1915 5265 2060 5336 vulg.

294 5337 344 5363 "
379 5337 689 5401 Legebatur
721 5337 886 5384 οὕτω.
977 5337 1022 5367 ³⁵
1049 5337 1435 5401 ἱπποδρομείον
1480 5337 1523 5384 Δ
1557 5347 1610 5396 a,
1645 5337 2005 5456 ίπποδρόὲιον
2031 5337 2068 5392 ι.
2175 5337 2222 5369 ’⁸
2247 5337 2428 5390 εἰώθει
2473 5338 2517 5389 Δ
2565 5351 2617 5400 a,
2661 5355 2686 5389 ε

294 5401 449 5471 vulg.
528 5400 570 5430 "
598 5399 667 5453 τὰ
698 5400 826 5455 add.
861 5415 926 5456 ex
949 5401 1012 5455 Α.
1107 5401 1151 5432 ³³
1177 5402 1236 5454 τὸ
1267 5401 1392 5456 add.
1432 5418 1498 5456 ex
1520 5403 1588 5456 Δ.
1661 5403 1706 5434 ³³
1734 5403 1816 5466 είς
1856 5404 1870 5421 ⁸
1917 5403 2075 5476 ώμην
2107 5405 2190 5470 Α,
2225 5408 2284 5461 ἑν
2325 5405 2515 5480 Ῥώμῃ
2543 5406 2686 5477 vulg.

2157 5262 2410 5342 ’}_OYQY‘A
2441 5266 2499 5342 l',_
2523 5267 2652 5319 οἴων
2679 5268 2826 5342 vulg.
2887 5269 2934 5299 “
2969 5262 3112 5342 μὲσῇ
3141 5267 3219 5342 Α,
3249 5265 3398 5342 μέσῳ
3416 5262 3566 5342 ynig-

2175 5337 2222 5369 “
2247 5336 2428 5406 εἰώθει
2473 5338 2517 5389 Δ
2565 5351 2617 5400 a,
2661 5334 2917 5391 εἰώθασιν
2972 5334 3120 5406 vulg.
3204 5334 3259 5373 ³⁸⁷
3299 5334 3570 5404 ᾠχοῦνται

1599 5520 1744 5578 JAC.
1785 5521 1997 5578 60M“
2032 5522 2264 5580 NOTAE.

370 5634 490 5702 (39)
512 5632 843 5702 Jornandes,
875 5635 950 5690 De
981 5637 1138 5690 rebus
1166 5634 1383 5701 Geticis,
1421 5637 1488 5691 ad
1519 5638 1701 5691 linem.

373 5693 494 5768 (ιο)
525 5693 920 5774 Excerpturum
944 5704 1197 5778 Procopii
1228 5707 1304 5762 De
1339 5693 1474 5762 θὲιιο
1513 5707 1684 5761 νωιτι.
1715 5708 1809 5764 lib.
1843 5723 1878 5762 ll
1920 5704 2274 5764 continuatio.
