4092 6198
380 275 490 341 459

1754 274 2246 336 THEOPHANIS

383 393 591 461 Artaia,
619 390 690 448 iis
718 405 779 448 se
827 388 1151 462 adjunxissc
1187 387 1410 459 reperit.
1448 386 1620 460 Igitur
1653 388 1966 459 congressi,

2078 390 2236 451 ταῖας
2290 388 2401 459 (47)
2435 383 2627 460 ἦρχον.
2656 388 3041 462 Συμϐαλόντες
3091 374 3149 426 ⁸⁸η
3180 393 3235 447 δὲ
3274 395 3533 465 πόλεμον,
3567 397 3663 451 καὶ

384 499 438 546 et
472 488 585 545 acri
625 484 925 542 certamine
960 482 1128 546 inito,
1152 497 1381 552 equum,
1414 483 1505 537 cui
1539 481 1851 539 Germanus
1882 485 1972 538 ln-

383 583 620 647 sidebat,
664 579 936 649 quispiam
978 576 1273 632 interfecit.
1306 575 1616 632 Germanus
1658 576 1714 630 in
1771 586 1972 630 terram

384 691 626 749 praeceps
678 680 836 727 actus
886 671 1137 725 ultimum
1184 668 1491 741 periculum
1545 668 1831 730 subiissct,
1864 667 1972 723 nisi

383 769 645 825 satellites
675 764 848 820 armis
885 763 1252 833 undequaqne
1303 762 1591 823 vallantes.
1616 774 1759 831 equo
1797 775 1975 829 quan-

386 862 566 918 tocius
596 858 855 921 adducto,
880 871 1005 910 eum
1038 868 1232 911 rursus
1262 853 1642 909 sustulissent.
1674 850 1976 907 Vertuntur

386 958 573 1027 itaque
605 952 660 1007 in
691 950 875 1021 fugam
908 948 1127 1004 adversi
1159 947 1387 1012 milites,
1422 946 1623 1015 vixque
1663 943 1895 1000 ‘I‘zotzas
1919 943 1974 997 in

387 1058 541 1105 tanto
569 1044 809 1101 tumultu
839 1056 962 1097 cum
997 1040 1186 1111 paucis
1219 1053 1277 1094 se
1304 1039 1431 1109 fuga
1466 1039 1746 1107 surripere
1783 1037 1974 1093 valuit.

385 1148 560 1204 Porro
609 1143 918 1200 Germanus
960 1138 1048 1202 iis,
1086 1136 1238 1206 quia
1271 1150 1330 1190 se
1375 1135 1602 1205 propius
1634 1134 1884 1199 aberant,
1915 1140 1977 1187 ut

387 1250 539 1297 recta
584 1237 639 1291 in
677 1233 919 1288 hostium
950 1236 1138 1285 castra
1175 1228 1471 1288 irruerent,
1499 1225 1776 1296 praecepit,
1801 1238 1978 1294 eaque

389 1341 509 1405 post
536 1335 847 1398 reparatam
878 1335 1116 1392 pugnam
1151 1317 1409 1373 obtinuit.
1437 1315 1575 1371 Tum
1615 1332 1744 1371 vero
1772 1316 1976 1371 milites

388 1431 635 1495 repertas
658 1418 876 1476 obviam
905 1416 1118 1484 absque
1144 1410 1358 1467 delectu
1388 1408 1471 1464 vel
1510 1409 1720 1464 ratione
1750 1408 1975 1463 divitias

386 1515 708 1586 diripientes
762 1509 969 1564 nullam
1009 1504 1167 1560 ducis
1214 1517 1402 1559 curam
1440 1516 1653 1573 gerere,
1684 1501 1889 1555 nullam
1921 1500 1975 1555 in

386 1620 513 1662 eum
560 1596 969 1657 observantiam
1020 1593 1278 1649 retinere.
1316 1590 1537 1645 Veritus
1584 1590 1752 1659 igitur
1789 1604 1855 1645 ne
1888 1604 1975 1645 re-

386 1696 623 1767 sumptis
654 1690 851 1748 animis
880 1690 1069 1744 hostes
1104 1684 1476 1748 adorirentur,
1497 1682 1740 1739 substitit
1771 1682 1838 1737 de
1865 1690 1973 1737 tam

387 1790 615 1861 indigno
675 1784 923 1840 facinore
980 1788 1341 1848 conquestus,
1402 1775 1554 1845 ipsos
1620 1775 1675 1829 in
1723 1773 1973 1831 ordinem

387 1880 622 1939 subinde
660 1888 950 1933 revocans.
990 1868 1260 1924 Maurusii
1291 1881 1425 1923 vero
1460 1866 1552 1921 ubi
1587 1862 1769 1937 fugam
1809 1866 1971 1919 istam

386 1987 760 2044 conspexere,
811 1967 953 2022 facto
1004 1964 1058 2020 in
1106 1965 1375 2034 ipsosmet
1420 1959 1622 2015 milites
1662 1957 1975 2030 perduelles

388 2070 610 2137 impetu,
633 2078 741 2117 una
773 2074 897 2116 cum
925 2055 1275 2129 imperatoris
1305 2052 1422 2108 acie
1439 2068 1536 2108 eos
1562 2051 1799 2107 insecuti
1823 2058 1972 2108 sunt.

386 2156 756 2226 Quamobrem
812 2151 1067 2214 Tzotzas,
1100 2148 1195 2219 qui
1251 2146 1505 2202 fiduciam
1552 2157 1771 2199 omnem
1804 2144 1859 2198 in
1890 2143 1973 2199 eis

386 2256 729 2319 reposuerat,
770 2261 895 2301 cum
946 2245 1109 2298 istam
1154 2241 1377 2295 illorum
1420 2238 1709 2293 adversum
1748 2252 1807 2293 se
1842 2252 1974 2291 con-

385 2346 694 2399 versionem
732 2335 1141 2400 animadvertit,
1193 2349 1253 2387 se
1300 2347 1426 2387 cum
1480 2338 1699 2385 centum
1742 2329 1870 2383 aliis
1919 2328 1974 2381 in

387 2438 568 2508 fugam
610 2433 887 2502 coniecit,
924 2438 978 2484 et
1013 2430 1067 2483 in
1099 2418 1483 2481 Mauritaniam
1522 2419 1838 2475 interiorem
1887 2434 1975 2473 re-

385 2529 557 2586 cessit
586 2547 598 2582 :
626 2535 793 2596 atque
816 2525 888 2577 ita
917 2520 1139 2575 demum
1164 2516 1363 2572 seditio
1394 2513 1651 2570 cessavit.
1677 2512 1977 2581 Imperator

387 2635 569 2681 autem
600 2621 943 2678 Germanum
976 2631 1085 2671 una
1115 2628 1242 2668 cum
1273 2610 1538 2666 Domnico
1566 2617 1621 2663 et
1643 2605 1975 2679 Symmacho

387 2715 710 2788 Byzantium
743 2722 1035 2773 revocans,
1076 2704 1303 2775 Libyam
1343 2702 1545 2755 iterum
1581 2698 1976 2752 administran-

386 2808 513 2864 dam
558 2802 836 2860 Salomoni
870 2797 1170 2854 commisit.
1204 2792 1423 2849 Tertius
1455 2802 1583 2846 tunc
1614 2806 1780 2860 supra
1827 2788 1977 2843 deci-

387 2916 535 2958 mum
558 2897 772 2968 imperii
813 2890 1113 2949 Justiniani
1142 2887 1536 2943 numerabatur
1565 2900 1745 2939 annus
1772 2900 1786 2937 ε
1812 2882 1978 2938 alios-

387 3008 494 3067 que
518 2990 702 3061 Libya:
732 2994 971 3043 rectores
1000 2982 1285 3043 Rufinum,
1314 2978 1605 3033 Leontium
1630 2974 1975 3067 etAJoannem

2076 483 2177 552 τῆς
2227 481 2408 553 μάχης
2447 488 2713 555 κραταιᾶς
2770 485 3096 557 γενομένης,
3148 486 3240 540 τὸν
3286 487 3330 519 "
3377 487 3662 559 Γερμανοῦ

2080 574 2244 627 ἵππον
2272 592 2357 639 τις
2386 577 2492 629 τῶν
2526 578 2803 647 πολεμίων
2830 578 3095 632 ἔκτεινεν.
3128 578 3317 631 Πεσὼν
3344 579 3401 633 δὲ
3432 581 3525 632 ἐπὶ
3556 579 3664 648 γῆς

2080 667 2360 737 Γερμανὸς
2416 669 2495 731 εἰς
2552 670 2799 723 κίνδυνον
2849 667 3036 742 ἦλθεν,
3069 674 3118 724 εί
3152 672 3225 740 μὴ
3284 672 3345 725 τὺ
3403 672 3570 741 τάχος
3612 672 3663 724 οἱ

2080 759 2380 832 δορυφόροι
2436 762 2778 833 φραξάμενοι
2824 764 3022 835 ἔφερον
3081 765 3282 830 ἵππον,
3342 765 3436 818 καὶ
3474 764 3669 818 τοῦτον

2078 854 2402 908 ἐνεϐίϐασαν
2432 855 2500 908 ⁸⁸.
2539 855 2847 926 Τρέπονται
2880 860 3057 912 τοίνυν
3090 860 3141 911 οἱ
3181 858 3536 929 στρατιῶται,
3570 857 3670 911 καὶ

2077 942 2107 994 ὁ
2130 941 2377 1008 Τξὸτζας
2402 946 2459 997 ἐν
2493 946 2570 1013 τῷ
2603 946 2817 1017 θορύϐῳ
2846 947 3023 1016 τούτῳ
3044 948 3141 1001 σὺν
3174 948 3379 1016 ὀλίγοις
3406 948 3452 979 ⁸⁹
3474 947 3671 1017 διαφυ-

2078 1035 2197 1101 γεῖν
2248 1033 2467 1103 ἴσχυσεν
2507 1036 2573 1089 ’⁸.
2619 1036 2678 1089 Ὀ
2725 1037 2781 1090 δὲ
2824 1038 3105 1107 Γερμανὸς
3149 1038 3265 1099 τοῖς
3320 1038 3459 1107 ἀμφ’
3498 1039 3669 1091 αὑτὸν

2077 1125 2568 1196 ἐγκελευσάμενος,
2601 1127 2762 1190 εὐθὺς
2798 1129 2889 1181 ἐπὶ
2920 1128 2980 1180 τὺ
3012 1129 3379 1199 στρατόπεδον
3418 1129 3531 1182 τῶν
3561 1145 3666 1181 πο-

2077 1217 2283 1288 λεμίων
2349 1217 2644 1290 ὥρμησεν,
2695 1220 2991 1274 καὶτοῦτο
3045 1221 3357 1288 παρέλαϐεν
3411 1221 3659 1292 πολέμῳ.

2089 1308 2358 1364 Ἐνταῦθα
2382 1310 2438 1364 δὲ
2467 1312 2536 1364 τά
2576 1313 2834 1383 χρήματα
2868 1312 2917 1365 οί
2950 1312 3284 1382 στρατιῶται
3312 1313 3490 1366 οὐδενὶ
3523 1314 3668 1383 λόγῳ

2076 1404 2416 1475 ἁρπάζοντες
2443 1446 2458 1469 ,
2500 1404 2595 1459 τοῦ
2652 1406 2963 1478 στρατηγοῦ
3002 1406 3161 1476 λόγον
3202 1408 3304 1460 οὐκ
3361 1405 3661 1461 ἐποιοῦντο.

2078 1496 2291 1569 Νοήσας
2314 1499 2373 1551 δὲ
2404 1500 2432 1551 ό
2464 1498 2767 1571 Γερμανὸς,
2801 1500 2875 1570 μὴ
2912 1502 3399 1570 συμφρονήσαντες
3424 1501 3473 1551 οἱ
3508 1496 3664 1551 πολέα

2080 1608 2193 1661 μιοι
2237 1590 2324 1644 ἐπ’
2355 1591 2519 1645 αὐτὸν
2558 1590 2733 1656 ῐωσιν,
2777 1592 2967 1646 ἵστατο
2998 1592 3345 1663 ὀδυρόμενος,
3382 1591 3475 1644 καὶ
3527 1590 3667 1661 πρὸς

2079 1684 2380 1755 εὐκοσμίαν
2431 1684 2658 1748 τούτους
2696 1685 3057 1756 παρακαλῶν.
3090 1687 3153 1739 Οἱ
3209 1684 3266 1739 δὲ
3318 1684 3665 1755 Μαυρούσιοι

2076 1776 2172 1848 τήν
2232 1779 2439 1849 τροπὴν
2499 1777 2827 1847 Θεασάμενοι
2872 1778 3015 1832 κατά
3063 1778 3171 1832 τῶν
3222 1778 3563 1831 στασιαστῶν
3618 1777 3666 1810 ⁸⁸

2075 1868 2362 1939 ὥρμησαν,
2397 1868 2492 1922 καὶ
2516 1866 2739 1930 τούτους
2763 1866 2988 1921 ἐδίωκον
3024 1868 3121 1921 σὺν
3154 1865 3233 1937 τῷ
3264 1866 3359 1920 τοῦ
3389 1864 3664 1931 βασιλέως

2077 1960 2314 2031 στρατῷ.
2366 1959 2609 2025 Τζότζας
2655 1960 2715 2013 δὲ
2774 1960 2834 2012 τὸ
2900 1959 3102 2032 θάρσος
3135 1961 3215 2023 είς
3256 1959 3456 2021 αὐτοὺς
3499 1957 3662 2027 ἔχων,

2076 2052 2338 2124 ἑωρακὼς
2371 2054 2437 2105 τά
2476 2052 2569 2106 ὑπ’
2614 2050 2793 2106 αὐτῶν
2842 2052 3112 2123 γενόμενα
3155 2050 3292 2121 μετὰ
3344 2049 3542 2103 ἑκατὸν
3581 2051 3665 2111 είς

2080 2145 2260 2217 φυγὴν
2286 2145 2524 2217 ἐτράπη,
2556 2146 2649 2197 κα)⁸
2682 2146 2763 2208 είς
2795 2143 3177 2214 Μαυριτανίαν
3218 2142 3318 2215 τήν
3377 2142 3665 2211 ἑνδοτέραν

2078 2240 2383 2310 ἐχώρησεν,
2416 2238 2513 2291 καὶ¹
2544 2240 2576 2308 ή
2602 2239 2791 2300 στάσις
2822 2239 2881 2290 ὲν
2905 2236 3114 2298 τούτοις
3139 2235 3413 2288 ἐτελεύτα.
3441 2235 3663 2305 Γερμα-

2078 2333 2166 2386 νὸν
2188 2332 2243 2385 δὲ
2276 2332 2374 2384 σὺν
2403 2330 2658 2400 Δομνίκῳ
2694 2331 2790 2385 καὶ
2824 2329 3110 2400 Συμμάχῳ
3153 2327 3665 2398 μεταπεμψάμενος

2076 2426 2105 2478 ὁ
2132 2425 2387 2495 βασιλεὺς
2436 2426 2517 2487 είς
2591 2424 2904 2488 Βυζάντιον,
2936 2422 3209 2489 Σολομῶνι
3250 2421 3414 2475 πάλιν
3453 2423 3520 2475 τά
3560 2422 3663 2487 τῆς

2078 2514 2286 2585 Λιϐύης
2318 2515 2620 2586 πράγματα
2652 2514 2955 2585 ἐνεχείρισε
3009 2513 3487 2584 (τρισκαιδέκατον
3518 2512 3576 2565 δὲ
3609 2513 3656 2543 ⁹¹

2078 2606 2198 2670 ἔτος
2246 2601 2313 2676 ἦν
2347 2606 2511 2659 τοῦτο
2542 2606 2644 2675 τῆς
2717 2605 3095 2658 Ἰούστινιανοῦ
3135 2604 3453 2673 βασιλείας),
3480 2618 3663 2673 παρα-

2080 2700 2343 2771 σχόμενος
2373 2696 2521 2767 αύτῷ
2564 2697 2610 2731 ⁸³
2641 2698 2921 2767 ἄρχοντάς
2979 2714 3036 2749 τε
3068 2696 3260 2757 ἄλλους
3296 2697 3388 2748 καὶ
3452 2696 3667 2763 Ῥουφῖ-

2079 2809 2168 2845 νον
2201 2790 2296 2845 καὶ
2339 2790 2591 2843 Λεόντιον
2640 2791 2733 2843 κοι)⁸
2783 2790 3035 2859 Ἰωάννην
3073 2790 3165 2843 τὸν
3212 2789 3478 2842 Σισιννίου
3526 2788 3664 2841 υἱόν.
3733 2860 3742 2867 θ

2079 2882 2333 2954 Σολομὼν
2385 2883 2443 2936 δὲ
2497 2883 2886 2944 καταπλεύσας
2939 2884 3018 2945 είς
3067 2882 3397 2953 Καρχηδόνα
3427 2879 3667 2951 μετρίως

2079 2978 2169 3031 τὸν
2203 2977 2332 3031 λαὸν
2366 2976 2634 3046 ἐξηγεῖτο,
2662 2962 2755 3030 καὶ
2776 2976 2983 3045 Λιϐύην
3003 2977 3260 3045 ἀσφαλῶς
3289 2975 3664 3043 διεφύλαττεν,

391 3065 620 3139 Sisinnii
669 3078 838 3133 ﬁlium
887 3074 1120 3129 addidit.
1160 3070 1332 3125 Porro
1380 3067 1643 3125 Salomon
1681 3065 1973 3137 Carthagi-

2078 3068 2391 3139 διακοσμῶν
2420 3087 2479 3121 τε
2527 3067 2617 3122 τὸν
2655 3070 2904 3141 στρατὸν,
2938 3071 3031 3122 καὶ
3085 3068 3138 3121 εί
3188 3086 3308 3123 τινα
3339 3068 3579 3121 ὕποπτον
3606 3070 3666 3121 ὲν

391 3190 511 3231 nem
564 3171 845 3242 trajicieus
877 3166 980 3222 levi
1016 3165 1407 3232 moderatoque
1441 3158 1671 3230 imperio
1704 3161 1963 3230 populum

2078 3160 2222 3230 αὐτῷ
2257 3159 2535 3231 εὕρισκεν,
2560 3160 2640 3222 είς
2672 3159 2963 3224 Βυζάντιον
2998 3159 3350 3229 ἀπέπεμπεν.

3555 280 3747 347 ίῦθ.

387 3271 565 3333 rexit,
624 3276 679 3322 et
729 3264 956 3336 Libyam
1011 3260 1205 3317 sedulo
1263 3266 1497 3322 tutatus,
1555 3257 1860 3311 exercitum
1908 3271 1974 3312 eo
2008 3256 2204 3311 ordine
2254 3254 2585 3325 composuit,
2634 3263 2713 3321 ut,
2745 3254 2978 3324 siquem
3010 3269 3078 3308 ex
3136 3255 3403 3308 militibus
3469 3262 3667 3322 suspe—

388 3372 539 3422 ctum
577 3354 1142 3428 Iiabuit,;Byzantium
1180 3352 1365 3407 statim
1394 3348 1785 3403 transmiserit.

458 3454 763 3511 Belisarius
799 3458 981 3505 autem
1026 3446 1238 3510 Sicilia,
1272 3444 1470 3509 Roma,
1502 3444 1813 3513 vicinisque
1852 3444 1974 3499 civi-

2152 3437 2478 3508 Βελισόιριος
2522 3437 2579 3490 δὲ
2627 3437 2727 3508 τήν
2768 3454 2825 3490 τε
2884 3435 3134 3489 Σικελίαν
3175 3435 3272 3488 καὶ
3312 3432 3533 3505 Ῥώμην
3556 3433 3664 3487 ὑπὸ

390 3551 651 3607 tatibusa
681 3546 866 3616 Jutgio
926 3532 1251 3598 detentisin
1292 3537 1595 3593 Romanam
1648 3547 1974 3607 potestatem

2092 3531 2348 3599 Ἰουτγίου
2377 3528 2425 3563 ’⁸
2458 3526 2570 3599 (48)
2608 3527 3004 3597 κατεχομένην,
3034 3528 3127 3581 καὶ
3157 3526 3255 3590 τάς
3287 3527 3447 3596 πέριξ
3477 3527 3665 3589 πόλεις

389 3637 909 3712 receptis,.lutgium
937 3650 1064 3690 cum
1096 3648 1271 3688 uxore
1303 3640 1357 3687 et
1390 3631 1587 3685 liberis
1618 3630 1685 3683 ad
1719 3627 1958 3703 Justinia

2079 3620 2434 3695 παραλαϐὼν,
2474 3620 2729 3689 Ἱούτγιον
2785 3622 2865 3683 είς
2901 3620 3197 3684 Βυζάντιον
3251 3622 3389 3691 πρὸς
3436 3621 3663 3673 Ἰουστι-

389 3749 525 3793 num
578 3729 902 3803 Byzantium
943 3725 1192 3781 adduxit.
1234 3723 1541 3794 Imperator
1580 3736 1711 3776 vero
1746 3719 1974 3775 Narsem

2083 3716 2268 3770 νιανὸν
2296 3715 2507 3786 ἤγαγεν
2557 3712 2695 3784 μετὰ
2733 3712 2832 3782 τῆς
2876 3712 3133 3781 γυναικὸς
3183 3714 3277 3765 καὶ
3326 3712 3434 3765 τῶν
3459 3712 3668 3765 τέκνων

388 3824 791 3882 cubicularium
822 3820 987 3875 rebus
1019 3818 1133 3872 illic
1166 3814 1622 3871 administrandis
1644 3828 1771 3868 cum
1798 3812 1974 3866 classe

2083 3808 2270 3862 αὑτοῦ.
2310 3804 2422 3860 Καὶ
2452 3806 2769 3860 ἀπέστειλεν
2807 3806 2835 3857 δ
2878 3805 3130 3876 βασιλεὺς
3159 3804 3385 3874 Ναρσῆν
3414 3805 3506 3856 τὸν
3537 3821 3668 3855 κου-

390 3917 574 3975 valida
627 3912 860 3968 Romam
925 3908 1252 3965 transmisit.
1306 3907 1565 3961 Salomon
1624 3906 1787 3959 etiam
1847 3918 1974 3957 cum

2081 3900 2428 3969 ϐικουλάριον
2452 3899 2590 3968 μετά
2623 3896 2908 3951 στόλοιι’ὲν
2930 3900 2995 3967 τῇ
3044 3896 3232 3969 Ῥώμῃ
3275 3896 3409 3966 πρὸς
3440 3896 3500 3949 τὸ
3546 3896 3667 3953 δια-

387 4007 739 4078 Carthagine,
789 4011 905 4059 tum
939 4004 992 4057 in
1031 4001 1205 4072 Libya
1257 3999 1494 4071 regenda
1532 4012 1745 4053 summa
1783 3996 1974 4051 mode-

2094 3994 2370 4063 κρατῆσαι
2399 3991 2469 4043 τὰ
2485 3992 2685 4045 ἐκεῖσε.
2713 3988 2965 4060 Σολομὼν
2985 3990 3041 4044 δὲ
3070 3991 3136 4043 τὰ
3163 3991 3220 4042 ὲν
3240 3990 3546 4062 Καρχηδόνι
3570 3990 3670 4044 καὶ

388 4096 603 4151 ratione
669 4107 831 4155 usus,
890 4090 1158 4145 adversus
1206 4087 1519 4143 Maurusios
1591 4087 1839 4157 praelium
1892 4085 1974 4139 in-

2084 4082 2258 4153 Διϐύῃ
2290 4082 2470 4145 καλῶς
2515 4082 2819 4151 διοικήσας,
2874 4082 3021 4135 κατά
3074 4082 3435 4153 Μαυρουσίων
3464 4085 3670 4151 ἐστρά-

390 4185 628 4251 ιιιυιίι,
660 4192 716 4241 et
748 4183 924 4254 primo
953 4180 1180 4251 quidem
1212 4178 1547 4250 Gogdarium
1588 4194 1619 4232 e
1649 4177 1974 4233 satellitibus

2084 4192 2295 4230 τευσεν.
2328 4175 2436 4227 Καὶ
2465 4172 2680 4243 πρῶτον
2722 4173 2820 4243 μὲν
2850 4174 3143 4246 Γογδάριον
3165 4177 3211 4208 ⁹⁸
3236 4176 3347 4246 (49)
3377 4178 3467 4229 τὸν
3495 4176 3663 4230 αὐτοῦ

389 4295 585 4344 unum,
609 4279 789 4333 virum
815 4274 1092 4345 probitate
1120 4280 1173 4326 et
1206 4271 1428 4325 militari
1467 4270 1659 4339 peritia
1694 4284 1974 4324 commen-

2082 4267 2404 4339 δορυφόρον,
2454 4267 2625 4335 ἄνδρα
2676 4266 2883 4334 ἀγαθὸν
2942 4269 3120 4330 είςτά
3162 4269 3209 4301 ⁸⁸
3240 4270 3497 4338 πολέμια,
3563 4271 3664 4323 σὺν

389 4372 602 4436 datum,
630 4384 752 4424 cum
790 4365 1035 4422 exercitu
1072 4362 1337 4433 praemisit
1374 4379 1387 4415 :
1426 4362 1520 4430 qui
1556 4360 1623 4415 ad
1653 4360 1840 4431 Bigam
1873 4359 1974 4415 Ilu-

2086 4358 2456 4430 στρατεύματι
2489 4358 2756 4428 ἐπεμψεν,
2790 4359 2938 4423 ὅστις
2967 4361 3047 4424 είς
3071 4360 3239 4429 Βίγαν
3271 4360 3383 4431 (50)
3414 4361 3664 4429 ποταμὸν

389 4465 538 4522 vium
560 4459 905 4519 descendens
944 4456 1012 4511 ad
1044 4455 1316 4526 Baugaem
1345 4454 1622 4508 civitatem
1668 4454 1972 4509 desolatam

2081 4450 2433 4521 ἀφικόμενος,
2471 4452 2547 4514 εἰς
2573 4451 2797 4522 Βαυγαῆ
2827 4452 2938 4523 (51)
2978 4453 3135 4505 πόλιν
3164 4453 3371 4525 ἔρημον
3399 4456 3666 4523 ἐστρατο-

391 4564 575 4613 castra
606 4561 844 4609 metatus
875 4560 983 4607 est.
1011 4547 1087 4604 lbi
1128 4546 1431 4602 commisso
1476 4545 1777 4599 certamine
1809 4559 1973 4613 supe-

2081 4541 2404 4598 πεδεύσατο.
2442 4543 2707 4597 Ἐνταῦοα
2734 4546 2792 4599 δὲ
2829 4546 3004 4616 μάχης
3058 4547 3383 4617 γενομένης,
3403 4548 3662 4618 ἡττηθεὶς

392 4656 568 4710 ratus,
598 4646 655 4700 in
692 4632 892 4698 v‘allum
924 4655 989 4695 se
1027 4637 1255 4707 recepit,
1281 4638 1334 4690 in
1376 4650 1489 4705 quo
1530 4638 1791 4688 continua
1822 4632 1974 4688 Mau-

2086 4634 2180 4688 xal
2234 4636 2312 4696 εἰς
2368 4635 2428 4687 τὸ
2483 4638 2793 4707 χαράκωμα
2859 4638 3219 4708 ἀναχωρήσας
3262 4640 3342 4704 ³⁷,
3404 4640 3511 4692 ὑπὸ
3566 4639 3666 4708 τῆς

393 4735 669 4789 rusiorum
705 4730 997 4787 obsidione
1028 4727 1403 4800 premebatur.
1437 4724 1534 4780 His
1567 4741 1597 4779 e
1633 4724 1815 4778 vicino
1859 4725 1974 4779 loco

2087 4726 2194 4779 τῶν
2248 4728 2615 4799 Μαυρουσίων
2677 4731 3006 4802 προσεδρίας
3068 4732 3337 4795 ἐπιέζετο.
3406 4731 3663 4803 Σολομὼν

392 4823 626 4889 auditis,
676 4824 944 4878 Salomon
1000 4821 1334 4893 quantocius
1394 4817 1694 4877 advolavit.
1753 4816 1974 4874 Barbari

2086 4819 2145 4873 δὲ
2178 4818 2404 4891 πλησίον
2433 4821 2721 4891 γενόμενος
2754 4822 3045 4878 καὶταῦτα
3087 4824 3297 4895 μαθὼν,
3335 4825 3478 4878 κατά
3498 4824 3664 4895 τάχος

1715 4975 1950 5032 ΥΑΒΙΛΕ
1987 4975 2391 5034 LECTIONES.

454 5099 501 5132 ⁸⁸
529 5097 900 5169 συμϐαλόντες
924 5098 989 5161 Α,
1024 5095 1421 5169 συμϐάλλοντες
1463 5094 1611 5163 vulg.
1641 5164 1652 5169 _
1686 5092 1850 5169 "ab?
1882 5092 1947 5154 A,
1978 5094 2087 5169 τῶν
2128 5093 2273 5169 vulg.
2346 5096 2390 5127 ⁸⁸
2415 5094 2736 5169 ἐνεϐίϐασαν
2773 5095 2837 5160 Α,
2869 5093 3017 5151 ἁνεϐ.
3046 5095 3196 5169 vnlg.
3260 5095 3309 5126 υ
3338 5094 3513 5164 τούτῳ
3560 5094 3658 5169 συν

391 5162 686 5241 ύλίχοιςᾌ,
716 5169 813 5223 σὺν
842 5162 1213 5241 δλίγωνῌνὶιιρ.
1269 5237 1281 5241 _
1306 5167 1362 5241 ’ξ
1382 5162 1693 5241 ἴσχυσενμΑ,
1727 5162 1956 5241 ἰσχύσας
1991 5166 2138 5241 vulg.
2227 5162 2269 5197 ⁵⁸
2309 5166 2653 5241 στασιαστῶν
2694 5167 2760 5241 _A,
2781 5162 3205 5241 στασιασάντων
3228 5182 3278 5241 e_,
3307 5162 3659 5241 στρατιωτῶν

392 5235 537 5314 vnlg.
621 5244 668 5276 "
696 5242 753 5314 δὲ
788 5240 915 5314 add.
941 5235 1007 5294 ex
1032 5238 1135 5314 A._
1151 5235 1372 5314 ξ³Δαύτῷ
1398 5237 1465 5302 A,
1494 5235 1657 5314 αύτζις
1690 5236 1836 5314 vulg.
1903 5235 1958 5314 “_
1985 5236 2209 5314 Ούγίου,
2238 5251 2361 5314 ιιι.οι
2389 5237 2641 5314 ρύῖτγιον
2679 5238 2742 5314 Α,
2771 5238 3020 5314 Ούῖτ-τίου
3047 5253 3098 5304 e,
3129 5237 3327 5305 Ούγίου
3353 5237 3392 5292 f.
3447 5237 3491 5268 ’³
3523 5236 3659 5304 Γορ⁴

390 5304 574 5386 δάρῖον
599 5314 666 5383 Δ,
689 5311 977 5382 Γονδάριον
1010 5323 1062 5377 e,
1096 5306 1359 5378 Γότοαριν
1384 5322 1438 5363 a.
1495 5306 1542 5339 "
1568 5307 1648 5370 είς
1679 5304 1747 5358 τὰ
1773 5304 1839 5369 Δ,
1876 5305 1970 5359 καὶ
1996 5306 2075 5368 είς
2109 5306 2178 5359 τὰ
2206 5307 2352 5377 vulg.
2401 5308 2444 5339 "
2478 5309 2847 5377 ἀποχωρήσας
2884 5310 2947 5362 Δ.

1718 5424 1861 5482 JAC.
1892 5424 2103 5482 GOARI
2140 5426 2371 5483 NOTAE.

2151 5546 2262 5629 (l9)
2300 5546 2621 5618 Procopius,
2656 5548 2754 5603 lib.
2806 5565 2843 5604 ιι
2890 5548 2962 5603 Dc
3015 5547 3149 5602 bello
3194 5546 3487 5601 Vandalico
3510 5544 3661 5600 Gon-

2073 5619 2302 5673 lbarim.

2150 5690 2265 5760 (50)
2301 5688 2470 5754 Idem,
2501 5690 2751 5760 Abigam.

2143 5759 2257 5829 (51)
2294 5760 2437 5816 Idem
2476 5759 2751 5818 FabOsim.

460 5548 801 5689 (“glaudas
836 5558 888 5605 et
913 5548 1163 5604 Artliias.

460 5619 550 5689 (48
610 5619 865 5673 Butinum
909 5622 1074 5675 vertit
1101 5622 1163 5673 At

458 5616 573 5692 (48)
610 5619 865 5673 Butinum
909 5622 1074 5675 vertit
1101 5619 1469 5692 Anastasius.
1489 5618 1562 5672 De
1609 5616 1829 5692 Bultino
1860 5617 1967 5692 R9-

389 5688 535 5763 ma_m
556 5688 869 5763 ’occupante
893 5691 1085 5745 scribit
1115 5692 1379 5763 Agathias
1416 5688 1511 5744 lib.
1566 5701 1629 5757 ιι,
1662 5691 1840 5763 deque
1877 5690 1970 5745 illo

387 5776 418 5816 ,ι
459 5757 792 5827 Theophane
820 5759 1036 5816 diversa
1069 5757 1255 5815 tradit.
