3848 6194
194 266 292 330 485

1478 255 2132 320 CHRONOGRAPHIA

3353 259 3465 325 486

191 378 421 452 Χοσρόην
438 373 698 446 ἔφασκεν,
721 374 804 430 ὅτι
831 372 898 447 δὴ
923 375 1049 430 καθ’
1079 375 1114 431 ἃ
1147 373 1423 439 συνέθετο,
1457 375 1557 427 οὐκ
1582 372 1747 442 επεμ·

1860 369 1961 425 rati
2015 378 2070 425 et
2118 376 2405 440 vagantes,
2454 376 2782 426 venatorum
2831 385 2984 428 more
3037 372 3456 444 discurrebant;

188 475 284 544 ψεν
327 469 698 531 Ὶουστινιανὸς
765 468 1032 537 πρέσϐεις
1067 468 1204 540 πρὸς
1243 467 1408 522 αὐτὸν
1469 467 1600 538 περὶ
1654 466 1754 536 τῆς

199 567 423 636 εἰρήνης.
454 561 544 613 καὶ
576 559 896 628 ἠνάγκασεν
949 560 1203 632 Χοσρόην
1258 558 1402 612 κατὰ
1461 557 1754 628 Ῥωμαίων

194 653 621 726 στρατεύσασθαι.
653 651 978 721 Βελισὰριος
1007 651 1065 704 δὲ
1103 651 1219 706 ἀντ’
1271 651 1485 714 οὐδενὸς
1527 651 1753 713 τούτους

193 752 312 812 τοῦς
337 748 509 816 λόγους
535 746 801 808 ἐποιεῖτο,
836 744 928 798 τὸν
958 745 1207 815 Χοσρόην
1237 745 1410 813 λέγων
1441 746 1613 798 αἴτιον
1655 743 1750 796 τοῦ

199 840 442 910 πολέμου.
466 834 522 889 Εἰ
549 837 655 905 γὰρ
679 836 909 907 εἰρήνης
954 837 1160 907 ἐφίετο,
1196 838 1297 889 οὐκ
1322 837 1388 890 ἂν
1414 837 1492 899 εἰς
1519 837 1618 904 τὴν
1642 835 1751 888 τῶν

215 932 484 1001 Ῥωμαὶων
507 929 598 996 γῆν
626 928 989 997 ἀφικόμενος,
1035 928 1243 996 ταύτην
1270 928 1452 999 ἐζήτει
1471 943 1486 957 °
1528 929 1642 982 ἀλλ’
1671 930 1752 992 εἰς

209 1026 308 1096 τὴν
337 1025 452 1076 ἰδίαν
492 1021 666 1092 χώραν
710 1020 913 1092 μένων,
969 1022 1098 1086 τοὺς
1151 1021 1412 1090 πρέσϐεις
1452 1020 1746 1091 ἐξεδέχετο.

213 1117 317 1168 Καὶ
336 1113 472 1168 ταῦτα
487 1111 670 1178 εἰπὼν,
690 1113 786 1165 τὸν
805 1112 1044 1185 πρέσϐυν
1061 1111 1446 1182 ἀπεπέμψατο.
1467 1112 1524 1165 '0
1537 1113 1591 1165 δὲ
1615 1113 1750 1184 πρὸς

204 1208 420 1277 Χοσρόην
443 1205 792 1275 ἀφικόμενος.
825 1205 930 1275 ἔφη
971 1205 1279 1275 στρατηγὸν
1310 1205 1614 1276 ἑωρακέναι
1654 1204 1750 1256 Βε-

193 1300 411 1368 λεσάριον
438 1297 657 1350 συνετόν
712 1315 774 1349 τε
826 1298 920 1351 καὶ
961 1297 1205 1368 ἀνδρεῖον
1233 1297 1543 1368 ὑπεράγαν,
1581 1314 1749 1367 στρα-

181 1388 364 1452 τιώτας
394 1387 450 1440 δὲ
474 1387 621 1450 οἴους
656 1387 823 1451 αὐτὸς
850 1386 1044 1451 ἄλλους
1075 1389 1136 1443 οὑ
1158 1389 1378 1443 πώποτε
1409 1389 1456 1422 ⁸⁵
1483 1385 1646 1453 εἶδεν,
1672 1385 1750 1451 ὡς

179 1482 269 1551 τὴν
302 1481 593 1550 εὐκοσμίαν
621 1480 916 1552 ἐθαύμασα
946 1484 1010 1536 ἐκ
1052 1483 1332 1554 διαφόρων
1359 1481 1533 1536 ἐθνῶν
1565 1499 1748 1536 συνει-

178 1576 474 1644 λεγμένους,
511 1577 606 1628 καὶ
634 1576 1024 1630 συνεϐούλευσε
1072 1574 1296 1652 Χοσρόῃ
1327 1574 1404 1648 μὴ
1437 1575 1748 1646 συμπλέκε-

179 1667 287 1720 σθαι
311 1669 386 1730 εὶς
420 1669 607 1739 μάχην
643 1669 765 1739 μετ’
794 1669 997 1731 αὐτῶν,
1027 1669 1178 1734 ὅπως
1199 1669 1274 1739 μὴ
1311 1667 1629 1738 ἡττηθέντος
1650 1669 1749 1723 αὖ·

177 1758 257 1813 τοῦ
285 1761 340 1812 τὸ
364 1761 476 1814 πᾶν
502 1760 744 1836 διαπέσῃ
777 1762 874 1830 τῆς
904 1761 1012 1815 τῶν
1044 1759 1272 1832 Περσῶν
1303 1761 1350 1794 ’⁸
1381 1761 1659 1830 βασιλείας
1689 1764 1747 1814 ἓν

173 1852 236 1921 γῇ
259 1850 547 1920 Ῥωμαίων
586 1853 894 1924 ὑπάρχοντι
914 1851 1008 1905 καὶ
1031 1851 1210 1921 φυγῆς
1247 1851 1416 1904 τόπον
1441 1854 1513 1922 μὴ
1548 1852 1746 1923 ἔχοντι.

177 1945 271 1997 Καὶ
291 1944 445 2018 νικᾷν
472 1943 643 1997 αὐτὸν
677 1943 736 1996 οὐ
772 1943 936 2012 μέγα.
976 1945 1293 2015 Στρατηγὸν
1326 1947 1434 2015 γὰρ
1467 1945 1575 1998 τῶν
1615 1945 1748 1998 Ῥω·

179 2037 333 2106 μαίων
353 2039 447 2092 καὶ
473 2036 644 2106 μόνον
676 2037 978 2109 νικήσειεν.
1021 2037 1079 2092 '0
1112 2037 1169 2091 δὲ
1197 2039 1530 2110 Χοσρόηςτῇ
1554 2037 1747 2092 τούτου

177 2130 471 2199 παραινέσει
503 2128 877 2200 ἀναστρέφειν
912 2128 1073 2192 εὐθὺς
1101 2129 1195 2183 ἐπὶ
1238 2131 1306 2183 τὰ
1331 2129 1436 2183 ῐδια
1467 2131 1744 2184 διενοεῖτο.

189 2216 444 2286 Ἕςοϐεῐτο
479 2220 595 2290 γὰρ
647 2222 746 2291 τὴν
778 2221 1030 2274 διάϐασιν
1073 2221 1168 2274 τοῦ
1233 2219 1478 2291 ποταμοῦ
1515 2222 1747 2294 ποιήσα-

191 2312 320 2375 σθαι,
342 2313 406 2376 ὡς
440 2315 552 2367 τῶν
601 2313 894 2385 Ῥωμαίων
949 2314 1155 2386 ταύτην
1207 2317 1573 2386 κατεχόντων.
1639 2317 1749 2370 Καὶ

186 2405 328 2459 πολλὰ
357 2408 839 2477 διαλογισάμενος,
904 2407 1194 2464 ἀπέστειλε
1242 2410 1380 2479 πρὸς
1430 2409 1748 2478 Βελισάριον

176 2499 490 2568 παρακαλῶν
522 2499 692 2552 αὐτὸν
720 2500 816 2552 τοῦ
847 2500 938 2552 τὸν
957 2501 1003 2532 ⁸⁸
1023 2501 1268 2570 ποταμὸν
1294 2500 1588 2562 διαϐάντας
1614 2502 1749 2554 ἁνα-

175 2589 384 2654 στείλαι,
417 2591 517 2644 καὶ
541 2591 719 2660 τούτῳ
749 2592 848 2662 τὴν
875 2592 1104 2663 πάροδον
1126 2593 1423 2656 ἀκωλύτως
1460 2592 1745 2662 παρέχειν.

171 2679 467 2751 Βελιτάριος
497 2679 555 2734 δὲ
589 2682 756 2745 εὐθὺς
793 2683 928 2754 πρὸς
976 2684 1139 2737 αὐτὸν
1169 2683 1429 2753 πρέσϐεις
1477 2682 1744 2751 ἔπεμψεν,

170 2777 250 2827 καὶ
274 2775 463 2829 τοῦτον
486 2776 590 2845 τῆς
620 2778 1022 2846 ἀναχωρήσεως
1056 2775 1342 2847 ἐπῄνεσεν,
1372 2775 1466 2828 καὶ
1487 2774 1749 2842 πρέσϐεις

169 2869 223 2920 ἐκ
259 2867 353 2920 τοῦ
398 2866 674 2937 βασιλέως
728 2869 1007 2937 συντόμως
1045 2867 1470 2922 διεϐεϐαιώσατο
1502 2865 1568 2930 ⁸⁷,
1599 2865 1749 2928 ὅπως

169 2959 248 3029 τὴν
279 2961 514 3030 εἰρήνην
571 2957 972 3030 βραϐεὑσωσιν.
1026 2959 1207 3025 Ἦξὶου
1257 2958 1314 3012 δὲ
1365 2957 1610 3026 Χοσρόης
1656 2958 1748 3010 τὸν

167 3050 475 3123 Βελιτάριω
508 3053 599 3104 διὰ
627 3051 726 3120 τῆς
758 3051 868 3104 τῶν
912 3049 1202 3118 Ῥωμαίων
1249 3050 1352 3118 γῆς
1384 3048 1485 3120 τὴν
1515 3047 1748 3118 πάροδον

165 3144 488 3214 ποιήσασθαι
549 3143 872 3204 ἀκινδύνως,
923 3142 984 3195 '0
1023 3142 1080 3195 δὲ
1134 3141 1451 3211 Βελισὰριος
1487 3140 1741 3209 Ἰωάννην

166 3241 243 3292 τὸν
285 3239 639 3308 Ἐδεσσηνὺν,
690 3237 860 3307 ἄνδρα
915 3236 1361 3304 διαφανέστατον,
1408 3236 1616 3304 ὅμηρον
1663 3233 1742 3304 τῷ

167 3329 365 3402 Χωρόῃ
398 3327 729 3382 ἀπέστειλεν
759 3327 894 3396 πρὸς
921 3327 981 3378 τὸ
1007 3326 1305 3389 ἀκινδύνως
1335 3325 1624 3394 παρελθεῖν
1649 3325 1745 3376 αὑ-

168 3422 244 3472 τὸν
283 3424 385 3491 τὴν
431 3423 546 3473 τῶν
594 3421 884 3489 Ῥωμαίων
915 3418 1120 3488 χώραν.
1172 3420 1234 3472 Οἱ
1259 3417 1316 3470 δὲ
1353 3419 1618 3487 Ῥωμαῖοι
1651 3417 1744 3472 τὸν

171 3513 472 3583 ἂλισάριον
519 3513 581 3565 ὲν
613 3511 916 3580 εὐφημίαις
946 3507 1110 3580 εἶχον,
1143 3509 1346 3579 μᾶλλον
1381 3509 1456 3581 [δὲ
1485 3509 1552 3582 η]
1587 3512 1742 3562 ἐνευ-

170 3604 528 3676 δοκιμῆσαντα
561 3607 626 3658 ὲν
651 3605 828 3673 τούτῳ
859 3602 936 3672 τῷ
975 3603 1141 3673 ἔργῳ,
1173 3602 1205 3673 ἢ
1246 3603 1333 3655 ὅτε
1364 3602 1633 3673 Γελιμερά
1681 3620 1742 3656 τε

178 3698 490 3766 δορυαλωτον
518 3697 622 3752 καὶ
664 3696 955 3766 Οὺῖττίγην
993 3697 1038 3727 ¹⁹
1074 3695 1185 3767 (81)
1217 3696 1340 3758 τοὺς
1365 3696 1459 3749 δύο
1503 3695 1744 3765 βασιλεῖς

185 3791 261 3854 εις
287 3786 561 3856 manu»;
617 3792 847 3868 ἢγαγεν.
874 3783 982 3843 Ἦν
1011 3787 1120 3859 γὰρ
1150 3788 1225 3850 ὠς
1253 3787 1468 3856 ἀληθῶς
1491 3787 1652 3854 λόγου
1684 3804 1744 3840 τε

181 3886 264 3939 καὶ
285 3887 500 3940 ἐπαίνου
522 3885 700 3950 ἄξιον,
737 3881 1131 3952 πεφοϐημένων
1158 3879 1266 3932 τῶν
1319 3879 1604 3947 Ῥωμαίων
1649 3878 1747 3936 καὶ

172 3979 224 4030 ὲν
240 3980 346 4043 τοῖς
364 3977 696 4049 ὀχυρώμασι
722 3973 1116 4046 κρυπτομένων
1147 3972 1386 4033 πάντων,
1422 3969 1663 4040 Χοσρόου
1691 3969 1744 4024 δὲ

169 4072 372 4143 στρατῷ
417 4071 649 4144 μεγάλῳ
680 4071 739 4125 ὲν
790 4068 939 4138 μέσῳ
981 4065 1267 4135 γεγονότος
1315 4065 1416 4135 τῆς
1449 4063 1558 4116 τῶν
1609 4061 1746 4117 Ῥω-

169 4166 331 4235 μαίων
357 4165 558 4235 ἀρχῆς.
583 4163 758 4232 ἄνδρα
785 4159 884 4213 ενα
907 4161 964 4211 ὲν
990 4158 1101 4223 ὀξεῖ
1126 4158 1313 4228 δρόμῳ
1351 4159 1415 4208 ὲκ
1448 4154 1746 4220 Βυζαντίου

165 4261 356 4329 ἦκοντα
384 4257 481 4311 ἀπ’
509 4255 762 4316 ἐναντίας
785 4251 879 4306 τοῦ
901 4252 1009 4304 τῶν
1042 4251 1266 4320 Περσῶν
1291 4249 1558 4319 βασιλέως
1583 4265 1748 4318 στρα-

162 4349 616 4407 τοπεδεύσασθαι,
648 4345 898 4414 Χοσρόην
925 4342 981 4397 δὲ
1012 4345 1076 4394 ὲκ
1103 4337 1196 4394 τοῦ
1245 4341 1652 4410 ἀπροσδοκήτου
1680 4340 1745 4410 τῇ

1865 462 2049 517 obiter
2099 477 2252 526 vero,
2291 468 2348 516 et
2389 464 2548 532 quasi
2584 462 2730 516 aliud
2763 471 2987 534 agentes
3015 463 3282 520 Chosrois
3310 466 3458 536 lega-

1863 563 1977 609 tum
2006 570 2068 610 se
2112 554 2302 610 videre
2338 556 2714 612 simulabant:
2759 565 2813 608 et
2854 557 3141 625 praecincti
3190 557 3457 628 alioquin,

1859 662 1914 709 et
1941 654 2093 708 vultu
2148 651 2309 707 hilari
2364 653 2880 723 progrediebantur,
2933 652 3332 722 gestabantque
3372 667 3461 706 se-

1860 761 2024 801 cures
2059 755 2116 801 et
2156 745 2449 816 bipennes.
2503 744 2836 798 Ahandanes
2880 745 3062 814 itaque
3115 743 3168 796 in
3205 743 3456 797 Belisarii

1859 848 2214 909 conspectum
2249 838 2476 901 ductus,
2530 837 2830 892 Chosroem
2883 837 3071 891 dolere
3121 835 3283 899 dixit,
3313 835 3460 906 quod

1859 931 2126 1002 neglectis
2175 930 2355 1000 pactis
2406 931 2617 997 legatos
2670 930 2736 984 de
2792 943 2926 999 pace
2967 929 3345 984 collocuturos
3389 929 3457 983 ad

1858 1040 1918 1080 se
1951 1039 2058 1078 non
2098 1026 2342 1078 misisset
2380 1021 2751 1086 Justinianus,
2789 1037 2853 1077 ac
2892 1022 3126 1091 proinde
3154 1021 3219 1075 ad
3255 1021 3458 1076 bellum

1859 1115 2122 1170 Romanis
2163 1115 2506 1170 inferendum
2555 1115 2854 1168 Chosroem
2899 1113 3190 1182 coegisset.
3255 1113 3461 1168 Belisa-

1857 1210 1997 1275 rius,
2045 1209 2202 1280 quasi
2255 1208 2466 1262 minimi
2523 1221 2808 1262 sermones
2862 1205 2984 1274 ejus
3038 1205 3282 1270 haberet,
3329 1196 3457 1260 belli

1856 1315 2080 1355 causam
2132 1313 2350 1354 omnem
2395 1298 2447 1352 in
2477 1296 2781 1352 Chosroem
2815 1295 2990 1372 velut-
3013 1297 3065 1348 in
3107 1297 3228 1366 ejus
3262 1308 3459 1351 aucto-

1857 1408 1970 1449 rem
2006 1392 2235 1448 referre.
2275 1391 2330 1445 Si
2376 1391 2530 1461 pacis
2573 1389 2776 1445 etenim
2831 1388 3094 1458 cupidine
3144 1388 3455 1449 tenebatur.

1856 1499 2133 1556 nusquam
2169 1493 2320 1539 certe
2349 1485 2404 1538 itt
2437 1483 2812 1538 Romanorum
2843 1483 3112 1537 ditionem
3148 1481 3457 1548 ingressus.

1861 1592 1982 1634 eam
2034 1579 2425 1648 exquisiisset:
2478 1577 2612 1648 quin
2653 1578 2837 1647 potius
2887 1575 3109 1646 propria
3172 1583 3328 1631 stans
3369 1589 3458 1631 re-

1856 1673 2019 1742 gione
2053 1672 2358 1743 legatorum
2390 1672 2685 1727 adventum
2719 1669 2916 1725 fuisset
2950 1669 3324 1742 praestolatus.
3357 1666 3457 1722 His

1776 1739 1822 1800 Β
1851 1739 2015 1819 dictis
2063 1739 2300 1834 legatum
2355 1761 2586 1818 dimisit.
2627 1758 2863 1832 Legatus
2901 1739 2968 1814 ad
3021 1760 3324 1816 Chosroem
3363 1774 3455 1814 re-

1853 1871 2050 1911 versus
2118 1854 2445 1910 Belisarinm
2500 1855 2696 1909 ducem
2753 1855 2931 1908 virum
2988 1852 3278 1922 prudentia
3335 1851 3459 1906 exi-

1851 1949 2046 2010 mium,
2085 1956 2139 2002 ct
2169 1950 2338 2003 animi
2386 1947 2712 2002 fortitudine
2753 1947 3117 2016 conspicuum
3147 1961 3208 2000 se
3250 1945 3457 1998 vidisse

1853 2042 2069 2096 retulit:
2113 2042 2317 2096 milites
2348 2057 2483 2095 vero
2513 2057 2578 2096 ex
2616 2040 2857 2095 diversis
2891 2040 3150 2110 gentibus
3205 2047 3452 2099 coactos.

1851 2145 2114 2203 qnantum
2168 2134 2390 2204 quidem
2439 2149 2506 2188 ex
2569 2147 2850 2186 armorum
2913 2141 3116 2186 ornatu
3177 2131 3456 2199 conjicere

1851 2229 2026 2290 licuit,
2074 2228 2266 2298 quales
2301 2226 2438 2280 alios
2491 2241 2580 2280 me
2622 2226 2830 2280 vidisse
2875 2240 3151 2294 nusquam
3201 2223 3452 2278 memini.

1849 2321 1988 2377 Cum
2040 2319 2357 2390 hujuSntodi
2418 2318 2586 2389 igitur
2639 2318 2784 2372 bello
2840 2317 3125 2371 decertare
3181 2328 3452 2384 nusquam

1851 2424 2044 2470 auctor
2086 2413 2260 2476 lierct,
2302 2427 2370 2466 ne
2418 2411 2539 2480 ipso
2574 2420 2852 2480 superato,
2885 2423 3060 2479 genus
3111 2423 3276 2463 omne
3325 2405 3454 2461 Pero

1850 2521 2032 2560 sarum
2094 2505 2356 2573 regnique
2412 2516 2625 2556 summa
2691 2499 2747 2553 in
2816 2498 3187 2553 Romanorum
3244 2497 3456 2552 ditione

1852 2597 2159 2666 periculunt
2198 2593 2568 2662 experiretur,
2607 2606 2709 2646 nec
2759 2601 2941 2644 tamen
2993 2590 3246 2666 receptui
3292 2603 3450 2643 como

1850 2688 2074 2743 modum
2131 2688 2400 2756 reperiret
2445 2685 2744 2751 locum;si
2795 2685 3064 2750 vinceret,
3113 2698 3224 2738 non
3269 2687 3450 2752 magni

1849 2782 2066 2848 quidem
2136 2779 2554 2833 aestimandum:
2623 2777 2792 2831 unius
2870 2779 3074 2831 etenim
3157 2775 3445 2844 soliusque

1849 2873 2225 2926 Romanorum
2255 2871 2415 2926 ducis
2469 2871 2786 2938 superiores
2821 2869 3152 2922 evaderent:
3177 2865 3452 2920 Chosroes

1859 2961 1981 3030 ejus
2016 2966 2228 3014 monitu
2276 2962 2555 3030 propriam
2593 2959 2776 3012 sedem
2833 2964 3081 3025 repetere
3134 2956 3452 3024 cogitabat:

1778 3083 1821 3140 ο
1859 3051 2104 3105 ﬂuminis
2137 3051 2282 3104 enim
2313 3049 2538 3109 vadunt,
2571 3045 2834 3100 Romanis
2863 3046 2994 3098 illud
3026 3045 3450 3110 occupantibus.

1857 3151 2074 3197 tentare
2132 3141 2447 3194 verebatur.
2491 3137 2661 3192 Multa
2713 3153 2898 3192 secum
2951 3135 3136 3190 animo
3171 3144 3452 3206 reputans,

1850 3236 2072 3288 tandem
2112 3233 2178 3287 ad
2212 3229 2538 3286 Belisarium
2572 3230 2721 3284 misit
2755 3228 3070 3298 postulans,
3111 3235 3172 3282 ut
3202 3243 3322 3294 eos,
3355 3225 3456 3296 qui

1850 3339 2067 3378 amnem
2108 3323 2467 3392 trajecerant,
2501 3329 2806 3385 revocaret,
2841 3319 3058 3389 sibique
3089 3327 3262 3372 tututn
3297 3332 3457 3388 para-

1851 3427 1934 3470 ret
1987 3417 2320 3469 discessum.
2375 3412 2662 3482 Extemplo
2712 3411 2907 3482 legatis
2952 3411 3019 3464 ad
3070 3425 3196 3466 eum
3262 3410 3455 3464 missis

1851 3523 2126 3564 Secessum
2172 3507 2418 3560 laudavit
2454 3505 2778 3568 Belisarius,
2812 3504 3074 3573 brevique
3121 3503 3455 3572 delegandos

1852 3604 1922 3655 ab
1947 3602 2286 3668 imperatore
2315 3596 2630 3662 aﬂirmavit,
2650 3598 2744 3665 qui
2775 3596 2986 3650 ﬁrmam
3018 3610 3144 3648 cum
3169 3609 3234 3649 eo
3264 3609 3454 3664 pacem

1851 3695 2275 3748 constituerent.
2331 3690 2605 3745 Chosroes
2664 3697 2848 3742 autem
2921 3701 3018 3756 per
3080 3685 3452 3740 Romanorum

1854 3795 2030 3839 terras
2051 3783 2350 3837 transitum
2385 3796 2413 3834 a
2441 3781 2687 3849 pericqu
2713 3780 3012 3832 immunem
3044 3777 3245 3832 habere
3271 3787 3456 3848 postu-

1853 3875 2017 3929 labat.
2073 3873 2377 3942 Eapropter
2428 3869 2701 3925 Joannem
2758 3869 3103 3923 Edessenum
3161 3868 3335 3922 virum
3389 3868 3456 3921 il-

1853 3967 2266 4022 lustrissimum
2291 3965 2357 4018 ad
2385 3962 2728 4025 .Chosroem,
2761 3977 2872 4030 quo
2918 3959 3088 4014 tutius
3123 3975 3218 4029 per
3247 3957 3454 4013 Roma-

1855 4075 2053 4114 norum
2119 4065 2299 4112 terras
2373 4055 2626 4110 incedere
2688 4059 2897 4124 posset,
2961 4051 3212 4107 obsidem
3275 4051 3450 4105 misit.

1853 4150 2079 4206 Interim
2132 4147 2367 4203 Romani
2437 4146 2766 4202 Belisarium
2823 4143 3076 4198 lelicibus
3129 4142 3273 4198 votis
3327 4141 3455 4197 fau-

1854 4244 2068 4312 stisque
2098 4241 2598 4296 acclamationibus
2633 4237 3132 4309 prosequebantur,
3183 4235 3451 4304 majorem

1855 4336 2120 4390 nimirum
2149 4349 2213 4388 ex
2259 4349 2324 4388 eo
2356 4334 2499 4386 iacto
2549 4333 2781 4402 gloriam
2814 4332 3094 4400 adeptum,
3122 4344 3285 4399 quam
3325 4342 3452 4382 cum

161 4442 341 4495 τούτου
380 4439 549 4510 σοφία
582 4434 996 4506 ἐξαπατηθέντα
1017 4433 1299 4502 ἄπρακτον
1316 4434 1396 4494 εἰς
1415 4434 1514 4501 τὴν
1543 4430 1747 4487 οἰκείαν

1860 4431 2184 4488 Gelimeretn
2222 4429 2364 4482 bello
2395 4434 2616 4495 captum
2642 4436 2805 4494 atque
2828 4422 3096 4493 Vettigem
3124 4423 3264 4476 duos
3293 4435 3448 4488 reges

167 4533 518 4604 ἀναχωρῆσαι
553 4531 760 4601 χώραν.

1861 4523 2076 4593 Cpolim
2109 4522 2388 4592 perduxit.
2424 4521 2488 4573 Et
2510 4519 2610 4572 fuit
2640 4534 2698 4572 re
2728 4532 2856 4572 vcra
2890 4526 3191 4570 memoratu
3219 4522 3274 4566 et
3297 4511 3456 4566 laude

165 4622 386 4696 dignum
445 4623 589 4680 illud
624 4624 861 4683 facinus,
907 4618 1054 4689 quod
1089 4634 1211 4671 cum
1244 4615 1474 4671 Romani
1512 4615 1753 4671 universi
1795 4616 1992 4671 timore
2041 4615 2280 4685 perculsi
2323 4616 2376 4667 in
2455 4614 2752 4668 munitiora
2795 4611 2914 4664 loca
2979 4623 3038 4662 se
3085 4607 3454 4675 abdidisset“,

167 4726 214 4770 et
238 4717 526 4771 Chosroes
564 4715 620 4768 in
673 4713 881 4767 medias
916 4711 1148 4766 Romani
1186 4710 1399 4779 imperii
1433 4707 1750 4778 provincias
1791 4716 2156 4776 penetrasset,
2189 4705 2354 4778 188
2383 4721 2522 4759 unus
2571 4706 2735 4757 homo
2799 4699 2965 4754 celeri
3034 4714 3200 4754 cursu
3240 4697 3454 4768 Byzan'

167 4810 237 4865 tio
267 4810 544 4864 advectus
568 4814 753 4860 castra
787 4803 1082 4858 Persarum
1115 4801 1257 4871 regis
1280 4799 1546 4855 exercitui
1577 4811 1856 4866 opponere
1887 4812 2062 4852 ausus
2111 4804 2233 4852 est:
2292 4807 2506 4863 suaque
2573 4789 2844 4859 sapientia
2912 4786 3114 4853 eﬂ'ecit,
3149 4796 3208 4842 ut
3274 4783 3452 4838 Choa-

169 4920 280 4961 roes
315 4919 379 4958 re
409 4902 699 4971 inopinata
729 4897 1014 4966 deceptus,
1051 4895 1275 4950 domum
1309 4892 1511 4947 iniecto
1546 4891 1762 4960 negotio
1786 4899 2075 4960 repeteret.

229 5001 324 5073 τῷ
348 5000 394 5053 δ’
416 4996 568 5068 αὐτῷ
592 4996 702 5049 ἔτει
730 4992 997 5065 Τιμοθέου
1029 4989 1335 5046 ἐπισκόπου
1363 4987 1478 5060 (8Ξ)
1499 4986 1747 5052 Ἀλεξαν-

1937 4981 2143 5041 Eodem
2191 4983 2351 5040 etiam
2400 4995 2547 5036 anno
2588 4976 2877 5036 Timotheo
2918 4977 3265 5035 Alexandria:
3337 4973 3452 5047 epi-

1452 5148 1686 5204 VARIAS
1717 5147 2127 5206 LECTIONES.

263 5279 314 5311 “
339 5279 399 5332 οὐ
433 5272 683 5348 πώποτε]
715 5276 774 5328 ἐν
802 5273 1020 5326 πώποτε
1045 5272 1188 5340 vulg.
1337 5265 1912 5348 pepodtv]_'i:muaiwv
1939 5279 1991 5318 a.
2148 5257 2242 5348 τοῦ
2301 5259 2422 5348 τὸν]
2473 5260 2665 5348 toga-0v
2716 5275 2766 5315 e.
2869 5259 2913 5292 ιτ
2943 5249 3369 5310 διεϐεϐαιώσατο
3393 5263 3443 5310 e,

169 5330 540 5404 διεϐεϐαιοῦτο
567 5330 716 5417 vulg.
791 5344 838 5378 ³⁸
860 5345 914 5398 δὲ
943 5330 1232 5398 delendum
1262 5330 1498 5394 videtur.
1571 5330 1620 5369 3’
1646 5330 1938 5405 Οὑίττίγην
1957 5351 2008 5398 e,
2042 5331 2311 5400 Οὑττιγην
2335 5336 2484 5402 vulg.
2510 5330 2735 5386 Οὖττιον
2769 5344 2823 5384 a.

1480 5450 1623 5508 με.
1656 5447 1872 5508 GOARI
1909 5448 2145 5505 NOTAE.

1865 5569 2150 5625 Julianum
2184 5575 2359 5621 ortam
2401 5563 2859 5624 controversiam,
2911 5573 2973 5612 ae
3002 5554 3124 5626 ejus
3155 5554 3442 5614 materiam

245 5585 354 5655 (8|)
395 5583 685 5655 Ίοῦτγιον,
723 5578 946 5655 scripsit
999 5577 1272 5655 superius_
1310 5579 1504 5655 auctor
1539 5586 1592 5638 p.
1625 5570 1752 5623 174.
1865 5570 2859 5655 lulianum‘ortanncontroversiam:
2885 5597 2913 5655 pr

1869 5641 2138 5698 describit
2170 5637 2483 5703 Liberatus,
2515 5649 2638 5706 cap.
2680 5632 2746 5687 i9
2781 5632 2849 5687 ad
2885 5632 3066 5684 tinent.

247 5642 359 5726 (se)
406 5642 686 5710 Nonnulla
744 5665 808 5706 ex
838 5642 961 5726 ἰῆς,
1014 5642 1274 5726 πέρηθε.ιρ
1321 5642 1482 5696 modo
1523 5651 1758 5726 'narrata

183 5712 462 5799 Ev‘agr'ius,
496 5726 591 5780 lib.
626 5738 698 5788 tv,
732 5735 854 5793 cap.
894 5720 955 5774 ll
987 5728 1044 5775 et
1222 5715 1486 5769 Severum
1523 5712 1667 5765 inter
1697 5726 1760 5764 ac
