  <div class='ocr_page' id='page_1' title='image "/cluster/home/n/w/nwhite01/storage/ocr_20150623/108/hvd.32044073502320/287.png"; bbox 0 0 4078 6218; ppageno 0'>
   <div class='ocr_carea' id='block_1_1' title="bbox 393 289 505 357">
    <p class='ocr_par' dir='ltr' id='par_1_1' title="bbox 393 289 505 357">
     <span class='ocr_line' id='line_1_1' title="bbox 393 289 505 357; baseline 0 0"><span class='ocrx_word' id='word_1_1' title='bbox 393 289 505 357; x_wconf 78' lang='lat'><strong>563</strong></span> 
     </span>
    </p>
   </div>
   <div class='ocr_carea' id='block_1_2' title="bbox 1771 286 2269 359">
    <p class='ocr_par' dir='ltr' id='par_1_2' title="bbox 1771 286 2269 359">
     <span class='ocr_line' id='line_1_2' title="bbox 1771 286 2269 359; baseline -0.002 -12"><span class='ocrx_word' id='word_1_2' title='bbox 1771 287 2079 348; x_wconf 82' lang='lat' dir='ltr'><strong>THEOPH</strong></span> <span class='ocrx_word' id='word_1_3' title='bbox 2085 286 2185 347; x_wconf 80' lang='grc' dir='ltr'>ΑΝ</span> <span class='ocrx_word' id='word_1_4' title='bbox 2196 287 2269 359; x_wconf 80' lang='lat' dir='ltr'><strong>IS</strong></span> 
     </span>
    </p>
   </div>
   <div class='ocr_carea' id='block_1_3' title="bbox 3567 274 3680 341">
    <p class='ocr_par' dir='ltr' id='par_1_3' title="bbox 3567 274 3680 341">
     <span class='ocr_line' id='line_1_3' title="bbox 3567 274 3680 341; baseline -0.062 0"><span class='ocrx_word' id='word_1_5' title='bbox 3567 274 3680 341; x_wconf 62' lang='grc'><strong>561</strong></span> 
     </span>
    </p>
   </div>
   <div class='ocr_carea' id='block_1_4' title="bbox 395 391 1995 469">
    <p class='ocr_par' dir='ltr' id='par_1_4' title="bbox 395 397 1976 465">
     <span class='ocr_line' id='line_1_4' title="bbox 395 397 1976 465; baseline -0.002 -7"><span class='ocrx_word' id='word_1_6' title='bbox 395 404 594 460; x_wconf 67' lang='grc' dir='ltr'><strong>Ρτωιίο</strong></span> <span class='ocrx_word' id='word_1_7' title='bbox 626 418 756 459; x_wconf 86' lang='lat' dir='ltr'><strong>vero</strong></span> <span class='ocrx_word' id='word_1_8' title='bbox 797 401 1076 457; x_wconf 78' lang='lat' dir='ltr'><strong>Romanos</strong></span> <span class='ocrx_word' id='word_1_9' title='bbox 1112 398 1258 453; x_wconf 87' lang='lat' dir='ltr'><strong>inter</strong></span> <span class='ocrx_word' id='word_1_10' title='bbox 1297 408 1351 454; x_wconf 88' lang='lat' dir='ltr'><strong>et</strong></span> <span class='ocrx_word' id='word_1_11' title='bbox 1382 397 1578 456; x_wconf 83' lang='lat' dir='ltr'><strong>Persas</strong></span> <span class='ocrx_word' id='word_1_12' title='bbox 1611 412 1826 465; x_wconf 81' lang='lat' dir='ltr'><strong>exorto,</strong></span> <span class='ocrx_word' id='word_1_13' title='bbox 1855 401 1976 455; x_wconf 87' lang='lat' dir='ltr'><strong>vin-</strong></span> 
     </span>
    </p>
   </div>
   <div class='ocr_carea' id='block_1_5' title="bbox 2094 391 3674 469">
    <p class='ocr_par' dir='ltr' id='par_1_5' title="bbox 2094 391 3674 469">
     <span class='ocr_line' id='line_1_5' title="bbox 2094 391 3674 469; baseline -0.004 -15"><span class='ocrx_word' id='word_1_14' title='bbox 2094 400 2336 467; x_wconf 68' lang='grc' dir='ltr'><strong>ιιππικὸν</strong></span> <span class='ocrx_word' id='word_1_15' title='bbox 2389 399 2544 469; x_wconf 86' lang='grc' dir='ltr'><strong>μόλις</strong></span> <span class='ocrx_word' id='word_1_16' title='bbox 2600 394 2913 469; x_wconf 73' lang='grc' dir='ltr'><strong>στρατηγὸν</strong></span> <span class='ocrx_word' id='word_1_17' title='bbox 2968 395 2999 447; x_wconf 84' lang='grc' dir='ltr'><strong>ὁ</strong></span> <span class='ocrx_word' id='word_1_18' title='bbox 3044 392 3279 465; x_wconf 72' lang='grc' dir='ltr'><strong>στρατὸς</strong></span> <span class='ocrx_word' id='word_1_19' title='bbox 3322 391 3674 455; x_wconf 73' lang='grc' dir='ltr'><strong>κατεδέξατο.</strong></span> 
     </span>
    </p>
   </div>
   <div class='ocr_carea' id='block_1_6' title="bbox 396 480 1981 565">
    <p class='ocr_par' dir='ltr' id='par_1_6' title="bbox 396 480 1981 565">
     <span class='ocr_line' id='line_1_6' title="bbox 396 480 1981 565; baseline -0.004 -10"><span class='ocrx_word' id='word_1_20' title='bbox 396 506 597 555; x_wconf 87' lang='lat' dir='ltr'><strong>cuntur</strong></span> <span class='ocrx_word' id='word_1_21' title='bbox 626 494 857 552; x_wconf 85' lang='lat' dir='ltr'><strong>Romani</strong></span> <span class='ocrx_word' id='word_1_22' title='bbox 897 511 910 547; x_wconf 93' lang='lat'>:</span> <span class='ocrx_word' id='word_1_23' title='bbox 946 491 1311 564; x_wconf 83' lang='lat' dir='ltr'><strong>Philippicum</strong></span> <span class='ocrx_word' id='word_1_24' title='bbox 1365 507 1498 547; x_wconf 79' lang='lat' dir='ltr'><strong>vero</strong></span> <span class='ocrx_word' id='word_1_25' title='bbox 1526 493 1743 565; x_wconf 79' lang='lat' dir='ltr'><strong>regendi</strong></span> <span class='ocrx_word' id='word_1_26' title='bbox 1780 480 1981 550; x_wconf 80' lang='lat' dir='ltr'><strong>exerci-</strong></span> 
     </span>
    </p>
   </div>
   <div class='ocr_carea' id='block_1_7' title="bbox 276 584 1984 652">
    <p class='ocr_par' dir='ltr' id='par_1_7' title="bbox 276 584 1984 652">
     <span class='ocr_line' id='line_1_7' title="bbox 276 584 1984 652; baseline -0.003 -6"><span class='ocrx_word' id='word_1_27' title='bbox 276 615 281 619; x_wconf 58' lang='grc' dir='ltr'><strong>ο</strong></span> <span class='ocrx_word' id='word_1_28' title='bbox 396 602 488 648; x_wconf 85' lang='lat' dir='ltr'><strong>Ius</strong></span> <span class='ocrx_word' id='word_1_29' title='bbox 512 603 740 645; x_wconf 92' lang='lat' dir='ltr'><strong>munere</strong></span> <span class='ocrx_word' id='word_1_30' title='bbox 788 584 1130 652; x_wconf 67' lang='lat' dir='ltr'><strong>abdicatum,</strong></span> <span class='ocrx_word' id='word_1_31' title='bbox 1173 584 1518 641; x_wconf 79' lang='lat' dir='ltr'><strong>Cumentiolo</strong></span> <span class='ocrx_word' id='word_1_32' title='bbox 1564 586 1793 641; x_wconf 75' lang='lat' dir='ltr'><strong>orientis</strong></span> <span class='ocrx_word' id='word_1_33' title='bbox 1844 586 1984 641; x_wconf 86' lang='lat' dir='ltr'><strong>duce</strong></span> 
     </span>
    </p>
   </div>
   <div class='ocr_carea' id='block_1_8' title="bbox 397 678 1981 751">
    <p class='ocr_par' dir='ltr' id='par_1_8' title="bbox 397 678 1981 751">
     <span class='ocr_line' id='line_1_8' title="bbox 397 678 1981 751; baseline -0.001 -14"><span class='ocrx_word' id='word_1_34' title='bbox 397 683 591 747; x_wconf 85' lang='lat' dir='ltr'><strong>misso,</strong></span> <span class='ocrx_word' id='word_1_35' title='bbox 638 681 939 751; x_wconf 77' lang='lat' dir='ltr'><strong>imperator</strong></span> <span class='ocrx_word' id='word_1_36' title='bbox 979 680 1276 734; x_wconf 73' lang='lat' dir='ltr'><strong>revocavit.</strong></span> <span class='ocrx_word' id='word_1_37' title='bbox 1316 678 1421 746; x_wconf 89' lang='lat' dir='ltr'><strong>Qui</strong></span> <span class='ocrx_word' id='word_1_38' title='bbox 1458 694 1582 734; x_wconf 87' lang='lat' dir='ltr'><strong>cum</strong></span> <span class='ocrx_word' id='word_1_39' title='bbox 1613 678 1846 734; x_wconf 89' lang='lat' dir='ltr'><strong>Nisibim</strong></span> <span class='ocrx_word' id='word_1_40' title='bbox 1889 694 1981 735; x_wconf 86' lang='lat' dir='ltr'><strong>ac-</strong></span> 
     </span>
    </p>
   </div>
   <div class='ocr_carea' id='block_1_9' title="bbox 397 771 1981 839">
    <p class='ocr_par' dir='ltr' id='par_1_9' title="bbox 397 771 1981 839">
     <span class='ocr_line' id='line_1_9' title="bbox 397 771 1981 839; baseline -0.004 -8"><span class='ocrx_word' id='word_1_41' title='bbox 397 772 684 839; x_wconf 79' lang='lat' dir='ltr'><strong>cessisset,</strong></span> <span class='ocrx_word' id='word_1_42' title='bbox 735 771 918 828; x_wconf 68' lang='lat' dir='ltr'><strong>Perszc</strong></span> <span class='ocrx_word' id='word_1_43' title='bbox 950 788 1079 828; x_wconf 89' lang='lat' dir='ltr'><strong>vero</strong></span> <span class='ocrx_word' id='word_1_44' title='bbox 1113 772 1180 828; x_wconf 89' lang='lat' dir='ltr'><strong>ad</strong></span> <span class='ocrx_word' id='word_1_45' title='bbox 1240 771 1548 827; x_wconf 87' lang='lat' dir='ltr'><strong>Sarbanum</strong></span> <span class='ocrx_word' id='word_1_46' title='bbox 1591 773 1981 837; x_wconf 59' lang='lat' dir='ltr'><strong>subsisterent,</strong></span> 
     </span>
    </p>
   </div>
   <div class='ocr_carea' id='block_1_10' title="bbox 400 864 1983 932">
    <p class='ocr_par' dir='ltr' id='par_1_10' title="bbox 400 864 1983 932">
     <span class='ocr_line' id='line_1_10' title="bbox 400 864 1983 932; baseline 0 -10"><span class='ocrx_word' id='word_1_47' title='bbox 400 881 600 922; x_wconf 84' lang='lat' dir='ltr'><strong>manus</strong></span> <span class='ocrx_word' id='word_1_48' title='bbox 634 866 865 922; x_wconf 84' lang='lat' dir='ltr'><strong>invicem</strong></span> <span class='ocrx_word' id='word_1_49' title='bbox 905 880 1258 921; x_wconf 80' lang='lat' dir='ltr'><strong>conseruere.</strong></span> <span class='ocrx_word' id='word_1_50' title='bbox 1280 866 1357 922; x_wconf 85' lang='lat' dir='ltr'><strong>Eo</strong></span> <span class='ocrx_word' id='word_1_51' title='bbox 1398 864 1654 921; x_wconf 89' lang='lat' dir='ltr'><strong>conﬂictu</strong></span> <span class='ocrx_word' id='word_1_52' title='bbox 1681 864 1983 932; x_wconf 87' lang='lat' dir='ltr'><strong>lleraelius,</strong></span> 
     </span>
    </p>
   </div>
   <div class='ocr_carea' id='block_1_11' title="bbox 401 953 1982 1028">
    <p class='ocr_par' dir='ltr' id='par_1_11' title="bbox 401 953 1982 1028">
     <span class='ocr_line' id='line_1_11' title="bbox 401 953 1982 1028; baseline -0.001 -17"><span class='ocrx_word' id='word_1_53' title='bbox 401 956 638 1014; x_wconf 86' lang='lat' dir='ltr'><strong>lleraclii</strong></span> <span class='ocrx_word' id='word_1_54' title='bbox 695 964 870 1028; x_wconf 83' lang='lat' dir='ltr'><strong>pater,</strong></span> <span class='ocrx_word' id='word_1_55' title='bbox 933 956 1148 1011; x_wconf 82' lang='lat' dir='ltr'><strong>fortiter</strong></span> <span class='ocrx_word' id='word_1_56' title='bbox 1192 957 1245 1009; x_wconf 89' lang='lat' dir='ltr'><strong>in</strong></span> <span class='ocrx_word' id='word_1_57' title='bbox 1304 955 1494 1026; x_wconf 70' lang='lat' dir='ltr'><strong>praelia</strong></span> <span class='ocrx_word' id='word_1_58' title='bbox 1526 970 1584 1010; x_wconf 90' lang='lat' dir='ltr'><strong>se</strong></span> <span class='ocrx_word' id='word_1_59' title='bbox 1618 971 1814 1026; x_wconf 83' lang='lat' dir='ltr'><strong>gerens</strong></span> <span class='ocrx_word' id='word_1_60' title='bbox 1848 953 1982 1010; x_wconf 83' lang='lat' dir='ltr'><strong>Per-</strong></span> 
     </span>
    </p>
   </div>
   <div class='ocr_carea' id='block_1_12' title="bbox 400 1044 1983 1113">
    <p class='ocr_par' dir='ltr' id='par_1_12' title="bbox 400 1044 1983 1113">
     <span class='ocr_line' id='line_1_12' title="bbox 400 1044 1983 1113; baseline -0.001 -11"><span class='ocrx_word' id='word_1_61' title='bbox 400 1063 586 1102; x_wconf 91' lang='lat' dir='ltr'><strong>sarum</strong></span> <span class='ocrx_word' id='word_1_62' title='bbox 638 1045 835 1100; x_wconf 90' lang='lat' dir='ltr'><strong>ducem</strong></span> <span class='ocrx_word' id='word_1_63' title='bbox 896 1044 1099 1100; x_wconf 90' lang='lat' dir='ltr'><strong>occidit</strong></span> <span class='ocrx_word' id='word_1_64' title='bbox 1136 1059 1285 1113; x_wconf 89' lang='lat' dir='ltr'><strong>:quo</strong></span> <span class='ocrx_word' id='word_1_65' title='bbox 1345 1044 1563 1099; x_wconf 87' lang='lat' dir='ltr'><strong>sublato</strong></span> <span class='ocrx_word' id='word_1_66' title='bbox 1608 1052 1899 1099; x_wconf 89' lang='lat' dir='ltr'><strong>vertuntur</strong></span> <span class='ocrx_word' id='word_1_67' title='bbox 1927 1045 1983 1100; x_wconf 90' lang='lat' dir='ltr'><strong>in</strong></span> 
     </span>
    </p>
   </div>
   <div class='ocr_carea' id='block_1_13' title="bbox 400 1132 1981 1211">
    <p class='ocr_par' dir='ltr' id='par_1_13' title="bbox 400 1132 1981 1211">
     <span class='ocr_line' id='line_1_13' title="bbox 400 1132 1981 1211; baseline -0.002 -17"><span class='ocrx_word' id='word_1_68' title='bbox 400 1132 583 1211; x_wconf 78' lang='lat' dir='ltr'><strong>fugam</strong></span> <span class='ocrx_word' id='word_1_69' title='bbox 614 1138 832 1193; x_wconf 66' lang='lat' dir='ltr'><strong>Persen:</strong></span> <span class='ocrx_word' id='word_1_70' title='bbox 865 1152 1007 1208; x_wconf 87' lang='lat' dir='ltr'><strong>quos</strong></span> <span class='ocrx_word' id='word_1_71' title='bbox 1037 1152 1162 1191; x_wconf 92' lang='lat' dir='ltr'><strong>cum</strong></span> <span class='ocrx_word' id='word_1_72' title='bbox 1188 1134 1422 1191; x_wconf 78' lang='lat' dir='ltr'><strong>Romani</strong></span> <span class='ocrx_word' id='word_1_73' title='bbox 1454 1138 1689 1191; x_wconf 84' lang='lat' dir='ltr'><strong>insecuti</strong></span> <span class='ocrx_word' id='word_1_74' title='bbox 1725 1137 1981 1202; x_wconf 77' lang='lat' dir='ltr'><strong>fuissent,</strong></span> 
     </span>
    </p>
   </div>
   <div class='ocr_carea' id='block_1_14' title="bbox 401 1230 1986 1305">
    <p class='ocr_par' dir='ltr' id='par_1_14' title="bbox 401 1230 1986 1305">
     <span class='ocr_line' id='line_1_14' title="bbox 401 1230 1986 1305; baseline -0.002 -19"><span class='ocrx_word' id='word_1_75' title='bbox 401 1233 642 1305; x_wconf 62' lang='lat' dir='ltr'><strong>praedam</strong></span> <span class='ocrx_word' id='word_1_76' title='bbox 683 1232 983 1304; x_wconf 83' lang='lat' dir='ltr'><strong>abegerunt</strong></span> <span class='ocrx_word' id='word_1_77' title='bbox 1032 1230 1375 1284; x_wconf 84' lang='lat' dir='ltr'><strong>innumeram</strong></span> <span class='ocrx_word' id='word_1_78' title='bbox 1411 1248 1424 1284; x_wconf 87' lang='lat'><strong>:</strong></span> <span class='ocrx_word' id='word_1_79' title='bbox 1459 1230 1825 1301; x_wconf 81' lang='lat' dir='ltr'><strong>bellicumque</strong></span> <span class='ocrx_word' id='word_1_80' title='bbox 1868 1246 1986 1284; x_wconf 91' lang='lat' dir='ltr'><strong>om-</strong></span> 
     </span>
    </p>
   </div>
   <div class='ocr_carea' id='block_1_15' title="bbox 403 1318 1985 1393">
    <p class='ocr_par' dir='ltr' id='par_1_15' title="bbox 403 1318 1985 1393">
     <span class='ocr_line' id='line_1_15' title="bbox 403 1318 1985 1393; baseline -0.003 -16"><span class='ocrx_word' id='word_1_81' title='bbox 403 1340 525 1379; x_wconf 88' lang='lat' dir='ltr'><strong>nem</strong></span> <span class='ocrx_word' id='word_1_82' title='bbox 556 1330 880 1393; x_wconf 85' lang='lat' dir='ltr'><strong>apparatum</strong></span> <span class='ocrx_word' id='word_1_83' title='bbox 929 1319 1211 1393; x_wconf 85' lang='lat' dir='ltr'><strong>multaque</strong></span> <span class='ocrx_word' id='word_1_84' title='bbox 1251 1318 1425 1389; x_wconf 92' lang='lat' dir='ltr'><strong>spolia</strong></span> <span class='ocrx_word' id='word_1_85' title='bbox 1452 1318 1755 1390; x_wconf 80' lang='lat' dir='ltr'><strong>capientes,</strong></span> <span class='ocrx_word' id='word_1_86' title='bbox 1785 1329 1985 1374; x_wconf 90' lang='lat' dir='ltr'><strong>cuncta</strong></span> 
     </span>
    </p>
   </div>
   <div class='ocr_carea' id='block_1_16' title="bbox 402 1410 1986 1488">
    <p class='ocr_par' dir='ltr' id='par_1_16' title="bbox 402 1410 1986 1488">
     <span class='ocr_line' id='line_1_16' title="bbox 402 1410 1986 1488; baseline -0.003 -19"><span class='ocrx_word' id='word_1_87' title='bbox 402 1414 725 1488; x_wconf 76' lang='lat' dir='ltr'><strong>Byzantium</strong></span> <span class='ocrx_word' id='word_1_88' title='bbox 750 1415 1131 1469; x_wconf 85' lang='lat' dir='ltr'><strong>transmisere.</strong></span> <span class='ocrx_word' id='word_1_89' title='bbox 1162 1412 1465 1483; x_wconf 84' lang='lat' dir='ltr'><strong>imperator</strong></span> <span class='ocrx_word' id='word_1_90' title='bbox 1488 1426 1615 1466; x_wconf 89' lang='lat' dir='ltr'><strong>vero</strong></span> <span class='ocrx_word' id='word_1_91' title='bbox 1635 1410 1986 1482; x_wconf 85' lang='lat' dir='ltr'><strong>equestribus</strong></span> 
     </span>
    </p>
   </div>
   <div class='ocr_carea' id='block_1_17' title="bbox 405 1501 1987 1583">
    <p class='ocr_par' dir='ltr' id='par_1_17' title="bbox 405 1501 1987 1583">
     <span class='ocr_line' id='line_1_17' title="bbox 405 1501 1987 1583; baseline -0.007 -15"><span class='ocrx_word' id='word_1_92' title='bbox 405 1511 732 1583; x_wconf 69' lang='lat' dir='ltr'><strong>spectaculis</strong></span> <span class='ocrx_word' id='word_1_93' title='bbox 765 1522 819 1566; x_wconf 92' lang='lat' dir='ltr'><strong>et</strong></span> <span class='ocrx_word' id='word_1_94' title='bbox 851 1508 1086 1580; x_wconf 83' lang='lat' dir='ltr'><strong>publicis</strong></span> <span class='ocrx_word' id='word_1_95' title='bbox 1121 1506 1482 1563; x_wconf 79' lang='lat' dir='ltr'><strong>conventibus</strong></span> <span class='ocrx_word' id='word_1_96' title='bbox 1509 1512 1563 1560; x_wconf 88' lang='lat' dir='ltr'><strong>et</strong></span> <span class='ocrx_word' id='word_1_97' title='bbox 1592 1501 1987 1560; x_wconf 77' lang='lat' dir='ltr'><strong>festivitatibus</strong></span> 
     </span>
    </p>
   </div>
   <div class='ocr_carea' id='block_1_18' title="bbox 405 1594 1989 1670">
    <p class='ocr_par' dir='ltr' id='par_1_18' title="bbox 405 1594 1989 1670">
     <span class='ocr_line' id='line_1_18' title="bbox 405 1594 1989 1670; baseline -0.008 -10"><span class='ocrx_word' id='word_1_98' title='bbox 405 1606 598 1661; x_wconf 87' lang='lat' dir='ltr'><strong>urbem</strong></span> <span class='ocrx_word' id='word_1_99' title='bbox 622 1602 971 1665; x_wconf 75' lang='lat' dir='ltr'><strong>exbilaravit,</strong></span> <span class='ocrx_word' id='word_1_100' title='bbox 1029 1609 1083 1656; x_wconf 91' lang='lat' dir='ltr'><strong>et</strong></span> <span class='ocrx_word' id='word_1_101' title='bbox 1112 1600 1183 1655; x_wconf 85' lang='lat' dir='ltr'><strong>ob</strong></span> <span class='ocrx_word' id='word_1_102' title='bbox 1225 1608 1437 1670; x_wconf 90' lang='lat' dir='ltr'><strong>partam</strong></span> <span class='ocrx_word' id='word_1_103' title='bbox 1475 1594 1757 1651; x_wconf 73' lang='lat' dir='ltr'><strong>victoriam</strong></span> <span class='ocrx_word' id='word_1_104' title='bbox 1792 1594 1989 1650; x_wconf 83' lang='lat' dir='ltr'><strong>trimu-</strong></span> 
     </span>
    </p>
   </div>
   <div class='ocr_carea' id='block_1_19' title="bbox 404 1685 1989 1767">
    <p class='ocr_par' dir='ltr' id='par_1_19' title="bbox 404 1685 1989 1767">
     <span class='ocr_line' id='line_1_19' title="bbox 404 1685 1989 1767; baseline -0.006 -18"><span class='ocrx_word' id='word_1_105' title='bbox 404 1696 576 1767; x_wconf 84' lang='lat' dir='ltr'><strong>phum</strong></span> <span class='ocrx_word' id='word_1_106' title='bbox 616 1695 792 1751; x_wconf 84' lang='lat' dir='ltr'><strong>duxit.</strong></span> <span class='ocrx_word' id='word_1_107' title='bbox 835 1690 1159 1748; x_wconf 84' lang='lat' dir='ltr'><strong>Hormisdas</strong></span> <span class='ocrx_word' id='word_1_108' title='bbox 1193 1705 1356 1761; x_wconf 90' lang='lat' dir='ltr'><strong>porro</strong></span> <span class='ocrx_word' id='word_1_109' title='bbox 1386 1688 1579 1743; x_wconf 86' lang='lat' dir='ltr'><strong>Baram</strong></span> <span class='ocrx_word' id='word_1_110' title='bbox 1612 1687 1806 1743; x_wconf 92' lang='lat' dir='ltr'><strong>ducem</strong></span> <span class='ocrx_word' id='word_1_111' title='bbox 1844 1685 1989 1742; x_wconf 87' lang='lat' dir='ltr'><strong>desi-</strong></span> 
     </span>
    </p>
   </div>
   <div class='ocr_carea' id='block_1_20' title="bbox 404 1751 2062 1862">
    <p class='ocr_par' dir='ltr' id='par_1_20' title="bbox 404 1751 2062 1862">
     <span class='ocr_line' id='line_1_20' title="bbox 404 1751 2062 1862; baseline -0.006 -18"><span class='ocrx_word' id='word_1_112' title='bbox 404 1804 583 1862; x_wconf 87' lang='lat' dir='ltr'><strong>gnans</strong></span> <span class='ocrx_word' id='word_1_113' title='bbox 612 1804 736 1845; x_wconf 94' lang='lat' dir='ltr'><strong>cum</strong></span> <span class='ocrx_word' id='word_1_114' title='bbox 771 1787 1088 1859; x_wconf 75' lang='lat' dir='ltr'><strong>ingentibus</strong></span> <span class='ocrx_word' id='word_1_115' title='bbox 1113 1784 1288 1854; x_wconf 85' lang='lat' dir='ltr'><strong>copiis</strong></span> <span class='ocrx_word' id='word_1_116' title='bbox 1316 1783 1368 1838; x_wconf 90' lang='lat' dir='ltr'><strong>in</strong></span> <span class='ocrx_word' id='word_1_117' title='bbox 1404 1781 1665 1838; x_wconf 85' lang='lat' dir='ltr'><strong>Suuniam</strong></span> <span class='ocrx_word' id='word_1_118' title='bbox 1700 1780 1987 1836; x_wconf 87' lang='lat' dir='ltr'><strong>transmit-</strong></span> <span class='ocrx_word' id='word_1_119' title='bbox 2024 1751 2062 1806; x_wconf 72' lang='grc' dir='ltr'><strong>Β</strong></span> 
     </span>
    </p>
   </div>
   <div class='ocr_carea' id='block_1_21' title="bbox 408 1872 1993 1951">
    <p class='ocr_par' dir='ltr' id='par_1_21' title="bbox 408 1872 1993 1951">
     <span class='ocr_line' id='line_1_21' title="bbox 408 1872 1993 1951; baseline -0.004 -16"><span class='ocrx_word' id='word_1_120' title='bbox 408 1883 496 1937; x_wconf 88' lang='lat' dir='ltr'><strong>tit.</strong></span> <span class='ocrx_word' id='word_1_121' title='bbox 532 1879 652 1945; x_wconf 87' lang='lat' dir='ltr'><strong>llic,</strong></span> <span class='ocrx_word' id='word_1_122' title='bbox 679 1878 1042 1951; x_wconf 86' lang='lat' dir='ltr'><strong>impressione</strong></span> <span class='ocrx_word' id='word_1_123' title='bbox 1064 1877 1119 1932; x_wconf 93' lang='lat' dir='ltr'><strong>in</strong></span> <span class='ocrx_word' id='word_1_124' title='bbox 1149 1892 1269 1933; x_wconf 90' lang='lat' dir='ltr'><strong>eam</strong></span> <span class='ocrx_word' id='word_1_125' title='bbox 1319 1874 1485 1941; x_wconf 83' lang='lat' dir='ltr'><strong>facta,</strong></span> <span class='ocrx_word' id='word_1_126' title='bbox 1516 1872 1729 1929; x_wconf 86' lang='lat' dir='ltr'><strong>Turcos</strong></span> <span class='ocrx_word' id='word_1_127' title='bbox 1759 1872 1993 1928; x_wconf 66' lang='lat' dir='ltr'><strong>Persian</strong></span> 
     </span>
    </p>
   </div>
   <div class='ocr_carea' id='block_1_22' title="bbox 408 1965 1993 2046">
    <p class='ocr_par' dir='ltr' id='par_1_22' title="bbox 408 1965 1993 2046">
     <span class='ocr_line' id='line_1_22' title="bbox 408 1965 1993 2046; baseline -0.004 -18"><span class='ocrx_word' id='word_1_128' title='bbox 408 1973 662 2046; x_wconf 84' lang='lat' dir='ltr'><strong>potestati</strong></span> <span class='ocrx_word' id='word_1_129' title='bbox 690 1986 967 2028; x_wconf 91' lang='lat' dir='ltr'><strong>armorum</strong></span> <span class='ocrx_word' id='word_1_130' title='bbox 1000 1971 1051 2025; x_wconf 94' lang='lat' dir='ltr'><strong>vi</strong></span> <span class='ocrx_word' id='word_1_131' title='bbox 1078 1970 1304 2025; x_wconf 91' lang='lat' dir='ltr'><strong>omnino</strong></span> <span class='ocrx_word' id='word_1_132' title='bbox 1335 1967 1573 2038; x_wconf 85' lang='lat' dir='ltr'><strong>subjicit,</strong></span> <span class='ocrx_word' id='word_1_133' title='bbox 1603 1969 1739 2023; x_wconf 89' lang='lat' dir='ltr'><strong>adeo</strong></span> <span class='ocrx_word' id='word_1_134' title='bbox 1765 1976 1826 2023; x_wconf 90' lang='lat' dir='ltr'><strong>ut</strong></span> <span class='ocrx_word' id='word_1_135' title='bbox 1853 1965 1993 2021; x_wconf 81' lang='lat' dir='ltr'><strong>Hor-</strong></span> 
     </span>
    </p>
   </div>
   <div class='ocr_carea' id='block_1_23' title="bbox 410 2062 1993 2134">
    <p class='ocr_par' dir='ltr' id='par_1_23' title="bbox 410 2062 1993 2134">
     <span class='ocr_line' id='line_1_23' title="bbox 410 2062 1993 2134; baseline -0.004 -13"><span class='ocrx_word' id='word_1_136' title='bbox 410 2068 599 2123; x_wconf 86' lang='lat' dir='ltr'><strong>misdae</strong></span> <span class='ocrx_word' id='word_1_137' title='bbox 632 2082 718 2122; x_wconf 89' lang='lat' dir='ltr'><strong>res</strong></span> <span class='ocrx_word' id='word_1_138' title='bbox 772 2074 985 2121; x_wconf 88' lang='lat' dir='ltr'><strong>tantum</strong></span> <span class='ocrx_word' id='word_1_139' title='bbox 1030 2063 1158 2120; x_wconf 90' lang='lat' dir='ltr'><strong>inde</strong></span> <span class='ocrx_word' id='word_1_140' title='bbox 1211 2064 1455 2134; x_wconf 84' lang='lat' dir='ltr'><strong>ceperint</strong></span> <span class='ocrx_word' id='word_1_141' title='bbox 1483 2062 1896 2126; x_wconf 83' lang='lat' dir='ltr'><strong>incrementum,</strong></span> <span class='ocrx_word' id='word_1_142' title='bbox 1932 2067 1993 2115; x_wconf 90' lang='lat' dir='ltr'><strong>ut</strong></span> 
     </span>
    </p>
   </div>
   <div class='ocr_carea' id='block_1_24' title="bbox 408 2150 1992 2229">
    <p class='ocr_par' dir='ltr' id='par_1_24' title="bbox 408 2150 1992 2229">
     <span class='ocr_line' id='line_1_24' title="bbox 408 2150 1992 2229; baseline -0.003 -17"><span class='ocrx_word' id='word_1_143' title='bbox 408 2157 769 2229; x_wconf 80' lang='lat' dir='ltr'><strong>quadraginta</strong></span> <span class='ocrx_word' id='word_1_144' title='bbox 804 2155 922 2211; x_wconf 90' lang='lat' dir='ltr'><strong>auri</strong></span> <span class='ocrx_word' id='word_1_145' title='bbox 956 2155 1128 2210; x_wconf 89' lang='lat' dir='ltr'><strong>millia</strong></span> <span class='ocrx_word' id='word_1_146' title='bbox 1172 2154 1227 2209; x_wconf 93' lang='lat' dir='ltr'><strong>in</strong></span> <span class='ocrx_word' id='word_1_147' title='bbox 1264 2153 1494 2223; x_wconf 82' lang='lat' dir='ltr'><strong>vectigal</strong></span> <span class='ocrx_word' id='word_1_148' title='bbox 1521 2168 1764 2207; x_wconf 89' lang='lat' dir='ltr'><strong>annuum</strong></span> <span class='ocrx_word' id='word_1_149' title='bbox 1796 2150 1992 2209; x_wconf 87' lang='lat' dir='ltr'><strong>Turcis</strong></span> 
     </span>
    </p>
   </div>
   <div class='ocr_carea' id='block_1_25' title="bbox 409 2242 1993 2321">
    <p class='ocr_par' dir='ltr' id='par_1_25' title="bbox 409 2242 1993 2321">
     <span class='ocr_line' id='line_1_25' title="bbox 409 2242 1993 2321; baseline -0.003 -18"><span class='ocrx_word' id='word_1_150' title='bbox 409 2250 730 2321; x_wconf 88' lang='lat' dir='ltr'><strong>imperaret,</strong></span> <span class='ocrx_word' id='word_1_151' title='bbox 761 2261 885 2304; x_wconf 90' lang='lat' dir='ltr'><strong>eum</strong></span> <span class='ocrx_word' id='word_1_152' title='bbox 918 2248 1037 2318; x_wconf 91' lang='lat' dir='ltr'><strong>ipse</strong></span> <span class='ocrx_word' id='word_1_153' title='bbox 1068 2242 1264 2302; x_wconf 89' lang='lat' dir='ltr'><strong>Turcis</strong></span> <span class='ocrx_word' id='word_1_154' title='bbox 1297 2253 1455 2300; x_wconf 87' lang='lat' dir='ltr'><strong>antea</strong></span> <span class='ocrx_word' id='word_1_155' title='bbox 1486 2243 1826 2299; x_wconf 84' lang='lat' dir='ltr'><strong>tantumdem</strong></span> <span class='ocrx_word' id='word_1_156' title='bbox 1858 2260 1993 2315; x_wconf 83' lang='lat' dir='ltr'><strong>pen-</strong></span> 
     </span>
    </p>
   </div>
   <div class='ocr_carea' id='block_1_26' title="bbox 409 2336 1991 2409">
    <p class='ocr_par' dir='ltr' id='par_1_26' title="bbox 409 2336 1991 2409">
     <span class='ocr_line' id='line_1_26' title="bbox 409 2336 1991 2409; baseline -0.004 -11"><span class='ocrx_word' id='word_1_157' title='bbox 409 2343 584 2399; x_wconf 82' lang='lat' dir='ltr'><strong>deret.</strong></span> <span class='ocrx_word' id='word_1_158' title='bbox 617 2339 813 2396; x_wconf 87' lang='lat' dir='ltr'><strong>Baram</strong></span> <span class='ocrx_word' id='word_1_159' title='bbox 836 2355 902 2397; x_wconf 89' lang='lat' dir='ltr'><strong>ea</strong></span> <span class='ocrx_word' id='word_1_160' title='bbox 926 2339 1153 2395; x_wconf 85' lang='lat' dir='ltr'><strong>victoria</strong></span> <span class='ocrx_word' id='word_1_161' title='bbox 1178 2338 1325 2393; x_wconf 91' lang='lat' dir='ltr'><strong>circa</strong></span> <span class='ocrx_word' id='word_1_162' title='bbox 1351 2353 1443 2393; x_wconf 92' lang='lat' dir='ltr'><strong>rex</strong></span> <span class='ocrx_word' id='word_1_163' title='bbox 1476 2336 1701 2392; x_wconf 89' lang='lat' dir='ltr'><strong>bellicas</strong></span> <span class='ocrx_word' id='word_1_164' title='bbox 1735 2351 1991 2409; x_wconf 89' lang='lat' dir='ltr'><strong>magnum</strong></span> 
     </span>
    </p>
   </div>
   <div class='ocr_carea' id='block_1_27' title="bbox 409 2429 1992 2509">
    <p class='ocr_par' dir='ltr' id='par_1_27' title="bbox 409 2429 1992 2509">
     <span class='ocr_line' id='line_1_27' title="bbox 409 2429 1992 2509; baseline -0.004 -20"><span class='ocrx_word' id='word_1_165' title='bbox 409 2449 610 2489; x_wconf 90' lang='lat' dir='ltr'><strong>nomen</strong></span> <span class='ocrx_word' id='word_1_166' title='bbox 674 2433 895 2509; x_wconf 78' lang='lat' dir='ltr'><strong>adepto,</strong></span> <span class='ocrx_word' id='word_1_167' title='bbox 937 2441 993 2488; x_wconf 90' lang='lat' dir='ltr'><strong>et</strong></span> <span class='ocrx_word' id='word_1_168' title='bbox 1023 2431 1090 2488; x_wconf 91' lang='lat' dir='ltr'><strong>ad</strong></span> <span class='ocrx_word' id='word_1_169' title='bbox 1129 2431 1365 2486; x_wconf 84' lang='lat' dir='ltr'><strong>Araxem</strong></span> <span class='ocrx_word' id='word_1_170' title='bbox 1420 2429 1644 2485; x_wconf 90' lang='lat' dir='ltr'><strong>ﬂuvium</strong></span> <span class='ocrx_word' id='word_1_171' title='bbox 1671 2430 1782 2497; x_wconf 85' lang='lat' dir='ltr'><strong>jam</strong></span> <span class='ocrx_word' id='word_1_172' title='bbox 1810 2436 1992 2485; x_wconf 89' lang='lat' dir='ltr'><strong>castra</strong></span> 
     </span>
    </p>
   </div>
   <div class='ocr_carea' id='block_1_28' title="bbox 411 2520 1990 2593">
    <p class='ocr_par' dir='ltr' id='par_1_28' title="bbox 411 2520 1990 2593">
     <span class='ocr_line' id='line_1_28' title="bbox 411 2520 1990 2593; baseline -0.004 -12"><span class='ocrx_word' id='word_1_173' title='bbox 411 2533 673 2593; x_wconf 76' lang='lat' dir='ltr'><strong>ructante,</strong></span> <span class='ocrx_word' id='word_1_174' title='bbox 709 2525 909 2581; x_wconf 89' lang='lat' dir='ltr'><strong>certior</strong></span> <span class='ocrx_word' id='word_1_175' title='bbox 926 2524 1103 2580; x_wconf 83' lang='lat' dir='ltr'><strong>factus</strong></span> <span class='ocrx_word' id='word_1_176' title='bbox 1130 2522 1429 2578; x_wconf 78' lang='lat' dir='ltr'><strong>Mauricius</strong></span> <span class='ocrx_word' id='word_1_177' title='bbox 1460 2521 1766 2576; x_wconf 79' lang='lat' dir='ltr'><strong>Romanum</strong></span> <span class='ocrx_word' id='word_1_178' title='bbox 1797 2520 1990 2576; x_wconf 89' lang='lat' dir='ltr'><strong>ducem</strong></span> 
     </span>
    </p>
   </div>
   <div class='ocr_carea' id='block_1_29' title="bbox 411 2611 1994 2685">
    <p class='ocr_par' dir='ltr' id='par_1_29' title="bbox 411 2611 1994 2685">
     <span class='ocr_line' id='line_1_29' title="bbox 411 2611 1994 2685; baseline -0.003 -11"><span class='ocrx_word' id='word_1_179' title='bbox 411 2618 726 2675; x_wconf 88' lang='lat' dir='ltr'><strong>institutum</strong></span> <span class='ocrx_word' id='word_1_180' title='bbox 783 2632 909 2674; x_wconf 89' lang='lat' dir='ltr'><strong>cum</strong></span> <span class='ocrx_word' id='word_1_181' title='bbox 970 2616 1215 2673; x_wconf 85' lang='lat' dir='ltr'><strong>exercitu</strong></span> <span class='ocrx_word' id='word_1_182' title='bbox 1282 2614 1337 2671; x_wconf 91' lang='lat' dir='ltr'><strong>in</strong></span> <span class='ocrx_word' id='word_1_183' title='bbox 1388 2614 1647 2669; x_wconf 84' lang='lat' dir='ltr'><strong>Suauium</strong></span> <span class='ocrx_word' id='word_1_184' title='bbox 1694 2614 1898 2685; x_wconf 78' lang='lat' dir='ltr'><strong>dirigit.</strong></span> <span class='ocrx_word' id='word_1_185' title='bbox 1941 2611 1994 2670; x_wconf 85' lang='lat' dir='ltr'><strong>Is</strong></span> 
     </span>
    </p>
   </div>
   <div class='ocr_carea' id='block_1_30' title="bbox 411 2706 1991 2774">
    <p class='ocr_par' dir='ltr' id='par_1_30' title="bbox 411 2706 1991 2774">
     <span class='ocr_line' id='line_1_30' title="bbox 411 2706 1991 2774; baseline -0.004 -8"><span class='ocrx_word' id='word_1_186' title='bbox 411 2710 508 2766; x_wconf 88' lang='lat' dir='ltr'><strong>ubi</strong></span> <span class='ocrx_word' id='word_1_187' title='bbox 576 2708 829 2765; x_wconf 83' lang='lat' dir='ltr'><strong>Lazicam</strong></span> <span class='ocrx_word' id='word_1_188' title='bbox 886 2707 1127 2774; x_wconf 85' lang='lat' dir='ltr'><strong>devenit,</strong></span> <span class='ocrx_word' id='word_1_189' title='bbox 1170 2714 1224 2763; x_wconf 91' lang='lat' dir='ltr'><strong>et</strong></span> <span class='ocrx_word' id='word_1_190' title='bbox 1276 2706 1345 2762; x_wconf 93' lang='lat' dir='ltr'><strong>ad</strong></span> <span class='ocrx_word' id='word_1_191' title='bbox 1415 2706 1705 2762; x_wconf 75' lang='lat' dir='ltr'><strong>Pliasidem</strong></span> <span class='ocrx_word' id='word_1_192' title='bbox 1774 2719 1991 2760; x_wconf 91' lang='lat' dir='ltr'><strong>amnem</strong></span> 
     </span>
    </p>
   </div>
   <div class='ocr_carea' id='block_1_31' title="bbox 411 2796 1996 2874">
    <p class='ocr_par' dir='ltr' id='par_1_31' title="bbox 411 2796 1996 2874">
     <span class='ocr_line' id='line_1_31' title="bbox 411 2796 1996 2874; baseline -0.003 -17"><span class='ocrx_word' id='word_1_193' title='bbox 411 2801 644 2874; x_wconf 85' lang='lat' dir='ltr'><strong>appulit,</strong></span> <span class='ocrx_word' id='word_1_194' title='bbox 678 2801 733 2855; x_wconf 92' lang='lat' dir='ltr'><strong>in</strong></span> <span class='ocrx_word' id='word_1_195' title='bbox 774 2800 1063 2855; x_wconf 82' lang='lat' dir='ltr'><strong>Albaniam</strong></span> <span class='ocrx_word' id='word_1_196' title='bbox 1111 2808 1293 2854; x_wconf 87' lang='lat' dir='ltr'><strong>castra</strong></span> <span class='ocrx_word' id='word_1_197' title='bbox 1334 2805 1540 2853; x_wconf 88' lang='lat' dir='ltr'><strong>movet.</strong></span> <span class='ocrx_word' id='word_1_198' title='bbox 1576 2796 1769 2852; x_wconf 87' lang='lat' dir='ltr'><strong>Baram</strong></span> <span class='ocrx_word' id='word_1_199' title='bbox 1800 2796 1996 2852; x_wconf 80' lang='lat' dir='ltr'><strong>Roma-</strong></span> 
     </span>
    </p>
   </div>
   <div class='ocr_carea' id='block_1_32' title="bbox 410 2890 1990 2962">
    <p class='ocr_par' dir='ltr' id='par_1_32' title="bbox 410 2890 1990 2962">
     <span class='ocr_line' id='line_1_32' title="bbox 410 2890 1990 2962; baseline -0.003 -12"><span class='ocrx_word' id='word_1_200' title='bbox 410 2910 609 2951; x_wconf 92' lang='lat' dir='ltr'><strong>norum</strong></span> <span class='ocrx_word' id='word_1_201' title='bbox 649 2892 822 2949; x_wconf 90' lang='lat' dir='ltr'><strong>aciem</strong></span> <span class='ocrx_word' id='word_1_202' title='bbox 861 2892 1057 2951; x_wconf 78' lang='lat' dir='ltr'><strong>adesse</strong></span> <span class='ocrx_word' id='word_1_203' title='bbox 1104 2891 1436 2962; x_wconf 84' lang='lat' dir='ltr'><strong>intelligens,</strong></span> <span class='ocrx_word' id='word_1_204' title='bbox 1478 2890 1680 2946; x_wconf 79' lang='lat' dir='ltr'><strong>factum</strong></span> <span class='ocrx_word' id='word_1_205' title='bbox 1721 2890 1936 2947; x_wconf 86' lang='lat' dir='ltr'><strong>ridebat</strong></span> <span class='ocrx_word' id='word_1_206' title='bbox 1977 2908 1990 2945; x_wconf 89' lang='lat'><strong>:</strong></span> 
     </span>
    </p>
   </div>
   <div class='ocr_carea' id='block_1_33' title="bbox 408 2979 1993 3047">
    <p class='ocr_par' dir='ltr' id='par_1_33' title="bbox 408 2979 1993 3047">
     <span class='ocr_line' id='line_1_33' title="bbox 408 2979 1993 3047; baseline -0.004 -4"><span class='ocrx_word' id='word_1_207' title='bbox 408 2996 466 3044; x_wconf 84' lang='lat' dir='ltr'><strong>et</strong></span> <span class='ocrx_word' id='word_1_208' title='bbox 518 2984 761 3042; x_wconf 87' lang='lat' dir='ltr'><strong>nondum</strong></span> <span class='ocrx_word' id='word_1_209' title='bbox 786 2984 922 3039; x_wconf 92' lang='lat' dir='ltr'><strong>inito</strong></span> <span class='ocrx_word' id='word_1_210' title='bbox 955 2983 1032 3039; x_wconf 90' lang='lat' dir='ltr'><strong>illi</strong></span> <span class='ocrx_word' id='word_1_211' title='bbox 1064 2997 1189 3038; x_wconf 89' lang='lat' dir='ltr'><strong>cum</strong></span> <span class='ocrx_word' id='word_1_212' title='bbox 1229 2980 1493 3039; x_wconf 84' lang='lat' dir='ltr'><strong>Romanis</strong></span> <span class='ocrx_word' id='word_1_213' title='bbox 1523 2981 1842 3047; x_wconf 88' lang='lat' dir='ltr'><strong>certamine,</strong></span> <span class='ocrx_word' id='word_1_214' title='bbox 1881 2979 1993 3036; x_wconf 86' lang='lat' dir='ltr'><strong>Ro-</strong></span> 
     </span>
    </p>
   </div>
   <div class='ocr_carea' id='block_1_34' title="bbox 410 3071 2060 3170">
    <p class='ocr_par' dir='ltr' id='par_1_34' title="bbox 410 3071 2060 3170">
     <span class='ocr_line' id='line_1_34' title="bbox 410 3071 2060 3170; baseline -0.006 -35"><span class='ocrx_word' id='word_1_215' title='bbox 410 3093 630 3135; x_wconf 85' lang='lat' dir='ltr'><strong>manam</strong></span> <span class='ocrx_word' id='word_1_216' title='bbox 667 3075 905 3133; x_wconf 88' lang='lat' dir='ltr'><strong>bellandi</strong></span> <span class='ocrx_word' id='word_1_217' title='bbox 936 3083 1110 3132; x_wconf 85' lang='lat' dir='ltr'><strong>artem</strong></span> <span class='ocrx_word' id='word_1_218' title='bbox 1155 3075 1390 3147; x_wconf 86' lang='lat' dir='ltr'><strong>experiri</strong></span> <span class='ocrx_word' id='word_1_219' title='bbox 1423 3073 1696 3145; x_wconf 89' lang='lat' dir='ltr'><strong>cupiebat.</strong></span> <span class='ocrx_word' id='word_1_220' title='bbox 1732 3071 1990 3141; x_wconf 81' lang='lat' dir='ltr'><strong>Trajeeto</strong></span> <span class='ocrx_word' id='word_1_221' title='bbox 2016 3114 2060 3170; x_wconf 61' lang='grc' dir='ltr'>Ο</span> 
     </span>
    </p>
   </div>
   <div class='ocr_carea' id='block_1_35' title="bbox 410 3163 1992 3241">
    <p class='ocr_par' dir='ltr' id='par_1_35' title="bbox 410 3163 1992 3241">
     <span class='ocr_line' id='line_1_35' title="bbox 410 3163 1992 3241; baseline -0.005 -14"><span class='ocrx_word' id='word_1_222' title='bbox 410 3169 598 3241; x_wconf 86' lang='lat' dir='ltr'><strong>itaque</strong></span> <span class='ocrx_word' id='word_1_223' title='bbox 623 3168 805 3224; x_wconf 87' lang='lat' dir='ltr'><strong>vicino</strong></span> <span class='ocrx_word' id='word_1_224' title='bbox 835 3168 940 3223; x_wconf 86' lang='lat' dir='ltr'><strong>sibi</strong></span> <span class='ocrx_word' id='word_1_225' title='bbox 986 3166 1233 3234; x_wconf 86' lang='lat' dir='ltr'><strong>ﬂumine,</strong></span> <span class='ocrx_word' id='word_1_226' title='bbox 1285 3166 1353 3222; x_wconf 88' lang='lat' dir='ltr'><strong>ad</strong></span> <span class='ocrx_word' id='word_1_227' title='bbox 1414 3166 1704 3221; x_wconf 90' lang='lat' dir='ltr'><strong>interiores</strong></span> <span class='ocrx_word' id='word_1_228' title='bbox 1742 3163 1992 3219; x_wconf 85' lang='lat' dir='ltr'><strong>Persidis</strong></span> 
     </span>
    </p>
   </div>
   <div class='ocr_carea' id='block_1_36' title="bbox 412 3255 1990 3331">
    <p class='ocr_par' dir='ltr' id='par_1_36' title="bbox 412 3255 1990 3331">
     <span class='ocr_line' id='line_1_36' title="bbox 412 3255 1990 3331; baseline -0.004 -15"><span class='ocrx_word' id='word_1_229' title='bbox 412 3260 726 3331; x_wconf 81' lang='lat' dir='ltr'><strong>provincias</strong></span> <span class='ocrx_word' id='word_1_230' title='bbox 756 3258 1037 3313; x_wconf 77' lang='lat' dir='ltr'><strong>Romanos</strong></span> <span class='ocrx_word' id='word_1_231' title='bbox 1063 3264 1466 3329; x_wconf 83' lang='lat' dir='ltr'><strong>pertracturus,</strong></span> <span class='ocrx_word' id='word_1_232' title='bbox 1517 3255 1990 3328; x_wconf 81' lang='lat' dir='ltr'><strong>progrediebatur.</strong></span> 
     </span>
    </p>
   </div>
   <div class='ocr_carea' id='block_1_37' title="bbox 411 3347 1995 3420">
    <p class='ocr_par' dir='ltr' id='par_1_37' title="bbox 411 3347 1995 3420">
     <span class='ocr_line' id='line_1_37' title="bbox 411 3347 1995 3420; baseline -0.005 -10"><span class='ocrx_word' id='word_1_233' title='bbox 411 3351 697 3410; x_wconf 72' lang='lat' dir='ltr'><strong>Romanus</strong></span> <span class='ocrx_word' id='word_1_234' title='bbox 747 3349 1011 3420; x_wconf 89' lang='lat' dir='ltr'><strong>bipertito</strong></span> <span class='ocrx_word' id='word_1_235' title='bbox 1062 3348 1308 3406; x_wconf 84' lang='lat' dir='ltr'><strong>exercitu</strong></span> <span class='ocrx_word' id='word_1_236' title='bbox 1368 3348 1510 3403; x_wconf 89' lang='lat' dir='ltr'><strong>bello</strong></span> <span class='ocrx_word' id='word_1_237' title='bbox 1569 3347 1882 3418; x_wconf 80' lang='lat' dir='ltr'><strong>inexpertos</strong></span> <span class='ocrx_word' id='word_1_238' title='bbox 1926 3347 1995 3402; x_wconf 88' lang='lat' dir='ltr'><strong>ad</strong></span> 
     </span>
    </p>
   </div>
   <div class='ocr_carea' id='block_1_38' title="bbox 412 3440 1997 3517">
    <p class='ocr_par' dir='ltr' id='par_1_38' title="bbox 412 3440 1997 3517">
     <span class='ocr_line' id='line_1_38' title="bbox 412 3440 1997 3517; baseline -0.001 -18"><span class='ocrx_word' id='word_1_239' title='bbox 412 3442 800 3517; x_wconf 85' lang='lat' dir='ltr'><strong>impedimenta</strong></span> <span class='ocrx_word' id='word_1_240' title='bbox 830 3443 1071 3511; x_wconf 86' lang='lat' dir='ltr'><strong>reliquit,</strong></span> <span class='ocrx_word' id='word_1_241' title='bbox 1111 3454 1167 3498; x_wconf 88' lang='lat' dir='ltr'><strong>et</strong></span> <span class='ocrx_word' id='word_1_242' title='bbox 1203 3457 1327 3497; x_wconf 89' lang='lat' dir='ltr'><strong>cum</strong></span> <span class='ocrx_word' id='word_1_243' title='bbox 1378 3440 1608 3513; x_wconf 88' lang='lat' dir='ltr'><strong>reliquis</strong></span> <span class='ocrx_word' id='word_1_244' title='bbox 1643 3440 1831 3497; x_wconf 90' lang='lat' dir='ltr'><strong>decem</strong></span> <span class='ocrx_word' id='word_1_245' title='bbox 1871 3440 1997 3497; x_wconf 86' lang='lat' dir='ltr'><strong>mil-</strong></span> 
     </span>
    </p>
   </div>
   <div class='ocr_carea' id='block_1_39' title="bbox 410 3532 1997 3595">
    <p class='ocr_par' dir='ltr' id='par_1_39' title="bbox 410 3532 1997 3595">
     <span class='ocr_line' id='line_1_39' title="bbox 410 3532 1997 3595; baseline -0.003 0"><span class='ocrx_word' id='word_1_246' title='bbox 410 3538 558 3595; x_wconf 86' lang='lat' dir='ltr'><strong>libus</strong></span> <span class='ocrx_word' id='word_1_247' title='bbox 598 3535 817 3595; x_wconf 86' lang='lat' dir='ltr'><strong>selectis</strong></span> <span class='ocrx_word' id='word_1_248' title='bbox 872 3534 1147 3593; x_wconf 81' lang='lat' dir='ltr'><strong>Barbaros</strong></span> <span class='ocrx_word' id='word_1_249' title='bbox 1190 3536 1477 3591; x_wconf 87' lang='lat' dir='ltr'><strong>insecutus</strong></span> <span class='ocrx_word' id='word_1_250' title='bbox 1518 3543 1623 3591; x_wconf 90' lang='lat' dir='ltr'><strong>est.</strong></span> <span class='ocrx_word' id='word_1_251' title='bbox 1671 3533 1751 3589; x_wconf 87' lang='lat' dir='ltr'><strong>Ex</strong></span> <span class='ocrx_word' id='word_1_252' title='bbox 1783 3534 1871 3590; x_wconf 88' lang='lat' dir='ltr'><strong>his</strong></span> <span class='ocrx_word' id='word_1_253' title='bbox 1910 3532 1997 3593; x_wconf 87' lang='lat' dir='ltr'><strong>his</strong></span> 
     </span>
    </p>
   </div>
   <div class='ocr_carea' id='block_1_40' title="bbox 411 3627 1993 3702">
    <p class='ocr_par' dir='ltr' id='par_1_40' title="bbox 411 3627 1993 3702">
     <span class='ocr_line' id='line_1_40' title="bbox 411 3627 1993 3702; baseline -0.003 -17"><span class='ocrx_word' id='word_1_254' title='bbox 411 3630 561 3686; x_wconf 85' lang='lat' dir='ltr'><strong>mille</strong></span> <span class='ocrx_word' id='word_1_255' title='bbox 590 3642 820 3688; x_wconf 72' lang='lat' dir='ltr'><strong>caeteros</strong></span> <span class='ocrx_word' id='word_1_256' title='bbox 842 3629 1174 3702; x_wconf 69' lang='lat' dir='ltr'><strong>praecedere,</strong></span> <span class='ocrx_word' id='word_1_257' title='bbox 1198 3638 1251 3684; x_wconf 87' lang='lat' dir='ltr'><strong>et</strong></span> <span class='ocrx_word' id='word_1_258' title='bbox 1278 3644 1445 3685; x_wconf 91' lang='lat' dir='ltr'><strong>cursu</strong></span> <span class='ocrx_word' id='word_1_259' title='bbox 1476 3628 1687 3684; x_wconf 88' lang='lat' dir='ltr'><strong>anteire</strong></span> <span class='ocrx_word' id='word_1_260' title='bbox 1708 3627 1993 3700; x_wconf 86' lang='lat' dir='ltr'><strong>jubentur,</strong></span> 
     </span>
    </p>
   </div>
   <div class='ocr_carea' id='block_1_41' title="bbox 411 3720 1991 3795">
    <p class='ocr_par' dir='ltr' id='par_1_41' title="bbox 411 3720 1991 3795">
     <span class='ocr_line' id='line_1_41' title="bbox 411 3720 1991 3795; baseline -0.001 -18"><span class='ocrx_word' id='word_1_261' title='bbox 411 3723 505 3795; x_wconf 86' lang='lat' dir='ltr'><strong>qui</strong></span> <span class='ocrx_word' id='word_1_262' title='bbox 534 3722 826 3780; x_wconf 84' lang='lat' dir='ltr'><strong>Persarum</strong></span> <span class='ocrx_word' id='word_1_263' title='bbox 855 3722 1085 3795; x_wconf 78' lang='lat' dir='ltr'><strong>paribus</strong></span> <span class='ocrx_word' id='word_1_264' title='bbox 1131 3721 1566 3794; x_wconf 67' lang='lat' dir='ltr'><strong>praecursoribus</strong></span> <span class='ocrx_word' id='word_1_265' title='bbox 1605 3721 1822 3779; x_wconf 86' lang='lat' dir='ltr'><strong>obviam</strong></span> <span class='ocrx_word' id='word_1_266' title='bbox 1863 3720 1991 3778; x_wconf 83' lang='lat' dir='ltr'><strong>facti</strong></span> 
     </span>
    </p>
   </div>
   <div class='ocr_carea' id='block_1_42' title="bbox 410 3802 1993 3886">
    <p class='ocr_par' dir='ltr' id='par_1_42' title="bbox 410 3802 1993 3886">
     <span class='ocr_line' id='line_1_42' title="bbox 410 3802 1993 3886; baseline -0.001 -17"><span class='ocrx_word' id='word_1_267' title='bbox 410 3802 628 3873; x_wconf 67' lang='lat' dir='ltr'><strong>vertunt</strong></span> <span class='ocrx_word' id='word_1_268' title='bbox 658 3831 754 3873; x_wconf 90' lang='lat' dir='ltr'><strong>eos</strong></span> <span class='ocrx_word' id='word_1_269' title='bbox 788 3814 844 3870; x_wconf 91' lang='lat' dir='ltr'><strong>in</strong></span> <span class='ocrx_word' id='word_1_270' title='bbox 879 3813 1085 3886; x_wconf 81' lang='lat' dir='ltr'><strong>fugam.</strong></span> <span class='ocrx_word' id='word_1_271' title='bbox 1118 3820 1174 3868; x_wconf 92' lang='lat' dir='ltr'><strong>et</strong></span> <span class='ocrx_word' id='word_1_272' title='bbox 1201 3820 1432 3868; x_wconf 78' lang='lat' dir='ltr'><strong>cunctos</strong></span> <span class='ocrx_word' id='word_1_273' title='bbox 1448 3809 1667 3867; x_wconf 88' lang='lat' dir='ltr'><strong>tandem</strong></span> <span class='ocrx_word' id='word_1_274' title='bbox 1697 3811 1993 3867; x_wconf 88' lang='lat' dir='ltr'><strong>trucidant.</strong></span> 
     </span>
    </p>
   </div>
   <div class='ocr_carea' id='block_1_43' title="bbox 410 3902 1996 3982">
    <p class='ocr_par' dir='ltr' id='par_1_43' title="bbox 410 3902 1996 3982">
     <span class='ocr_line' id='line_1_43' title="bbox 410 3902 1996 3982; baseline -0.003 -19"><span class='ocrx_word' id='word_1_275' title='bbox 410 3906 561 3981; x_wconf 77' lang='lat' dir='ltr'><strong>Fuga</strong></span> <span class='ocrx_word' id='word_1_276' title='bbox 592 3907 793 3982; x_wconf 89' lang='lat' dir='ltr'><strong>quippe</strong></span> <span class='ocrx_word' id='word_1_277' title='bbox 819 3916 1036 3978; x_wconf 87' lang='lat' dir='ltr'><strong>arrepta</strong></span> <span class='ocrx_word' id='word_1_278' title='bbox 1068 3904 1124 3961; x_wconf 90' lang='lat' dir='ltr'><strong>in</strong></span> <span class='ocrx_word' id='word_1_279' title='bbox 1160 3902 1432 3976; x_wconf 88' lang='lat' dir='ltr'><strong>objectum</strong></span> <span class='ocrx_word' id='word_1_280' title='bbox 1466 3902 1826 3975; x_wconf 77' lang='lat' dir='ltr'><strong>praecipitium</strong></span> <span class='ocrx_word' id='word_1_281' title='bbox 1859 3902 1996 3975; x_wconf 83' lang='lat' dir='ltr'><strong>lapsi</strong></span> 
     </span>
    </p>
   </div>
   <div class='ocr_carea' id='block_1_44' title="bbox 411 3992 1996 4075">
    <p class='ocr_par' dir='ltr' id='par_1_44' title="bbox 411 3992 1996 4075">
     <span class='ocr_line' id='line_1_44' title="bbox 411 3992 1996 4075; baseline -0.006 -17"><span class='ocrx_word' id='word_1_282' title='bbox 411 4010 466 4058; x_wconf 88' lang='lat' dir='ltr'><strong>et</strong></span> <span class='ocrx_word' id='word_1_283' title='bbox 516 4002 789 4073; x_wconf 81' lang='lat' dir='ltr'><strong>angustiis</strong></span> <span class='ocrx_word' id='word_1_284' title='bbox 851 3992 1094 4075; x_wconf 77' lang='lat' dir='ltr'><strong>undique</strong></span> <span class='ocrx_word' id='word_1_285' title='bbox 1157 3994 1407 4050; x_wconf 88' lang='lat' dir='ltr'><strong>conclusi</strong></span> <span class='ocrx_word' id='word_1_286' title='bbox 1462 3993 1646 4050; x_wconf 86' lang='lat' dir='ltr'><strong>cuncti</strong></span> <span class='ocrx_word' id='word_1_287' title='bbox 1689 3992 1996 4064; x_wconf 88' lang='lat' dir='ltr'><strong>perierunt.</strong></span> 
     </span>
    </p>
   </div>
   <div class='ocr_carea' id='block_1_45' title="bbox 412 4084 2002 4160">
    <p class='ocr_par' dir='ltr' id='par_1_45' title="bbox 412 4084 2002 4160">
     <span class='ocr_line' id='line_1_45' title="bbox 412 4084 2002 4160; baseline -0.006 -9"><span class='ocrx_word' id='word_1_288' title='bbox 412 4091 682 4152; x_wconf 78' lang='lat' dir='ltr'><strong>Romanis</strong></span> <span class='ocrx_word' id='word_1_289' title='bbox 733 4092 860 4150; x_wconf 91' lang='lat' dir='ltr'><strong>inde</strong></span> <span class='ocrx_word' id='word_1_290' title='bbox 922 4089 990 4147; x_wconf 89' lang='lat' dir='ltr'><strong>ad</strong></span> <span class='ocrx_word' id='word_1_291' title='bbox 1043 4088 1246 4144; x_wconf 83' lang='lat' dir='ltr'><strong>vallum</strong></span> <span class='ocrx_word' id='word_1_292' title='bbox 1288 4101 1467 4160; x_wconf 86' lang='lat' dir='ltr'><strong>usque</strong></span> <span class='ocrx_word' id='word_1_293' title='bbox 1515 4084 1808 4141; x_wconf 85' lang='lat' dir='ltr'><strong>Persarum</strong></span> <span class='ocrx_word' id='word_1_294' title='bbox 1844 4100 2002 4157; x_wconf 87' lang='lat' dir='ltr'><strong>pene-</strong></span> 
     </span>
    </p>
   </div>
   <div class='ocr_carea' id='block_1_46' title="bbox 415 4173 1995 4254">
    <p class='ocr_par' dir='ltr' id='par_1_46' title="bbox 415 4173 1995 4254">
     <span class='ocr_line' id='line_1_46' title="bbox 415 4173 1995 4254; baseline -0.006 -14"><span class='ocrx_word' id='word_1_295' title='bbox 415 4185 710 4254; x_wconf 80' lang='lat' dir='ltr'><strong>trantibus,</strong></span> <span class='ocrx_word' id='word_1_296' title='bbox 765 4180 961 4238; x_wconf 89' lang='lat' dir='ltr'><strong>Baram</strong></span> <span class='ocrx_word' id='word_1_297' title='bbox 1004 4180 1074 4237; x_wconf 89' lang='lat' dir='ltr'><strong>de</strong></span> <span class='ocrx_word' id='word_1_298' title='bbox 1107 4186 1258 4235; x_wconf 88' lang='lat' dir='ltr'><strong>tanta</strong></span> <span class='ocrx_word' id='word_1_299' title='bbox 1293 4178 1497 4233; x_wconf 86' lang='lat' dir='ltr'><strong>virtute</strong></span> <span class='ocrx_word' id='word_1_300' title='bbox 1540 4176 1849 4248; x_wconf 87' lang='lat' dir='ltr'><strong>obstupuit.</strong></span> <span class='ocrx_word' id='word_1_301' title='bbox 1882 4173 1995 4231; x_wconf 79' lang='lat' dir='ltr'><strong>Ro-</strong></span> 
     </span>
    </p>
   </div>
   <div class='ocr_carea' id='block_1_47' title="bbox 2085 483 3681 565">
    <p class='ocr_par' dir='ltr' id='par_1_47' title="bbox 2085 483 3681 565">
     <span class='ocr_line' id='line_1_47' title="bbox 2085 483 3681 565; baseline -0.008 -17"><span class='ocrx_word' id='word_1_302' title='bbox 2085 495 2334 565; x_wconf 80' lang='grc' dir='ltr'><strong>Πολέμου</strong></span> <span class='ocrx_word' id='word_1_303' title='bbox 2366 494 2423 548; x_wconf 85' lang='grc' dir='ltr'><strong>δὲ</strong></span> <span class='ocrx_word' id='word_1_304' title='bbox 2462 491 2755 562; x_wconf 87' lang='grc' dir='ltr'><strong>Ῥωμαίων</strong></span> <span class='ocrx_word' id='word_1_305' title='bbox 2782 490 2877 543; x_wconf 71' lang='grc' dir='ltr'><strong>καὶ</strong></span> <span class='ocrx_word' id='word_1_306' title='bbox 2904 488 3132 559; x_wconf 86' lang='grc' dir='ltr'><strong>Περσῶν</strong></span> <span class='ocrx_word' id='word_1_307' title='bbox 3160 487 3217 541; x_wconf 80' lang='grc' dir='ltr'><strong>ὲν</strong></span> <span class='ocrx_word' id='word_1_308' title='bbox 3247 483 3681 557; x_wconf 85' lang='grc' dir='ltr'><strong>Μαρτυροπόλει</strong></span> 
     </span>
    </p>
   </div>
   <div class='ocr_carea' id='block_1_48' title="bbox 2085 578 3683 656">
    <p class='ocr_par' dir='ltr' id='par_1_48' title="bbox 2085 578 3683 656">
     <span class='ocr_line' id='line_1_48' title="bbox 2085 578 3683 656; baseline -0.008 -15"><span class='ocrx_word' id='word_1_309' title='bbox 2085 586 2375 655; x_wconf 63' lang='grc' dir='ltr'><strong>γεγονότος</strong></span> <span class='ocrx_word' id='word_1_310' title='bbox 2424 584 2697 656; x_wconf 78' lang='grc' dir='ltr'><strong>ἡττῶνται</strong></span> <span class='ocrx_word' id='word_1_311' title='bbox 2760 582 3059 652; x_wconf 67' lang='grc' dir='ltr'><strong>Ῥωμαῖον</strong></span> <span class='ocrx_word' id='word_1_312' title='bbox 3128 580 3159 633; x_wconf 82' lang='grc' dir='ltr'>ὁ</span> <span class='ocrx_word' id='word_1_313' title='bbox 3204 579 3261 633; x_wconf 81' lang='grc' dir='ltr'><strong>δὲ</strong></span> <span class='ocrx_word' id='word_1_314' title='bbox 3314 578 3683 647; x_wconf 71' lang='grc' dir='ltr'><strong>αὐτοκράτωρ</strong></span> 
     </span>
    </p>
   </div>
   <div class='ocr_carea' id='block_1_49' title="bbox 2085 670 3680 749">
    <p class='ocr_par' dir='ltr' id='par_1_49' title="bbox 2085 670 3680 749">
     <span class='ocr_line' id='line_1_49' title="bbox 2085 670 3680 749; baseline -0.008 -16"><span class='ocrx_word' id='word_1_315' title='bbox 2085 680 2251 733; x_wconf 79' lang='grc' dir='ltr'><strong>πάλιν</strong></span> <span class='ocrx_word' id='word_1_316' title='bbox 2276 680 2375 749; x_wconf 82' lang='grc' dir='ltr'><strong>τῆς</strong></span> <span class='ocrx_word' id='word_1_317' title='bbox 2397 674 2737 748; x_wconf 78' lang='grc' dir='ltr'><strong>στρατηγίας</strong></span> <span class='ocrx_word' id='word_1_318' title='bbox 2761 674 2783 705; x_wconf 73' lang='grc'>⁸</span> <span class='ocrx_word' id='word_1_319' title='bbox 2803 673 2899 727; x_wconf 80' lang='grc' dir='ltr'><strong>τδν</strong></span> <span class='ocrx_word' id='word_1_320' title='bbox 2919 671 3250 725; x_wconf 72' lang='grc' dir='ltr'><strong>Φιλιππικὸν</strong></span> <span class='ocrx_word' id='word_1_321' title='bbox 3267 670 3680 740; x_wconf 80' lang='grc' dir='ltr'><strong>διαδεξάμενος.</strong></span> 
     </span>
    </p>
   </div>
   <div class='ocr_carea' id='block_1_50' title="bbox 2086 760 3681 843">
    <p class='ocr_par' dir='ltr' id='par_1_50' title="bbox 2086 760 3681 843">
     <span class='ocr_line' id='line_1_50' title="bbox 2086 760 3681 843; baseline -0.008 -17"><span class='ocrx_word' id='word_1_322' title='bbox 2086 771 2448 843; x_wconf 83' lang='grc' dir='ltr'><strong>Κομεντίολον</strong></span> <span class='ocrx_word' id='word_1_323' title='bbox 2470 766 2773 841; x_wconf 78' lang='grc' dir='ltr'><strong>στρατηγὸν</strong></span> <span class='ocrx_word' id='word_1_324' title='bbox 2792 765 2891 834; x_wconf 77' lang='grc' dir='ltr'><strong>τῆς</strong></span> <span class='ocrx_word' id='word_1_325' title='bbox 2917 763 3213 832; x_wconf 76' lang='grc' dir='ltr'><strong>’Λνατολῆς</strong></span> <span class='ocrx_word' id='word_1_326' title='bbox 3240 760 3583 817; x_wconf 83' lang='grc' dir='ltr'><strong>ἀπέστειλεν.</strong></span> <span class='ocrx_word' id='word_1_327' title='bbox 3617 760 3681 813; x_wconf 84' lang='lat'><strong>&#39;0</strong></span> 
     </span>
    </p>
   </div>
   <div class='ocr_carea' id='block_1_51' title="bbox 2085 853 3682 934">
    <p class='ocr_par' dir='ltr' id='par_1_51' title="bbox 2085 853 3682 934">
     <span class='ocr_line' id='line_1_51' title="bbox 2085 853 3682 934; baseline -0.009 -16"><span class='ocrx_word' id='word_1_328' title='bbox 2085 864 2140 918; x_wconf 76' lang='grc' dir='ltr'><strong>δὲ</strong></span> <span class='ocrx_word' id='word_1_329' title='bbox 2182 861 2546 934; x_wconf 83' lang='grc' dir='ltr'><strong>Κομεντίολος</strong></span> <span class='ocrx_word' id='word_1_330' title='bbox 2584 860 2714 932; x_wconf 74' lang='grc' dir='ltr'><strong>περὶ</strong></span> <span class='ocrx_word' id='word_1_331' title='bbox 2751 858 2851 930; x_wconf 77' lang='grc' dir='ltr'><strong>τὴν</strong></span> <span class='ocrx_word' id='word_1_332' title='bbox 2891 857 3110 910; x_wconf 82' lang='grc' dir='ltr'><strong>Νίσιϐιν</strong></span> <span class='ocrx_word' id='word_1_333' title='bbox 3138 855 3459 924; x_wconf 78' lang='grc' dir='ltr'><strong>γενόμενος,</strong></span> <span class='ocrx_word' id='word_1_334' title='bbox 3495 853 3595 906; x_wconf 72' lang='grc' dir='ltr'><strong>καὶ</strong></span> <span class='ocrx_word' id='word_1_335' title='bbox 3628 853 3682 905; x_wconf 77' lang='grc' dir='ltr'><strong>οἱ</strong></span> 
     </span>
    </p>
   </div>
   <div class='ocr_carea' id='block_1_52' title="bbox 2087 944 3681 1029">
    <p class='ocr_par' dir='ltr' id='par_1_52' title="bbox 2087 944 3681 1029">
     <span class='ocr_line' id='line_1_52' title="bbox 2087 944 3681 1029; baseline -0.009 -19"><span class='ocrx_word' id='word_1_336' title='bbox 2087 957 2300 1029; x_wconf 81' lang='grc' dir='ltr'><strong>Πέρσαι</strong></span> <span class='ocrx_word' id='word_1_337' title='bbox 2332 955 2474 1009; x_wconf 87' lang='grc' dir='ltr'><strong>κατὰ</strong></span> <span class='ocrx_word' id='word_1_338' title='bbox 2508 953 2601 1008; x_wconf 74' lang='grc' dir='ltr'><strong>τὸν</strong></span> <span class='ocrx_word' id='word_1_339' title='bbox 2634 950 2912 1023; x_wconf 73' lang='grc' dir='ltr'><strong>Σαρϐανὺν</strong></span> <span class='ocrx_word' id='word_1_340' title='bbox 2936 950 2957 981; x_wconf 84' lang='grc'><strong><em>⁸</em></strong></span> <span class='ocrx_word' id='word_1_341' title='bbox 2994 948 3110 1021; x_wconf 75' lang='grc'><strong>(84)</strong></span> <span class='ocrx_word' id='word_1_342' title='bbox 3145 947 3400 1018; x_wconf 83' lang='grc' dir='ltr'><strong>ἀλλήλοις</strong></span> <span class='ocrx_word' id='word_1_343' title='bbox 3447 944 3681 1000; x_wconf 78' lang='grc' dir='ltr'><strong>συνέϐα-</strong></span> 
     </span>
    </p>
   </div>
   <div class='ocr_carea' id='block_1_53' title="bbox 2085 1041 3682 1121">
    <p class='ocr_par' dir='ltr' id='par_1_53' title="bbox 2085 1041 3682 1121">
     <span class='ocr_line' id='line_1_53' title="bbox 2085 1041 3682 1121; baseline -0.006 -19"><span class='ocrx_word' id='word_1_344' title='bbox 2085 1050 2198 1105; x_wconf 82' lang='grc' dir='ltr'><strong>λον.</strong></span> <span class='ocrx_word' id='word_1_345' title='bbox 2240 1048 2564 1121; x_wconf 70' lang='grc' dir='ltr'><strong>’Ἡράκλειος</strong></span> <span class='ocrx_word' id='word_1_346' title='bbox 2588 1047 2645 1101; x_wconf 76' lang='grc' dir='ltr'><strong>δὲ</strong></span> <span class='ocrx_word' id='word_1_347' title='bbox 2679 1046 2707 1098; x_wconf 82' lang='grc' dir='ltr'>ὁ</span> <span class='ocrx_word' id='word_1_348' title='bbox 2734 1044 2829 1099; x_wconf 86' lang='grc' dir='ltr'><strong>τοῦ</strong></span> <span class='ocrx_word' id='word_1_349' title='bbox 2877 1043 3206 1116; x_wconf 82' lang='grc' dir='ltr'><strong>Ἡρακλείου</strong></span> <span class='ocrx_word' id='word_1_350' title='bbox 3241 1042 3425 1113; x_wconf 76' lang='grc' dir='ltr'><strong>πατὴρ</strong></span> <span class='ocrx_word' id='word_1_351' title='bbox 3462 1041 3682 1095; x_wconf 74' lang='grc' dir='ltr'><strong>ἐνευδο-</strong></span> 
     </span>
    </p>
   </div>
   <div class='ocr_carea' id='block_1_54' title="bbox 2087 1133 3683 1213">
    <p class='ocr_par' dir='ltr' id='par_1_54' title="bbox 2087 1133 3683 1213">
     <span class='ocr_line' id='line_1_54' title="bbox 2087 1133 3683 1213; baseline -0.007 -17"><span class='ocrx_word' id='word_1_352' title='bbox 2087 1143 2355 1213; x_wconf 63' lang='grc' dir='ltr'><strong>κιμήσαςί</strong></span> <span class='ocrx_word' id='word_1_353' title='bbox 2388 1142 2446 1196; x_wconf 78' lang='grc' dir='ltr'><strong>ἐν</strong></span> <span class='ocrx_word' id='word_1_354' title='bbox 2494 1139 2573 1211; x_wconf 79' lang='grc' dir='ltr'><strong>τῷ</strong></span> <span class='ocrx_word' id='word_1_355' title='bbox 2612 1138 2836 1209; x_wconf 84' lang='grc' dir='ltr'><strong>πολέμῳ</strong></span> <span class='ocrx_word' id='word_1_356' title='bbox 2884 1137 3095 1192; x_wconf 79' lang='grc' dir='ltr'>ἀνεῖλεν</span> <span class='ocrx_word' id='word_1_357' title='bbox 3146 1136 3236 1190; x_wconf 75' lang='grc' dir='ltr'><strong>τὸν</strong></span> <span class='ocrx_word' id='word_1_358' title='bbox 3293 1135 3403 1189; x_wconf 78' lang='grc' dir='ltr'><strong>τῶν</strong></span> <span class='ocrx_word' id='word_1_359' title='bbox 3451 1133 3683 1204; x_wconf 82' lang='grc' dir='ltr'><strong>Περσῶν</strong></span> 
     </span>
    </p>
   </div>
   <div class='ocr_carea' id='block_1_55' title="bbox 2088 1225 3684 1303">
    <p class='ocr_par' dir='ltr' id='par_1_55' title="bbox 2088 1225 3684 1303">
     <span class='ocr_line' id='line_1_55' title="bbox 2088 1225 3684 1303; baseline -0.007 -16"><span class='ocrx_word' id='word_1_360' title='bbox 2088 1232 2394 1303; x_wconf 83' lang='grc' dir='ltr'><strong>στρατηγόν</strong></span> <span class='ocrx_word' id='word_1_361' title='bbox 2419 1247 2431 1260; x_wconf 87' lang='grc'>·</span> <span class='ocrx_word' id='word_1_362' title='bbox 2466 1229 2561 1284; x_wconf 87' lang='grc' dir='ltr'><strong>τοῦ</strong></span> <span class='ocrx_word' id='word_1_363' title='bbox 2594 1230 2652 1283; x_wconf 81' lang='grc' dir='ltr'><strong>δὲ</strong></span> <span class='ocrx_word' id='word_1_364' title='bbox 2681 1227 3069 1300; x_wconf 76' lang='grc' dir='ltr'><strong>ἀναιρεθέντος</strong></span> <span class='ocrx_word' id='word_1_365' title='bbox 3097 1226 3395 1297; x_wconf 84' lang='grc' dir='ltr'><strong>τρέπονται</strong></span> <span class='ocrx_word' id='word_1_366' title='bbox 3429 1225 3684 1295; x_wconf 80' lang='grc' dir='ltr'><strong>Πέρσαι⁸</strong></span> 
     </span>
    </p>
   </div>
   <div class='ocr_carea' id='block_1_56' title="bbox 2090 1314 3685 1391">
    <p class='ocr_par' dir='ltr' id='par_1_56' title="bbox 2090 1314 3685 1391">
     <span class='ocr_line' id='line_1_56' title="bbox 2090 1314 3685 1391; baseline -0.008 -14"><span class='ocrx_word' id='word_1_367' title='bbox 2090 1325 2186 1377; x_wconf 75' lang='grc' dir='ltr'><strong>καὶ</strong></span> <span class='ocrx_word' id='word_1_368' title='bbox 2213 1322 2470 1376; x_wconf 81' lang='grc' dir='ltr'><strong>διώκουσι</strong></span> <span class='ocrx_word' id='word_1_369' title='bbox 2506 1322 2794 1391; x_wconf 84' lang='grc' dir='ltr'><strong>Ῥωμαῖοι.</strong></span> <span class='ocrx_word' id='word_1_370' title='bbox 2829 1317 3038 1387; x_wconf 80' lang='grc' dir='ltr'><strong>Πολλῆς</strong></span> <span class='ocrx_word' id='word_1_371' title='bbox 3060 1317 3118 1371; x_wconf 84' lang='grc' dir='ltr'><strong>δὲ</strong></span> <span class='ocrx_word' id='word_1_372' title='bbox 3150 1316 3408 1378; x_wconf 79' lang='grc' dir='ltr'><strong>ἁλώσεως</strong></span> <span class='ocrx_word' id='word_1_373' title='bbox 3433 1314 3455 1345; x_wconf 78' lang='grc'><strong><em>⁸</em></strong></span> <span class='ocrx_word' id='word_1_374' title='bbox 3490 1315 3549 1367; x_wconf 82' lang='grc' dir='ltr'><strong>ὲν</strong></span> <span class='ocrx_word' id='word_1_375' title='bbox 3578 1314 3685 1367; x_wconf 80' lang='grc' dir='ltr'><strong>αὑ-</strong></span> 
     </span>
    </p>
   </div>
   <div class='ocr_carea' id='block_1_57' title="bbox 2087 1406 3685 1484">
    <p class='ocr_par' dir='ltr' id='par_1_57' title="bbox 2087 1406 3685 1484">
     <span class='ocr_line' id='line_1_57' title="bbox 2087 1406 3685 1484; baseline -0.007 -16"><span class='ocrx_word' id='word_1_376' title='bbox 2087 1416 2200 1478; x_wconf 84' lang='grc' dir='ltr'><strong>τοῖς</strong></span> <span class='ocrx_word' id='word_1_377' title='bbox 2221 1412 2547 1484; x_wconf 74' lang='grc' dir='ltr'><strong>γενομένης,</strong></span> <span class='ocrx_word' id='word_1_378' title='bbox 2574 1430 2648 1466; x_wconf 93' lang='grc' dir='ltr'><strong>πα</strong></span> <span class='ocrx_word' id='word_1_379' title='bbox 2657 1410 3069 1482; x_wconf 85' lang='grc' dir='ltr'><strong>ραλαμϐἀνουσι</strong></span> <span class='ocrx_word' id='word_1_380' title='bbox 3089 1408 3187 1462; x_wconf 73' lang='grc' dir='ltr'><strong>καὶ</strong></span> <span class='ocrx_word' id='word_1_381' title='bbox 3206 1408 3266 1460; x_wconf 84' lang='grc' dir='ltr'><strong>τὸ</strong></span> <span class='ocrx_word' id='word_1_382' title='bbox 3285 1406 3503 1461; x_wconf 77' lang='grc' dir='ltr'><strong>τοῦλδον</strong></span> <span class='ocrx_word' id='word_1_383' title='bbox 3518 1406 3561 1469; x_wconf 84' lang='grc'><strong>⁷,</strong></span> <span class='ocrx_word' id='word_1_384' title='bbox 3585 1406 3685 1460; x_wconf 72' lang='grc' dir='ltr'><strong>καὶ</strong></span> 
     </span>
    </p>
   </div>
   <div class='ocr_carea' id='block_1_58' title="bbox 2089 1496 3682 1576">
    <p class='ocr_par' dir='ltr' id='par_1_58' title="bbox 2089 1496 3682 1576">
     <span class='ocr_line' id='line_1_58' title="bbox 2089 1496 3682 1576; baseline -0.004 -17"><span class='ocrx_word' id='word_1_385' title='bbox 2089 1505 2260 1559; x_wconf 79' lang='grc' dir='ltr'><strong>πολλὰ</strong></span> <span class='ocrx_word' id='word_1_386' title='bbox 2289 1505 2511 1576; x_wconf 79' lang='grc' dir='ltr'><strong>λάφυρα</strong></span> <span class='ocrx_word' id='word_1_387' title='bbox 2542 1506 2601 1557; x_wconf 82' lang='grc' dir='ltr'><strong>ὲν</strong></span> <span class='ocrx_word' id='word_1_388' title='bbox 2634 1502 2919 1574; x_wconf 79' lang='grc' dir='ltr'><strong>Βυζαντίῳ</strong></span> <span class='ocrx_word' id='word_1_389' title='bbox 2947 1501 3350 1573; x_wconf 66' lang='grc' dir='ltr'><strong>ἐκπέμπουσιν.</strong></span> <span class='ocrx_word' id='word_1_390' title='bbox 3394 1496 3455 1552; x_wconf 77' lang='grc' dir='ltr'>Ὀ</span> <span class='ocrx_word' id='word_1_391' title='bbox 3486 1499 3545 1553; x_wconf 79' lang='grc' dir='ltr'><strong>δὲ</strong></span> <span class='ocrx_word' id='word_1_392' title='bbox 3578 1501 3682 1552; x_wconf 79' lang='grc' dir='ltr'><strong>αῦ-</strong></span> 
     </span>
    </p>
   </div>
   <div class='ocr_carea' id='block_1_59' title="bbox 2088 1595 3679 1675">
    <p class='ocr_par' dir='ltr' id='par_1_59' title="bbox 2088 1595 3679 1675">
     <span class='ocr_line' id='line_1_59' title="bbox 2088 1595 3679 1675; baseline -0.003 -19"><span class='ocrx_word' id='word_1_393' title='bbox 2088 1601 2377 1675; x_wconf 83' lang='grc' dir='ltr'><strong>τοκρὰτωρ</strong></span> <span class='ocrx_word' id='word_1_394' title='bbox 2422 1602 2677 1664; x_wconf 81' lang='grc' dir='ltr'><strong>ἱππικαῖς</strong></span> <span class='ocrx_word' id='word_1_395' title='bbox 2722 1599 2978 1671; x_wconf 86' lang='grc' dir='ltr'><strong>θεωρίαις</strong></span> <span class='ocrx_word' id='word_1_396' title='bbox 3026 1598 3123 1653; x_wconf 76' lang='grc' dir='ltr'><strong>καὶ</strong></span> <span class='ocrx_word' id='word_1_397' title='bbox 3161 1595 3507 1670; x_wconf 74' lang='grc' dir='ltr'><strong>πανηγύρεσι</strong></span> <span class='ocrx_word' id='word_1_398' title='bbox 3560 1596 3679 1670; x_wconf 78' lang='lat'><strong>(85)</strong></span> 
     </span>
    </p>
   </div>
   <div class='ocr_carea' id='block_1_60' title="bbox 2088 1688 3683 1764">
    <p class='ocr_par' dir='ltr' id='par_1_60' title="bbox 2088 1688 3683 1764">
     <span class='ocr_line' id='line_1_60' title="bbox 2088 1688 3683 1764; baseline -0.004 -15"><span class='ocrx_word' id='word_1_399' title='bbox 2088 1694 2186 1764; x_wconf 81' lang='grc' dir='ltr'><strong>τὴν</strong></span> <span class='ocrx_word' id='word_1_400' title='bbox 2217 1690 2371 1748; x_wconf 78' lang='grc' dir='ltr'><strong>πόλιν</strong></span> <span class='ocrx_word' id='word_1_401' title='bbox 2387 1693 2731 1763; x_wconf 75' lang='grc' dir='ltr'><strong>ὲφαίδρυνεν,</strong></span> <span class='ocrx_word' id='word_1_402' title='bbox 2749 1690 2845 1745; x_wconf 78' lang='grc' dir='ltr'><strong>καὶ</strong></span> <span class='ocrx_word' id='word_1_403' title='bbox 2867 1691 2963 1755; x_wconf 69' lang='grc' dir='ltr'><strong>τὰς</strong></span> <span class='ocrx_word' id='word_1_404' title='bbox 2993 1689 3151 1754; x_wconf 87' lang='grc' dir='ltr'><strong>νίκας</strong></span> <span class='ocrx_word' id='word_1_405' title='bbox 3168 1688 3594 1759; x_wconf 74' lang='grc' dir='ltr'><strong>ἐθριάμϐευσεν.</strong></span> <span class='ocrx_word' id='word_1_406' title='bbox 3621 1688 3683 1742; x_wconf 85' lang='grc' dir='ltr'><strong>Ὀ</strong></span> 
     </span>
    </p>
   </div>
   <div class='ocr_carea' id='block_1_61' title="bbox 2089 1782 3685 1859">
    <p class='ocr_par' dir='ltr' id='par_1_61' title="bbox 2089 1782 3685 1859">
     <span class='ocr_line' id='line_1_61' title="bbox 2089 1782 3685 1859; baseline -0.005 -17"><span class='ocrx_word' id='word_1_407' title='bbox 2089 1789 2146 1842; x_wconf 81' lang='grc' dir='ltr'><strong>δὲ</strong></span> <span class='ocrx_word' id='word_1_408' title='bbox 2163 1787 2459 1859; x_wconf 88' lang='grc' dir='ltr'><strong>Ὀρμίσδας</strong></span> <span class='ocrx_word' id='word_1_409' title='bbox 2486 1787 2792 1859; x_wconf 82' lang='grc' dir='ltr'><strong>στρατηγὸν</strong></span> <span class='ocrx_word' id='word_1_410' title='bbox 2816 1785 2930 1855; x_wconf 83' lang='grc'><strong>(86)</strong></span> <span class='ocrx_word' id='word_1_411' title='bbox 2953 1786 3340 1856; x_wconf 77' lang='grc' dir='ltr'><strong>χειροτονήσας</strong></span> <span class='ocrx_word' id='word_1_412' title='bbox 3357 1782 3451 1836; x_wconf 73' lang='grc' dir='ltr'><strong>τὸν</strong></span> <span class='ocrx_word' id='word_1_413' title='bbox 3480 1782 3685 1852; x_wconf 73' lang='grc' dir='ltr'><strong>Βαρὰμ</strong></span> 
     </span>
    </p>
   </div>
   <div class='ocr_carea' id='block_1_62' title="bbox 2092 1874 3683 1952">
    <p class='ocr_par' dir='ltr' id='par_1_62' title="bbox 2092 1874 3683 1952">
     <span class='ocr_line' id='line_1_62' title="bbox 2092 1874 3683 1952; baseline -0.004 -17"><span class='ocrx_word' id='word_1_414' title='bbox 2092 1880 2207 1952; x_wconf 74' lang='grc' dir='ltr'><strong>ἅμα</strong></span> <span class='ocrx_word' id='word_1_415' title='bbox 2235 1880 2332 1935; x_wconf 78' lang='grc' dir='ltr'><strong>καὶ</strong></span> <span class='ocrx_word' id='word_1_416' title='bbox 2354 1879 2376 1912; x_wconf 79' lang='grc'>⁸</span> <span class='ocrx_word' id='word_1_417' title='bbox 2404 1880 2669 1950; x_wconf 81' lang='grc' dir='ltr'><strong>δυνάμεσι</strong></span> <span class='ocrx_word' id='word_1_418' title='bbox 2700 1877 2923 1941; x_wconf 87' lang='grc' dir='ltr'><strong>πολλαῖς</strong></span> <span class='ocrx_word' id='word_1_419' title='bbox 2955 1876 3102 1931; x_wconf 84' lang='grc' dir='ltr'><strong>κατὰ</strong></span> <span class='ocrx_word' id='word_1_420' title='bbox 3128 1875 3395 1938; x_wconf 88' lang='grc' dir='ltr'><strong>Σουανίας</strong></span> <span class='ocrx_word' id='word_1_421' title='bbox 3419 1876 3442 1907; x_wconf 80' lang='grc'><strong>⁹</strong></span> <span class='ocrx_word' id='word_1_422' title='bbox 3466 1874 3683 1944; x_wconf 73' lang='grc' dir='ltr'><strong>ἐκπέμ-</strong></span> 
     </span>
    </p>
   </div>
   <div class='ocr_carea' id='block_1_63' title="bbox 2092 1967 3684 2044">
    <p class='ocr_par' dir='ltr' id='par_1_63' title="bbox 2092 1967 3684 2044">
     <span class='ocr_line' id='line_1_63' title="bbox 2092 1967 3684 2044; baseline -0.004 -18"><span class='ocrx_word' id='word_1_423' title='bbox 2092 1991 2205 2028; x_wconf 89' lang='grc' dir='ltr'><strong>πει.</strong></span> <span class='ocrx_word' id='word_1_424' title='bbox 2239 1972 2545 2044; x_wconf 85' lang='grc' dir='ltr'><strong>Ἀδοκήτως</strong></span> <span class='ocrx_word' id='word_1_425' title='bbox 2572 1971 2627 2025; x_wconf 84' lang='grc' dir='ltr'><strong>δὲ</strong></span> <span class='ocrx_word' id='word_1_426' title='bbox 2648 1971 2822 2043; x_wconf 79' lang='grc' dir='ltr'><strong>ταύτῃ</strong></span> <span class='ocrx_word' id='word_1_427' title='bbox 2844 1970 3096 2037; x_wconf 70' lang='grc' dir='ltr'><strong>ἐπιστὰς,</strong></span> <span class='ocrx_word' id='word_1_428' title='bbox 3118 1967 3684 2038; x_wconf 78' lang='grc' dir='ltr'><strong>καταπολεμηθέντων</strong></span> 
     </span>
    </p>
   </div>
   <div class='ocr_carea' id='block_1_64' title="bbox 2091 2059 3689 2137">
    <p class='ocr_par' dir='ltr' id='par_1_64' title="bbox 2091 2059 3689 2137">
     <span class='ocr_line' id='line_1_64' title="bbox 2091 2059 3689 2137; baseline -0.004 -18"><span class='ocrx_word' id='word_1_429' title='bbox 2091 2065 2199 2120; x_wconf 83' lang='grc' dir='ltr'><strong>τῶν</strong></span> <span class='ocrx_word' id='word_1_430' title='bbox 2227 2063 2489 2137; x_wconf 79' lang='grc' dir='ltr'><strong>Τούρκων</strong></span> <span class='ocrx_word' id='word_1_431' title='bbox 2512 2064 2617 2118; x_wconf 81' lang='grc' dir='ltr'><strong>ὑπὸ</strong></span> <span class='ocrx_word' id='word_1_432' title='bbox 2658 2064 2767 2119; x_wconf 83' lang='grc' dir='ltr'><strong>τῶν</strong></span> <span class='ocrx_word' id='word_1_433' title='bbox 2802 2062 3058 2135; x_wconf 78' lang='grc' dir='ltr'><strong>Περσῶν,</strong></span> <span class='ocrx_word' id='word_1_434' title='bbox 3088 2063 3342 2117; x_wconf 85' lang='grc' dir='ltr'><strong>τοσοῦτον</strong></span> <span class='ocrx_word' id='word_1_435' title='bbox 3384 2059 3689 2131; x_wconf 81' lang='grc' dir='ltr'><strong>Ὀρμίσδας</strong></span> 
     </span>
    </p>
   </div>
   <div class='ocr_carea' id='block_1_65' title="bbox 2092 2154 3687 2229">
    <p class='ocr_par' dir='ltr' id='par_1_65' title="bbox 2092 2154 3687 2229">
     <span class='ocr_line' id='line_1_65' title="bbox 2092 2154 3687 2229; baseline -0.003 -18"><span class='ocrx_word' id='word_1_436' title='bbox 2092 2156 2328 2229; x_wconf 77' lang='grc' dir='ltr'><strong>ηὐξήθη,</strong></span> <span class='ocrx_word' id='word_1_437' title='bbox 2350 2157 2426 2221; x_wconf 84' lang='grc' dir='ltr'><strong>ὡς</strong></span> <span class='ocrx_word' id='word_1_438' title='bbox 2450 2157 2545 2212; x_wconf 71' lang='grc' dir='ltr'><strong>καὶ</strong></span> <span class='ocrx_word' id='word_1_439' title='bbox 2573 2156 2773 2229; x_wconf 69' lang='grc' dir='ltr'><strong>φόρους</strong></span> <span class='ocrx_word' id='word_1_440' title='bbox 2800 2155 2853 2228; x_wconf 83' lang='grc' dir='ltr'><strong>μ’</strong></span> <span class='ocrx_word' id='word_1_441' title='bbox 2881 2157 3130 2229; x_wconf 78' lang='grc' dir='ltr'><strong>χιλιάδας</strong></span> <span class='ocrx_word' id='word_1_442' title='bbox 3159 2154 3365 2226; x_wconf 78' lang='grc' dir='ltr'><strong>χρυσοῦ</strong></span> <span class='ocrx_word' id='word_1_443' title='bbox 3401 2155 3554 2226; x_wconf 72' lang='grc' dir='ltr'><strong>παρὰ</strong></span> <span class='ocrx_word' id='word_1_444' title='bbox 3576 2154 3687 2207; x_wconf 82' lang='grc' dir='ltr'><strong>τῶν</strong></span> 
     </span>
    </p>
   </div>
   <div class='ocr_carea' id='block_1_66' title="bbox 2094 2245 3686 2322">
    <p class='ocr_par' dir='ltr' id='par_1_66' title="bbox 2094 2245 3686 2322">
     <span class='ocr_line' id='line_1_66' title="bbox 2094 2245 3686 2322; baseline -0.003 -18"><span class='ocrx_word' id='word_1_445' title='bbox 2094 2250 2355 2322; x_wconf 81' lang='grc' dir='ltr'><strong>Τούρκων</strong></span> <span class='ocrx_word' id='word_1_446' title='bbox 2386 2249 2596 2316; x_wconf 80' lang='grc' dir='ltr'><strong>λαϐεῖν,</strong></span> <span class='ocrx_word' id='word_1_447' title='bbox 2629 2249 2900 2322; x_wconf 83' lang='grc' dir='ltr'><strong>πρότερον</strong></span> <span class='ocrx_word' id='word_1_448' title='bbox 2923 2250 3117 2304; x_wconf 81' lang='grc' dir='ltr'><strong>τούτου</strong></span> <span class='ocrx_word' id='word_1_449' title='bbox 3150 2249 3219 2302; x_wconf 81' lang='grc' dir='ltr'><strong>τὰ</strong></span> <span class='ocrx_word' id='word_1_450' title='bbox 3250 2248 3345 2301; x_wconf 79' lang='grc' dir='ltr'><strong>ἶσα</strong></span> <span class='ocrx_word' id='word_1_451' title='bbox 3364 2253 3475 2312; x_wconf 74' lang='grc' dir='ltr'><strong>τοῖς</strong></span> <span class='ocrx_word' id='word_1_452' title='bbox 3501 2245 3686 2318; x_wconf 69' lang='grc' dir='ltr'><strong>Τουρ-</strong></span> 
     </span>
    </p>
   </div>
   <div class='ocr_carea' id='block_1_67' title="bbox 2094 2341 3687 2415">
    <p class='ocr_par' dir='ltr' id='par_1_67' title="bbox 2094 2341 3687 2415">
     <span class='ocr_line' id='line_1_67' title="bbox 2094 2341 3687 2415; baseline -0.002 -19"><span class='ocrx_word' id='word_1_453' title='bbox 2094 2360 2215 2406; x_wconf 88' lang='grc' dir='ltr'><strong>κοις</strong></span> <span class='ocrx_word' id='word_1_454' title='bbox 2252 2342 2557 2406; x_wconf 64' lang='grc' dir='ltr'><strong>τελοῦντος.</strong></span> <span class='ocrx_word' id='word_1_455' title='bbox 2594 2341 2702 2397; x_wconf 84' lang='grc' dir='ltr'><strong>Τοῦ</strong></span> <span class='ocrx_word' id='word_1_456' title='bbox 2754 2343 2811 2397; x_wconf 82' lang='grc' dir='ltr'><strong>δὲ</strong></span> <span class='ocrx_word' id='word_1_457' title='bbox 2853 2342 3054 2415; x_wconf 83' lang='grc' dir='ltr'><strong>Βαρὰμ</strong></span> <span class='ocrx_word' id='word_1_458' title='bbox 3084 2342 3369 2413; x_wconf 80' lang='grc' dir='ltr'><strong>περιδόξου</strong></span> <span class='ocrx_word' id='word_1_459' title='bbox 3406 2343 3549 2396; x_wconf 73' lang='grc' dir='ltr'><strong>κατὰ</strong></span> <span class='ocrx_word' id='word_1_460' title='bbox 3588 2342 3687 2395; x_wconf 83' lang='grc' dir='ltr'><strong>τὸν</strong></span> 
     </span>
    </p>
   </div>
   <div class='ocr_carea' id='block_1_68' title="bbox 2095 2433 3683 2507">
    <p class='ocr_par' dir='ltr' id='par_1_68' title="bbox 2095 2433 3683 2507">
     <span class='ocr_line' id='line_1_68' title="bbox 2095 2433 3683 2507; baseline -0.006 -15"><span class='ocrx_word' id='word_1_461' title='bbox 2095 2435 2335 2507; x_wconf 80' lang='grc' dir='ltr'><strong>πόλεμον</strong></span> <span class='ocrx_word' id='word_1_462' title='bbox 2383 2435 2574 2489; x_wconf 85' lang='grc' dir='ltr'><strong>τοῦτον</strong></span> <span class='ocrx_word' id='word_1_463' title='bbox 2627 2435 2935 2505; x_wconf 81' lang='grc' dir='ltr'><strong>γεγονότος,</strong></span> <span class='ocrx_word' id='word_1_464' title='bbox 2966 2434 3064 2488; x_wconf 75' lang='grc' dir='ltr'><strong>καὶ</strong></span> <span class='ocrx_word' id='word_1_465' title='bbox 3108 2435 3188 2496; x_wconf 87' lang='grc' dir='ltr'><strong>είς</strong></span> <span class='ocrx_word' id='word_1_466' title='bbox 3240 2434 3329 2487; x_wconf 73' lang='grc' dir='ltr'><strong>τὸν</strong></span> <span class='ocrx_word' id='word_1_467' title='bbox 3368 2433 3605 2503; x_wconf 71' lang='grc' dir='ltr'><strong>Ἀράξην</strong></span> <span class='ocrx_word' id='word_1_468' title='bbox 3637 2433 3683 2464; x_wconf 77' lang='grc'><strong><em>⁸⁸</em></strong></span> 
     </span>
    </p>
   </div>
   <div class='ocr_carea' id='block_1_69' title="bbox 2095 2521 3678 2598">
    <p class='ocr_par' dir='ltr' id='par_1_69' title="bbox 2095 2521 3678 2598">
     <span class='ocr_line' id='line_1_69' title="bbox 2095 2521 3678 2598; baseline -0.004 -17"><span class='ocrx_word' id='word_1_469' title='bbox 2095 2527 2345 2598; x_wconf 78' lang='grc' dir='ltr'><strong>ποταμὸν</strong></span> <span class='ocrx_word' id='word_1_470' title='bbox 2376 2526 2970 2597; x_wconf 78' lang='grc' dir='ltr'><strong>στρατοπεδευομένου,</strong></span> <span class='ocrx_word' id='word_1_471' title='bbox 3000 2524 3345 2596; x_wconf 77' lang='grc' dir='ltr'><strong>δΜαυρίκιος</strong></span> <span class='ocrx_word' id='word_1_472' title='bbox 3368 2521 3527 2576; x_wconf 87' lang='grc' dir='ltr'><strong>τοῦτο</strong></span> <span class='ocrx_word' id='word_1_473' title='bbox 3563 2540 3678 2591; x_wconf 91' lang='grc' dir='ltr'><strong>μα-</strong></span> 
     </span>
    </p>
   </div>
   <div class='ocr_carea' id='block_1_70' title="bbox 2095 2611 3683 2688">
    <p class='ocr_par' dir='ltr' id='par_1_70' title="bbox 2095 2611 3683 2688">
     <span class='ocr_line' id='line_1_70' title="bbox 2095 2611 3683 2688; baseline -0.004 -17"><span class='ocrx_word' id='word_1_474' title='bbox 2095 2617 2206 2671; x_wconf 85' lang='grc' dir='ltr'><strong>θὼν</strong></span> <span class='ocrx_word' id='word_1_475' title='bbox 2240 2617 2522 2688; x_wconf 70' lang='grc' dir='ltr'><strong>Ῥωμανὸν</strong></span> <span class='ocrx_word' id='word_1_476' title='bbox 2552 2618 2854 2688; x_wconf 84' lang='grc' dir='ltr'><strong>χειροτονεῖ</strong></span> <span class='ocrx_word' id='word_1_477' title='bbox 2884 2616 3213 2687; x_wconf 77' lang='grc' dir='ltr'><strong>στρατηγὸν,</strong></span> <span class='ocrx_word' id='word_1_478' title='bbox 3239 2614 3333 2668; x_wconf 74' lang='grc' dir='ltr'><strong>καὶ</strong></span> <span class='ocrx_word' id='word_1_479' title='bbox 3362 2614 3418 2667; x_wconf 81' lang='grc' dir='ltr'><strong>ὲν</strong></span> <span class='ocrx_word' id='word_1_480' title='bbox 3441 2611 3683 2686; x_wconf 66' lang='grc' dir='ltr'><strong>Σουανία</strong></span> 
     </span>
    </p>
   </div>
   <div class='ocr_carea' id='block_1_71' title="bbox 2097 2704 3687 2782">
    <p class='ocr_par' dir='ltr' id='par_1_71' title="bbox 2097 2704 3687 2782">
     <span class='ocr_line' id='line_1_71' title="bbox 2097 2704 3687 2782; baseline -0.004 -19"><span class='ocrx_word' id='word_1_481' title='bbox 2097 2709 2238 2782; x_wconf 78' lang='grc' dir='ltr'><strong>μετὰ</strong></span> <span class='ocrx_word' id='word_1_482' title='bbox 2268 2708 2553 2780; x_wconf 83' lang='grc' dir='ltr'><strong>δυνάμεως</strong></span> <span class='ocrx_word' id='word_1_483' title='bbox 2590 2708 2825 2777; x_wconf 79' lang='grc' dir='ltr'><strong>πέμπει.</strong></span> <span class='ocrx_word' id='word_1_484' title='bbox 2856 2706 3202 2761; x_wconf 85' lang='grc' dir='ltr'><strong>Καταλαϐὼν</strong></span> <span class='ocrx_word' id='word_1_485' title='bbox 3243 2707 3301 2760; x_wconf 83' lang='grc' dir='ltr'><strong>δὲ</strong></span> <span class='ocrx_word' id='word_1_486' title='bbox 3342 2707 3370 2760; x_wconf 89' lang='grc' dir='ltr'>ὁ</span> <span class='ocrx_word' id='word_1_487' title='bbox 3400 2704 3687 2776; x_wconf 74' lang='grc' dir='ltr'><strong>Ῥωμανδς</strong></span> 
     </span>
    </p>
   </div>
   <div class='ocr_carea' id='block_1_72' title="bbox 2094 2798 3687 2872">
    <p class='ocr_par' dir='ltr' id='par_1_72' title="bbox 2094 2798 3687 2872">
     <span class='ocr_line' id='line_1_72' title="bbox 2094 2798 3687 2872; baseline -0.004 -16"><span class='ocrx_word' id='word_1_488' title='bbox 2094 2803 2192 2871; x_wconf 81' lang='grc' dir='ltr'><strong>τὴν</strong></span> <span class='ocrx_word' id='word_1_489' title='bbox 2224 2799 2492 2872; x_wconf 74' lang='grc' dir='ltr'><strong>Λαζικὴν,</strong></span> <span class='ocrx_word' id='word_1_490' title='bbox 2521 2802 2616 2855; x_wconf 77' lang='grc' dir='ltr'><strong>καὶ</strong></span> <span class='ocrx_word' id='word_1_491' title='bbox 2646 2802 2728 2866; x_wconf 86' lang='grc' dir='ltr'><strong>είς</strong></span> <span class='ocrx_word' id='word_1_492' title='bbox 2758 2800 2849 2855; x_wconf 83' lang='grc' dir='ltr'><strong>τὸν</strong></span> <span class='ocrx_word' id='word_1_493' title='bbox 2874 2800 3079 2854; x_wconf 81' lang='grc' dir='ltr'><strong>Φάσιδα</strong></span> <span class='ocrx_word' id='word_1_494' title='bbox 3111 2798 3409 2870; x_wconf 85' lang='grc' dir='ltr'><strong>λεγόμενον</strong></span> <span class='ocrx_word' id='word_1_495' title='bbox 3438 2798 3480 2829; x_wconf 76' lang='grc'>⁸⁸</span> <span class='ocrx_word' id='word_1_496' title='bbox 3509 2814 3687 2851; x_wconf 84' lang='grc' dir='ltr'><strong>ποτα-</strong></span> 
     </span>
    </p>
   </div>
   <div class='ocr_carea' id='block_1_73' title="bbox 2098 2886 3688 2965">
    <p class='ocr_par' dir='ltr' id='par_1_73' title="bbox 2098 2886 3688 2965">
     <span class='ocr_line' id='line_1_73' title="bbox 2098 2886 3688 2965; baseline -0.003 -18"><span class='ocrx_word' id='word_1_497' title='bbox 2098 2893 2220 2965; x_wconf 84' lang='grc' dir='ltr'><strong>μδν,</strong></span> <span class='ocrx_word' id='word_1_498' title='bbox 2270 2892 2363 2946; x_wconf 74' lang='grc' dir='ltr'><strong>ἐπὶ</strong></span> <span class='ocrx_word' id='word_1_499' title='bbox 2404 2892 2503 2962; x_wconf 78' lang='grc' dir='ltr'><strong>τὴν</strong></span> <span class='ocrx_word' id='word_1_500' title='bbox 2533 2892 2827 2945; x_wconf 82' lang='grc' dir='ltr'><strong>Ἀλϐανίαν</strong></span> <span class='ocrx_word' id='word_1_501' title='bbox 2863 2892 2904 2923; x_wconf 82' lang='grc'><strong>¹²</strong></span> <span class='ocrx_word' id='word_1_502' title='bbox 2952 2890 3470 2962; x_wconf 77' lang='grc' dir='ltr'><strong>στρατοπεδεύεται.</strong></span> <span class='ocrx_word' id='word_1_503' title='bbox 3523 2889 3587 2945; x_wconf 78' lang='grc'><strong>’0</strong></span> <span class='ocrx_word' id='word_1_504' title='bbox 3627 2886 3688 2943; x_wconf 61' lang='grc' dir='ltr'><strong>δὲ</strong></span> 
     </span>
    </p>
   </div>
   <div class='ocr_carea' id='block_1_74' title="bbox 2096 2981 3689 3055">
    <p class='ocr_par' dir='ltr' id='par_1_74' title="bbox 2096 2981 3689 3055">
     <span class='ocr_line' id='line_1_74' title="bbox 2096 2981 3689 3055; baseline -0.004 -16"><span class='ocrx_word' id='word_1_505' title='bbox 2096 2984 2295 3055; x_wconf 70' lang='grc' dir='ltr'><strong>Βαρὰμ</strong></span> <span class='ocrx_word' id='word_1_506' title='bbox 2342 2983 2434 3039; x_wconf 79' lang='grc' dir='ltr'><strong>τὸν</strong></span> <span class='ocrx_word' id='word_1_507' title='bbox 2479 2982 2590 3037; x_wconf 86' lang='grc' dir='ltr'><strong>τῶν</strong></span> <span class='ocrx_word' id='word_1_508' title='bbox 2648 2981 2940 3053; x_wconf 83' lang='grc' dir='ltr'><strong>Ῥωμαίων</strong></span> <span class='ocrx_word' id='word_1_509' title='bbox 2990 2981 3219 3053; x_wconf 80' lang='grc' dir='ltr'><strong>στρατὸν</strong></span> <span class='ocrx_word' id='word_1_510' title='bbox 3267 2981 3689 3052; x_wconf 71' lang='grc' dir='ltr'><strong>ιπιδημήσαντα</strong></span> 
     </span>
    </p>
   </div>
   <div class='ocr_carea' id='block_1_75' title="bbox 2095 3070 3690 3145">
    <p class='ocr_par' dir='ltr' id='par_1_75' title="bbox 2095 3070 3690 3145">
     <span class='ocr_line' id='line_1_75' title="bbox 2095 3070 3690 3145; baseline -0.004 -15"><span class='ocrx_word' id='word_1_511' title='bbox 2095 3074 2390 3145; x_wconf 73' lang='grc' dir='ltr'><strong>ἀκηκοὼς,</strong></span> <span class='ocrx_word' id='word_1_512' title='bbox 2439 3073 2658 3143; x_wconf 78' lang='grc' dir='ltr'><strong>διεγέλα</strong></span> <span class='ocrx_word' id='word_1_513' title='bbox 2715 3073 2776 3127; x_wconf 79' lang='grc' dir='ltr'><strong>τὸ</strong></span> <span class='ocrx_word' id='word_1_514' title='bbox 2827 3074 3099 3145; x_wconf 78' lang='grc' dir='ltr'><strong>πρᾶγμαο</strong></span> <span class='ocrx_word' id='word_1_515' title='bbox 3154 3070 3424 3145; x_wconf 80' lang='grc' dir='ltr'><strong>ἐπεθύμει</strong></span> <span class='ocrx_word' id='word_1_516' title='bbox 3473 3071 3532 3125; x_wconf 78' lang='grc' dir='ltr'><strong>δὲ</strong></span> <span class='ocrx_word' id='word_1_517' title='bbox 3593 3070 3690 3124; x_wconf 75' lang='grc' dir='ltr'><strong>καὶ</strong></span> 
     </span>
    </p>
   </div>
   <div class='ocr_carea' id='block_1_76' title="bbox 2115 3157 3690 3238">
    <p class='ocr_par' dir='ltr' id='par_1_76' title="bbox 2115 3157 3690 3238">
     <span class='ocr_line' id='line_1_76' title="bbox 2115 3157 3690 3238; baseline -0.003 -17"><span class='ocrx_word' id='word_1_518' title='bbox 2115 3167 2432 3238; x_wconf 82' lang='grc' dir='ltr'><strong>Ῥωμαῖκῆς</strong></span> <span class='ocrx_word' id='word_1_519' title='bbox 2472 3164 2834 3237; x_wconf 79' lang='grc' dir='ltr'><strong>παρατάξεως</strong></span> <span class='ocrx_word' id='word_1_520' title='bbox 2868 3166 3066 3237; x_wconf 83' lang='grc' dir='ltr'><strong>πεῖραν</strong></span> <span class='ocrx_word' id='word_1_521' title='bbox 3104 3161 3323 3218; x_wconf 87' lang='grc' dir='ltr'><strong>λαϐεῖν·</strong></span> <span class='ocrx_word' id='word_1_522' title='bbox 3369 3163 3431 3218; x_wconf 77' lang='grc' dir='ltr'><strong>οὐ</strong></span> <span class='ocrx_word' id='word_1_523' title='bbox 3466 3163 3577 3236; x_wconf 78' lang='grc' dir='ltr'><strong>γὰρ</strong></span> <span class='ocrx_word' id='word_1_524' title='bbox 3618 3157 3690 3233; x_wconf 71' lang='grc' dir='ltr'><strong>ἦν</strong></span> 
     </span>
    </p>
   </div>
   <div class='ocr_carea' id='block_1_77' title="bbox 2101 3260 3694 3334">
    <p class='ocr_par' dir='ltr' id='par_1_77' title="bbox 2101 3260 3694 3334">
     <span class='ocr_line' id='line_1_77' title="bbox 2101 3260 3694 3334; baseline -0.003 -16"><span class='ocrx_word' id='word_1_525' title='bbox 2101 3280 2233 3318; x_wconf 76' lang='grc' dir='ltr'><strong>ποτε</strong></span> <span class='ocrx_word' id='word_1_526' title='bbox 2268 3262 2573 3333; x_wconf 74' lang='grc' dir='ltr'><strong>Ῥωμαίους</strong></span> <span class='ocrx_word' id='word_1_527' title='bbox 2611 3262 2952 3334; x_wconf 84' lang='grc' dir='ltr'><strong>πολεμήσας.</strong></span> <span class='ocrx_word' id='word_1_528' title='bbox 2998 3260 3205 3325; x_wconf 69' lang='grc' dir='ltr'><strong>Διαϐὰς</strong></span> <span class='ocrx_word' id='word_1_529' title='bbox 3247 3261 3428 3317; x_wconf 82' lang='grc' dir='ltr'><strong>τοίνυν</strong></span> <span class='ocrx_word' id='word_1_530' title='bbox 3459 3261 3550 3315; x_wconf 63' lang='grc' dir='ltr'><strong>τὸν</strong></span> <span class='ocrx_word' id='word_1_531' title='bbox 3576 3261 3694 3330; x_wconf 85' lang='grc' dir='ltr'><strong>γεί-</strong></span> 
     </span>
    </p>
   </div>
   <div class='ocr_carea' id='block_1_78' title="bbox 2100 3353 3695 3427">
    <p class='ocr_par' dir='ltr' id='par_1_78' title="bbox 2100 3353 3695 3427">
     <span class='ocr_line' id='line_1_78' title="bbox 2100 3353 3695 3427; baseline -0.003 -17"><span class='ocrx_word' id='word_1_532' title='bbox 2100 3372 2231 3410; x_wconf 84' lang='grc' dir='ltr'><strong>τονα</strong></span> <span class='ocrx_word' id='word_1_533' title='bbox 2266 3355 2534 3427; x_wconf 80' lang='grc' dir='ltr'><strong>ποταμὸν,</strong></span> <span class='ocrx_word' id='word_1_534' title='bbox 2565 3355 2641 3420; x_wconf 85' lang='grc' dir='ltr'><strong>ὡς</strong></span> <span class='ocrx_word' id='word_1_535' title='bbox 2689 3355 2786 3410; x_wconf 75' lang='grc' dir='ltr'><strong>ἐπὶ</strong></span> <span class='ocrx_word' id='word_1_536' title='bbox 2829 3353 2901 3409; x_wconf 74' lang='grc' dir='ltr'><strong>τὰ</strong></span> <span class='ocrx_word' id='word_1_537' title='bbox 2944 3354 3201 3426; x_wconf 73' lang='grc' dir='ltr'><strong>ὲνδότερα</strong></span> <span class='ocrx_word' id='word_1_538' title='bbox 3234 3354 3378 3425; x_wconf 84' lang='grc' dir='ltr'><strong>μέρη</strong></span> <span class='ocrx_word' id='word_1_539' title='bbox 3408 3354 3507 3420; x_wconf 84' lang='grc' dir='ltr'><strong>τῆς</strong></span> <span class='ocrx_word' id='word_1_540' title='bbox 3549 3354 3695 3426; x_wconf 84' lang='grc' dir='ltr'><strong>Περ-</strong></span> 
     </span>
    </p>
   </div>
   <div class='ocr_carea' id='block_1_79' title="bbox 2106 3445 3696 3519">
    <p class='ocr_par' dir='ltr' id='par_1_79' title="bbox 2106 3445 3696 3519">
     <span class='ocr_line' id='line_1_79' title="bbox 2106 3445 3696 3519; baseline -0.001 -17"><span class='ocrx_word' id='word_1_541' title='bbox 2106 3447 2248 3511; x_wconf 81' lang='grc' dir='ltr'><strong>σίδος</strong></span> <span class='ocrx_word' id='word_1_542' title='bbox 2272 3447 2397 3512; x_wconf 80' lang='grc' dir='ltr'><strong>τοὺς</strong></span> <span class='ocrx_word' id='word_1_543' title='bbox 2423 3447 2730 3519; x_wconf 84' lang='grc' dir='ltr'><strong>Ῥωμαίους</strong></span> <span class='ocrx_word' id='word_1_544' title='bbox 2761 3446 3125 3517; x_wconf 72' lang='grc' dir='ltr'><strong>ἐφελκόμενος</strong></span> <span class='ocrx_word' id='word_1_545' title='bbox 3142 3446 3257 3518; x_wconf 69' lang='grc' dir='ltr'><strong>ᾔει·</strong></span> <span class='ocrx_word' id='word_1_546' title='bbox 3274 3448 3303 3501; x_wconf 80' lang='grc' dir='ltr'><strong>ὁ</strong></span> <span class='ocrx_word' id='word_1_547' title='bbox 3324 3445 3381 3500; x_wconf 81' lang='grc' dir='ltr'><strong>δὲ</strong></span> <span class='ocrx_word' id='word_1_548' title='bbox 3409 3446 3696 3518; x_wconf 74' lang='grc' dir='ltr'><strong>Ῥωμανὺς</strong></span> 
     </span>
    </p>
   </div>
   <div class='ocr_carea' id='block_1_80' title="bbox 2102 3537 3695 3611">
    <p class='ocr_par' dir='ltr' id='par_1_80' title="bbox 2102 3537 3695 3611">
     <span class='ocr_line' id='line_1_80' title="bbox 2102 3537 3695 3611; baseline -0.003 -17"><span class='ocrx_word' id='word_1_549' title='bbox 2102 3541 2203 3610; x_wconf 79' lang='grc' dir='ltr'><strong>τὴν</strong></span> <span class='ocrx_word' id='word_1_550' title='bbox 2244 3538 2560 3610; x_wconf 84' lang='grc' dir='ltr'><strong>Ῥωμαῖκὴν</strong></span> <span class='ocrx_word' id='word_1_551' title='bbox 2590 3539 2801 3609; x_wconf 78' lang='grc' dir='ltr'><strong>πληθὺν</strong></span> <span class='ocrx_word' id='word_1_552' title='bbox 2834 3538 3101 3611; x_wconf 72' lang='grc' dir='ltr'><strong>ἐχώρισεν</strong></span> <span class='ocrx_word' id='word_1_553' title='bbox 3135 3538 3199 3601; x_wconf 86' lang='grc'><strong>¹³,</strong></span> <span class='ocrx_word' id='word_1_554' title='bbox 3230 3538 3358 3602; x_wconf 74' lang='grc' dir='ltr'><strong>τοὺς</strong></span> <span class='ocrx_word' id='word_1_555' title='bbox 3394 3537 3695 3611; x_wconf 79' lang='grc' dir='ltr'><strong>ἀδοκίμους</strong></span> 
     </span>
    </p>
   </div>
   <div class='ocr_carea' id='block_1_81' title="bbox 2101 3629 3693 3701">
    <p class='ocr_par' dir='ltr' id='par_1_81' title="bbox 2101 3629 3693 3701">
     <span class='ocr_line' id='line_1_81' title="bbox 2101 3629 3693 3701; baseline -0.003 -14"><span class='ocrx_word' id='word_1_556' title='bbox 2101 3633 2185 3697; x_wconf 80' lang='grc' dir='ltr'><strong>εἰς</strong></span> <span class='ocrx_word' id='word_1_557' title='bbox 2236 3631 2299 3686; x_wconf 79' lang='grc' dir='ltr'><strong>τὸ</strong></span> <span class='ocrx_word' id='word_1_558' title='bbox 2330 3632 2552 3686; x_wconf 82' lang='grc' dir='ltr'><strong>τοῦλδον</strong></span> <span class='ocrx_word' id='word_1_559' title='bbox 2581 3630 2922 3697; x_wconf 84' lang='grc' dir='ltr'><strong>καταλιπὼν,</strong></span> <span class='ocrx_word' id='word_1_560' title='bbox 2950 3632 3050 3686; x_wconf 73' lang='grc' dir='ltr'><strong>καὶ</strong></span> <span class='ocrx_word' id='word_1_561' title='bbox 3105 3631 3240 3685; x_wconf 87' lang='grc' dir='ltr'><strong>δέκα</strong></span> <span class='ocrx_word' id='word_1_562' title='bbox 3286 3629 3537 3701; x_wconf 78' lang='grc' dir='ltr'><strong>χιλιάδας</strong></span> <span class='ocrx_word' id='word_1_563' title='bbox 3567 3632 3693 3684; x_wconf 74' lang='grc' dir='ltr'><strong>ἑπι-</strong></span> 
     </span>
    </p>
   </div>
   <div class='ocr_carea' id='block_1_82' title="bbox 2100 3721 3698 3796">
    <p class='ocr_par' dir='ltr' id='par_1_82' title="bbox 2100 3721 3698 3796">
     <span class='ocr_line' id='line_1_82' title="bbox 2100 3721 3698 3796; baseline -0.001 -18"><span class='ocrx_word' id='word_1_564' title='bbox 2100 3723 2325 3789; x_wconf 84' lang='grc' dir='ltr'><strong>λέκτους</strong></span> <span class='ocrx_word' id='word_1_565' title='bbox 2374 3723 2707 3795; x_wconf 85' lang='grc' dir='ltr'><strong>παραλαϐὼν</strong></span> <span class='ocrx_word' id='word_1_566' title='bbox 2736 3725 2783 3756; x_wconf 73' lang='lat'>“</span> <span class='ocrx_word' id='word_1_567' title='bbox 2836 3725 2979 3780; x_wconf 76' lang='grc' dir='ltr'><strong>κατὰ</strong></span> <span class='ocrx_word' id='word_1_568' title='bbox 3026 3722 3136 3778; x_wconf 79' lang='grc' dir='ltr'><strong>τῶν</strong></span> <span class='ocrx_word' id='word_1_569' title='bbox 3187 3723 3491 3796; x_wconf 78' lang='grc' dir='ltr'><strong>Βαρϐάρων</strong></span> <span class='ocrx_word' id='word_1_570' title='bbox 3552 3721 3698 3794; x_wconf 69' lang='grc' dir='ltr'><strong>ὲχώ-</strong></span> 
     </span>
    </p>
   </div>
   <div class='ocr_carea' id='block_1_83' title="bbox 2100 3815 3698 3891">
    <p class='ocr_par' dir='ltr' id='par_1_83' title="bbox 2100 3815 3698 3891">
     <span class='ocr_line' id='line_1_83' title="bbox 2100 3815 3698 3891; baseline -0.001 -20"><span class='ocrx_word' id='word_1_571' title='bbox 2100 3832 2215 3891; x_wconf 87' lang='grc' dir='ltr'><strong>ρει·</strong></span> <span class='ocrx_word' id='word_1_572' title='bbox 2252 3815 2347 3870; x_wconf 81' lang='grc' dir='ltr'><strong>δύο</strong></span> <span class='ocrx_word' id='word_1_573' title='bbox 2396 3815 2452 3872; x_wconf 77' lang='grc' dir='ltr'><strong>δὲ</strong></span> <span class='ocrx_word' id='word_1_574' title='bbox 2497 3815 2745 3888; x_wconf 82' lang='grc' dir='ltr'><strong>χιλιάδας</strong></span> <span class='ocrx_word' id='word_1_575' title='bbox 2789 3815 3119 3887; x_wconf 75' lang='grc' dir='ltr'><strong>προτρέχειν</strong></span> <span class='ocrx_word' id='word_1_576' title='bbox 3167 3815 3262 3871; x_wconf 87' lang='grc' dir='ltr'><strong>τοῦ</strong></span> <span class='ocrx_word' id='word_1_577' title='bbox 3316 3816 3551 3890; x_wconf 87' lang='grc' dir='ltr'><strong>στρατοῦ</strong></span> <span class='ocrx_word' id='word_1_578' title='bbox 3579 3833 3698 3870; x_wconf 82' lang='grc' dir='ltr'><strong>πα-</strong></span> 
     </span>
    </p>
   </div>
   <div class='ocr_carea' id='block_1_84' title="bbox 2100 3900 3699 3983">
    <p class='ocr_par' dir='ltr' id='par_1_84' title="bbox 2100 3900 3699 3983">
     <span class='ocr_line' id='line_1_84' title="bbox 2100 3900 3699 3983; baseline 0 -18"><span class='ocrx_word' id='word_1_579' title='bbox 2100 3900 2487 3983; x_wconf 79' lang='grc' dir='ltr'><strong>ρακελεύεται·</strong></span> <span class='ocrx_word' id='word_1_580' title='bbox 2570 3909 2768 3973; x_wconf 81' lang='grc' dir='ltr'><strong>οἵτινες</strong></span> <span class='ocrx_word' id='word_1_581' title='bbox 2837 3910 3272 3978; x_wconf 74' lang='grc' dir='ltr'><strong>συναντήσαντες</strong></span> <span class='ocrx_word' id='word_1_582' title='bbox 3344 3910 3475 3974; x_wconf 76' lang='grc' dir='ltr'><strong>τοὺς</strong></span> <span class='ocrx_word' id='word_1_583' title='bbox 3555 3927 3699 3982; x_wconf 83' lang='grc' dir='ltr'><strong>προ-</strong></span> 
     </span>
    </p>
   </div>
   <div class='ocr_carea' id='block_1_85' title="bbox 2097 4000 3695 4077">
    <p class='ocr_par' dir='ltr' id='par_1_85' title="bbox 2097 4000 3695 4077">
     <span class='ocr_line' id='line_1_85' title="bbox 2097 4000 3695 4077; baseline 0.002 -21"><span class='ocrx_word' id='word_1_584' title='bbox 2097 4002 2394 4077; x_wconf 74' lang='grc' dir='ltr'><strong>τρέχοντας</strong></span> <span class='ocrx_word' id='word_1_585' title='bbox 2423 4000 2533 4055; x_wconf 84' lang='grc' dir='ltr'><strong>τῶν</strong></span> <span class='ocrx_word' id='word_1_586' title='bbox 2559 4000 2808 4072; x_wconf 79' lang='grc' dir='ltr'><strong>Περσῶν,</strong></span> <span class='ocrx_word' id='word_1_587' title='bbox 2837 4001 3075 4077; x_wconf 76' lang='grc' dir='ltr'><strong>τούτους</strong></span> <span class='ocrx_word' id='word_1_588' title='bbox 3109 4003 3394 4074; x_wconf 81' lang='grc' dir='ltr'><strong>τρέπουσι,</strong></span> <span class='ocrx_word' id='word_1_589' title='bbox 3430 4002 3530 4058; x_wconf 73' lang='grc' dir='ltr'><strong>καὶ</strong></span> <span class='ocrx_word' id='word_1_590' title='bbox 3550 4004 3695 4059; x_wconf 81' lang='grc' dir='ltr'><strong>πάν-</strong></span> 
     </span>
    </p>
   </div>
   <div class='ocr_carea' id='block_1_86' title="bbox 2099 4092 3698 4175">
    <p class='ocr_par' dir='ltr' id='par_1_86' title="bbox 2099 4092 3698 4175">
     <span class='ocr_line' id='line_1_86' title="bbox 2099 4092 3698 4175; baseline 0.002 -27"><span class='ocrx_word' id='word_1_591' title='bbox 2099 4112 2199 4159; x_wconf 88' lang='grc' dir='ltr'><strong>τας</strong></span> <span class='ocrx_word' id='word_1_592' title='bbox 2254 4094 2563 4165; x_wconf 82' lang='grc' dir='ltr'><strong>ἀνήλωσαν.</strong></span> <span class='ocrx_word' id='word_1_593' title='bbox 2626 4093 2738 4164; x_wconf 85' lang='grc' dir='ltr'><strong>Τῆς</strong></span> <span class='ocrx_word' id='word_1_594' title='bbox 2792 4092 2902 4167; x_wconf 74' lang='grc' dir='ltr'><strong>γὰρ</strong></span> <span class='ocrx_word' id='word_1_595' title='bbox 2967 4095 3153 4167; x_wconf 76' lang='grc' dir='ltr'><strong>φυγῆς</strong></span> <span class='ocrx_word' id='word_1_596' title='bbox 3206 4096 3538 4175; x_wconf 79' lang='grc' dir='ltr'><strong>γεναμένης,</strong></span> <span class='ocrx_word' id='word_1_597' title='bbox 3596 4096 3698 4151; x_wconf 77' lang='grc' dir='ltr'><strong>καὶ</strong></span> 
     </span>
    </p>
   </div>
   <div class='ocr_carea' id='block_1_87' title="bbox 2105 4182 3698 4267">
    <p class='ocr_par' dir='ltr' id='par_1_87' title="bbox 2105 4182 3698 4255">
     <span class='ocr_line' id='line_1_87' title="bbox 2105 4182 3698 4255; baseline 0.003 -17"><span class='ocrx_word' id='word_1_598' title='bbox 2105 4182 2355 4255; x_wconf 80' lang='grc' dir='ltr'><strong>κρημνοῦ</strong></span> <span class='ocrx_word' id='word_1_599' title='bbox 2383 4183 2815 4255; x_wconf 74' lang='grc' dir='ltr'><strong>συναντήσαντος</strong></span> <span class='ocrx_word' id='word_1_600' title='bbox 2840 4186 3045 4251; x_wconf 84' lang='grc' dir='ltr'><strong>αὐτοῖς,</strong></span> <span class='ocrx_word' id='word_1_601' title='bbox 3072 4187 3529 4249; x_wconf 76' lang='grc' dir='ltr'><strong>ἀποκλεισθέντες</strong></span> <span class='ocrx_word' id='word_1_602' title='bbox 3552 4188 3698 4242; x_wconf 79' lang='grc' dir='ltr'><strong>παν-</strong></span> 
     </span>
    </p>
   </div>
   <div class='ocr_carea' id='block_1_88' title="bbox 414 4266 1995 4375">
    <p class='ocr_par' dir='ltr' id='par_1_88' title="bbox 414 4266 1994 4335">
     <span class='ocr_line' id='line_1_88' title="bbox 414 4266 1994 4335; baseline -0.006 -1"><span class='ocrx_word' id='word_1_603' title='bbox 414 4276 725 4334; x_wconf 78' lang='lat' dir='ltr'><strong>manusliis</strong></span> <span class='ocrx_word' id='word_1_604' title='bbox 760 4273 975 4331; x_wconf 90' lang='lat' dir='ltr'><strong>nuntiis</strong></span> <span class='ocrx_word' id='word_1_605' title='bbox 1037 4271 1272 4327; x_wconf 92' lang='lat' dir='ltr'><strong>militum</strong></span> <span class='ocrx_word' id='word_1_606' title='bbox 1333 4271 1547 4327; x_wconf 88' lang='lat' dir='ltr'><strong>animos</strong></span> <span class='ocrx_word' id='word_1_607' title='bbox 1597 4270 1822 4335; x_wconf 84' lang='lat' dir='ltr'><strong>excitat,</strong></span> <span class='ocrx_word' id='word_1_608' title='bbox 1857 4266 1994 4327; x_wconf 89' lang='lat' dir='ltr'><strong>etin</strong></span> 
     </span>
    </p>
   </div>
   <div class='ocr_carea' id='block_1_89' title="bbox 2094 4266 3697 4375">
    <p class='ocr_par' dir='ltr' id='par_1_89' title="bbox 2104 4273 3697 4375">
     <span class='ocr_line' id='line_1_89' title="bbox 2104 4273 3697 4375; baseline 0.004 -48"><span class='ocrx_word' id='word_1_609' title='bbox 2104 4291 2193 4337; x_wconf 84' lang='grc' dir='ltr'><strong>τες</strong></span> <span class='ocrx_word' id='word_1_610' title='bbox 2224 4273 2568 4375; x_wconf 59' lang='grc' dir='ltr'><strong>ἀνῃρέθησαν</strong></span> <span class='ocrx_word' id='word_1_611' title='bbox 2606 4275 2670 4331; x_wconf 84' lang='grc'><strong>¹⁸.</strong></span> <span class='ocrx_word' id='word_1_612' title='bbox 2707 4277 2769 4329; x_wconf 86' lang='grc' dir='ltr'><strong>Οί</strong></span> <span class='ocrx_word' id='word_1_613' title='bbox 2797 4276 2856 4331; x_wconf 75' lang='grc' dir='ltr'><strong>δὲ</strong></span> <span class='ocrx_word' id='word_1_614' title='bbox 2896 4277 3161 4350; x_wconf 76' lang='grc' dir='ltr'><strong>Ῥωμαῖοι</strong></span> <span class='ocrx_word' id='word_1_615' title='bbox 3186 4279 3355 4351; x_wconf 76' lang='grc' dir='ltr'><strong>’μέχρι</strong></span> <span class='ocrx_word' id='word_1_616' title='bbox 3376 4277 3472 4333; x_wconf 88' lang='grc' dir='ltr'><strong>τοῦ</strong></span> <span class='ocrx_word' id='word_1_617' title='bbox 3510 4279 3697 4351; x_wconf 70' lang='grc' dir='ltr'><strong>χάρα-</strong></span> 
     </span>
    </p>
   </div>
   <div class='ocr_carea' id='block_1_90' title="bbox 414 4360 1995 4442">
    <p class='ocr_par' dir='ltr' id='par_1_90' title="bbox 414 4360 1995 4442">
     <span class='ocr_line' id='line_1_90' title="bbox 414 4360 1995 4442; baseline -0.006 -12"><span class='ocrx_word' id='word_1_618' title='bbox 414 4373 665 4429; x_wconf 68' lang='grc' dir='ltr'><strong>Λιιιοηίιε</strong></span> <span class='ocrx_word' id='word_1_619' title='bbox 686 4370 897 4442; x_wconf 86' lang='lat' dir='ltr'><strong>campis</strong></span> <span class='ocrx_word' id='word_1_620' title='bbox 930 4375 1113 4424; x_wconf 89' lang='lat' dir='ltr'><strong>castra</strong></span> <span class='ocrx_word' id='word_1_621' title='bbox 1148 4373 1405 4421; x_wconf 89' lang='lat' dir='ltr'><strong>metatur.</strong></span> <span class='ocrx_word' id='word_1_622' title='bbox 1432 4360 1624 4419; x_wconf 88' lang='lat' dir='ltr'><strong>Baram</strong></span> <span class='ocrx_word' id='word_1_623' title='bbox 1647 4363 1791 4420; x_wconf 89' lang='lat' dir='ltr'><strong>dolis</strong></span> <span class='ocrx_word' id='word_1_624' title='bbox 1812 4364 1995 4435; x_wconf 89' lang='lat' dir='ltr'><strong>potius</strong></span> 
     </span>
    </p>
   </div>
   <div class='ocr_carea' id='block_1_91' title="bbox 2094 4360 3696 4442">
    <p class='ocr_par' dir='ltr' id='par_1_91' title="bbox 2105 4366 3696 4439">
     <span class='ocr_line' id='line_1_91' title="bbox 2105 4366 3696 4439; baseline 0.002 -20"><span class='ocrx_word' id='word_1_625' title='bbox 2105 4382 2200 4426; x_wconf 86' lang='grc' dir='ltr'><strong>κος</strong></span> <span class='ocrx_word' id='word_1_626' title='bbox 2232 4366 2342 4419; x_wconf 87' lang='grc' dir='ltr'><strong>τῶν</strong></span> <span class='ocrx_word' id='word_1_627' title='bbox 2380 4366 2683 4438; x_wconf 79' lang='grc' dir='ltr'><strong>Βαρϐάρων</strong></span> <span class='ocrx_word' id='word_1_628' title='bbox 2718 4368 2991 4435; x_wconf 69' lang='grc' dir='ltr'><strong>ἐγένοντο,</strong></span> <span class='ocrx_word' id='word_1_629' title='bbox 3025 4367 3103 4431; x_wconf 84' lang='grc' dir='ltr'><strong>ὡς</strong></span> <span class='ocrx_word' id='word_1_630' title='bbox 3144 4368 3566 4439; x_wconf 80' lang='grc' dir='ltr'><strong>καταπλαγῆναι</strong></span> <span class='ocrx_word' id='word_1_631' title='bbox 3599 4368 3696 4422; x_wconf 77' lang='grc' dir='ltr'><strong>τὸν</strong></span> 
     </span>
    </p>
   </div>
   <div class='ocr_carea' id='block_1_92' title="bbox 410 4454 2049 4538">
    <p class='ocr_par' dir='ltr' id='par_1_92' title="bbox 410 4454 2049 4538">
     <span class='ocr_line' id='line_1_92' title="bbox 410 4454 2049 4538; baseline -0.006 -17"><span class='ocrx_word' id='word_1_632' title='bbox 410 4481 578 4538; x_wconf 83' lang='lat' dir='ltr'><strong>quam</strong></span> <span class='ocrx_word' id='word_1_633' title='bbox 620 4471 810 4535; x_wconf 88' lang='lat' dir='ltr'><strong>aperto</strong></span> <span class='ocrx_word' id='word_1_634' title='bbox 861 4459 1036 4516; x_wconf 82' lang='lat' dir='ltr'><strong>Marte</strong></span> <span class='ocrx_word' id='word_1_635' title='bbox 1063 4458 1349 4514; x_wconf 89' lang='lat' dir='ltr'><strong>victoriam</strong></span> <span class='ocrx_word' id='word_1_636' title='bbox 1403 4454 1667 4514; x_wconf 75' lang='lat' dir='ltr'><strong>suﬂ‘urari</strong></span> <span class='ocrx_word' id='word_1_637' title='bbox 1697 4456 1995 4512; x_wconf 72' lang='lat' dir='ltr'><strong>meditatus</strong></span> <span class='ocrx_word' id='word_1_638' title='bbox 2044 4498 2049 4501; x_wconf 58' lang='grc' dir='ltr'><strong><em>ι</em></strong></span> 
     </span>
    </p>
   </div>
   <div class='ocr_carea' id='block_1_93' title="bbox 414 4548 1993 4622">
    <p class='ocr_par' dir='ltr' id='par_1_93' title="bbox 414 4548 1993 4622">
     <span class='ocr_line' id='line_1_93' title="bbox 414 4548 1993 4622; baseline -0.006 -10"><span class='ocrx_word' id='word_1_639' title='bbox 414 4557 665 4619; x_wconf 76' lang='lat' dir='ltr'><strong>consiliis</strong></span> <span class='ocrx_word' id='word_1_640' title='bbox 719 4553 965 4615; x_wconf 78' lang='lat' dir='ltr'><strong>excidit:</strong></span> <span class='ocrx_word' id='word_1_641' title='bbox 997 4564 1217 4608; x_wconf 86' lang='lat' dir='ltr'><strong>summa</strong></span> <span class='ocrx_word' id='word_1_642' title='bbox 1251 4549 1452 4622; x_wconf 86' lang='lat' dir='ltr'><strong>quippe</strong></span> <span class='ocrx_word' id='word_1_643' title='bbox 1511 4548 1753 4605; x_wconf 84' lang='lat' dir='ltr'><strong>bellandi</strong></span> <span class='ocrx_word' id='word_1_644' title='bbox 1798 4548 1993 4620; x_wconf 77' lang='lat' dir='ltr'><strong>peritia</strong></span> 
     </span>
    </p>
   </div>
   <div class='ocr_carea' id='block_1_94' title="bbox 410 4641 1996 4707">
    <p class='ocr_par' dir='ltr' id='par_1_94' title="bbox 410 4641 1996 4707">
     <span class='ocr_line' id='line_1_94' title="bbox 410 4641 1996 4707; baseline -0.006 -2"><span class='ocrx_word' id='word_1_645' title='bbox 410 4649 718 4707; x_wconf 80' lang='lat' dir='ltr'><strong>excellebat</strong></span> <span class='ocrx_word' id='word_1_646' title='bbox 754 4646 1057 4704; x_wconf 71' lang='lat' dir='ltr'><strong>Romanus.</strong></span> <span class='ocrx_word' id='word_1_647' title='bbox 1090 4642 1376 4700; x_wconf 85' lang='lat' dir='ltr'><strong>Cousertis</strong></span> <span class='ocrx_word' id='word_1_648' title='bbox 1406 4641 1629 4701; x_wconf 85' lang='lat' dir='ltr'><strong>tandem</strong></span> <span class='ocrx_word' id='word_1_649' title='bbox 1681 4641 1749 4698; x_wconf 91' lang='lat' dir='ltr'><strong>ad</strong></span> <span class='ocrx_word' id='word_1_650' title='bbox 1779 4648 1996 4697; x_wconf 83' lang='lat' dir='ltr'><strong>utram-</strong></span> 
     </span>
    </p>
   </div>
   <div class='ocr_carea' id='block_1_95' title="bbox 415 4734 1996 4817">
    <p class='ocr_par' dir='ltr' id='par_1_95' title="bbox 415 4734 1996 4817">
     <span class='ocr_line' id='line_1_95' title="bbox 415 4734 1996 4817; baseline -0.006 -20"><span class='ocrx_word' id='word_1_651' title='bbox 415 4758 523 4813; x_wconf 79' lang='lat' dir='ltr'><strong>que</strong></span> <span class='ocrx_word' id='word_1_652' title='bbox 552 4751 760 4817; x_wconf 86' lang='lat' dir='ltr'><strong>partem</strong></span> <span class='ocrx_word' id='word_1_653' title='bbox 798 4742 1075 4807; x_wconf 84' lang='lat' dir='ltr'><strong>manibus,</strong></span> <span class='ocrx_word' id='word_1_654' title='bbox 1112 4737 1409 4808; x_wconf 80' lang='lat' dir='ltr'><strong>multisque</strong></span> <span class='ocrx_word' id='word_1_655' title='bbox 1443 4734 1812 4790; x_wconf 84' lang='lat' dir='ltr'><strong>Barbarorum</strong></span> <span class='ocrx_word' id='word_1_656' title='bbox 1845 4734 1996 4790; x_wconf 76' lang='lat' dir='ltr'><strong>occi-</strong></span> 
     </span>
    </p>
   </div>
   <div class='ocr_carea' id='block_1_96' title="bbox 2102 4457 3699 4532">
    <p class='ocr_par' dir='ltr' id='par_1_96' title="bbox 2102 4457 3699 4532">
     <span class='ocr_line' id='line_1_96' title="bbox 2102 4457 3699 4532; baseline 0.002 -23"><span class='ocrx_word' id='word_1_657' title='bbox 2102 4457 2432 4528; x_wconf 76' lang='grc' dir='ltr'><strong>Βαραμίπὶ</strong></span> <span class='ocrx_word' id='word_1_658' title='bbox 2459 4458 2660 4529; x_wconf 77' lang='grc' dir='ltr'><strong>τούτῳ.</strong></span> <span class='ocrx_word' id='word_1_659' title='bbox 2688 4459 2860 4514; x_wconf 87' lang='grc' dir='ltr'><strong>Τοῦτο</strong></span> <span class='ocrx_word' id='word_1_660' title='bbox 2886 4460 3143 4531; x_wconf 78' lang='grc' dir='ltr'><strong>ἀκηκοὼς</strong></span> <span class='ocrx_word' id='word_1_661' title='bbox 3182 4459 3466 4532; x_wconf 75' lang='grc' dir='ltr'><strong>Ῥωμανδς</strong></span> <span class='ocrx_word' id='word_1_662' title='bbox 3504 4476 3699 4530; x_wconf 85' lang='grc' dir='ltr'><strong>παρα-</strong></span> 
     </span>
    </p>
   </div>
   <div class='ocr_carea' id='block_1_97' title="bbox 2104 4550 3694 4625">
    <p class='ocr_par' dir='ltr' id='par_1_97' title="bbox 2104 4550 3694 4625">
     <span class='ocr_line' id='line_1_97' title="bbox 2104 4550 3694 4625; baseline -0.003 -19"><span class='ocrx_word' id='word_1_663' title='bbox 2104 4550 2363 4623; x_wconf 64' lang='grc' dir='ltr'><strong>θαρρύνας.</strong></span> <span class='ocrx_word' id='word_1_664' title='bbox 2406 4552 2470 4607; x_wconf 82' lang='grc' dir='ltr'><strong>τὸ</strong></span> <span class='ocrx_word' id='word_1_665' title='bbox 2522 4550 2911 4625; x_wconf 83' lang='grc' dir='ltr'><strong>στρατόπεδον,</strong></span> <span class='ocrx_word' id='word_1_666' title='bbox 2970 4553 3067 4607; x_wconf 73' lang='grc' dir='ltr'><strong>καὶ</strong></span> <span class='ocrx_word' id='word_1_667' title='bbox 3120 4551 3571 4624; x_wconf 80' lang='grc' dir='ltr'><strong>παρατάσσονται</strong></span> <span class='ocrx_word' id='word_1_668' title='bbox 3628 4552 3694 4602; x_wconf 74' lang='grc' dir='ltr'><strong>ὲν</strong></span> 
     </span>
    </p>
   </div>
   <div class='ocr_carea' id='block_1_98' title="bbox 2102 4642 3811 4716">
    <p class='ocr_par' dir='ltr' id='par_1_98' title="bbox 2102 4642 3811 4716">
     <span class='ocr_line' id='line_1_98' title="bbox 2102 4642 3811 4716; baseline -0.001 -19"><span class='ocrx_word' id='word_1_669' title='bbox 2102 4645 2274 4716; x_wconf 75' lang='grc' dir='ltr'><strong>πεδίῳ</strong></span> <span class='ocrx_word' id='word_1_670' title='bbox 2297 4644 2401 4715; x_wconf 65' lang='grc' dir='ltr'><strong>τῆς</strong></span> <span class='ocrx_word' id='word_1_671' title='bbox 2428 4643 2737 4707; x_wconf 77' lang='grc' dir='ltr'><strong>’Δλϐανίας.</strong></span> <span class='ocrx_word' id='word_1_672' title='bbox 2772 4644 2835 4697; x_wconf 82' lang='lat'><strong>&#39;0</strong></span> <span class='ocrx_word' id='word_1_673' title='bbox 2863 4643 2923 4699; x_wconf 74' lang='grc' dir='ltr'><strong>δι</strong></span> <span class='ocrx_word' id='word_1_674' title='bbox 2949 4644 3154 4716; x_wconf 75' lang='grc' dir='ltr'><strong>Βαρὰμ</strong></span> <span class='ocrx_word' id='word_1_675' title='bbox 3176 4645 3522 4715; x_wconf 74' lang='grc' dir='ltr'><strong>ἀπεπειρᾶτο</strong></span> <span class='ocrx_word' id='word_1_676' title='bbox 3557 4642 3693 4696; x_wconf 70' lang='grc' dir='ltr'><strong>κλέ-</strong></span> <span class='ocrx_word' id='word_1_677' title='bbox 3804 4652 3811 4655; x_wconf 85' lang='grc'><strong><em>“</em></strong></span> 
     </span>
    </p>
   </div>
   <div class='ocr_carea' id='block_1_99' title="bbox 2099 4734 3690 4811">
    <p class='ocr_par' dir='ltr' id='par_1_99' title="bbox 2099 4734 3690 4811">
     <span class='ocr_line' id='line_1_99' title="bbox 2099 4734 3690 4811; baseline 0.002 -22"><span class='ocrx_word' id='word_1_678' title='bbox 2099 4735 2197 4807; x_wconf 80' lang='grc' dir='ltr'><strong>ψαι</strong></span> <span class='ocrx_word' id='word_1_679' title='bbox 2217 4736 2310 4790; x_wconf 74' lang='grc' dir='ltr'><strong>τὸν</strong></span> <span class='ocrx_word' id='word_1_680' title='bbox 2334 4738 2592 4809; x_wconf 79' lang='grc' dir='ltr'><strong>πόλεμον.</strong></span> <span class='ocrx_word' id='word_1_681' title='bbox 2618 4734 2986 4810; x_wconf 56' lang='lat' dir='ltr'><strong>mund-pinv</strong></span> <span class='ocrx_word' id='word_1_682' title='bbox 3007 4735 3053 4772; x_wconf 80' lang='grc'><strong>¹⁶</strong></span> <span class='ocrx_word' id='word_1_683' title='bbox 3073 4736 3131 4794; x_wconf 73' lang='grc' dir='ltr'><strong>δι</strong></span> <span class='ocrx_word' id='word_1_684' title='bbox 3153 4738 3249 4795; x_wconf 84' lang='grc' dir='ltr'><strong>τοῦ</strong></span> <span class='ocrx_word' id='word_1_685' title='bbox 3281 4736 3655 4811; x_wconf 75' lang='grc' dir='ltr'><strong>βουλεύματος</strong></span> <span class='ocrx_word' id='word_1_686' title='bbox 3671 4753 3690 4769; x_wconf 74' lang='grc' dir='ltr'><strong>ο</strong></span> 
     </span>
    </p>
   </div>
   <div class='ocr_carea' id='block_1_100' title="bbox 1693 4824 2394 4890">
    <p class='ocr_par' dir='ltr' id='par_1_100' title="bbox 1693 4824 2394 4890">
     <span class='ocr_line' id='line_1_100' title="bbox 1693 4824 2394 4890; baseline 0.009 -6"><span class='ocrx_word' id='word_1_687' title='bbox 1693 4826 1782 4884; x_wconf 81' lang='lat' dir='ltr'><strong>VA</strong></span> <span class='ocrx_word' id='word_1_688' title='bbox 1792 4824 1932 4883; x_wconf 68' lang='lat' dir='ltr'><strong>RLE</strong></span> <span class='ocrx_word' id='word_1_689' title='bbox 1984 4828 2281 4887; x_wconf 78' lang='lat' dir='ltr'><strong>LECTION</strong></span> <span class='ocrx_word' id='word_1_690' title='bbox 2289 4828 2394 4890; x_wconf 84' lang='lat' dir='ltr'><strong>ES.</strong></span> 
     </span>
    </p>
   </div>
   <div class='ocr_carea' id='block_1_101' title="bbox 487 4913 1413 4998">
    <p class='ocr_par' dir='ltr' id='par_1_101' title="bbox 487 4913 1413 4998">
     <span class='ocr_line' id='line_1_101' title="bbox 487 4913 1413 4998; baseline -0.006 -17"><span class='ocrx_word' id='word_1_691' title='bbox 487 4927 512 4960; x_wconf 70' lang='grc'>⁸</span> <span class='ocrx_word' id='word_1_692' title='bbox 533 4927 563 4981; x_wconf 86' lang='grc' dir='ltr'>ὁ</span> <span class='ocrx_word' id='word_1_693' title='bbox 591 4926 647 4981; x_wconf 64' lang='grc' dir='ltr'><strong>δὲ</strong></span> <span class='ocrx_word' id='word_1_694' title='bbox 671 4943 859 4998; x_wconf 74' lang='grc' dir='ltr'><strong>στρατ.</strong></span> <span class='ocrx_word' id='word_1_695' title='bbox 902 4913 1143 4998; x_wconf 41' lang='lat' dir='ltr'><strong>Luat}</strong></span> <span class='ocrx_word' id='word_1_696' title='bbox 1168 4942 1301 4998; x_wconf 55' lang='grc' dir='ltr'><strong>στρ.</strong></span> <span class='ocrx_word' id='word_1_697' title='bbox 1322 4922 1413 4979; x_wconf 88' lang='lat' dir='ltr'><strong>vul</strong></span> 
     </span>
    </p>
   </div>
   <div class='ocr_carea' id='block_1_102' title="bbox 418 4995 1344 5068">
    <p class='ocr_par' dir='ltr' id='par_1_102' title="bbox 418 4995 1344 5068">
     <span class='ocr_line' id='line_1_102' title="bbox 418 4995 1344 5068; baseline -0.004 -16"><span class='ocrx_word' id='word_1_698' title='bbox 418 4998 512 5068; x_wconf 67' lang='grc' dir='ltr'><strong>τον</strong></span> <span class='ocrx_word' id='word_1_699' title='bbox 541 5014 594 5052; x_wconf 85' lang='grc' dir='ltr'><strong>τ.</strong></span> <span class='ocrx_word' id='word_1_700' title='bbox 622 4995 768 5068; x_wconf 74' lang='lat' dir='ltr'><strong>vulg.</strong></span> <span class='ocrx_word' id='word_1_701' title='bbox 817 4997 867 5068; x_wconf 26' lang='grc' dir='ltr'><strong>λ’</strong></span> <span class='ocrx_word' id='word_1_702' title='bbox 906 4995 1000 5051; x_wconf 82' lang='grc' dir='ltr'><strong>καὶ</strong></span> <span class='ocrx_word' id='word_1_703' title='bbox 1026 4995 1153 5068; x_wconf 78' lang='lat' dir='ltr'><strong>add.</strong></span> <span class='ocrx_word' id='word_1_704' title='bbox 1184 5010 1250 5068; x_wconf 79' lang='lat' dir='ltr'><strong>ex</strong></span> 
     </span>
    </p>
   </div>
   <div class='ocr_carea' id='block_1_103' title="bbox 1416 4919 3181 5024">
    <p class='ocr_par' dir='ltr' id='par_1_103' title="bbox 1416 4919 3181 5024">
     <span class='ocr_line' id='line_1_103' title="bbox 1416 4919 3181 5024; baseline 0 0"><span class='ocrx_word' id='word_1_705' title='bbox 1416 4919 2073 5024; x_wconf 52' lang='lat' dir='ltr'><strong>it...’..§ﬁfi’i“’5l‘:&quot;5’}</strong></span> <span class='ocrx_word' id='word_1_706' title='bbox 2089 4920 2369 5024; x_wconf 52' lang='lat'><strong>3;...1“</strong></span> <span class='ocrx_word' id='word_1_707' title='bbox 2393 4922 2564 5024; x_wconf 62' lang='grc' dir='ltr'><strong>δξέίίὶῗε</strong></span> <span class='ocrx_word' id='word_1_708' title='bbox 2583 4923 2877 5024; x_wconf 41' lang='lat' dir='ltr'><strong>ita???&quot;</strong></span> <span class='ocrx_word' id='word_1_709' title='bbox 2915 4922 3002 5024; x_wconf 61' lang='grc' dir='ltr'><strong>ἀεὶ·</strong></span> <span class='ocrx_word' id='word_1_710' title='bbox 3028 4923 3181 5024; x_wconf 61' lang='lat'><strong>.‘1‘1&#39;3-</strong></span> 
     </span>
    </p>
   </div>
   <div class='ocr_carea' id='block_1_104' title="bbox 1461 4992 3696 5064">
    <p class='ocr_par' dir='ltr' id='par_1_104' title="bbox 1461 4992 3696 5064">
     <span class='ocr_line' id='line_1_104' title="bbox 1461 4992 3696 5064; baseline 0.001 -19"><span class='ocrx_word' id='word_1_711' title='bbox 1461 4992 1856 5064; x_wconf 40' lang='lat' dir='ltr'><strong>Zoupuviacj.</strong></span> <span class='ocrx_word' id='word_1_712' title='bbox 1906 4993 1974 5064; x_wconf 15' lang='lat' dir='ltr'><strong>A&quot;</strong></span> <span class='ocrx_word' id='word_1_713' title='bbox 2013 4992 2337 5064; x_wconf 75' lang='grc' dir='ltr'><strong>Ἀραξινᾼ,</strong></span> <span class='ocrx_word' id='word_1_714' title='bbox 2413 4994 2455 5026; x_wconf 69' lang='grc' dir='ltr'><strong>’ί</strong></span> <span class='ocrx_word' id='word_1_715' title='bbox 2485 4994 2865 5064; x_wconf 78' lang='grc' dir='ltr'><strong>γενόμενονΛ.</strong></span> <span class='ocrx_word' id='word_1_716' title='bbox 2945 4995 2987 5025; x_wconf 82' lang='grc'><strong>³¹</strong></span> <span class='ocrx_word' id='word_1_717' title='bbox 3028 4992 3317 5049; x_wconf 70' lang='grc' dir='ltr'><strong>Ἄλκανξαν</strong></span> <span class='ocrx_word' id='word_1_718' title='bbox 3368 4998 3411 5051; x_wconf 77' lang='grc' dir='ltr'>Α</span> <span class='ocrx_word' id='word_1_719' title='bbox 3463 4997 3517 5051; x_wconf 87' lang='lat' dir='ltr'><strong>h.</strong></span> <span class='ocrx_word' id='word_1_720' title='bbox 3566 4996 3603 5049; x_wconf 91' lang='lat' dir='ltr'><strong>l.</strong></span> <span class='ocrx_word' id='word_1_721' title='bbox 3637 5005 3696 5048; x_wconf 74' lang='lat' dir='ltr'><strong>ot</strong></span> 
     </span>
    </p>
   </div>
   <div class='ocr_carea' id='block_1_105' title="bbox 3259 4924 3691 4989">
    <p class='ocr_par' dir='ltr' id='par_1_105' title="bbox 3259 4924 3691 4989">
     <span class='ocr_line' id='line_1_105' title="bbox 3259 4924 3691 4989; baseline -0.002 -11"><span class='ocrx_word' id='word_1_722' title='bbox 3259 4924 3280 4955; x_wconf 77' lang='grc'><strong>⁷</strong></span> <span class='ocrx_word' id='word_1_723' title='bbox 3297 4924 3355 4978; x_wconf 82' lang='grc' dir='ltr'><strong>τὸ</strong></span> <span class='ocrx_word' id='word_1_724' title='bbox 3376 4926 3599 4979; x_wconf 81' lang='grc' dir='ltr'><strong>τοῦλδον</strong></span> <span class='ocrx_word' id='word_1_725' title='bbox 3624 4924 3660 4977; x_wconf 65' lang='grc' dir='ltr'><strong>Α</strong></span> <span class='ocrx_word' id='word_1_726' title='bbox 3673 4965 3691 4989; x_wconf 94' lang='grc'><strong>,</strong></span> 
     </span>
    </p>
   </div>
   <div class='ocr_carea' id='block_1_106' title="bbox 414 5060 3694 5139">
    <p class='ocr_par' dir='ltr' id='par_1_106' title="bbox 414 5060 3694 5139">
     <span class='ocr_line' id='line_1_106' title="bbox 414 5060 3694 5139; baseline -0.002 -15"><span class='ocrx_word' id='word_1_727' title='bbox 414 5067 582 5139; x_wconf 68' lang='lat' dir='ltr'><strong>intra.</strong></span> <span class='ocrx_word' id='word_1_728' title='bbox 659 5067 703 5101; x_wconf 78' lang='grc'><strong>⁸³</strong></span> <span class='ocrx_word' id='word_1_729' title='bbox 718 5060 997 5139; x_wconf 51' lang='grc' dir='ltr'><strong>*ἐχώρισεν</strong></span> <span class='ocrx_word' id='word_1_730' title='bbox 1023 5064 1369 5137; x_wconf 74' lang='grc' dir='ltr'><strong>Ᾱ,ἒχώριζεν</strong></span> <span class='ocrx_word' id='word_1_731' title='bbox 1390 5063 1535 5134; x_wconf 85' lang='lat' dir='ltr'><strong>vulg.</strong></span> <span class='ocrx_word' id='word_1_732' title='bbox 1572 5060 1581 5063; x_wconf 57' lang='grc'>⁷</span> <span class='ocrx_word' id='word_1_733' title='bbox 1613 5061 1657 5095; x_wconf 65' lang='grc'>¹⁸</span> <span class='ocrx_word' id='word_1_734' title='bbox 1681 5060 1862 5116; x_wconf 83' lang='grc' dir='ltr'><strong>λαϐὼν</strong></span> <span class='ocrx_word' id='word_1_735' title='bbox 1890 5062 1955 5118; x_wconf 80' lang='grc' dir='ltr'><strong>Α.</strong></span> <span class='ocrx_word' id='word_1_736' title='bbox 2035 5060 2452 5137; x_wconf 70' lang='grc' dir='ltr'><strong>’δ’ἀνῃρέθησαν</strong></span> <span class='ocrx_word' id='word_1_737' title='bbox 2480 5063 2548 5130; x_wconf 84' lang='grc' dir='ltr'><strong>Α,</strong></span> <span class='ocrx_word' id='word_1_738' title='bbox 2578 5060 2940 5139; x_wconf 77' lang='grc' dir='ltr'><strong>ἀνηλώθησαν</strong></span> <span class='ocrx_word' id='word_1_739' title='bbox 2960 5065 3105 5136; x_wconf 78' lang='lat' dir='ltr'><strong>vulg.</strong></span> <span class='ocrx_word' id='word_1_740' title='bbox 3169 5066 3215 5097; x_wconf 84' lang='lat'>&quot;</span> <span class='ocrx_word' id='word_1_741' title='bbox 3241 5065 3596 5138; x_wconf 69' lang='grc' dir='ltr'><strong>διηστάχησεν</strong></span> <span class='ocrx_word' id='word_1_742' title='bbox 3625 5066 3694 5131; x_wconf 73' lang='grc' dir='ltr'><strong>Α,</strong></span> 
     </span>
    </p>
   </div>
   <div class='ocr_carea' id='block_1_107' title="bbox 414 5138 919 5212">
    <p class='ocr_par' dir='ltr' id='par_1_107' title="bbox 414 5138 919 5212">
     <span class='ocr_line' id='line_1_107' title="bbox 414 5138 919 5212; baseline 0.006 -19"><span class='ocrx_word' id='word_1_743' title='bbox 414 5138 742 5212; x_wconf 79' lang='grc' dir='ltr'><strong>διητύχησεν</strong></span> <span class='ocrx_word' id='word_1_744' title='bbox 766 5138 919 5208; x_wconf 78' lang='lat' dir='ltr'><strong>vulg.</strong></span> 
     </span>
    </p>
   </div>
   <div class='ocr_carea' id='block_1_108' title="bbox 1706 5228 2377 5289">
    <p class='ocr_par' dir='ltr' id='par_1_108' title="bbox 1706 5228 2377 5289">
     <span class='ocr_line' id='line_1_108' title="bbox 1706 5228 2377 5289; baseline 0.006 -4"><span class='ocrx_word' id='word_1_745' title='bbox 1706 5228 1851 5286; x_wconf 81' lang='lat' dir='ltr'><strong>JAC.</strong></span> <span class='ocrx_word' id='word_1_746' title='bbox 1886 5229 2102 5287; x_wconf 72' lang='lat' dir='ltr'><strong>60AM</strong></span> <span class='ocrx_word' id='word_1_747' title='bbox 2139 5229 2377 5289; x_wconf 70' lang='grc' dir='ltr'><strong>ΝΟΤᾹΞ.</strong></span> 
     </span>
    </p>
   </div>
   <div class='ocr_carea' id='block_1_109' title="bbox 497 5322 1535 5457">
    <p class='ocr_par' dir='ltr' id='par_1_109' title="bbox 497 5322 1535 5457">
     <span class='ocr_line' id='line_1_109' title="bbox 497 5322 1535 5457; baseline -0.009 -74"><span class='ocrx_word' id='word_1_748' title='bbox 497 5327 604 5457; x_wconf 52' lang='grc' dir='ltr'><strong>ξι)</strong></span> <span class='ocrx_word' id='word_1_749' title='bbox 639 5328 787 5382; x_wconf 78' lang='lat' dir='ltr'><strong>Idem</strong></span> <span class='ocrx_word' id='word_1_750' title='bbox 817 5324 1026 5409; x_wconf 52' lang='lat' dir='ltr'><strong>cap.“6,</strong></span> <span class='ocrx_word' id='word_1_751' title='bbox 1056 5322 1120 5376; x_wconf 85' lang='grc' dir='ltr'><strong>τὸ</strong></span> <span class='ocrx_word' id='word_1_752' title='bbox 1159 5322 1535 5393; x_wconf 83' lang='grc' dir='ltr'><strong>Σισαρϐάνων.</strong></span> 
     </span>
     <span class='ocr_line' id='line_1_110' title="bbox 547 5393 1535 5457; baseline -0.006 -2"><span class='ocrx_word' id='word_1_753' title='bbox 547 5399 604 5457; x_wconf 80' lang='lat' dir='ltr'><strong>5i</strong></span> <span class='ocrx_word' id='word_1_754' title='bbox 647 5396 996 5457; x_wconf 79' lang='lat' dir='ltr'><strong>Commercm</strong></span> <span class='ocrx_word' id='word_1_755' title='bbox 1059 5393 1455 5457; x_wconf 82' lang='lat' dir='ltr'><strong>interpretatus</strong></span> <span class='ocrx_word' id='word_1_756' title='bbox 1514 5409 1535 5449; x_wconf 82' lang='grc' dir='ltr'><strong>ε</strong></span> 
     </span>
    </p>
   </div>
   <div class='ocr_carea' id='block_1_110' title="bbox 547 5391 2004 5469">
    <p class='ocr_par' dir='ltr' id='par_1_110' title="bbox 547 5391 2004 5469">
     <span class='ocr_line' id='line_1_111' title="bbox 547 5391 2004 5469; baseline -0.005 -14"><span class='ocrx_word' id='word_1_757' title='bbox 547 5391 604 5469; x_wconf 77' lang='lat'><strong>5)</strong></span> <span class='ocrx_word' id='word_1_758' title='bbox 647 5391 996 5465; x_wconf 70' lang='lat' dir='ltr'><strong>Commercii:</strong></span> <span class='ocrx_word' id='word_1_759' title='bbox 1032 5391 1455 5469; x_wconf 28' lang='lat' dir='ltr'><strong>Linterpre&#39;tatus</strong></span> <span class='ocrx_word' id='word_1_760' title='bbox 1514 5399 1597 5449; x_wconf 87' lang='lat' dir='ltr'><strong>est</strong></span> <span class='ocrx_word' id='word_1_761' title='bbox 1656 5391 2004 5449; x_wconf 82' lang='lat' dir='ltr'><strong>Anastasius.</strong></span> 
     </span>
    </p>
   </div>
   <div class='ocr_carea' id='block_1_111' title="bbox 419 5464 1154 5539">
    <p class='ocr_par' dir='ltr' id='par_1_111' title="bbox 419 5464 1154 5539">
     <span class='ocr_line' id='line_1_112' title="bbox 419 5464 1154 5539; baseline -0.007 -16"><span class='ocrx_word' id='word_1_762' title='bbox 419 5464 552 5525; x_wconf 73' lang='lat' dir='ltr'><strong>Vide</strong></span> <span class='ocrx_word' id='word_1_763' title='bbox 577 5464 738 5525; x_wconf 81' lang='lat' dir='ltr'><strong>notas</strong></span> <span class='ocrx_word' id='word_1_764' title='bbox 776 5464 832 5524; x_wconf 86' lang='lat' dir='ltr'><strong>in</strong></span> <span class='ocrx_word' id='word_1_765' title='bbox 867 5481 992 5539; x_wconf 76' lang='lat' dir='ltr'><strong>pag.</strong></span> <span class='ocrx_word' id='word_1_766' title='bbox 1025 5465 1154 5539; x_wconf 48' lang='lat'><strong>22‘,</strong></span> 
     </span>
    </p>
   </div>
   <div class='ocr_carea' id='block_1_112' title="bbox 487 5531 2001 5622">
    <p class='ocr_par' dir='ltr' id='par_1_112' title="bbox 487 5531 2001 5622">
     <span class='ocr_line' id='line_1_113' title="bbox 487 5531 2001 5622; baseline -0.001 1"><span class='ocrx_word' id='word_1_767' title='bbox 487 5539 603 5622; x_wconf 66' lang='grc' dir='ltr'><strong>(εδ)</strong></span> <span class='ocrx_word' id='word_1_768' title='bbox 636 5531 923 5622; x_wconf 52' lang='lat' dir='ltr'><strong>Petam:</strong></span> <span class='ocrx_word' id='word_1_769' title='bbox 941 5531 1593 5622; x_wconf 50' lang='grc' dir='ltr'><strong>πριιιιείωρεεειεϋε</strong></span> <span class='ocrx_word' id='word_1_770' title='bbox 1620 5531 2001 5622; x_wconf 57' lang='lat' dir='ltr'><strong>m...cae-__9z</strong></span> 
     </span>
    </p>
   </div>
   <div class='ocr_carea' id='block_1_113' title="bbox 421 5602 2000 5671">
    <p class='ocr_par' dir='ltr' id='par_1_113' title="bbox 421 5602 2000 5671">
     <span class='ocr_line' id='line_1_114' title="bbox 421 5602 2000 5671; baseline -0.004 -7"><span class='ocrx_word' id='word_1_771' title='bbox 421 5602 672 5664; x_wconf 64' lang='lat' dir='ltr'><strong>Mauricii</strong></span> <span class='ocrx_word' id='word_1_772' title='bbox 700 5625 878 5665; x_wconf 84' lang='lat' dir='ltr'><strong>annus</strong></span> <span class='ocrx_word' id='word_1_773' title='bbox 908 5602 1285 5671; x_wconf 43' lang='lat' dir='ltr'><strong>solvebatur,</strong></span> <span class='ocrx_word' id='word_1_774' title='bbox 1313 5620 1440 5660; x_wconf 92' lang='lat' dir='ltr'><strong>cum</strong></span> <span class='ocrx_word' id='word_1_775' title='bbox 1465 5604 1660 5660; x_wconf 82' lang='lat' dir='ltr'><strong>Baram</strong></span> <span class='ocrx_word' id='word_1_776' title='bbox 1705 5602 2000 5659; x_wconf 83' lang='lat' dir='ltr'><strong>Persarum</strong></span> 
     </span>
    </p>
   </div>
   <div class='ocr_carea' id='block_1_114' title="bbox 419 5673 1994 5747">
    <p class='ocr_par' dir='ltr' id='par_1_114' title="bbox 419 5673 1994 5747">
     <span class='ocr_line' id='line_1_115' title="bbox 419 5673 1994 5747; baseline -0.001 -16"><span class='ocrx_word' id='word_1_777' title='bbox 419 5677 533 5732; x_wconf 82' lang='lat' dir='ltr'><strong>dux</strong></span> <span class='ocrx_word' id='word_1_778' title='bbox 560 5680 633 5734; x_wconf 81' lang='lat' dir='ltr'><strong>ab</strong></span> <span class='ocrx_word' id='word_1_779' title='bbox 660 5677 952 5734; x_wconf 82' lang='lat' dir='ltr'><strong>Hormisda</strong></span> <span class='ocrx_word' id='word_1_780' title='bbox 993 5692 1122 5747; x_wconf 84' lang='lat' dir='ltr'><strong>rege</strong></span> <span class='ocrx_word' id='word_1_781' title='bbox 1169 5684 1365 5747; x_wconf 88' lang='lat' dir='ltr'><strong>contra</strong></span> <span class='ocrx_word' id='word_1_782' title='bbox 1416 5673 1677 5747; x_wconf 71' lang='lat' dir='ltr'><strong>Suaniam</strong></span> <span class='ocrx_word' id='word_1_783' title='bbox 1711 5676 1994 5747; x_wconf 73' lang='lat' dir='ltr'><strong>mittitur:</strong></span> 
     </span>
    </p>
   </div>
   <div class='ocr_carea' id='block_1_115' title="bbox 421 5744 1996 5818">
    <p class='ocr_par' dir='ltr' id='par_1_115' title="bbox 421 5744 1996 5818">
     <span class='ocr_line' id='line_1_116' title="bbox 421 5744 1996 5818; baseline -0.004 -13"><span class='ocrx_word' id='word_1_784' title='bbox 421 5762 612 5807; x_wconf 72' lang='lat' dir='ltr'><strong>verum</strong></span> <span class='ocrx_word' id='word_1_785' title='bbox 643 5762 753 5804; x_wconf 90' lang='lat' dir='ltr'><strong>non</strong></span> <span class='ocrx_word' id='word_1_786' title='bbox 786 5749 856 5803; x_wconf 87' lang='lat' dir='ltr'><strong>ab</strong></span> <span class='ocrx_word' id='word_1_787' title='bbox 894 5744 1271 5818; x_wconf 62' lang='lat' dir='ltr'><strong>imperatoria,</strong></span> <span class='ocrx_word' id='word_1_788' title='bbox 1333 5746 1428 5800; x_wconf 87' lang='lat' dir='ltr'><strong>sed</strong></span> <span class='ocrx_word' id='word_1_789' title='bbox 1459 5760 1489 5799; x_wconf 89' lang='lat' dir='ltr'><strong>a</strong></span> <span class='ocrx_word' id='word_1_790' title='bbox 1521 5744 1768 5801; x_wconf 66' lang='lat' dir='ltr'><strong>(Ia-sares:</strong></span> <span class='ocrx_word' id='word_1_791' title='bbox 1817 5745 1996 5815; x_wconf 79' lang='lat' dir='ltr'><strong>digni-</strong></span> 
     </span>
    </p>
   </div>
   <div class='ocr_carea' id='block_1_116' title="bbox 2106 5322 3697 5395">
    <p class='ocr_par' dir='ltr' id='par_1_116' title="bbox 2106 5322 3697 5395">
     <span class='ocr_line' id='line_1_117' title="bbox 2106 5322 3697 5395; baseline 0.003 -17"><span class='ocrx_word' id='word_1_792' title='bbox 2106 5331 2223 5380; x_wconf 80' lang='lat' dir='ltr'><strong>tate</strong></span> <span class='ocrx_word' id='word_1_793' title='bbox 2242 5322 2508 5380; x_wconf 83' lang='lat' dir='ltr'><strong>Mauricio</strong></span> <span class='ocrx_word' id='word_1_794' title='bbox 2527 5324 2725 5380; x_wconf 80' lang='lat' dir='ltr'><strong>collata</strong></span> <span class='ocrx_word' id='word_1_795' title='bbox 2756 5322 2878 5395; x_wconf 77' lang='lat' dir='ltr'><strong>eius</strong></span> <span class='ocrx_word' id='word_1_796' title='bbox 2907 5336 3084 5395; x_wconf 68' lang='lat' dir='ltr'><strong>aerios</strong></span> <span class='ocrx_word' id='word_1_797' title='bbox 3116 5324 3474 5382; x_wconf 79' lang='lat' dir='ltr'><strong>Simoeattam</strong></span> <span class='ocrx_word' id='word_1_798' title='bbox 3497 5340 3697 5382; x_wconf 55' lang='lat' dir='ltr'><strong>nume.</strong></span> 
     </span>
    </p>
   </div>
   <div class='ocr_carea' id='block_1_117' title="bbox 2107 5394 3691 5467">
    <p class='ocr_par' dir='ltr' id='par_1_117' title="bbox 2107 5394 3691 5467">
     <span class='ocr_line' id='line_1_118' title="bbox 2107 5394 3691 5467; baseline 0.001 -18"><span class='ocrx_word' id='word_1_799' title='bbox 2107 5409 2247 5467; x_wconf 71' lang='lat' dir='ltr'><strong>rare</strong></span> <span class='ocrx_word' id='word_1_800' title='bbox 2274 5408 2566 5451; x_wconf 86' lang='lat' dir='ltr'><strong>necessum</strong></span> <span class='ocrx_word' id='word_1_801' title='bbox 2620 5395 2859 5450; x_wconf 78' lang='lat' dir='ltr'><strong>videtur.</strong></span> <span class='ocrx_word' id='word_1_802' title='bbox 2913 5394 3276 5467; x_wconf 76' lang='lat' dir='ltr'><strong>Reliquorum</strong></span> <span class='ocrx_word' id='word_1_803' title='bbox 3332 5412 3500 5467; x_wconf 88' lang='lat' dir='ltr'><strong>porro</strong></span> <span class='ocrx_word' id='word_1_804' title='bbox 3543 5399 3691 5452; x_wconf 83' lang='lat' dir='ltr'><strong>Hor-</strong></span> 
     </span>
    </p>
   </div>
   <div class='ocr_carea' id='block_1_118' title="bbox 2105 5464 3697 5536">
    <p class='ocr_par' dir='ltr' id='par_1_118' title="bbox 2105 5464 3697 5536">
     <span class='ocr_line' id='line_1_119' title="bbox 2105 5464 3697 5536; baseline 0.003 -17"><span class='ocrx_word' id='word_1_805' title='bbox 2105 5464 2298 5521; x_wconf 71' lang='lat' dir='ltr'><strong>mlsdae</strong></span> <span class='ocrx_word' id='word_1_806' title='bbox 2366 5474 2645 5535; x_wconf 79' lang='lat' dir='ltr'><strong>gestorum</strong></span> <span class='ocrx_word' id='word_1_807' title='bbox 2707 5464 3124 5531; x_wconf 80' lang='lat' dir='ltr'><strong>narrationem,</strong></span> <span class='ocrx_word' id='word_1_808' title='bbox 3161 5481 3227 5521; x_wconf 86' lang='lat' dir='ltr'><strong>ex</strong></span> <span class='ocrx_word' id='word_1_809' title='bbox 3286 5464 3394 5536; x_wconf 69' lang='lat' dir='ltr'><strong>qua</strong></span> <span class='ocrx_word' id='word_1_810' title='bbox 3447 5482 3697 5536; x_wconf 68' lang='lat' dir='ltr'><strong>praesens</strong></span> 
     </span>
    </p>
   </div>
   <div class='ocr_carea' id='block_1_119' title="bbox 2104 5536 3690 5608">
    <p class='ocr_par' dir='ltr' id='par_1_119' title="bbox 2104 5536 3690 5608">
     <span class='ocr_line' id='line_1_120' title="bbox 2104 5536 3690 5608; baseline 0.005 -21"><span class='ocrx_word' id='word_1_811' title='bbox 2104 5536 2343 5608; x_wconf 61' lang='lat' dir='ltr'><strong>epitome</strong></span> <span class='ocrx_word' id='word_1_812' title='bbox 2374 5538 2713 5608; x_wconf 84' lang='lat' dir='ltr'><strong>deprompta,</strong></span> <span class='ocrx_word' id='word_1_813' title='bbox 2734 5537 2895 5608; x_wconf 62' lang='grc' dir='ltr'><strong>Διοιιῖι</strong></span> <span class='ocrx_word' id='word_1_814' title='bbox 2958 5537 3266 5608; x_wconf 60' lang='grc' dir='ltr'><strong>βίωοροιιο</strong></span> <span class='ocrx_word' id='word_1_815' title='bbox 3299 5536 3396 5592; x_wconf 88' lang='lat' dir='ltr'><strong>lib.</strong></span> <span class='ocrx_word' id='word_1_816' title='bbox 3429 5554 3512 5604; x_wconf 76' lang='grc' dir='ltr'><strong>ιιι,</strong></span> <span class='ocrx_word' id='word_1_817' title='bbox 3558 5554 3690 5608; x_wconf 85' lang='lat' dir='ltr'><strong>cap.</strong></span> 
     </span>
    </p>
   </div>
   <div class='ocr_carea' id='block_1_120' title="bbox 2104 5604 3697 5682">
    <p class='ocr_par' dir='ltr' id='par_1_120' title="bbox 2104 5604 3697 5682">
     <span class='ocr_line' id='line_1_121' title="bbox 2104 5604 3697 5682; baseline 0.004 -23"><span class='ocrx_word' id='word_1_818' title='bbox 2104 5606 2158 5682; x_wconf 70' lang='grc' dir='ltr'><strong>β,</strong></span> <span class='ocrx_word' id='word_1_819' title='bbox 2196 5604 2246 5671; x_wconf 84' lang='lat'><strong>7,</strong></span> <span class='ocrx_word' id='word_1_820' title='bbox 2271 5604 2306 5659; x_wconf 90' lang='lat'><strong>8</strong></span> <span class='ocrx_word' id='word_1_821' title='bbox 2336 5604 2621 5682; x_wconf 81' lang='lat' dir='ltr'><strong>et__ultim_o</strong></span> <span class='ocrx_word' id='word_1_822' title='bbox 2646 5604 2917 5682; x_wconf 56' lang='lat' dir='ltr'><strong>totisque:</strong></span> <span class='ocrx_word' id='word_1_823' title='bbox 2942 5606 3234 5682; x_wconf 81' lang='lat' dir='ltr'><strong>duodecim</strong></span> <span class='ocrx_word' id='word_1_824' title='bbox 3266 5609 3380 5682; x_wconf 45' lang='lat' dir='ltr'><strong>lib.</strong></span> <span class='ocrx_word' id='word_1_825' title='bbox 3397 5624 3447 5663; x_wconf 78' lang='lat' dir='ltr'><strong>tv</strong></span> <span class='ocrx_word' id='word_1_826' title='bbox 3497 5604 3697 5682; x_wconf 77' lang='lat' dir='ltr'><strong>priori-</strong></span> 
     </span>
    </p>
   </div>
   <div class='ocr_carea' id='block_1_121' title="bbox 2105 5675 3442 5750">
    <p class='ocr_par' dir='ltr' id='par_1_121' title="bbox 2105 5675 3442 5750">
     <span class='ocr_line' id='line_1_122' title="bbox 2105 5675 3442 5750; baseline 0.001 -18"><span class='ocrx_word' id='word_1_827' title='bbox 2105 5677 2209 5732; x_wconf 87' lang='lat' dir='ltr'><strong>bus</strong></span> <span class='ocrx_word' id='word_1_828' title='bbox 2234 5675 2533 5748; x_wconf 87' lang='lat' dir='ltr'><strong>capitibus.</strong></span> <span class='ocrx_word' id='word_1_829' title='bbox 2564 5675 2831 5747; x_wconf 84' lang='lat' dir='ltr'><strong>Evagrius</strong></span> <span class='ocrx_word' id='word_1_830' title='bbox 2865 5676 2959 5735; x_wconf 77' lang='lat' dir='ltr'><strong>lib.</strong></span> <span class='ocrx_word' id='word_1_831' title='bbox 2991 5677 3092 5733; x_wconf 90' lang='lat' dir='ltr'><strong>ult.</strong></span> <span class='ocrx_word' id='word_1_832' title='bbox 3124 5716 3139 5745; x_wconf 92' lang='lat'><strong>,</strong></span> <span class='ocrx_word' id='word_1_833' title='bbox 3170 5692 3287 5750; x_wconf 83' lang='lat' dir='ltr'><strong>cap.</strong></span> <span class='ocrx_word' id='word_1_834' title='bbox 3312 5677 3400 5734; x_wconf 68' lang='grc'><strong>15.</strong></span> <span class='ocrx_word' id='word_1_835' title='bbox 3436 5700 3442 5709; x_wconf 63' lang='grc' dir='ltr'><strong>ι</strong></span> 
     </span>
    </p>
   </div>
  </div>
