4078 6218
411 331 519 399 575

1813 334 2310 396 THEOPHANIS

3581 329 3690 394 576

486 456 554 507 A.
586 449 648 504 C.
679 448 803 504 584.
843 446 960 502 Hoc
1009 460 1154 500 anno
1196 443 1490 517 Chaganus
1531 447 1600 500 ad
1633 457 1844 518 pactam
1885 447 1988 504 sibi

2165 451 2230 504 Α.
2263 447 2335 502 Μ.
2369 446 2532 503 6084.
2567 476 2638 487 --
2667 445 2858 516 Τούτῳ
2887 441 2966 514 τῷ
3005 442 3117 497 ἔτει
3139 445 3169 498 ό
3217 442 3470 512 Χαγάνος
3497 442 3692 515 ἐζήτει

423 542 776 603 accuniarum
807 551 1080 592 summam
1108 546 1466 610 augmentum
1503 538 1619 594 dari
1657 541 1992 610 postulabat.

420 631 723 699 Imperator
763 642 894 682 vero
935 627 1156 684 barbari
1205 643 1492 686 sermones
1527 632 1755 701 respuit.
1815 631 1997 698 Quare

417 723 618 778 bellum
657 735 922 776 renovare
969 721 1265 793 Chaganus
1319 723 1609 780 constituit
1643 741 1658 790 ;
1692 740 1816 779 mox
1872 724 1996 778 Sin-

416 814 669 883 gidonom
701 813 932 880 obtinet,
992 821 1046 868 et
1097 813 1164 868 ad
1207 813 1469 870 Sirmium
1523 824 1708 872 castra
1740 827 1994 872 metatur.

417 906 722 977 Imperator
755 917 934 961 autem
972 907 1219 964 Priscum
1247 907 1477 981 Europae
1509 910 1704 967 ducem
1737 909 1995 966 instituit.

416 997 642 1053 Priscus
684 997 998 1053 Salvianum
1031 999 1134 1056 sub
1166 999 1478 1071 selegatum
1517 1002 1700 1074 elegit,
1755 1011 1809 1056 et
1857 1018 1996 1072 prte-

416 1106 643 1148 currere
678 1101 804 1146 ante
848 1092 1010 1162 227
1050 1093 1353 1148 exercitum
1390 1095 1566 1165 jubet.
1607 1095 1666 1150 In
1723 1095 1998 1152 Barbaros

417 1184 606 1254 itaque
635 1183 948 1254 irruptione
980 1183 1149 1249 facta,
1204 1186 1432 1257 acrique
1471 1195 1730 1243 conserto
1784 1189 1994 1259 praelio,

417 1292 589 1348 penes
620 1275 898 1332 Romanos
923 1277 1076 1332 stetit
1107 1277 1340 1333 victoria
1372 1295 1386 1344 ;
1415 1278 1589 1335 cladis
1611 1289 1838 1351 accepto
1860 1297 1999 1336 nun-

419 1371 515 1434 tio,
575 1368 736 1423 alium
799 1369 1100 1424 exercitum
1169 1371 1396 1426 instruit
1472 1371 1793 1443 Chaganns,
1845 1382 1899 1428 ct
1929 1372 1997 1428 ad

425 1476 661 1531 pugnam
713 1459 1013 1531 egreditur.
1059 1461 1357 1518 Salvianus
1403 1473 1745 1519 armatorum
1790 1465 1999 1534 ingenti

417 1551 767 1608 multitudine
806 1561 1126 1624 conspecta,
1164 1554 1497 1620 deterretur,
1540 1563 1592 1611 et
1633 1555 1702 1610 ad
1749 1555 1996 1612 Priscum

418 1645 732 1700 revertitur.
791 1644 1032 1702 Recessu
1092 1645 1466 1702 Romanorum
1514 1649 1760 1718 cognito,
1805 1665 2000 1705 versus

420 1734 746 1788 Anchialum
789 1735 1081 1805 Cliaganus
1130 1737 1398 1806 procedit,
1457 1738 1721 1794 Sanctum
1756 1740 2000 1795 Alexan-

420 1824 580 1880 drum
633 1825 876 1894 intcllige
911 1836 1004 1881 :et
1049 1837 1201 1883 vasto
1253 1828 1509 1885 incendio
1555 1831 1737 1885 locum
1780 1847 1999 1887 onmem

420 1916 806 1987 depopulatur.
837 1917 962 1972 Inde
981 1916 1273 1988 Drizepcra
1293 1919 1536 1986 divertit,
1562 1928 1617 1975 et
1634 1921 2001 1976 obsidionali-

421 2010 526 2064 bus
554 2008 826 2064 machinis
871 2011 1207 2080 comparatis
1233 2010 1495 2081 Oppidum
1538 2028 1855 2083 expugnare
1887 2026 2003 2066 mo-

418 2101 570 2156 litur.
639 2099 1062 2170 Drizepcrorum
1123 2101 1318 2156 incolae
1376 2109 1567 2171 pectus
1635 2103 2003 2158 audacissime

418 2196 1048 2266 opposuere:reseratis
1086 2195 1233 2250 enim
1288 2196 1482 2265 portis,
1546 2211 1670 2249 cum
1751 2196 2004 2251 barbaris

419 2299 480 2340 se
523 2285 738 2340 fortiter
787 2299 1208 2354 congressuros,
1263 2293 1506 2339 extrema
1544 2286 1877 2341 necessitate
1905 2302 2005 2356 0p-

418 2376 595 2445 pressi
672 2375 1046 2429 minabantur.
1107 2373 1262 2429 Tunc
1337 2390 1494 2440 sane,
1547 2383 1680 2431 tunc
1739 2378 2005 2448 temporis

420 2464 608 2517 divina
641 2463 755 2519 illis
797 2462 952 2517 aﬂ‘uit
1004 2464 1201 2518 virtus.
1254 2462 1542 2519 Manifesta
1587 2465 1788 2535 quippe
1843 2467 2007 2521 meri-

420 2559 531 2615 diei
595 2560 715 2615 luce
765 2558 1144 2614 Romanorum
1210 2558 1402 2628 copias
1462 2559 1602 2614 urbe
1656 2558 2006 2630 egredientes

421 2669 649 2710 cernere
733 2651 958 2708 Barbari
1031 2652 1135 2709 sibi
1204 2652 1307 2707 visi
1372 2660 1524 2718 sunt,
1583 2659 1638 2707 et
1700 2651 2004 2708 ineundum

421 2760 701 2801 armorum
765 2745 1087 2800 minitantes
1139 2759 1501 2815 congressum
1539 2763 1552 2799 :
1589 2761 1658 2800 ex
1705 2761 1816 2816 quo
1869 2761 2005 2802 con-

422 2839 651 2901 tnrbati,
708 2838 764 2892 in
814 2838 1158 2908 przecipitem
1236 2837 1421 2907 fugam
1495 2853 1555 2894 se
1625 2838 2005 2909 projicientes,

419 2929 747 2983 Perinthum
807 2943 869 2983 se
916 2929 1225 2984 contulere.
1294 2927 1518 2986 Priscus
1577 2941 1761 2986 autem
1829 2932 2005 2988 solius

429 3018 736 3073 barbaricae
786 3017 922 3073 aciei
960 3025 1315 3088 conspectum
1354 3017 1513 3074 ferre'
1549 3035 1660 3075 non
1697 3021 2004 3087 sustinens,

2102 539 2422 611 προσθήκας
2451 540 2528 610 (4)
2563 540 2685 602 ταῖς
2736 537 3035 609 συνθήκαις
3056 537 3106 570 ⁸⁸
3160 535 3482 607 λαμϐάνειν.
3539 535 3597 590 '0
3631 536 3691 589 δὲ

2099 635 2457 704 αὐτοκράτωρ
2505 634 2633 696 τοὺς
2665 632 2860 699 λόγους
2904 629 2998 684 τοῦ
3032 630 3310 702 βαρϐάρου
3351 631 3412 683 οὑ
3454 629 3686 700 παρεδέ-

2101 726 2228 794 ξατο
2250 727 2317 783 ⁸⁸.
2351 728 2448 780 Διά
2482 725 2686 780 τοῦτοό
2718 723 2974 792 Χαγάνος
3011 724 3185 794 ἤρατο
3207 723 3369 776 πάλιν
3403 721 3495 774 τὸν
3527 721 3678 775 πόλει

2102 837 2224 890 μον,
2285 819 2380 874 καὶ
2420 818 2704 889 πολιορκεῖ
2735 816 2834 887 τὴν
2882 815 3192 884 Σιγγιδόνα,
3232 814 3327 868 καὶ
3381 829 3688 883 στρατοπε-

2099 912 2242 966 δεύει
2270 911 2412 966 κατὰ
2436 909 2496 964 rb
2528 910 2782 980 Σέρμιον.
2819 906 2879 961 '0
2908 907 2966 961 δὲ
2992 907 3348 978 αὐτοκράτωρ
3381 905 3690 975 στρατηγὸν

2099 1004 2200 1074 τῆς
2238 1001 2511 1075 Εὐρώπης
2541 1002 2841 1073 χειροτονεῖ
2860 1001 2960 1055 ,τὸν
2983 1001 3242 1070 Πρίσκον.
3283 999 3340 1052 '0
3369 999 3424 1051 δὲ
3449 999 3690 1068 Πρίσκος

2099 1099 2192 1151 τὸν
2241 1095 2540 1149 Σαλϐιανδν
2595 1094 3011 1164 ὑποστράτηγον
3071 1093 3306 1162 ποιήσας
3362 1091 3691 1161 προτρέχειν

2101 1187 2408 1242 ἐκέλευσεν.
2462 1185 2573 1239 Καὶ
2625 1185 2769 1238 κατὰ
2824 1184 2934 1238 τῶν
2988 1183 3282 1254 βαρϐάρων
3333 1184 3691 1252 χωρήσαντες

2103 1278 2466 1353 συγκροτοῦσι
2489 1278 2726 1346 πόλεμον
2756 1278 2852 1331 καὶ
2888 1276 3112 1330 νικῶσιν
3137 1276 3179 1308 ⁸⁷
3221 1276 3502 1344 Ῥωμαῖοι.
3549 1273 3609 1327 '0
3630 1274 3691 1327 δι

2100 1376 2354 1444 Χαγάνος
2400 1373 2561 1426 τοῦτο
2616 1368 2893 1442 ἀκηκοὼς,
2947 1366 3231 1423 ἀναλαϐὼν
3276 1367 3372 1429 τὰς
3406 1365 3691 1436 δυνάμεις,

2103 1467 2300 1537 ἐχώρει
2340 1463 2478 1535 πρὸς
2530 1462 2765 1533 πόλεμον
2793 1461 2859 1514 ⁸³.
2902 1461 2962 1512 '0
3013 1458 3070 1512 δὲ
3103 1456 3397 1520 Σαλϐιανὸς
3461 1456 3585 1510 ἰδὼν
3623 1457 3694 1509 τὰ

2104 1555 2283 1626 πλήθη
2312 1553 2410 1607 καὶ
2447 1551 2842 1620 καταπλαγεὶς,
2879 1549 3015 1620 πρὸς
3063 1548 3305 1620 Πρίσκον
3352 1547 3687 1614 ἀφικνεῖται.

2103 1649 2268 1710 Γνοὺς
2296 1645 2353 1699 δὲ
2376 1646 2404 1698 ὁ
2430 1643 2684 1714 Χαγάνος
2704 1641 2804 1712 τὴν
2826 1641 2937 1693 τῶν
2983 1639 3269 1711 Ῥωμαίων
3310 1637 3689 1707 ὑποχώρησιν,

2105 1743 2181 1804 εἰς
2235 1738 2521 1809 Ἀγχίαλον
2558 1735 2842 1806 ἐξέρχεται
2901 1735 3018 1806 ἦτοι
3054 1735 3134 1796 είς
3162 1732 3256 1786 τὸν
3292 1731 3484 1800 Ἀγιον
3541 1729 3697 1784 Ἀλέο

2108 1831 2364 1902 ξανδρον·
2429 1829 2525 1882 κοιλ¹
2565 1825 2756 1882 τοῦτον
2817 1825 2895 1896 τῷ
2943 1824 3232 1896 παμφάγῳ
3276 1824 3408 1895 πυρὶ
3447 1824 3696 1894 παραδέ-

2104 1923 2317 1976 δωκεν⁶
2375 1918 2619 1990 μεταϐὰς
2679 1917 2734 1971 δὲ
2798 1917 2880 1982 εἰς
2940 1916 3008 1969 τὰ
3062 1913 3368 1986 Δριζίπερα
3425 1915 3697 1985 ἐπιχειρεῖ

2104 2011 2446 2084 ὲκπορθῆσαι
2499 2010 2560 2063 rb
2617 2001 2883 2080 πόλισμα,
2947 2006 3344 2080 πολιορκητικὰ
3389 2006 3694 2077 ἐξεργασά-

2108 2119 2267 2176 μενος
2305 2105 2535 2176 6ργανα.
2584 2103 2647 2157 Οί
2688 2101 2745 2156 δὲ
2799 2101 2867 2155 τὰ
2927 2099 3229 2171 Δριζίπερα
3272 2097 3553 2162 οἰκοῦντες
3600 2099 3696 2152 ἐπὶ

2105 2196 2358 2251 πλεῖστόν
2387 2195 2494 2268 [τε]
2522 2193 2838 2264 παρέταξαν
2879 2192 2941 2245 rb
2991 2191 3191 2265 θράσος
3211 2191 3256 2223 ⁸⁸
3299 2191 3399 2263 (5).
3428 2191 3542 2254 Τὰς
3585 2192 3696 2262 γάρ

2105 2286 2280 2350 πύλας
2308 2284 2774 2349 ἀναπετάσαντες,
2803 2281 3062 2354 ἠπείλουν
3099 2282 3215 2346 τοῖς
3271 2279 3570 2352 βαρϐάροις
3598 2299 3698 2336 πο-

2105 2379 2312 2448 λεμεῖν,
2343 2379 2400 2432 ὲν
2428 2377 2603 2449 δειλίᾳ
2628 2375 2853 2445 ἐξαισίῳ
2881 2373 3034 2437 ὄντες
3067 2373 3114 2405 ⁸ο
3149 2372 3250 2444 (6).
3287 2373 3418 2427 Τότε
3452 2374 3538 2444 δή,
3569 2374 3698 2427 τότε

2108 2470 2250 2524 θεῖαί
2277 2486 2424 2532 τινες
2453 2467 2638 2530 αὑτοῖς
2663 2465 2972 2536 ἐπέστησαν
3010 2463 3268 2534 δυνάμεις
3293 2465 3360 2517 ⁹¹.
3395 2464 3695 2535 Μεσούσης

2105 2561 2215 2632 γὰρ
2253 2560 2466 2632 ἡμέρας
2499 2559 2631 2630 ὁρᾷν
2669 2555 2856 2622 ἔδοξαν
2881 2557 2929 2610 οἱ
2975 2554 3239 2626 βάρϐαροι
3272 2555 3556 2625 Ῥωμαίων
3589 2557 3689 2608 δυ-

2108 2656 2305 2725 νάμεις
2340 2650 2660 2717 ὲπεξιοὺσας
2687 2648 2780 2703 τοῦ
2807 2648 3041 2712 ἄστεως,
3067 2647 3165 2702 καὶ
3193 2647 3403 2717 μέλλειν
3440 2646 3696 2716 συμπλέ-

2107 2746 2320 2812 κεσθαι,
2372 2744 2468 2800 καὶ
2515 2740 2962 2809 καταπλαγέντες
3015 2742 3254 2812 συντόνῳ
3305 2743 3449 2810 φυγῇ
3505 2739 3701 2793 ἀποδι-

2107 2839 2458 2908 δράσκουσιν,
2495 2836 2590 2891 καὶ
2619 2835 2709 2888 ἐπὶ
2735 2833 2833 2906 τὴν
2865 2833 3153 2906 Πείρινθον
3181 2835 3228 2866 ⁸⁸
3257 2833 3522 2903 γίνονται.
3559 2832 3621 2885 Ὀ
3642 2833 3698 2886 δὲ

2110 2930 2353 3001 Πρίσκος
2405 2927 2538 2998 μηδὲ
2569 2928 2616 2960 ⁸⁸
2660 2927 2887 2997 θεωρεῖν
2937 2925 3119 2997 φέρων
3143 2925 3189 2958 ’⁸
3231 2925 3302 2978 τὰ
3355 2923 3537 2995 πλήθη
3587 2925 3697 2977 τῶν

2109 3021 2435 3094 Βαρϐάρων,
2469 3021 2553 3085 εἰς
2597 3022 2657 3074 rb
2690 3019 3033 3091 Τζούρουλον
3051 3019 3118 3051 ³³⁸
3149 3017 3406 3072 εἰσελθὼν
3433 3017 3697 3088 φρούριον

423 3111 479 3164 in
522 3108 824 3163 Tzurulum
871 3118 1118 3164 castrum
1151 3109 1432 3181 ingressus
1459 3111 1709 3182 diligenti
1742 3114 1998 3170 custodia

2111 3113 2460 3186 ἠσφαλίξετο.
2508 3111 2566 3167 Ὀ
2610 3113 2666 3166 δὲ
2720 3113 2997 3185 βάρϐαρος
3049 3111 3144 3165 rbv
3193 3111 3435 3182 Πρίσκον
3475 3110 3698 3182 πολιορ-

423 3202 593 3258 vitam
623 3201 911 3257 tutabatur
945 3220 958 3257 :
992 3201 1192 3258 exinde
1234 3204 1304 3259 ad
1339 3204 1708 3260 obsidendum
1757 3207 2002 3263 Priscum

2113 3209 2230 3261 κεῖν
2257 3205 2542 3277 ἐνεχείρει.
2570 3204 2759 3258 Ταῦτα
2790 3205 2847 3258 δὲ
2877 3202 3134 3274 ἀκηκοὼς
3163 3203 3493 3274 Μαυρίκιος,
3518 3201 3703 3272 διηπό-

423 3293 644 3349 animus
705 3293 941 3348 barbaro
1005 3293 1244 3364 principi
1287 3293 1488 3350 factus.
1547 3294 1704 3362 Quod
1761 3314 1882 3353 cum
1942 3299 2011 3353 ad

424 3382 747 3438 lfauricium
800 3383 1098 3454 perlatum,
1156 3385 1290 3454 quid
1343 3395 1552 3457 ageret,
1588 3388 1791 3446 dubius
1829 3390 2008 3446 haesit.

422 3477 578 3532 Bono
612 3477 832 3532 tandem
857 3476 1092 3531 consilio
1117 3476 1390 3534 adversus
1421 3479 1774 3536 innumeram
1809 3482 2010 3539 barba-

422 3583 612 3624 rorum
659 3568 1070 3624 multitudinem
1120 3580 1390 3638 armatur,
1447 3580 1502 3628 et
1559 3574 1860 3642 prudentia
1909 3591 2008 3647 op-

423 3669 651 3732 pugnat.
705 3660 780 3717 De
833 3661 1214 3718 excubitorum
1271 3663 1438 3734 igitur
1465 3679 1696 3722 numero
1729 3682 1900 3721 unum
1938 3669 2007 3723 ad

423 3762 604 3808 castra
628 3750 935 3823 profectum
965 3754 1024 3808 in
1050 3753 1422 3810 Barbarorum
1454 3763 1785 3827 potestatem
1811 3768 2009 3830 sponte

426 3846 644 3917 prolabi
681 3847 844 3903 donis
874 3847 1188 3918 ingentibus
1238 3856 1294 3904 et
1339 3849 1604 3920 pollicitis
1649 3851 2010 3922 amplioribus

427 3937 667 3994 suadet:
704 3953 768 3994 ac
803 3953 912 3995 una
957 3939 1121 4018 simul
1152 3939 1221 3995 ad
1250 3937 1502 3996 Priscum
1534 3941 1744 3999 litteras
1772 3943 1822 3999 ei
1855 3957 2012 3998 com-

425 4031 596 4085 mittit
639 4031 694 4086 in
744 4031 863 4087 haec
909 4032 1118 4089 verba:
1153 4031 1570 4090 Gloriosissimo
1621 4035 1751 4090 duci
1797 4034 2012 4093 Prisco.

424 4122 703 4180 Nefarium
733 4125 1098 4182 Barbarorum
1130 4136 1388 4182 conatum
1415 4142 1486 4182 ne
1510 4126 1844 4186 reformides
1871 4147 1884 4186 :
1907 4129 2004 4200 qui

426 4215 651 4286 quidem
699 4217 875 4273 exitio
921 4216 1060 4288 ipsis
1105 4216 1234 4272 erit.
1277 4215 1740 4290 Chaganumcum
1780 4233 1986 4291 magno

2060 3327 2062 3329 >
2115 3315 2198 3370 ρει
2224 3297 2278 3350 τί
2315 3296 2527 3368 δράσοι,
2567 3294 2825 3367 εὐϐουλίᾳ
2851 3296 2898 3329 ⁸⁵
2923 3295 3000 3367 (7)
3045 3293 3102 3348 δὲ
3138 3293 3703 3364 καταστρατηγεῖτῆς

2111 3391 2342 3462 ἀπείρου
2372 3389 2656 3461 δυνάμεως
2677 3403 2692 3420 ⁸
2723 3388 2816 3441 καὶ
2836 3388 2932 3440 ἕνα
2957 3386 3067 3440 τῶν
3093 3386 3492 3458 ἐξκουϐιτόρων
3526 3385 3701 3455 μεγάο

2109 3484 2228 3546 λαις
2267 3483 2500 3553 δωρεαῖς
2533 3481 2627 3534 καὶ
2654 3480 2986 3550 ὑποσχέσεσι
3026 3478 3203 3531 πείθει
3250 3479 3429 3531 ἑκοντὶ
3464 3494 3704 3548 περιπε-

2113 3577 2226 3629 σεῖν
2247 3577 2357 3638 τοῖς
2391 3573 2728 3645 Βαρϐάροις·
2755 3572 2850 3627 xei
2881 3572 3096 3626 δίδωσιν
3117 3571 3266 3641 αὑτῷ
3293 3571 3429 3635 πρὸς
3462 3571 3707 3640 Πρίσκον

2109 3666 2417 3739 γράμματα
2439 3665 2760 3737 περιέχοντα
2793 3663 2951 3718 τάδε’
2983 3663 3078 3736 Τῷ
3129 3662 3460 3733 ἐνδοξοτάτῳ
3505 3679 3708 3733 στρατ-

2111 3758 2232 3831 ηγῷ
2262 3757 2503 3829 Πρίσκῳ.
2536 3756 2648 3826 Τήν
2678 3754 2967 3827 ἀλιτηρίαν
3005 3755 3115 3808 τῶν
3162 3753 3467 3824 Βαρϐάρων
3524 3754 3697 3824 ἐγχείο

2117 3867 2276 3922 ρησιν
2331 3849 2407 3922 μὴ
2460 3848 2775 3920 δειλιάσῃς·
2833 3845 2973 3917 πρὸς
3026 3846 3136 3917 γὰρ
3187 3842 3480 3900 ἀπώλειαν
3523 3846 3708 3901 αὑτῶν

2114 3941 2273 3997 τοῦτο
2302 3942 2556 4012 γέγονεν..
2577 3940 2819 3994 Γίνωσκε
2851 3939 2960 4010 γὰρ
2989 3940 3072 3993 ὃτι
3105 3937 3244 4009 μετὰ
3283 3938 3486 4008 πολλῆς
3513 3939 3711 4008 αἰσχύ·
3807 3983 3814 3987 .

2118 4051 2216 4105 νης
2254 4033 2365 4104 ἔχει
2397 4034 2427 4086 ὁ
2465 4033 2719 4102 Χαγάνος
2753 4031 3098 4104 ὑποστρέψαι
3135 4031 3219 4094 εἰς
3239 4031 3338 4102 τὴν
3373 4032 3709 4103 ἀφιερωθεῖ-

2121 4141 2222 4180 σαν
2248 4123 2398 4197 αὑτῷ
2430 4125 2536 4178 ὑπὸ
2574 4123 2865 4194 Ῥωμαίων
2909 4123 3117 4195 χώραν.
3160 4124 3260 4176 Διά
3301 4120 3463 4176 τοῦτο
3499 4141 3706 4196 καρτεο

2123 4219 2267 4292 ρήσῃ
2293 4219 2340 4252 ’⁸
2363 4219 2398 4290 ή
2427 4217 2523 4272 σοῦ
2555 4217 2839 4290 ὲνδοξότης
2882 4217 2942 4271 ἑν
2974 4214 3304 4289 Τζουροὺλῳ
3346 4217 3711 4288 πεμρέμϐων

1771 4327 1861 4383 VA
1871 4325 2011 4386 ΒΙΑΣ
2042 4329 2460 4388 LECTIONES.

526 4423 571 4457 ⁸⁸
597 4423 718 4483 ταῖς
749 4420 1077 4494 συνθήκαις
1136 4435 1258 4494 ςιηιζ
1302 4419 1346 4474 Α
1390 4488 1403 4494 _
1454 4419 1503 4494 f‘
1534 4421 1868 4491 παρεδέξατο
1904 4424 1998 4494 WA,
2052 4425 2238 4478 κατεδ.
2295 4424 2442 4494 vulg.

2548 4423 2595 4457 ’τ
2629 4422 2723 4496 καὶ
2766 4422 2991 4496 νικῶσιν
3015 4455 3085 4496 τ-
3115 4423 3286 4496 πρδςῌ
3308 4419 3431 4475 πόλ.
3455 4491 3466 4496 _
3491 4436 3603 4496 om:
3640 4425 3708 4477 Α.

429 4491 477 4527 ⁸⁸
503 4493 772 4565 πολεμικὰ
799 4493 864 4546 Α.
935 4488 984 4526 ³⁸
1015 4489 1326 4564 παρέταξαν
1356 4488 1417 4544 rb
1448 4489 1538 4562 θρ.
1593 4488 1659 4579 ti,
1703 4488 2084 4564 παρετάξαντο
2138 4495 2339 4566 θράσος
2389 4488 2537 4618 vulg.
2609 4495 2656 4531 ⁹⁶
2689 4493 2749 4548 ὲν
2779 4493 2948 4564 δειλίᾳ
3001 4488 3240 4564 ἐξαισίῳ
3261 4492 3413 4578 ὅντες
3439 4491 3482 4544 Δ
3512 4507 3545 4546 e
3577 4491 3615 4556 f,
3650 4496 3712 4549 tv

429 4563 728 4618 διαλέξεσιν
755 4563 904 4618 ὄντες
927 4562 1074 4618 vuln.
1147 4562 1192 4595 “
1225 4561 1368 4614 θεῖαί
1389 4577 1534 4618 τινες
1559 4562 1744 4618 αυτοῖς
1767 4562 2078 4618 ἐπέστησαν
2102 4564 2362 4618 δυνάμεις
2392 4567 2433 4618 Δ
2503 4604 2517 4618 .
2551 4564 2671 4618 θεία
2719 4581 2804 4618 τις
2833 4565 3018 4618 αὑτοῖς
3051 4566 3256 4618 ἐπέστη
3284 4564 3519 4618 bovum;
3555 4564 3704 4618 vuln.

424 4561 728 4636 διαλέξεσιν
755 4563 904 4636 ὄντες
927 4561 1110 4636 ναίεις
1147 4561 1368 4636 “Absint
1389 4561 1534 4636 τινες
1559 4562 1744 4636 αὑτοῖς
1767 4561 2078 4636 ἐπέστησαν
2102 4561 2362 4636 δυνάμεις
2392 4567 2433 4619 Δ

1601 4631 1647 4706 ’ξ
1669 4632 1874 4706 φέρων]
1917 4631 2088 4688 θέλων
2143 4651 2212 4706 a.
2240 4631 2252 4636 ’
2273 4634 2341 4669 ’δ’
2370 4635 2736 4706 Τζουρουλλδν
2768 4635 2834 4689 Α.
2886 4636 2954 4706 7"
2989 4631 3256 4706 εὐϐουλίᾳ
3282 4635 3328 4688 Α
3379 4631 3492 4688 sec.
3553 4631 3705 4689 man.

1140 4701 1514 4759 οὰτζάϐουλία
1545 4701 1691 4774 vulg.
1741 4701 1812 4738 ’⁸⁸
1839 4701 2155 4778 καρτερήσῃ
2188 4705 2254 4770 A,
2289 4701 2551 4778 καρτερεῖ
2582 4708 2621 4776 f,
2661 4705 2993 4778 καρτερήσει
3025 4705 3170 4777 vulg.

427 4633 474 4666 ”
499 4629 603 4698 ἕως
631 4637 730 4702 τήν
766 4635 831 4688 Π.
861 4650 892 4690 e
934 4635 971 4689 f.
1024 4629 1280 4760 ὐὀιηδὲῖ
1309 4632 1385 4702 μὴ
1405 4631 1452 4684 Α
1483 4629 1524 4686 ί.

427 4707 883 4760 uuemadmodum
917 4704 1059 4760 coni.
1140 4718 1256 4759 oar.
1287 4701 1514 4757 ἀϐουλία

427 4707 883 4774 quemadmodum
917 4707 1059 4775 conj.

2584 4564 2671 4637 εία
2719 4581 2804 4637 τις
2833 4563 3256 4637 αὑτοῖςᾲεπέστη
3284 4563 3519 4637 δύναμις
3555 4564 3704 4636 vulg.

1710 4821 1851 4880 JAC.
1877 4821 2090 4880 GOARI
2147 4820 2380 4880 ΝΟΤΛΕ.

502 4939 716 5011 (Ulixe
743 4939 850 4993 alia
878 4940 1070 4996 eodem
1103 4943 1265 4997 tertio
1295 4940 1477 5012 capite
1495 4939 1749 5012 ettribus
1766 4954 2007 5012 sequen-

432 5011 605 5078 tibus,
653 5015 776 5080 quaé
830 5020 1011 5082 tamen
1065 5012 1274 5082 absque
1329 5010 1596 5082 temporis
1659 5010 2002 5078 discrimine,

429 5082 584 5137 velut
606 5097 753 5136 anno
778 5080 1062 5151 superiore
1088 5080 1238 5151 gesta
1271 5080 1484 5137 narrat.

501 5151 764 5224 (5)_Barb.
795 5191 811 5218 ,
853 5150 978 5204 Ἐπὶ
1024 5150 1276 5224 πλεῖστον
1323 5151 1827 5224 ἀντιπαρετάξαντο
1873 5151 2010 5224 θάρ-

431 5222 547 5288 σος·
591 5222 786 5277 Verum
833 5236 1010 5291 neque
1037 5222 1139 5278 hoc
1173 5239 1392 5286 sanum,
1433 5222 1537 5277 sed
1572 5222 1791 5277 emend.
1825 5239 1890 5278 ex
1923 5222 2010 5278 Si-

433 5309 574 5348 moc.
605 5293 643 5349 l.
681 5309 732 5348 vt
767 5307 819 5347 c.
884 5293 939 5354 5,
974 5292 1068 5347 ubi
1114 5294 1160 5348 is
1209 5294 1284 5347 ita
1318 5293 1497 5359 εστι-ι,
1537 5294 1628 5345 ὲπὶ
1677 5293 2010 5346 ἐπίπλαστον

430 5365 649 5436 θράσος
693 5363 1012 5435 ἐφοίτησαν,
1068 5364 1418 5436 confugerunt
1483 5364 1551 5416 ad
1587 5363 1796 5436 ﬁctam
1842 5365 2012 5416 auda-

431 5433 590 5490 ciam.
622 5433 920 5504 Scripserit
942 5449 1073 5505 ergo
1103 5433 1841 5504 Τιιοὸρὶιιιηθε,ὲπίπλαστον
1865 5437 2013 5487 ἀντι-

431 5523 599 5578 παρ.,
674 5505 984 5559 simulatam
1048 5505 1333 5578 audaciam
1392 5513 1782 5578 opposuerunt;
1837 5505 1888 5558 in
1949 5518 2014 5558 eo

431 5575 741 5630 cm‘nmento
798 5578 1002 5647 posito.
1051 5576 1198 5647 quod
1253 5579 1457 5647 apertis
1513 5575 1722 5647 portis},
1777 5589 2013 5647 pugnam

433 5592 741 5630 cmumento
798 5592 1002 5647 posuo.
1051 5592 1198 5645 quoa
1253 5592 1281 5630 a
1323 5592 1457 5630 erus
1513 5592 1722 5644 porttsz,
1777 5592 2013 5644 pugnam

433 5647 926 5717 egomtninarentur,
963 5649 1021 5699 ὲν
1054 5646 1227 5717 δειλίᾳ
1263 5592 1486 5714 ἐξαισίῳ
1525 5645 1676 5717 ὅντες
1695 5662 1716 5717 _:
1773 5654 1832 5697 ut
1881 5646 2016 5696 bene

437 5712 550 5766 Pal.
589 5712 751 5783 Peyr.
784 5716 1022 5784 legitque
1045 5712 1238 5772 Anast.
1264 5759 1276 5781 ,
1311 5731 1430 5768 cum
1459 5712 1793 5782 'gmvissimo
1821 5729 2010 5780 pavore

436 5791 759 5837 tenerentur.
796 5783 1095 5840 Dolcndum
1129 5787 1207 5841 sic
1257 5785 1442 5840 omnia
1500 5785 1798 5841 devorasse
1843 5786 2010 5838 intor-

2029 4947 2086 5009 1)
2110 4949 2340 5013 pretem.
2365 4941 2676 5007 Consus;

2179 4997 2259 5083 (6)
2320 5013 2438 5067 Non
2515 4997 2917 5083 contemnenda
2967 5009 3360 5083 lectiouBarb.
3412 5013 3514 5068 cod
3553 4997 3712 5077 .,⁴ὲν

2106 5080 2412 5148 διαλέξεσιν
2437 5083 2591 5145 ὅντες
2614 5098 2628 5110 θ
2667 5080 2784 5135 Pal.
2833 5091 3013 5136 tamen
3041 5083 3124 5137 vel
3149 5081 3378 5152 Peyrez.
3420 5084 3712 5152 exempla-

2110 5155 2188 5210 ris
2257 5153 2549 5224 przefertur
2595 5153 2704 5206 alia
2737 5170 2752 5210 :
2781 5154 2840 5206 ὲν
2861 5152 3040 5223 δειλίᾳ
3099 5151 3327 5222 ἐξαισίῳ
3351 5153 3527 5217 ὄντες,
3584 5151 3712 5223 una:

2111 5225 2412 5281 Anastasio
2461 5233 2683 5293 recepta
2712 5263 2728 5288 ,
2789 5239 2908 5277 cum
2975 5234 3149 5277 essent
3180 5226 3236 5276 in
3293 5224 3581 5292 formidine
3624 5224 3711 5278 ἰη-

2146 5297 2274 5349 enti.

2113 5311 2274 5436 έθῖέῖ
2314 5365 2622 5436 Legebatur
2655 5362 3007 5436 “canant
3046 5379 3191 5436 num,
3221 5365 3477 5436 suspensi
3528 5364 3708 5436 (animi

2116 5434 2370 5495 dubium.
2398 5434 2459 5492 et
2482 5435 2808 5490 .hazsitantia
2838 5435 3011 5489 felicis
3039 5435 3265 5489 consilii
3307 5434 3546 5504 parens?
3587 5435 3708 5488 Non

2118 5506 2215 5559 ita.
2255 5506 2521 5560 Εὑϐουλία
2557 5507 2742 5574 itaque
2785 5505 3038 5576 prosperi
3089 5520 3388 5576 successus
3430 5513 3616 5576 mater
3657 5515 3715 5558 et

2118 5577 2293 5645 origo.
2329 5577 2783 5631 Einenilationem
2841 5575 3133 5629 confirmat
3180 5575 3537 5640 Anastasius,
3582 5587 3712 5628 tunc

2121 5649 2316 5713 optimo
2391 5648 2523 5700 inito
2585 5645 2812 5701 consilio
2847 5654 3115 5708 armatur,
3159 5656 3267 5699 etc.
3314 5646 3520 5699 Simoc.
3560 5645 3597 5700 Ι.
3632 5661 3712 5710 ve,

2119 5735 2167 5773 ε.
2199 5718 2250 5782 3,
2286 5717 2566 5787 ἀγχινοίας
2590 5714 2882 5771 ἀκόλουθον
2913 5715 3113 5789 βουλήν
3141 5714 3558 5786 προηνιγκατο.
