4078 6218
294 241 407 304 577

1617 237 2310 300 CilRONOGRAPHIA.
2573 299 2583 315 ,
3471 242 3538 304 57

291 351 466 406 αὐτόν
502 350 570 404 ’⁷.
627 345 930 416 Πέμπομεν
977 343 1084 416 γὰρ
1122 343 1209 398 διὰ
1257 341 1530 412 θαλάσσης
1585 341 1768 406 πλοῖα,
1799 341 1880 396 καὶ

1999 343 2276 400 dedecore
2317 342 2372 397 in
2404 334 2738 413 assignatam
2791 341 2893 398 sibi
2915 341 3220 417 aRomanis
3241 345 3581 418 provinciam

292 437 786 512 αἰχμαλωτίζομιν
825 435 924 499 τὰς
955 434 1226 504 φαμελίας
1261 431 1441 486 αὐτῶν
1467 434 1534 485 ’⁸.
1576 432 1686 486 Καὶ
1719 433 1891 500 άναγ-

290 535 529 599 λάζεται
555 529 700 600 μετὰ
729 529 997 599 αίσχύνης
1022 529 1117 580 καὶ
1155 525 1358 596 ζημίας
1395 526 1475 588 είς
1501 523 1568 578 τὰ
1603 524 1709 577 ἴδια
1759 524 1892 576 ὑπο-

291 623 558 695 στρέψαι.
601 623 660 676 ⁶0
688 621 747 673 δὲ
778 620 1030 688 Χαγάνος
1055 619 1338 689 κρατήσας
1372 616 1440 670 τὰ
1474 616 1779 688 γράμματα
1801 613 1896 667 καὶ

289 715 591 783 ἀναγνοὺς,
625 712 836 780 γίνεται
865 709 1144 781 περιδεὴς.
1174 708 1284 762 Καὶ
1331 707 1605 778 συνθήκας
1638 706 1774 776 πρὸς
1801 705 1892 759 τὸν

291 807 538 878 Πρίσκον
568 804 912 872 διαθέμενος,
944 803 1039 856 καὶ
1073 801 1399 875 είρηνεύσας
1437 802 1530 854 ἐπὶ
1567 799 1761 871 δώροις
1784 797 1894 850 ὀλί-

302 917 419 969 γοις
454 900 548 952 καὶ
600 896 972 965 ἀναξιολόγοις
1008 897 1088 960 εἰς
1142 894 1241 966 τὴν
1283 893 1482 949 ἑαυτοῦ
1529 891 1890 958 ὲπανέζευξεν

299 997 408 1065 γῆν
435 995 480 1027 ⁸⁸
514 992 650 1063 μετὰ
688 991 864 1060 φυγῆς
895 991 1189 1062 κραταιᾶς.

1997 441 2176 494 redire
2206 447 2361 494 certo
2385 439 2550 494 scias.
2581 437 2763 505 Quare
2791 439 2963 511 gloria
2995 449 3087 496 tua
3121 440 3342 496 Tzuruli
3386 444 3582 516 perdu-

1995 539 2101 591 ret,
2156 538 2210 584 et
2241 529 2562 600 Chaganum
2607 531 3019 596 circumvertet,
3056 544 3109 586 et
3143 548 3243 602 pro
3273 533 3425 588 libito
3470 533 3584 589 cir-

1996 615 2374 687 cumagitabit.
2401 615 2694 686 Copiosam
2716 619 2946 674 classem
2969 623 3105 675 mari
3126 623 3580 686 trausmittinzus.

1998 709 2486 779 captivitatemque
2538 709 2683 763 hosti
2727 715 3149 782 parainus:qui
3207 714 3409 784 alioqui
3456 731 3580 771 cum

2001 796 2270 853 dedecore
2302 807 2356 853 et
2396 800 2599 854 daan
2632 801 2852 855 domum
2901 819 3229 860 reversurus
3284 814 3390 860 est.
3441 807 3587 861 Cha-

1996 904 2175 960 ganus
2214 889 2536 961 interceptis
2568 891 2772 948 litteris
2802 894 3007 964 scripta
3035 895 3184 966 legit,
3210 907 3262 950 et
3290 915 3394 952 una
3425 883 3577 954 'metu

1993 981 2369 1036 consternitur
2407 1002 2420 1037 :
2457 983 2744 1055 pactisque
2778 1000 2902 1041 cum
2936 986 3124 1043 Prisco
3161 989 3571 1046 conditionibus

299 1090 509 1144 levium
537 1097 591 1145 et
621 1089 822 1144 nullius
853 1088 1014 1158 pretii
1045 1103 1334 1146 munerum
1401 1087 1722 1147 accessione
1764 1090 2078 1152 contentus,
2107 1083 2414 1154 composuit
2477 1096 2690 1154 pacem,
2761 1089 2815 1135 et
2881 1081 3140 1150 maxima,
3181 1099 3288 1157 qua
3366 1087 3566 1157 potuit,

293 1183 453 1252 fuga,
493 1199 551 1238 se
580 1181 872 1252 surripuit.

366 1279 434 1330 Δ.
458 1277 535 1331 Μ.
572 1274 733 1332 6085.
766 1300 838 1317 --
877 1275 1312 1346 Ἱεροσολύμων
1341 1275 1681 1330 ἐπισκόπου
1723 1275 1882 1344 Ἀμω

287 1373 430 1435 ἔτος
462 1376 538 1422 α’.

364 1462 558 1531 Τούτῳ
601 1460 678 1531 τῷ
708 1460 818 1514 ἔτει
867 1463 895 1516 6
950 1462 1308 1533 αὐτοκράτωρ
1342 1461 1646 1532 Μαυρίκιος
1679 1459 1756 1532 (8)
1787 1457 1880 1513 τὸν

289 1551 536 1621 Πρίσκον
563 1551 662 1604 σὺν
696 1552 896 1614 πάσαις
924 1554 1046 1615 ταῖς
1088 1552 1423 1622 Ῥωμαϊκαῖς
1451 1552 1745 1620 δυνάμεσιν
1783 1549 1877 1603 ἐπὶ

286 1645 384 1697 τὸν
433 1645 652 1714 Ἵστρον
713 1644 956 1713 ποταμὸν
999 1643 1266 1714 ἔπεμψεν,
1303 1643 1441 1698 ὥστε
1475 1644 1543 1698 τὰ
1572 1644 1884 1699 Σκλαϐινῶν

284 1735 425 1804 ἔθνη
459 1735 790 1806 διαπερᾶσαι
824 1735 1066 1806 κωλύσῃ.
1098 1736 1300 1790 Τούτου
1318 1738 1373 1790 δὲ
1399 1735 1642 1800 ἐλθόντος
1668 1737 1760 1790 ἐπὶ
1789 1737 1883 1791 τὸν

281 1827 642 1897 Δορόστολον,
694 1829 722 1881 6
756 1827 1013 1895 Χαγάνος.
1041 1828 1229 1898 μαθὼν
1284 1829 1542 1901 πρέσϐεις
1577 1829 1884 1900 ἐξέπεμψεν

285 1919 434 1989 πρὸς
481 1918 681 1972 αὐτόν’
739 1919 832 1973 καὶ
877 1922 1176 1991 κατῃτιᾶτο
1220 1920 1528 1991 Ῥωμαίους
1559 1921 1778 1992 ἐναρξιν
1807 1920 1884 1993 τῷ

284 2008 521 2080 πολέμῳ
548 2008 810 2072 διδόντας.
854 2009 910 2062 '0
951 2009 1009 2062 δὲ
1045 2011 1280 2081 Πρίσκος
1310 2011 1654 2080 ἀπελογεῖτο,
1680 2013 1762 2065 ὅτι
1808 2012 1882 2066 Οὐ

283 2103 435 2172 πρὸς
474 2106 488 2132 ⁸
533 2101 844 2173 βαρϐάρους
887 2102 962 2173 (9)
991 2102 1083 2155 τὸν
1135 2103 1369 2175 πόλεμον
1424 2104 1654 2174 ποιῆσαι
1699 2121 1884 2178 παρα.-

284 2194 531 2263 τέγοναο
563 2192 701 2246 ἀλλὰ
756 2193 894 2263 πρὸς
922 2194 991 2247 τά
1018 2194 1333 2248 Σκλαϐινῶν
1369 2196 1496 2266 εονη
1519 2197 1624 2249 ὑπὸ
1652 2195 1746 2250 τοῦ
1786 2197 1886 2254 αὖε

286 2286 629 2356 τοκράτορος
661 2285 996 2355 ἀπεστάλην.
1035 2286 1316 2355 Ἀκηκοὼς
1351 2287 1408 2341 δὲ
1459 2291 1486 2342 6
1537 2289 1775 2360 Πρίσκος
1801 2289 1882 2342 δτι

303 2373 366 2425 Ἀ
377 2373 676 2442 ρδάγαστος
701 2372 770 2425 τὰ
796 2373 972 2443 πλήθη
1005 2372 1114 2426 τῶν
1133 2373 1444 2427 Σκλαϐινῶν
1473 2375 1610 2445 πρὸς
1637 2375 1699 2428 τὸ
1720 2393 1886 2446 πραι-

287 2465 476 2518 δεύειν
529 2465 932 2536 διεσκόρπισεν,
964 2466 1302 2536 διαπεράσας
1327 2468 1418 2522 τὸν
1449 2468 1660 2539 Ἴστρον
1693 2468 1883 2540 μεσού-

289 2571 401 2626 σης
456 2555 649 2619 νυκτὸς
680 2558 700 2586 ²
734 2555 1010 2626 ἀδοκήτως
1061 2557 1138 2626 τῷ
1173 2555 1528 2627 Ἀρδαγάστῳ
1572 2556 1877 2628 συνέμιξεν.

298 2650 368 2704 Ὀ
417 2650 474 2704 δὲ
508 2649 875 2733 ’Δρδάγαστος
919 2649 1013 2702 τοῦ
1051 2648 1298 2702 κινδύνου
1353 2649 1678 2719 αἰσθόμενος
1714 2650 1878 2703 ἵππου

289 2756 357 2794 τε
390 2739 600 2808 γυμνοῦ
635 2738 851 2803 ὲπιϐἀς,
891 2739 1043 2810 μόλις
1067 2739 1410 2804 διασώζεται.
1444 2742 1506 2794 Oi
1538 2741 1594 2794 δὲ
1623 2741 1880 2812 Ῥωμαῖοι

295 2827 586 2892 ἀνελόντες
616 2827 790 2900 πλήθη
817 2829 1153 2893 Σκλαϐινῶν,
1187 2831 1279 2883 καὶ
1305 2830 1402 2902 τὴν
1437 2832 1564 2902 περὶ
1581 2831 1670 2884 τὸν
1691 2831 1882 2903 ’Δρδά-

2063 1261 2229 1332 228
2253 1260 2314 1313 Α.
2340 1259 2400 1314 C.
2429 1258 2552 1314 585.
2578 1288 2648 1297 —
2675 1255 3169 1330 Hierosolymorum
3193 1261 3422 1334 episcopi
3446 1265 3580 1322 Amo

1991 1370 2160 1411 annus
2193 1367 2416 1422 primus.

2058 1469 2174 1524 Hoc
2199 1480 2344 1522 anno
2368 1464 2666 1534 imperator
2692 1462 2993 1520 Mauricius
3023 1464 3272 1522 Priscum
3307 1467 3584 1526 Romano'

1987 1570 2110 1610 rum
2143 1569 2268 1610 cum
2311 1552 2487 1622 cupiis
2513 1553 2772 1607 omnibus
2794 1553 2860 1606 ad
2887 1553 3083 1609 lstrum
3111 1555 3313 1613 llumen
3344 1559 3580 1631 ablegat,

1988 1658 2048 1704 ut
2077 1646 2460 1702 Sclavinorum
2489 1654 2680 1716 gentes
2713 1661 2928 1702 amnem
2981 1650 3233 1719 trajicere
3294 1653 3583 1712 molientes

1987 1740 2298 1811 impediret.
2357 1739 2495 1794 Cum
2555 1753 2684 1793 vero
2737 1737 3085 1794 Dorostolum
3133 1744 3392 1810 venisset,
3441 1747 3582 1802 Cha-

1987 1843 2162 1899 ganus
2192 1827 2261 1882 de
2282 1827 2402 1896 eius
2435 1826 2669 1880 adventu
2711 1827 2911 1881 certior
2939 1826 3140 1896 lactus,
3167 1829 3374 1899 legatos
3407 1833 3578 1899 misit,

1987 1920 2080 1990 qui
2110 1917 2387 1974 Romanos
2416 1916 2557 1972 bello
2608 1915 2829 1970 initium
2857 1925 3023 1986 atque
3068 1920 3414 1976 occasionem
3444 1923 3578 1978 dare

1983 2009 2164 2083 questi
2187 2018 2350 2065 'sunt.
2384 2007 2658 2078 Repondit
2688 2008 2910 2064 Priscus
2941 2028 2954 2064 :
2992 2009 3197 2066 Bellum
3236 2015 3290 2066 in
3312 2012 3580 2072 Barbaros

1988 2111 2238 2157 moturus
2268 2099 2492 2154 minime
2542 2098 2746 2155 missus
2773 2115 2896 2154 sum
2930 2117 2945 2154 :
2975 2101 3123 2157 solas
3187 2100 3570 2162 Sclavinorum

1985 2205 2176 2267 gentes
2205 2211 2237 2249 α
2266 2209 2350 2249 me
2381 2193 2720 2248 coercendas
2749 2193 2918 2262 jussit
2975 2195 3296 2264 imperator.
3351 2196 3577 2254 Priscus

1986 2296 2168 2344 autem
2209 2287 2587 2342 Sclavinorum
2643 2287 2909 2356 p0pulum
2963 2293 3031 2341 ab
3083 2289 3383 2358 Ardagasto
3436 2291 3575 2347 duce

1986 2378 2222 2448 sparsim
2258 2393 2356 2448 per
2377 2377 2676 2431 llomanam
2711 2377 3051 2446 provinciam
3080 2378 3146 2432 ad
3178 2384 3412 2448 praedam
3446 2381 3577 2436 εσυ.

1986 2486 2108 2526 sum
2135 2486 2259 2526 cum
2294 2471 2552 2526 rescisset
2588 2489 2602 2526 :
2637 2470 2777 2524 lstro
2809 2470 3062 2539 trajectu,
3096 2472 3272 2525 unctis
3312 2472 3418 2527 sub
3460 2489 3576 2528 me-

1985 2564 2135 2617 dium
2167 2580 2230 2618 ex
2273 2562 2572 2632 improviso
2621 2561 2988 2632 Ardagastum
3043 2562 3312 2628 adoritur,
3358 2574 3413 2620 ct
3451 2581 3574 2619 cum

1985 2671 2052 2710 eo
2094 2671 2288 2710 manus
2319 2655 2584 2710 conserit.
2646 2653 3008 2721 Ardagastus,
3065 2655 3282 2723 cognito
3310 2657 3575 2725 periculo,

1985 2748 2134 2801 nudo
2162 2762 2304 2817 equo
2341 2747 2589 2802 insiliens
2649 2746 2736 2799 vix
2772 2746 3004 2799 salutem
3045 2746 3168 2815 luga
3200 2749 3575 2817 consequitur.

1985 2839 2217 2894 Romani
2247 2841 2434 2894 multis
2458 2838 2840 2892 Sclavinorum
2865 2837 3040 2907 copiis
3071 2839 3246 2903 caesis,
3274 2848 3434 2909 atque
3461 2843 3554 2895 uni

295 2935 504 2988 γαστον
535 2919 875 2988 διατεμόντες
933 2919 1135 2990 χώραν,
1176 2920 1550 2990 αἰχμαλωσίας
1585 2937 1645 2973 τε
1675 2923 1880 2994 κρατή-

1988 2951 2140 2990 versa
2168 2933 2456 3004 Ardagasti
2497 2934 2718 3002 regione
2736 2933 3040 3000 devastata,
3093 2935 3386 3002 captisque
3411 2935 3574 2988 innuo

294 3028 498 3075 σαντες
528 3011 724 3076 πολλὰς
751 3012 771 3043 ⁸
799 3015 880 3077 είς
935 3014 994 3066 τὸ
1019 3013 1324 3078 Βυζάντιον.
1365 3013 1611 3084 ἔπεμπεν
1654 3013 1740 3068 διὰ
1778 3015 1884 3069 Τα-

290 3105 541 3177 τήμερος
584 3105 624 3158 ⁸.
670 3105 730 3157 Ὀ
791 3104 846 3157 δὲ
881 3105 1139 3175 Τατήμερ
1181 3106 1201 3138 ⁵
1241 3105 1481 3170 ὲκλύτως
1526 3106 1624 3176 τὴν
1658 3106 1880 3177 πορείαν

293 3199 640 3267 ποιούμενος,
697 3198 794 3250 καὶ
828 3197 907 3260 είς
961 3197 1138 3268 μέθην
1177 3198 1269 3250 καὶ
1300 3199 1510 3269 τρυφὴν
1562 3198 1831 3262 ἐπιδιδοὺς
1859 3199 1879 3229 ⁸

292 3291 530 3358 ἡμέλει⁹
572 3290 668 3342 καὶ
717 3291 784 3360 τῇ
833 3288 990 3360 τρίτῃ
1045 3289 1275 3359 ήμέρᾳτ
1325 3288 1507 3360 πλήθη
1567 3289 1878 3343 Σῑιιλαϐινῶν

293 3379 798 3452 ἐπιτίθενταιαὺτῷ
819 3395 832 3410 ⁸
872 3380 967 3434 καὶ
992 3380 1164 3451 δειλίᾳ
1196 3381 1502 3450 συσχεθεὶς,
1551 3381 1766 3452 φεύγων
1799 3382 1878 3444 είς

292 3475 356 3526 τὸ
392 3473 686 3538 Βυζάντιον
716 3465 870 3544 ἧκεν.
905 3473 966 3526 Οἱ
995 3473 1051 3526 δὲ
1082 3475 1179 3526 σὺν
1205 3473 1354 3544 αὐτῷ
1385 3473 1644 3544 Ῥωμαῖοι
1684 3476 1878 3545 ἐγκραο

293 3570 404 3632 τῶς
436 3571 548 3632 τοῖς
577 3570 596 3599 ⁸
624 3568 940 3632 Σκλαϐινοίς
1000 3569 1400 3642 μαχησάμενοι,
1456 3568 1718 3641 κρατοῦσι
1741 3565 1746 3572 ’
1766 3569 1875 3623 τῶν

297 3659 606 3730 Βαρϐάρων
671 3660 1004 3731 παραδόξως,
1051 3662 1145 3715 καὶ
1199 3663 1279 3724 είς
1326 3662 1385 3714 16
1429 3661 1718 3724 Βυζάντιον
1777 3661 1875 3730 τὴν

303 3752 682 3821 αἰχμαλωσίαν
715 3753 786 3824 τῷ
833 3753 1045 3824 βασιλεῖ
1073 3755 1094 3786 ⁹
1131 3753 1508 3818 ἁποσώζουσιν
1535 3769 1549 3784 ο
1609 3755 1637 3806 6
1673 3752 1731 3806 δὲ
1779 3752 1876 3804 αὑ-

302 3847 593 3917 τοκράτωρ
652 3847 1003 3918 εὐφρανθεὶς,
1051 3845 1507 3918 εὐχαριστηρίους
1570 3845 1613 3876 ¹⁰
1670 3843 1872 3915 ὕμνους

301 3938 445 4008 μετὰ
489 3940 782 4009 πάσης,τῆς
819 3940 1026 4003 πόλεως
1047 3941 1125 4012 τῷ
1155 3939 1275 4011 Θεῷ
1321 3937 1678 4010 προσέφερεν.
1731 3936 1789 3989 '0
1813 3936 1871 3988 δὲ

295 4030 537 4102 Πρίσκος
575 4030 873 4104 θαρρήσας,
903 4033 980 4096 εἰς
1006 4031 1074 4085 τὰ
1105 4031 1348 4102 ὲσώτερα
1382 4030 1522 4101 μέρη
1552 4029 1663 4082 τῶν
1696 4028 1870 4082 Σκλα-

293 4124 462 4176 ϐινῶν
497 4125 715 4196 ἐχώρει.
751 4125 964 4196 Γήπαις
1013 4126 1069 4178 δὲ
1113 4123 1250 4196 ἀνὴρ
1283 4124 1383 4194 τῆς
1420 4123 1716 4194 θρησκείας
1762 4121 1871 4175 τῶν

291 4217 636 4287 Χριστιανῶν
668 4218 928 4290 ὑπάρχων
955 4218 1244 4288 αὐτομολεῖ
1272 4218 1408 4288 πρὸς
1439 4215 1764 4288 Ῥωμαίους,
1779 4216 1870 4270 καὶ

1985 3029 2173 3091 meris,
2254 3028 2453 3082 multos
2480 3043 2547 3080 ex
2586 3025 2669 3082 eis
2720 3025 3041 3096 Byzantium
3101 3041 3196 3094 per
3233 3025 3571 3081 Tatemerem

1985 3119 2360 3174 transmisere.
2406 3117 2660 3172 Tatemer
2694 3117 2796 3171 iter
2827 3132 2996 3187 agens
3048 3118 3305 3172 incautus
3336 3125 3390 3174 ct
3415 3133 3570 3173 reso-

1983 3210 2154 3273 lutus,
2187 3211 2314 3264 vino
2339 3210 2566 3278 insuper
2589 3216 2644 3262 et
2669 3207 3040 3278 voluptatibus
3081 3223 3179 3277 per
3230 3208 3345 3263 vias
3388 3209 3571 3262 indul-

1979 3318 2136 3372 gens,
2168 3301 2323 3356 tertia
2365 3301 2451 3355 die
2482 3303 2535 3354 in
2592 3300 2921 3354 irruentium
2975 3298 3354 3353 Sclavinorum
3373 3314 3571 3354 manus

1979 3395 2174 3450 incidit
2211 3413 2224 3448 :
2259 3405 2369 3448 tum
2403 3402 2546 3448 metu
2597 3402 2906 3462 correptus,
2963 3392 3085 3463 luga
3123 3392 3440 3463 Byzantium
3487 3403 3572 3445 at-

1979 3488 2157 3556 tingit.
2211 3489 2282 3539 At
2317 3485 2546 3540 Romani
2582 3485 2774 3556 reliqui
2810 3485 2909 3539 vire
2932 3487 3161 3539 comites
3189 3482 3569 3538 Sclavinorum

1977 3579 2240 3648 impetum
2274 3577 2490 3632 fortiter
2509 3578 2866 3641 sustinentes,
2916 3587 3111 3646 praeter
3146 3592 3298 3645 spem
3348 3590 3566 3630 omnem

1982 3668 2262 3730 Barbaros
2295 3680 2577 3738 superant,
2605 3679 2658 3724 et
2697 3671 3008 3723 universam
3045 3667 3279 3738 praedam
3326 3668 3570 3738 captivo-

1977 3775 2210 3829 rumque
2237 3775 2444 3815 turmas
2476 3761 2779 3814 incolumes
2816 3761 2884 3814 ad
2943 3761 3328 3828 imperatorem
3355 3759 3569 3830 Byzan-

1976 3853 2113 3906 tium
2141 3853 2404 3906 detulere.
2447 3853 2546 3906 His
2581 3852 2877 3920 imperator
2930 3852 3168 3916 limatus,
3233 3851 3565 3905 benelieium

1974 3942 2215 3998 divinum
2252 3942 2506 3996 laudibus
2529 3933 2582 3995 et
2612 3941 2825 4012 hymnis
2856 3953 3196 4007 compensat,
3230 3950 3286 3994 et
3315 3955 3440 3994 cum
3476 3955 3562 3994 to-

1977 4035 2086 4089 tius
2119 4033 2272 4088 urbis
2320 4032 2516 4102 populo
2560 4042 2741 4102 grates
2783 4031 2890 4086 Deo
2920 4031 3057 4084 litat.
3117 4029 3292 4084 Porro
3347 4029 3568 4086 Priscus

1972 4139 2228 4180 successu
2252 4124 2541 4178 audentior
2564 4122 2829 4187 redditus,
2863 4121 3150 4176 interiores
3176 4119 3561 4175 Sclavinorum

1973 4220 2482 4287 partes’penetrat.
2545 4213 2682 4267 Tum
2722 4229 2849 4267 vero
2899 4212 3077 4282 Gepes
3103 4213 3188 4267 vir
3225 4211 3565 4267 Christiano-

286 4310 387 4381 τὴν
410 4311 615 4364 εἴσοδον
636 4315 747 4374 τοῖς
791 4311 1082 4381 Ῥωμαίοις
1117 4310 1415 4375 ὑπέδειξεν,
1452 4312 1546 4364 καὶ
1579 4311 1688 4364 τῶν
1724 4311 1868 4382 Βαρ-

1984 4325 2097 4364 rum
2134 4307 2384 4379 religioni
2413 4307 2688 4373 addictus,
2707 4308 2760 4360 in
2786 4304 3154 4359 Romanorum
3175 4313 3354 4375 partes
3379 4313 3562 4360 trans-

288 4399 478 4470 ίάρων
510 4401 823 4470 ἐκράτησαν
849 4416 862 4429 ·
899 4401 1068 4470 ἔφησε
1099 4399 1154 4452 δὲ
1183 4401 1275 4453 καὶ
1319 4401 1657 4454 Μουσούκιον
1705 4401 1745 4431 ¹¹
1779 4401 1868 4452 τὸν

292 4493 438 4562 ῥῆγα
485 4492 594 4544 τῶν
630 4492 932 4562 Βαρϐάρων
998 4491 1106 4545 ἀπὸ
1158 4492 1453 4562 τριάκοντα
1507 4492 1750 4563 σημείων
1790 4493 1868 4546 διο

291 4582 388 4650 άγε
401 4601 447 4636 ιν
486 4584 552 4638 ¹⁹.
581 4584 851 4654 Προδοσίᾳ
879 4583 936 4638 δὲ
966 4583 1058 4636 τοῦ
1083 4583 1350 4654 Γήπαιδος
1374 4584 1565 4647 διαϐάς
1591 4584 1684 4638 τὸν
1711 4602 1874 4638 ποτα-

1977 4403 2116 4467 iens,
2166 4401 2472 4471 ingressum
2515 4397 2778 4452 Romanis
2829 4397 3031 4452 indicat
3079 4415 3091 4448 :
3139 4398 3234 4467 qui
3275 4396 3423 4451 nullo
3478 4396 3560 4449 la-

1975 4495 2106 4549 bore
2158 4492 2525 4547 Barbarorum
2578 4490 2855 4560 regionem
2907 4490 3173 4544 obtinent.
3253 4487 3559 4556 Musugium

1983 4597 2164 4642 autem
2193 4587 2564 4642 Barbarorum
2597 4599 2776 4656 regem
2819 4583 2887 4638 ad
2926 4583 3267 4654 trigesimum
3321 4581 3558 4652 lapidem

1643 4703 1878 4760 VARle
1918 4703 2324 4761 LECTIONES.

359 4821 406 4852 ⁹⁷
438 4819 620 4890 αὑτὸν]
659 4821 857 4883 αὐτοὺς
886 4821 929 4873 Α
971 4820 1024 4874 b.
1101 4821 1147 4853 "
1178 4821 1276 4884 τὰς
1314 4821 1585 4891 φαμελίας
1622 4823 1802 4876 αὐτῶν
1841 4823 1887 4876 Α
1942 4838 1972 4876 a
2025 4823 2065 4886 ί,
2097 4823 2294 4885 αὐτοὺς
2340 4823 2484 4891 vulg.

390 4893 418 4942 6
443 4892 681 4944 Πρίσκος
710 4909 818 4944 om.
851 4894 892 4943 Α
928 4890 967 4944 f.
1063 4891 1084 4922 ⁸
1120 4907 1241 4944 nec.
1275 4892 1334 4944 δὲ
1394 4894 1492 4944 τῆς
1545 4893 1738 4944 νυκτὸς
1770 4895 1835 4944 Α.
1943 4896 1964 4927 ³
1996 4892 2222 4944 πολλούς
2257 4894 2320 4944 Α.
2425 4893 2446 4923 ⁵
2474 4893 2484 4903 ’

292 4921 359 4933 -
390 4895 418 4942 6
443 4895 681 4960 Πρίσκος
710 4909 818 4945 om.
851 4895 892 4943 Α
928 4895 967 4944 f.
1063 4895 1084 4922 ¹
1119 4907 1241 4962 μεσ.
1275 4895 1334 4945 δὲ
1394 4895 1492 4961 τῆς
1545 4895 1738 4949 νυκτὸς
1770 4895 1835 4948 Α.
1943 4896 1964 4927 ³
1996 4895 2222 4956 πολλοὺς
2257 4895 2320 4945 Α.

292 4961 421 5032 μερ]
456 4961 701 5029 Ἱάτητος
748 4965 788 5014 Α
821 4963 857 5027 l',
903 4963 1160 5028 Τάτητως
1188 4964 1239 5015 b.
1274 5031 1277 5032 ν
1319 4963 1339 4993 ⁸
1369 4964 1635 5026 ἐπιδιδοὺς
1662 4965 1729 5028 Α,
1763 4964 1980 5028 ἐπιδοὺς
2004 4965 2150 5031 vulg.
2250 4964 2270 4994 ⁷
2305 4981 2320 5012 ι

1770 5035 1812 5064 ¹⁰
1839 5029 2303 5106 εὐχαριστηρίους.
2324 5036 2388 5106 Α,
2421 5029 2799 5106 εὖχαρῄιστίους
2826 5029 2972 5100 vulg.

291 4921 359 4933 —
390 4892 681 4962 δΠρξσκος
710 4909 818 4945 om.
851 4894 892 4943 Α
928 4890 967 4944 l'.
1063 4891 1084 4922 ⁸
1119 4907 1241 4962 μεσ.
1275 4892 1334 4945 δὲ
1394 4890 1492 4961 τῆς
1545 4893 1738 4949 νυκτὸς
1770 4895 1835 4948 Α.

292 5031 436 5093 vulg.
514 5033 534 5062 ⁸
561 5035 672 5094 τοῖς
707 5035 830 5084 add.
861 5049 922 5084 rx
980 5035 1044 5084 Α.
1121 5034 1142 5064 ⁹
1167 5031 1241 5100 τῷ
1261 5031 1470 5101 βασιλεῖ
1491 5049 1600 5088 om.
1627 5039 1688 5086 A.

2567 4821 2612 4855 oo
2634 4819 2739 4887 γῆν
2787 4818 2912 4870 add.
2947 4833 3011 4871 ex
3038 4817 3100 4869 Α.
3183 4816 3554 4888 ¹δτιίοῦκπρδῖ

2257 4894 2320 4945 Α.
2425 4887 2816 4959 δ’Τατὴμερος]
2852 4888 3100 4958 Τήμερος
3142 4889 3205 4940 Α.
3303 4887 3324 4918 ⁸
3371 4887 3554 4956 Tati)-

2250 4964 2270 4994 ⁸1
2305 4963 2393 4994 mn
2440 4965 2503 4994 ..τι
2557 4962 2712 4994 ’νηί-Ρη
2757 4961 2831 4994 α..
2898 4964 2925 4994 Α
3005 4963 3061 4994 ευ
3085 4959 3147 4994 ea
3178 4957 3333 4994 enim
3367 4956 3420 4994 εξ
3451 4959 3521 4994 4m

2305 4963 2398 5014 καὶ
2440 4965 2504 5030 τῇ
2557 4956 2714 5028 τρίτη
2892 4956 2956 5023 Α,
3004 4956 3061 5010 ἐν
3085 4959 3148 5027 τῇ
3178 4957 3335 5042 τρίτη
3367 4956 3423 5008 δὲ
3451 4959 3550 5027 ὴμ.

2324 5036 2388 5082 Α.
2421 5030 2799 5082 εὐγαοιστίουε
2826 5029 2972 5082 vuln.
3052 5029 3089 5059 “
3122 5029 3462 5082 Μουσουκιον
3507 5026 3554 5078 Δ

289 5117 342 5162 a,
373 5102 713 5169 δίονσοὺγιον
745 5118 794 5168 e,
827 5103 1160 5170 Μουσούγιον
1186 5095 1325 5173 vulg.
1362 5103 1660 5157 Musacium
1685 5103 1875 5158 Anast.
1905 5095 1991 5136 ’λδ
2017 5095 2250 5172 διάξειν]
2284 5095 2620 5173 ὑπάρχέζντ.

1591 5221 1731 5277 JAC.
1764 5221 1975 5278 GOARI
2043 5219 2273 5276 NOTJE.

363 5339 439 5408 (8)
466 5337 528 5412 in
555 5338 719 5391 alium
755 5353 957 5392 annuat
983 5339 1200 5408 seponit
1227 5340 1330 5395 ista
1369 5340 1670 5395 Simocatta
1705 5357 1862 5412 capp.

289 5409 342 5490 6,
375 5413 429 5474 ἶ,
455 5411 489 5462 8
527 5418 580 5490 et
605 5413 639 5474 9
677 5426 693 5474 ;
722 5422 910 5462 verum
941 5425 1049 5463 non
1081 5413 1186 5466 nisi
1211 5412 1460 5466 decimus
1482 5412 1550 5465 ab
1586 5428 1650 5466 eo
1686 5409 1868 5481 potest

290 5489 664 5618 Μςιὸῗὶἓῗῦει
687 5564 752 5604 ex
786 5545 1048 5620 Simocat.
1075 5549 1114 5605 l.
1153 5565 1226 5620 vi,
1269 5565 1320 5605 c.
1362 5551 1414 5614 6,
1462 5551 1684 5620 ipsaque
1726 5552 1869 5608 serie

291 5619 394 5688 leg.
436 5619 691 5692 Ἀὁάρεις
722 5637 734 5672 :
770 5618 850 5673 sic
874 5621 1021 5692 enim
1051 5621 1140 5677 ille
1167 5619 1419 5676 Priscum
1454 5618 1704 5692 Cllagtltli
1733 5639 1866 5692 que-

293 5694 417 5748 relis
453 5689 881 5762 respondentem
913 5691 1130 5749 inducit
1161 5709 1176 5762 ;
1218 5694 1357 5747 κατὰ
1393 5691 1500 5747 τῶν
1558 5689 1866 5747 Σίκλαϐίνων

1966 5341 2204 5414 ᾅρασθαι
2237 5339 2471 5414 πόλεμον
2500 5357 2512 5369 ο
2544 5338 2791 5414 μὴ-γὰρ-
2816 5338 3031 5414 οὐιταιξς
3072 5331 3403 5414 Ἀϐαρικαῖςε
3429 5347 3551 5414 συν-

1967 5402 2165 5482 θῆκαις
2186 5428 2254 5482 ,τε
2291 5402 2387 5463 καί
2418 5402 2802 5482 σπονδαῖς-καὶ
2847 5408 2938 5482 16v
2972 5402 3208 5482 Γετικδν⁸
3241 5402 3550 5453 καταλύσα-

1968 5471 2094 5534 σσαι
2124 5471 2371 5552 πόλεμον
2393 5497 2406 5511 ο
2446 5480 2654 5534 Bellum
2684 5479 2792 5552 hoc,
2825 5479 3078 5552 adversus
3116 5471 3335 5552 §claoos
3365 5485 3546 5552 suffe-

1967 5563 2116 5622 ptum
2148 5539 2280 5605 esse:
2319 5549 2444 5604 Non
2483 5552 2621 5623 enim
2651 5551 2899 5623 partis_et
2942 5544 3373 5623 faderibttrcum
3401 5539 3548 5623 Alm-

1971 5611 2088 5677 rum
2139 5632 2286 5692 gente
2318 5623 2488 5687 initis,
2521 5611 2682 5676 etiam
2716 5619 2770 5672 in
2823 5611 2979 5672 Getes
3016 5611 3401 5682 expeditionem
3444 5611 3547 5666 int-

1967 5691 2163 5763 pediri.
2197 5691 2488 5750 ασκεω-ιε.

3239 5885 3274 5922 ἢ
