  <div class='ocr_page' id='page_1' title='image "/cluster/home/n/w/nwhite01/storage/ocr_20150623/108/hvd.32044073502320/296.png"; bbox 0 0 4078 6218; ppageno 0'>
   <div class='ocr_carea' id='block_1_1' title="bbox 304 295 414 362">
    <p class='ocr_par' dir='ltr' id='par_1_1' title="bbox 304 295 414 362">
     <span class='ocr_line' id='line_1_1' title="bbox 304 295 414 362; baseline -0.018 0"><span class='ocrx_word' id='word_1_1' title='bbox 304 295 414 362; x_wconf 82' lang='lat'><strong>581</strong></span> 
     </span>
    </p>
   </div>
   <div class='ocr_carea' id='block_1_2' title="bbox 1621 293 2300 354">
    <p class='ocr_par' dir='ltr' id='par_1_2' title="bbox 1621 293 2300 354">
     <span class='ocr_line' id='line_1_2' title="bbox 1621 293 2300 354; baseline 0.006 -4"><span class='ocrx_word' id='word_1_2' title='bbox 1621 293 2300 354; x_wconf 79' lang='lat' dir='ltr'><strong>CHRONOGRAPHIA.</strong></span> 
     </span>
    </p>
   </div>
   <div class='ocr_carea' id='block_1_3' title="bbox 3491 290 3596 355">
    <p class='ocr_par' dir='ltr' id='par_1_3' title="bbox 3491 290 3596 355">
     <span class='ocr_line' id='line_1_3' title="bbox 3491 290 3596 355; baseline -0.019 1"><span class='ocrx_word' id='word_1_3' title='bbox 3491 290 3596 355; x_wconf 75' lang='lat'><strong>582</strong></span> 
     </span>
    </p>
   </div>
   <div class='ocr_carea' id='block_1_4' title="bbox 383 401 1901 480">
    <p class='ocr_par' dir='ltr' id='par_1_4' title="bbox 383 403 1894 480">
     <span class='ocr_line' id='line_1_4' title="bbox 383 403 1894 480; baseline -0.003 -17"><span class='ocrx_word' id='word_1_4' title='bbox 383 407 574 480; x_wconf 67' lang='grc' dir='ltr'>τούτῳ</span> <span class='ocrx_word' id='word_1_5' title='bbox 604 405 685 478; x_wconf 82' lang='grc' dir='ltr'>τῷ</span> <span class='ocrx_word' id='word_1_6' title='bbox 712 405 824 461; x_wconf 74' lang='grc' dir='ltr'>ἔτει</span> <span class='ocrx_word' id='word_1_7' title='bbox 841 405 920 470; x_wconf 84' lang='grc' dir='ltr'><strong>είς</strong></span> <span class='ocrx_word' id='word_1_8' title='bbox 943 405 1008 460; x_wconf 74' lang='grc' dir='ltr'><strong>τὰ</strong></span> <span class='ocrx_word' id='word_1_9' title='bbox 1025 404 1116 459; x_wconf 81' lang='grc' dir='ltr'>τοῦ</span> <span class='ocrx_word' id='word_1_10' title='bbox 1141 403 1432 470; x_wconf 73' lang='grc' dir='ltr'><strong>Βυζαντίου</strong></span> <span class='ocrx_word' id='word_1_11' title='bbox 1461 403 1760 474; x_wconf 75' lang='grc' dir='ltr'><strong>προάστεια</strong></span> <span class='ocrx_word' id='word_1_12' title='bbox 1781 404 1894 475; x_wconf 70' lang='grc' dir='ltr'><strong>(Η)</strong></span> 
     </span>
    </p>
   </div>
   <div class='ocr_carea' id='block_1_5' title="bbox 2002 401 3598 480">
    <p class='ocr_par' dir='ltr' id='par_1_5' title="bbox 2075 401 3598 474">
     <span class='ocr_line' id='line_1_5' title="bbox 2075 401 3598 474; baseline 0.002 -16"><span class='ocrx_word' id='word_1_13' title='bbox 2075 404 2187 461; x_wconf 84' lang='lat' dir='ltr'><strong>lloc</strong></span> <span class='ocrx_word' id='word_1_14' title='bbox 2223 419 2367 460; x_wconf 86' lang='lat' dir='ltr'><strong>anno</strong></span> <span class='ocrx_word' id='word_1_15' title='bbox 2391 413 2639 459; x_wconf 83' lang='lat' dir='ltr'><strong>monstra</strong></span> <span class='ocrx_word' id='word_1_16' title='bbox 2685 402 2740 457; x_wconf 91' lang='lat' dir='ltr'><strong>in</strong></span> <span class='ocrx_word' id='word_1_17' title='bbox 2781 401 3114 458; x_wconf 80' lang='lat' dir='ltr'><strong>suburbanis</strong></span> <span class='ocrx_word' id='word_1_18' title='bbox 3160 401 3408 474; x_wconf 75' lang='lat' dir='ltr'><strong>Byzantii</strong></span> <span class='ocrx_word' id='word_1_19' title='bbox 3453 403 3598 461; x_wconf 80' lang='lat' dir='ltr'><strong>locis</strong></span> 
     </span>
    </p>
   </div>
   <div class='ocr_carea' id='block_1_6' title="bbox 303 493 1899 568">
    <p class='ocr_par' dir='ltr' id='par_1_6' title="bbox 303 493 1899 568">
     <span class='ocr_line' id='line_1_6' title="bbox 303 493 1899 568; baseline -0.005 -12"><span class='ocrx_word' id='word_1_20' title='bbox 303 505 592 556; x_wconf 74' lang='grc' dir='ltr'>τίκτονται</span> <span class='ocrx_word' id='word_1_21' title='bbox 617 498 847 568; x_wconf 85' lang='grc' dir='ltr'>τέρατα,</span> <span class='ocrx_word' id='word_1_22' title='bbox 881 495 1094 550; x_wconf 80' lang='grc' dir='ltr'>παιδίον</span> <span class='ocrx_word' id='word_1_23' title='bbox 1120 494 1446 564; x_wconf 81' lang='grc' dir='ltr'><strong>τετράπουν,</strong></span> <span class='ocrx_word' id='word_1_24' title='bbox 1477 494 1572 547; x_wconf 71' lang='grc' dir='ltr'>καὶ</span> <span class='ocrx_word' id='word_1_25' title='bbox 1599 493 1728 568; x_wconf 77' lang='grc' dir='ltr'>ἄλλο</span> <span class='ocrx_word' id='word_1_26' title='bbox 1755 495 1899 548; x_wconf 78' lang='grc' dir='ltr'>δικό-</span> 
     </span>
    </p>
   </div>
   <div class='ocr_carea' id='block_1_7' title="bbox 307 585 1899 665">
    <p class='ocr_par' dir='ltr' id='par_1_7' title="bbox 307 585 1899 665">
     <span class='ocr_line' id='line_1_7' title="bbox 307 585 1899 665; baseline -0.007 -17"><span class='ocrx_word' id='word_1_27' title='bbox 307 609 485 665; x_wconf 79' lang='grc' dir='ltr'>ρυφον</span> <span class='ocrx_word' id='word_1_28' title='bbox 501 591 568 647; x_wconf 80' lang='grc'><strong>”.</strong></span> <span class='ocrx_word' id='word_1_29' title='bbox 610 589 844 658; x_wconf 83' lang='grc' dir='ltr'><strong>Λέγουσι</strong></span> <span class='ocrx_word' id='word_1_30' title='bbox 881 587 937 642; x_wconf 72' lang='grc' dir='ltr'><strong>δὲ</strong></span> <span class='ocrx_word' id='word_1_31' title='bbox 967 589 1018 640; x_wconf 74' lang='lat' dir='ltr'><strong>oi</strong></span> <span class='ocrx_word' id='word_1_32' title='bbox 1050 586 1148 651; x_wconf 77' lang='grc' dir='ltr'>τὰς</span> <span class='ocrx_word' id='word_1_33' title='bbox 1188 586 1430 658; x_wconf 85' lang='grc' dir='ltr'>ίστορίας</span> <span class='ocrx_word' id='word_1_34' title='bbox 1478 585 1755 656; x_wconf 72' lang='grc' dir='ltr'>ἐπιμελῶς</span> <span class='ocrx_word' id='word_1_35' title='bbox 1805 587 1899 654; x_wconf 82' lang='grc' dir='ltr'><strong>ἐγ-</strong></span> 
     </span>
    </p>
   </div>
   <div class='ocr_carea' id='block_1_8' title="bbox 304 672 1896 759">
    <p class='ocr_par' dir='ltr' id='par_1_8' title="bbox 304 672 1896 759">
     <span class='ocr_line' id='line_1_8' title="bbox 304 672 1896 759; baseline -0.006 -20"><span class='ocrx_word' id='word_1_36' title='bbox 304 687 622 759; x_wconf 71' lang='grc' dir='ltr'>γράφοντες</span> <span class='ocrx_word' id='word_1_37' title='bbox 655 682 729 753; x_wconf 79' lang='grc' dir='ltr'>μὴ</span> <span class='ocrx_word' id='word_1_38' title='bbox 757 679 1047 751; x_wconf 76' lang='grc' dir='ltr'>σημαίνειν</span> <span class='ocrx_word' id='word_1_39' title='bbox 1087 678 1269 747; x_wconf 78' lang='grc' dir='ltr'>ἁγαθά</span> <span class='ocrx_word' id='word_1_40' title='bbox 1295 681 1412 740; x_wconf 81' lang='grc' dir='ltr'>ταῖς</span> <span class='ocrx_word' id='word_1_41' title='bbox 1437 677 1676 743; x_wconf 77' lang='grc' dir='ltr'>πόλεσιν,</span> <span class='ocrx_word' id='word_1_42' title='bbox 1710 680 1768 732; x_wconf 79' lang='grc' dir='ltr'>ἐν</span> <span class='ocrx_word' id='word_1_43' title='bbox 1807 672 1896 743; x_wconf 77' lang='grc' dir='ltr'>αἷς</span> 
     </span>
    </p>
   </div>
   <div class='ocr_carea' id='block_1_9' title="bbox 301 766 1893 844">
    <p class='ocr_par' dir='ltr' id='par_1_9' title="bbox 301 766 1893 844">
     <span class='ocr_line' id='line_1_9' title="bbox 301 766 1893 844; baseline -0.008 -14"><span class='ocrx_word' id='word_1_44' title='bbox 301 777 378 830; x_wconf 71' lang='grc' dir='ltr'>ἂν</span> <span class='ocrx_word' id='word_1_45' title='bbox 418 776 464 808; x_wconf 82' lang='grc'>⁸⁸</span> <span class='ocrx_word' id='word_1_46' title='bbox 497 773 737 844; x_wconf 85' lang='grc' dir='ltr'>τεχθῶσι</span> <span class='ocrx_word' id='word_1_47' title='bbox 770 771 840 824; x_wconf 75' lang='grc' dir='ltr'>τὰ</span> <span class='ocrx_word' id='word_1_48' title='bbox 865 768 1114 823; x_wconf 81' lang='grc' dir='ltr'>τοιαῦτα.</span> <span class='ocrx_word' id='word_1_49' title='bbox 1149 769 1210 822; x_wconf 86' lang='lat'><strong>&#39;0</strong></span> <span class='ocrx_word' id='word_1_50' title='bbox 1229 768 1287 820; x_wconf 69' lang='grc' dir='ltr'><strong>δὲ</strong></span> <span class='ocrx_word' id='word_1_51' title='bbox 1329 767 1582 837; x_wconf 80' lang='grc' dir='ltr'>βασιλεὺς</span> <span class='ocrx_word' id='word_1_52' title='bbox 1619 767 1712 820; x_wconf 78' lang='grc' dir='ltr'><strong>τὸν</strong></span> <span class='ocrx_word' id='word_1_53' title='bbox 1765 766 1893 836; x_wconf 84' lang='grc' dir='ltr'>Πρί-</span> 
     </span>
    </p>
   </div>
   <div class='ocr_carea' id='block_1_10' title="bbox 305 857 1899 937">
    <p class='ocr_par' dir='ltr' id='par_1_10' title="bbox 305 857 1899 937">
     <span class='ocr_line' id='line_1_10' title="bbox 305 857 1899 937; baseline -0.008 -15"><span class='ocrx_word' id='word_1_54' title='bbox 305 884 445 922; x_wconf 77' lang='grc' dir='ltr'>σκον</span> <span class='ocrx_word' id='word_1_55' title='bbox 467 866 566 937; x_wconf 81' lang='grc' dir='ltr'>τῆς</span> <span class='ocrx_word' id='word_1_56' title='bbox 593 861 930 934; x_wconf 72' lang='grc' dir='ltr'>στρατηγίας</span> <span class='ocrx_word' id='word_1_57' title='bbox 951 862 997 894; x_wconf 74' lang='grc'><strong>⁸⁸</strong></span> <span class='ocrx_word' id='word_1_58' title='bbox 1025 858 1306 914; x_wconf 76' lang='grc' dir='ltr'>άποπαύει</span> <span class='ocrx_word' id='word_1_59' title='bbox 1321 875 1335 888; x_wconf 73' lang='grc' dir='ltr'><strong>ο</strong></span> <span class='ocrx_word' id='word_1_60' title='bbox 1360 857 1565 930; x_wconf 85' lang='grc' dir='ltr'>Πέτρον</span> <span class='ocrx_word' id='word_1_61' title='bbox 1588 857 1646 911; x_wconf 76' lang='grc' dir='ltr'><strong>δὲ</strong></span> <span class='ocrx_word' id='word_1_62' title='bbox 1667 857 1754 910; x_wconf 80' lang='grc' dir='ltr'><strong>τὸν</strong></span> <span class='ocrx_word' id='word_1_63' title='bbox 1781 858 1899 912; x_wconf 78' lang='grc' dir='ltr'>έαυο</span> 
     </span>
    </p>
   </div>
   <div class='ocr_carea' id='block_1_11' title="bbox 303 950 1897 1024">
    <p class='ocr_par' dir='ltr' id='par_1_11' title="bbox 303 950 1897 1024">
     <span class='ocr_line' id='line_1_11' title="bbox 303 950 1897 1024; baseline -0.008 -10"><span class='ocrx_word' id='word_1_64' title='bbox 303 959 414 1014; x_wconf 68' lang='grc' dir='ltr'><strong>τοῦ</strong></span> <span class='ocrx_word' id='word_1_65' title='bbox 445 955 674 1024; x_wconf 75' lang='grc' dir='ltr'>ἀδελφὺν</span> <span class='ocrx_word' id='word_1_66' title='bbox 705 951 1010 1024; x_wconf 78' lang='grc' dir='ltr'>στρατηγὸν</span> <span class='ocrx_word' id='word_1_67' title='bbox 1043 951 1143 1020; x_wconf 82' lang='grc' dir='ltr'>τῆς</span> <span class='ocrx_word' id='word_1_68' title='bbox 1169 951 1452 1020; x_wconf 84' lang='grc' dir='ltr'>δυνάμεως</span> <span class='ocrx_word' id='word_1_69' title='bbox 1487 951 1722 1003; x_wconf 62' lang='grc' dir='ltr'>ποιεόται</span> <span class='ocrx_word' id='word_1_70' title='bbox 1761 950 1897 1003; x_wconf 82' lang='grc' dir='ltr'><strong>Ῥω-</strong></span> 
     </span>
    </p>
   </div>
   <div class='ocr_carea' id='block_1_12' title="bbox 312 1039 1895 1122">
    <p class='ocr_par' dir='ltr' id='par_1_12' title="bbox 312 1039 1895 1122">
     <span class='ocr_line' id='line_1_12' title="bbox 312 1039 1895 1122; baseline -0.014 -16"><span class='ocrx_word' id='word_1_71' title='bbox 312 1051 522 1122; x_wconf 78' lang='grc' dir='ltr'>μαίων.</span> <span class='ocrx_word' id='word_1_72' title='bbox 565 1047 624 1100; x_wconf 87' lang='lat'><strong>&#39;0</strong></span> <span class='ocrx_word' id='word_1_73' title='bbox 652 1046 746 1116; x_wconf 74' lang='grc' dir='ltr'>μὲν</span> <span class='ocrx_word' id='word_1_74' title='bbox 778 1040 876 1098; x_wconf 80' lang='grc' dir='ltr'>οὖν</span> <span class='ocrx_word' id='word_1_75' title='bbox 906 1041 1146 1113; x_wconf 83' lang='grc' dir='ltr'>Πρίσκος</span> <span class='ocrx_word' id='word_1_76' title='bbox 1177 1039 1289 1113; x_wconf 84' lang='lat' dir='ltr'><strong>(l5)</strong></span> <span class='ocrx_word' id='word_1_77' title='bbox 1321 1041 1420 1103; x_wconf 85' lang='grc' dir='ltr'><strong>τὰς</strong></span> <span class='ocrx_word' id='word_1_78' title='bbox 1469 1039 1728 1109; x_wconf 87' lang='grc' dir='ltr'>δυνάμεις</span> <span class='ocrx_word' id='word_1_79' title='bbox 1758 1039 1895 1110; x_wconf 78' lang='grc' dir='ltr'><strong>ἀρά.</strong></span> 
     </span>
    </p>
   </div>
   <div class='ocr_carea' id='block_1_13' title="bbox 315 1129 1897 1212">
    <p class='ocr_par' dir='ltr' id='par_1_13' title="bbox 315 1129 1897 1212">
     <span class='ocr_line' id='line_1_13' title="bbox 315 1129 1897 1212; baseline -0.007 -19"><span class='ocrx_word' id='word_1_80' title='bbox 315 1157 487 1212; x_wconf 82' lang='grc' dir='ltr'>μενος</span> <span class='ocrx_word' id='word_1_81' title='bbox 511 1140 638 1208; x_wconf 79' lang='grc' dir='ltr'>πρὶν</span> <span class='ocrx_word' id='word_1_82' title='bbox 665 1137 697 1206; x_wconf 75' lang='grc' dir='ltr'>ἢ</span> <span class='ocrx_word' id='word_1_83' title='bbox 750 1134 843 1187; x_wconf 87' lang='grc' dir='ltr'>τδν</span> <span class='ocrx_word' id='word_1_84' title='bbox 880 1133 1085 1204; x_wconf 84' lang='grc' dir='ltr'>Πέτρον</span> <span class='ocrx_word' id='word_1_85' title='bbox 1129 1131 1332 1201; x_wconf 80' lang='grc' dir='ltr'>φθάσαι</span> <span class='ocrx_word' id='word_1_86' title='bbox 1359 1130 1589 1201; x_wconf 77' lang='grc' dir='ltr'>διεπέρα</span> <span class='ocrx_word' id='word_1_87' title='bbox 1613 1129 1657 1160; x_wconf 81' lang='grc'><em>³⁶</em></span> <span class='ocrx_word' id='word_1_88' title='bbox 1687 1131 1779 1184; x_wconf 80' lang='grc' dir='ltr'>τὸν</span> <span class='ocrx_word' id='word_1_89' title='bbox 1803 1146 1897 1182; x_wconf 82' lang='grc' dir='ltr'>πο-</span> 
     </span>
    </p>
   </div>
   <div class='ocr_carea' id='block_1_14' title="bbox 303 1219 1896 1300">
    <p class='ocr_par' dir='ltr' id='par_1_14' title="bbox 303 1219 1896 1300">
     <span class='ocr_line' id='line_1_14' title="bbox 303 1219 1896 1300; baseline -0.008 -14"><span class='ocrx_word' id='word_1_90' title='bbox 303 1230 520 1300; x_wconf 70' lang='grc' dir='ltr'><strong>⁴ιιαμόν·</strong></span> <span class='ocrx_word' id='word_1_91' title='bbox 554 1231 583 1281; x_wconf 79' lang='grc' dir='ltr'><strong><em>ὁ</em></strong></span> <span class='ocrx_word' id='word_1_92' title='bbox 609 1227 666 1282; x_wconf 76' lang='grc' dir='ltr'><strong>δὲ</strong></span> <span class='ocrx_word' id='word_1_93' title='bbox 707 1225 960 1295; x_wconf 82' lang='grc' dir='ltr'>Χαγάνος</span> <span class='ocrx_word' id='word_1_94' title='bbox 986 1224 1084 1295; x_wconf 81' lang='grc' dir='ltr'>τὴν</span> <span class='ocrx_word' id='word_1_95' title='bbox 1111 1223 1408 1295; x_wconf 85' lang='grc' dir='ltr'>μετάϐασιν</span> <span class='ocrx_word' id='word_1_96' title='bbox 1429 1221 1521 1276; x_wconf 85' lang='grc' dir='ltr'><strong>τοῦ</strong></span> <span class='ocrx_word' id='word_1_97' title='bbox 1586 1219 1896 1291; x_wconf 76' lang='grc' dir='ltr'><strong>Ῥωμαϊκοῦ</strong></span> 
     </span>
    </p>
   </div>
   <div class='ocr_carea' id='block_1_15' title="bbox 299 1313 1896 1388">
    <p class='ocr_par' dir='ltr' id='par_1_15' title="bbox 299 1313 1896 1388">
     <span class='ocr_line' id='line_1_15' title="bbox 299 1313 1896 1388; baseline -0.006 -13"><span class='ocrx_word' id='word_1_98' title='bbox 299 1320 443 1376; x_wconf 78' lang='grc' dir='ltr'>λαοῦ</span> <span class='ocrx_word' id='word_1_99' title='bbox 489 1317 765 1388; x_wconf 77' lang='grc' dir='ltr'>ἀκηκοὼς,</span> <span class='ocrx_word' id='word_1_100' title='bbox 807 1317 928 1370; x_wconf 91' lang='grc' dir='ltr'>λίαν</span> <span class='ocrx_word' id='word_1_101' title='bbox 965 1315 1302 1386; x_wconf 73' lang='grc' dir='ltr'><strong>ἐθαύμασεν,</strong></span> <span class='ocrx_word' id='word_1_102' title='bbox 1335 1315 1431 1370; x_wconf 76' lang='grc' dir='ltr'>καὶ</span> <span class='ocrx_word' id='word_1_103' title='bbox 1461 1315 1596 1386; x_wconf 76' lang='grc' dir='ltr'>πρὸς</span> <span class='ocrx_word' id='word_1_104' title='bbox 1642 1313 1732 1367; x_wconf 81' lang='grc' dir='ltr'>τὸν</span> <span class='ocrx_word' id='word_1_105' title='bbox 1761 1314 1896 1386; x_wconf 76' lang='grc' dir='ltr'>Πρίο</span> 
     </span>
    </p>
   </div>
   <div class='ocr_carea' id='block_1_16' title="bbox 301 1406 1898 1480">
    <p class='ocr_par' dir='ltr' id='par_1_16' title="bbox 301 1406 1898 1480">
     <span class='ocr_line' id='line_1_16' title="bbox 301 1406 1898 1480; baseline -0.005 -13"><span class='ocrx_word' id='word_1_106' title='bbox 301 1429 440 1467; x_wconf 81' lang='grc' dir='ltr'>σκον</span> <span class='ocrx_word' id='word_1_107' title='bbox 470 1409 818 1474; x_wconf 71' lang='grc' dir='ltr'>ἀπέστειλεν,</span> <span class='ocrx_word' id='word_1_108' title='bbox 869 1408 1064 1480; x_wconf 83' lang='grc' dir='ltr'>μαθεῖν</span> <span class='ocrx_word' id='word_1_109' title='bbox 1093 1407 1197 1478; x_wconf 71' lang='grc' dir='ltr'>τὴν</span> <span class='ocrx_word' id='word_1_110' title='bbox 1222 1407 1403 1461; x_wconf 77' lang='grc' dir='ltr'>αἰτίαν</span> <span class='ocrx_word' id='word_1_111' title='bbox 1452 1406 1752 1477; x_wconf 77' lang='grc' dir='ltr'>ἐπιζητῶν,</span> <span class='ocrx_word' id='word_1_112' title='bbox 1801 1407 1898 1460; x_wconf 73' lang='grc' dir='ltr'>καὶ</span> 
     </span>
    </p>
   </div>
   <div class='ocr_carea' id='block_1_17' title="bbox 301 1496 1898 1575">
    <p class='ocr_par' dir='ltr' id='par_1_17' title="bbox 301 1496 1898 1575">
     <span class='ocr_line' id='line_1_17' title="bbox 301 1496 1898 1575; baseline -0.004 -18"><span class='ocrx_word' id='word_1_113' title='bbox 301 1505 508 1575; x_wconf 78' lang='grc' dir='ltr'>μοῖραν</span> <span class='ocrx_word' id='word_1_114' title='bbox 539 1500 728 1554; x_wconf 74' lang='grc' dir='ltr'>λαϐεῖν</span> <span class='ocrx_word' id='word_1_115' title='bbox 775 1502 876 1571; x_wconf 78' lang='grc' dir='ltr'>τῆς</span> <span class='ocrx_word' id='word_1_116' title='bbox 904 1498 1139 1570; x_wconf 88' lang='grc' dir='ltr'>πραίδας</span> <span class='ocrx_word' id='word_1_117' title='bbox 1157 1515 1170 1529; x_wconf 93' lang='grc'><strong>·</strong></span> <span class='ocrx_word' id='word_1_118' title='bbox 1199 1499 1294 1553; x_wconf 79' lang='grc' dir='ltr'>καὶ</span> <span class='ocrx_word' id='word_1_119' title='bbox 1327 1496 1503 1561; x_wconf 82' lang='grc' dir='ltr'>οὕτως</span> <span class='ocrx_word' id='word_1_120' title='bbox 1531 1496 1624 1552; x_wconf 67' lang='grc' dir='ltr'><strong>τὸν</strong></span> <span class='ocrx_word' id='word_1_121' title='bbox 1651 1497 1898 1568; x_wconf 77' lang='grc' dir='ltr'>ποταμὸν</span> 
     </span>
    </p>
   </div>
   <div class='ocr_carea' id='block_1_18' title="bbox 297 1589 1899 1666">
    <p class='ocr_par' dir='ltr' id='par_1_18' title="bbox 297 1589 1899 1666">
     <span class='ocr_line' id='line_1_18' title="bbox 297 1589 1899 1666; baseline -0.007 -14"><span class='ocrx_word' id='word_1_122' title='bbox 297 1593 693 1666; x_wconf 78' lang='grc' dir='ltr'>διανήξασθαι.</span> <span class='ocrx_word' id='word_1_123' title='bbox 746 1593 882 1647; x_wconf 80' lang='grc' dir='ltr'>Δίαν</span> <span class='ocrx_word' id='word_1_124' title='bbox 915 1593 1027 1662; x_wconf 82' lang='grc' dir='ltr'><strong>γάρ</strong></span> <span class='ocrx_word' id='word_1_125' title='bbox 1059 1590 1418 1661; x_wconf 74' lang='grc' dir='ltr'>ἐχαλέπαινεν</span> <span class='ocrx_word' id='word_1_126' title='bbox 1459 1589 1555 1643; x_wconf 72' lang='grc' dir='ltr'><strong>ἐπὶ</strong></span> <span class='ocrx_word' id='word_1_127' title='bbox 1583 1593 1698 1653; x_wconf 79' lang='grc' dir='ltr'>τοῖς</span> <span class='ocrx_word' id='word_1_128' title='bbox 1739 1589 1899 1642; x_wconf 76' lang='grc' dir='ltr'>εὐτυ-</span> 
     </span>
    </p>
   </div>
   <div class='ocr_carea' id='block_1_19' title="bbox 298 1681 1899 1761">
    <p class='ocr_par' dir='ltr' id='par_1_19' title="bbox 298 1681 1899 1761">
     <span class='ocr_line' id='line_1_19' title="bbox 298 1681 1899 1761; baseline -0.007 -15"><span class='ocrx_word' id='word_1_129' title='bbox 298 1689 522 1761; x_wconf 80' lang='grc' dir='ltr'>χήμασι</span> <span class='ocrx_word' id='word_1_130' title='bbox 574 1685 684 1740; x_wconf 88' lang='grc' dir='ltr'><strong>τῶν</strong></span> <span class='ocrx_word' id='word_1_131' title='bbox 739 1683 1048 1754; x_wconf 86' lang='grc' dir='ltr'>Ῥωμαίων.</span> <span class='ocrx_word' id='word_1_132' title='bbox 1107 1682 1326 1754; x_wconf 81' lang='grc' dir='ltr'>Πέμπει</span> <span class='ocrx_word' id='word_1_133' title='bbox 1373 1681 1608 1734; x_wconf 86' lang='grc' dir='ltr'>τοίνυνό</span> <span class='ocrx_word' id='word_1_134' title='bbox 1664 1681 1899 1752; x_wconf 81' lang='grc' dir='ltr'>Πρίσκος</span> 
     </span>
    </p>
   </div>
   <div class='ocr_carea' id='block_1_20' title="bbox 2001 495 3596 567">
    <p class='ocr_par' dir='ltr' id='par_1_20' title="bbox 2001 495 3596 567">
     <span class='ocr_line' id='line_1_20' title="bbox 2001 495 3596 567; baseline -0.002 -14"><span class='ocrx_word' id='word_1_135' title='bbox 2001 508 2130 553; x_wconf 87' lang='lat' dir='ltr'><strong>nata</strong></span> <span class='ocrx_word' id='word_1_136' title='bbox 2157 505 2289 553; x_wconf 87' lang='lat' dir='ltr'><strong>sunt</strong></span> <span class='ocrx_word' id='word_1_137' title='bbox 2321 516 2333 552; x_wconf 89' lang='lat'><strong>:</strong></span> <span class='ocrx_word' id='word_1_138' title='bbox 2375 511 2512 567; x_wconf 91' lang='lat' dir='ltr'><strong>puer</strong></span> <span class='ocrx_word' id='word_1_139' title='bbox 2551 495 2809 550; x_wconf 86' lang='lat' dir='ltr'><strong>nimirum</strong></span> <span class='ocrx_word' id='word_1_140' title='bbox 2835 495 3173 565; x_wconf 80' lang='lat' dir='ltr'><strong>quadrupes,</strong></span> <span class='ocrx_word' id='word_1_141' title='bbox 3227 503 3282 550; x_wconf 92' lang='lat' dir='ltr'><strong>et</strong></span> <span class='ocrx_word' id='word_1_142' title='bbox 3317 496 3459 552; x_wconf 91' lang='lat' dir='ltr'><strong>alius</strong></span> <span class='ocrx_word' id='word_1_143' title='bbox 3507 497 3596 551; x_wconf 87' lang='lat' dir='ltr'><strong>bi-</strong></span> 
     </span>
    </p>
   </div>
   <div class='ocr_carea' id='block_1_21' title="bbox 1999 573 3591 662">
    <p class='ocr_par' dir='ltr' id='par_1_21' title="bbox 1999 573 3591 662">
     <span class='ocr_line' id='line_1_21' title="bbox 1999 573 3591 662; baseline -0.001 -16"><span class='ocrx_word' id='word_1_144' title='bbox 1999 607 2148 662; x_wconf 86' lang='lat' dir='ltr'><strong>ceps.</strong></span> <span class='ocrx_word' id='word_1_145' title='bbox 2172 590 2423 645; x_wconf 82' lang='lat' dir='ltr'><strong>Accurati</strong></span> <span class='ocrx_word' id='word_1_146' title='bbox 2441 604 2602 660; x_wconf 88' lang='lat' dir='ltr'><strong>porro</strong></span> <span class='ocrx_word' id='word_1_147' title='bbox 2625 573 2977 643; x_wconf 76' lang='lat' dir='ltr'><strong>historiarum</strong></span> <span class='ocrx_word' id='word_1_148' title='bbox 3004 589 3304 658; x_wconf 87' lang='lat' dir='ltr'><strong>scriptorcs</strong></span> <span class='ocrx_word' id='word_1_149' title='bbox 3334 589 3591 656; x_wconf 90' lang='lat' dir='ltr'><strong>urbibus,</strong></span> 
     </span>
    </p>
   </div>
   <div class='ocr_carea' id='block_1_22' title="bbox 1999 670 3596 752">
    <p class='ocr_par' dir='ltr' id='par_1_22' title="bbox 1999 670 3596 752">
     <span class='ocr_line' id='line_1_22' title="bbox 1999 670 3596 752; baseline -0.001 -16"><span class='ocrx_word' id='word_1_150' title='bbox 1999 670 2054 736; x_wconf 86' lang='lat' dir='ltr'><strong>in</strong></span> <span class='ocrx_word' id='word_1_151' title='bbox 2087 682 2288 752; x_wconf 85' lang='lat' dir='ltr'><strong>quibus</strong></span> <span class='ocrx_word' id='word_1_152' title='bbox 2316 683 2406 736; x_wconf 88' lang='lat' dir='ltr'><strong>illa</strong></span> <span class='ocrx_word' id='word_1_153' title='bbox 2458 680 2788 752; x_wconf 78' lang='lat' dir='ltr'><strong>prodierint,</strong></span> <span class='ocrx_word' id='word_1_154' title='bbox 2823 680 2900 734; x_wconf 90' lang='lat' dir='ltr'><strong>nil</strong></span> <span class='ocrx_word' id='word_1_155' title='bbox 2953 679 3082 734; x_wconf 88' lang='lat' dir='ltr'><strong>boni</strong></span> <span class='ocrx_word' id='word_1_156' title='bbox 3128 681 3400 749; x_wconf 78' lang='lat' dir='ltr'><strong>[austiquc</strong></span> <span class='ocrx_word' id='word_1_157' title='bbox 3431 681 3596 752; x_wconf 78' lang='lat'><strong>230</strong></span> 
     </span>
    </p>
   </div>
   <div class='ocr_carea' id='block_1_23' title="bbox 2001 771 3593 844">
    <p class='ocr_par' dir='ltr' id='par_1_23' title="bbox 2001 771 3593 844">
     <span class='ocr_line' id='line_1_23' title="bbox 2001 771 3593 844; baseline -0.001 -16"><span class='ocrx_word' id='word_1_158' title='bbox 2001 775 2326 844; x_wconf 75' lang='lat' dir='ltr'><strong>portendere</strong></span> <span class='ocrx_word' id='word_1_159' title='bbox 2379 782 2718 829; x_wconf 75' lang='lat' dir='ltr'><strong>asseverant.</strong></span> <span class='ocrx_word' id='word_1_160' title='bbox 2762 771 3067 840; x_wconf 86' lang='lat' dir='ltr'><strong>Imperator</strong></span> <span class='ocrx_word' id='word_1_161' title='bbox 3113 780 3296 826; x_wconf 89' lang='lat' dir='ltr'><strong>autem</strong></span> <span class='ocrx_word' id='word_1_162' title='bbox 3333 771 3525 827; x_wconf 87' lang='lat' dir='ltr'><strong>Prisco</strong></span> <span class='ocrx_word' id='word_1_163' title='bbox 3563 791 3593 826; x_wconf 83' lang='lat' dir='ltr'><strong>a</strong></span> 
     </span>
    </p>
   </div>
   <div class='ocr_carea' id='block_1_24' title="bbox 1999 860 3598 931">
    <p class='ocr_par' dir='ltr' id='par_1_24' title="bbox 1999 860 3598 931">
     <span class='ocr_line' id='line_1_24' title="bbox 1999 860 3598 931; baseline -0.004 -12"><span class='ocrx_word' id='word_1_164' title='bbox 1999 877 2213 919; x_wconf 89' lang='lat' dir='ltr'><strong>summa</strong></span> <span class='ocrx_word' id='word_1_165' title='bbox 2245 864 2582 919; x_wconf 77' lang='lat' dir='ltr'><strong>exercituum</strong></span> <span class='ocrx_word' id='word_1_166' title='bbox 2620 863 2945 931; x_wconf 78' lang='lat' dir='ltr'><strong>praefectura</strong></span> <span class='ocrx_word' id='word_1_167' title='bbox 2970 870 3184 916; x_wconf 89' lang='lat' dir='ltr'><strong>remoto</strong></span> <span class='ocrx_word' id='word_1_168' title='bbox 3216 860 3434 914; x_wconf 78' lang='lat' dir='ltr'><strong>Petrum</strong></span> <span class='ocrx_word' id='word_1_169' title='bbox 3467 876 3598 931; x_wconf 85' lang='lat' dir='ltr'><strong>pro-</strong></span> 
     </span>
    </p>
   </div>
   <div class='ocr_carea' id='block_1_25' title="bbox 2003 952 3594 1024">
    <p class='ocr_par' dir='ltr' id='par_1_25' title="bbox 2003 952 3594 1024">
     <span class='ocr_line' id='line_1_25' title="bbox 2003 952 3594 1024; baseline -0.002 -16"><span class='ocrx_word' id='word_1_170' title='bbox 2003 955 2184 1024; x_wconf 87' lang='lat' dir='ltr'><strong>prium</strong></span> <span class='ocrx_word' id='word_1_171' title='bbox 2215 954 2438 1010; x_wconf 77' lang='lat' dir='ltr'><strong>fratrem</strong></span> <span class='ocrx_word' id='word_1_172' title='bbox 2479 953 2852 1009; x_wconf 79' lang='lat' dir='ltr'><strong>Romanarum</strong></span> <span class='ocrx_word' id='word_1_173' title='bbox 2889 953 3171 1022; x_wconf 84' lang='lat' dir='ltr'><strong>copiarum</strong></span> <span class='ocrx_word' id='word_1_174' title='bbox 3200 952 3392 1007; x_wconf 90' lang='lat' dir='ltr'><strong>ducem</strong></span> <span class='ocrx_word' id='word_1_175' title='bbox 3437 953 3594 1007; x_wconf 82' lang='lat' dir='ltr'><strong>iusti-</strong></span> 
     </span>
    </p>
   </div>
   <div class='ocr_carea' id='block_1_26' title="bbox 1999 1043 3591 1108">
    <p class='ocr_par' dir='ltr' id='par_1_26' title="bbox 1999 1043 3591 1108">
     <span class='ocr_line' id='line_1_26' title="bbox 1999 1043 3591 1108; baseline -0.001 -7"><span class='ocrx_word' id='word_1_176' title='bbox 1999 1050 2126 1102; x_wconf 87' lang='lat' dir='ltr'><strong>tttit.</strong></span> <span class='ocrx_word' id='word_1_177' title='bbox 2182 1046 2258 1102; x_wconf 75' lang='lat' dir='ltr'><strong>lie</strong></span> <span class='ocrx_word' id='word_1_178' title='bbox 2286 1043 2384 1101; x_wconf 73' lang='lat' dir='ltr'><strong>&#39;sua</strong></span> <span class='ocrx_word' id='word_1_179' title='bbox 2426 1048 2878 1101; x_wconf 79' lang='lat' dir='ltr'><strong>exauctoratione</strong></span> <span class='ocrx_word' id='word_1_180' title='bbox 2898 1047 3124 1102; x_wconf 85' lang='lat' dir='ltr'><strong>Priscus</strong></span> <span class='ocrx_word' id='word_1_181' title='bbox 3164 1044 3591 1108; x_wconf 83' lang='lat' dir='ltr'><strong>ccrtiorlaetus,</strong></span> 
     </span>
    </p>
   </div>
   <div class='ocr_carea' id='block_1_27' title="bbox 1999 1139 3592 1207">
    <p class='ocr_par' dir='ltr' id='par_1_27' title="bbox 1999 1139 3592 1207">
     <span class='ocr_line' id='line_1_27' title="bbox 1999 1139 3592 1207; baseline -0.003 -11"><span class='ocrx_word' id='word_1_182' title='bbox 1999 1141 2213 1196; x_wconf 88' lang='lat' dir='ltr'><strong>eductis</strong></span> <span class='ocrx_word' id='word_1_183' title='bbox 2249 1155 2434 1196; x_wconf 90' lang='lat' dir='ltr'><strong>secum</strong></span> <span class='ocrx_word' id='word_1_184' title='bbox 2458 1151 2582 1196; x_wconf 86' lang='lat' dir='ltr'><strong>ante</strong></span> <span class='ocrx_word' id='word_1_185' title='bbox 2622 1139 2766 1194; x_wconf 86' lang='lat' dir='ltr'><strong>Petri</strong></span> <span class='ocrx_word' id='word_1_186' title='bbox 2797 1141 3091 1194; x_wconf 77' lang='lat' dir='ltr'><strong>adventum</strong></span> <span class='ocrx_word' id='word_1_187' title='bbox 3122 1139 3376 1192; x_wconf 88' lang='lat' dir='ltr'><strong>omnibus</strong></span> <span class='ocrx_word' id='word_1_188' title='bbox 3397 1139 3592 1207; x_wconf 76' lang='lat' dir='ltr'><strong>copiis,</strong></span> 
     </span>
    </p>
   </div>
   <div class='ocr_carea' id='block_1_28' title="bbox 1999 1231 3595 1302">
    <p class='ocr_par' dir='ltr' id='par_1_28' title="bbox 1999 1231 3595 1302">
     <span class='ocr_line' id='line_1_28' title="bbox 1999 1231 3595 1302; baseline -0.003 -15"><span class='ocrx_word' id='word_1_189' title='bbox 1999 1248 2214 1288; x_wconf 83' lang='lat' dir='ltr'><strong>amnem</strong></span> <span class='ocrx_word' id='word_1_190' title='bbox 2251 1233 2481 1302; x_wconf 82' lang='lat' dir='ltr'><strong>trajicit.</strong></span> <span class='ocrx_word' id='word_1_191' title='bbox 2547 1231 2615 1288; x_wconf 87' lang='lat' dir='ltr'><strong>Ut</strong></span> <span class='ocrx_word' id='word_1_192' title='bbox 2666 1232 2943 1288; x_wconf 77' lang='lat' dir='ltr'><strong>Romanas</strong></span> <span class='ocrx_word' id='word_1_193' title='bbox 2971 1232 3117 1286; x_wconf 83' lang='lat' dir='ltr'><strong>acies</strong></span> <span class='ocrx_word' id='word_1_194' title='bbox 3167 1231 3479 1285; x_wconf 83' lang='lat' dir='ltr'><strong>ulteriorem</strong></span> <span class='ocrx_word' id='word_1_195' title='bbox 3520 1231 3595 1283; x_wconf 87' lang='lat' dir='ltr'><strong>ri-</strong></span> 
     </span>
    </p>
   </div>
   <div class='ocr_carea' id='block_1_29' title="bbox 1999 1326 3595 1396">
    <p class='ocr_par' dir='ltr' id='par_1_29' title="bbox 1999 1326 3595 1396">
     <span class='ocr_line' id='line_1_29' title="bbox 1999 1326 3595 1396; baseline 0 -15"><span class='ocrx_word' id='word_1_196' title='bbox 1999 1343 2123 1394; x_wconf 82' lang='lat' dir='ltr'><strong>pam</strong></span> <span class='ocrx_word' id='word_1_197' title='bbox 2159 1343 2262 1383; x_wconf 89' lang='lat' dir='ltr'><strong>suo</strong></span> <span class='ocrx_word' id='word_1_198' title='bbox 2297 1329 2528 1382; x_wconf 83' lang='lat' dir='ltr'><strong>transitu</strong></span> <span class='ocrx_word' id='word_1_199' title='bbox 2560 1328 2870 1384; x_wconf 88' lang='lat' dir='ltr'><strong>obtinuisse</strong></span> <span class='ocrx_word' id='word_1_200' title='bbox 2908 1327 3202 1396; x_wconf 80' lang='lat' dir='ltr'><strong>Chaganus</strong></span> <span class='ocrx_word' id='word_1_201' title='bbox 3227 1326 3515 1390; x_wconf 74' lang='lat' dir='ltr'><strong>intellexit,</strong></span> <span class='ocrx_word' id='word_1_202' title='bbox 3542 1327 3595 1381; x_wconf 92' lang='lat' dir='ltr'><strong>id</strong></span> 
     </span>
    </p>
   </div>
   <div class='ocr_carea' id='block_1_30' title="bbox 2000 1417 3599 1486">
    <p class='ocr_par' dir='ltr' id='par_1_30' title="bbox 2000 1417 3599 1486">
     <span class='ocr_line' id='line_1_30' title="bbox 2000 1417 3599 1486; baseline -0.003 -11"><span class='ocrx_word' id='word_1_203' title='bbox 2000 1420 2136 1475; x_wconf 75' lang='lat' dir='ltr'><strong>satis</strong></span> <span class='ocrx_word' id='word_1_204' title='bbox 2150 1420 2407 1484; x_wconf 84' lang='lat' dir='ltr'><strong>miratus,</strong></span> <span class='ocrx_word' id='word_1_205' title='bbox 2427 1419 2578 1474; x_wconf 72' lang='lat' dir='ltr'><strong>misit.</strong></span> <span class='ocrx_word' id='word_1_206' title='bbox 2598 1418 2663 1474; x_wconf 87' lang='lat' dir='ltr'><strong>ad</strong></span> <span class='ocrx_word' id='word_1_207' title='bbox 2684 1419 2930 1474; x_wconf 83' lang='lat' dir='ltr'><strong>Priscum</strong></span> <span class='ocrx_word' id='word_1_208' title='bbox 2946 1433 3168 1472; x_wconf 81' lang='lat' dir='ltr'><strong>causam</strong></span> <span class='ocrx_word' id='word_1_209' title='bbox 3182 1417 3443 1470; x_wconf 90' lang='lat' dir='ltr'><strong>nimirum</strong></span> <span class='ocrx_word' id='word_1_210' title='bbox 3474 1431 3599 1486; x_wconf 87' lang='lat' dir='ltr'><strong>per-</strong></span> 
     </span>
    </p>
   </div>
   <div class='ocr_carea' id='block_1_31' title="bbox 2001 1509 3595 1580">
    <p class='ocr_par' dir='ltr' id='par_1_31' title="bbox 2001 1509 3595 1580">
     <span class='ocr_line' id='line_1_31' title="bbox 2001 1509 3595 1580; baseline -0.002 -13"><span class='ocrx_word' id='word_1_211' title='bbox 2001 1517 2378 1574; x_wconf 83' lang='lat' dir='ltr'><strong>conctaturus,</strong></span> <span class='ocrx_word' id='word_1_212' title='bbox 2409 1524 2472 1565; x_wconf 88' lang='lat' dir='ltr'><strong>ac</strong></span> <span class='ocrx_word' id='word_1_213' title='bbox 2491 1511 2658 1566; x_wconf 87' lang='lat' dir='ltr'><strong>simul</strong></span> <span class='ocrx_word' id='word_1_214' title='bbox 2691 1509 2885 1580; x_wconf 57' lang='lat' dir='ltr'><strong>prada:</strong></span> <span class='ocrx_word' id='word_1_215' title='bbox 2923 1518 3132 1580; x_wconf 86' lang='lat' dir='ltr'><strong>partem</strong></span> <span class='ocrx_word' id='word_1_216' title='bbox 3164 1509 3425 1579; x_wconf 86' lang='lat' dir='ltr'><strong>consequi</strong></span> <span class='ocrx_word' id='word_1_217' title='bbox 3449 1510 3595 1577; x_wconf 89' lang='lat' dir='ltr'><strong>apud</strong></span> 
     </span>
    </p>
   </div>
   <div class='ocr_carea' id='block_1_32' title="bbox 1973 1585 3598 1671">
    <p class='ocr_par' dir='ltr' id='par_1_32' title="bbox 1973 1585 3598 1671">
     <span class='ocr_line' id='line_1_32' title="bbox 1973 1585 3598 1671; baseline -0.002 -13"><span class='ocrx_word' id='word_1_218' title='bbox 1973 1585 2062 1658; x_wconf 61' lang='grc' dir='ltr'><strong>’δε</strong></span> <span class='ocrx_word' id='word_1_219' title='bbox 2090 1602 2440 1666; x_wconf 86' lang='lat' dir='ltr'><strong>consiliatus,</strong></span> <span class='ocrx_word' id='word_1_220' title='bbox 2480 1613 2642 1671; x_wconf 91' lang='lat' dir='ltr'><strong>atque</strong></span> <span class='ocrx_word' id='word_1_221' title='bbox 2690 1604 2760 1655; x_wconf 90' lang='lat' dir='ltr'><strong>ita</strong></span> <span class='ocrx_word' id='word_1_222' title='bbox 2791 1602 3007 1656; x_wconf 88' lang='lat' dir='ltr'><strong>demum</strong></span> <span class='ocrx_word' id='word_1_223' title='bbox 3033 1615 3247 1654; x_wconf 89' lang='lat' dir='ltr'><strong>amnem</strong></span> <span class='ocrx_word' id='word_1_224' title='bbox 3269 1601 3383 1669; x_wconf 88' lang='lat' dir='ltr'><strong>ipse</strong></span> <span class='ocrx_word' id='word_1_225' title='bbox 3412 1609 3598 1654; x_wconf 87' lang='lat' dir='ltr'><strong>trans-</strong></span> 
     </span>
    </p>
   </div>
   <div class='ocr_carea' id='block_1_33' title="bbox 2002 1688 3596 1757">
    <p class='ocr_par' dir='ltr' id='par_1_33' title="bbox 2002 1688 3596 1757">
     <span class='ocr_line' id='line_1_33' title="bbox 2002 1688 3596 1757; baseline 0.003 -17"><span class='ocrx_word' id='word_1_226' title='bbox 2002 1690 2314 1744; x_wconf 82' lang='lat' dir='ltr'><strong>veheretnr.</strong></span> <span class='ocrx_word' id='word_1_227' title='bbox 2371 1689 2547 1754; x_wconf 86' lang='lat' dir='ltr'><strong>Quam</strong></span> <span class='ocrx_word' id='word_1_228' title='bbox 2578 1688 2805 1744; x_wconf 87' lang='lat' dir='ltr'><strong>moleste</strong></span> <span class='ocrx_word' id='word_1_229' title='bbox 2826 1689 2971 1742; x_wconf 90' lang='lat' dir='ltr'><strong>enim</strong></span> <span class='ocrx_word' id='word_1_230' title='bbox 3003 1688 3220 1742; x_wconf 78' lang='lat' dir='ltr'><strong>ferebat</strong></span> <span class='ocrx_word' id='word_1_231' title='bbox 3266 1703 3596 1757; x_wconf 84' lang='lat' dir='ltr'><strong>prosperum</strong></span> 
     </span>
    </p>
   </div>
   <div class='ocr_carea' id='block_1_34' title="bbox 265 1773 1901 1852">
    <p class='ocr_par' dir='ltr' id='par_1_34' title="bbox 265 1773 1901 1852">
     <span class='ocr_line' id='line_1_34' title="bbox 265 1773 1901 1852; baseline -0.005 -16"><span class='ocrx_word' id='word_1_232' title='bbox 265 1839 276 1849; x_wconf 67' lang='grc'><strong>,</strong></span> <span class='ocrx_word' id='word_1_233' title='bbox 297 1782 442 1852; x_wconf 75' lang='grc' dir='ltr'>περὶ</span> <span class='ocrx_word' id='word_1_234' title='bbox 463 1779 675 1834; x_wconf 86' lang='grc' dir='ltr'>τούτων</span> <span class='ocrx_word' id='word_1_235' title='bbox 689 1777 831 1850; x_wconf 79' lang='grc' dir='ltr'>πρὸς</span> <span class='ocrx_word' id='word_1_236' title='bbox 850 1777 944 1830; x_wconf 76' lang='grc' dir='ltr'>τὸν</span> <span class='ocrx_word' id='word_1_237' title='bbox 960 1775 1210 1844; x_wconf 84' lang='grc' dir='ltr'>Χαγάνον</span> <span class='ocrx_word' id='word_1_238' title='bbox 1238 1775 1279 1807; x_wconf 76' lang='grc'><strong>³⁸</strong></span> <span class='ocrx_word' id='word_1_239' title='bbox 1310 1774 1610 1845; x_wconf 87' lang='grc' dir='ltr'>πρεσϐείαν</span> <span class='ocrx_word' id='word_1_240' title='bbox 1633 1773 1901 1845; x_wconf 78' lang='grc' dir='ltr'>Θεόδωρον</span> 
     </span>
    </p>
   </div>
   <div class='ocr_carea' id='block_1_35' title="bbox 2002 1773 3597 1852">
    <p class='ocr_par' dir='ltr' id='par_1_35' title="bbox 2010 1779 3597 1850">
     <span class='ocr_line' id='line_1_35' title="bbox 2010 1779 3597 1850; baseline 0 -17"><span class='ocrx_word' id='word_1_241' title='bbox 2010 1781 2285 1850; x_wconf 84' lang='lat' dir='ltr'><strong>quippiam</strong></span> <span class='ocrx_word' id='word_1_242' title='bbox 2317 1780 2575 1834; x_wconf 75' lang='lat' dir='ltr'><strong>Romanis</strong></span> <span class='ocrx_word' id='word_1_243' title='bbox 2597 1781 2916 1835; x_wconf 88' lang='lat' dir='ltr'><strong>succedere.</strong></span> <span class='ocrx_word' id='word_1_244' title='bbox 2946 1779 3024 1834; x_wconf 81' lang='lat' dir='ltr'><strong>Ad</strong></span> <span class='ocrx_word' id='word_1_245' title='bbox 3055 1780 3376 1848; x_wconf 82' lang='lat' dir='ltr'><strong>Chaganum</strong></span> <span class='ocrx_word' id='word_1_246' title='bbox 3412 1779 3597 1848; x_wconf 84' lang='lat' dir='ltr'><strong>itaque</strong></span> 
     </span>
    </p>
   </div>
   <div class='ocr_carea' id='block_1_36' title="bbox 297 1860 1908 1941">
    <p class='ocr_par' dir='ltr' id='par_1_36' title="bbox 297 1860 1908 1941">
     <span class='ocr_line' id='line_1_36' title="bbox 297 1860 1908 1941; baseline -0.006 -12"><span class='ocrx_word' id='word_1_247' title='bbox 297 1876 396 1929; x_wconf 74' lang='grc' dir='ltr'><strong>τὸν</strong></span> <span class='ocrx_word' id='word_1_248' title='bbox 439 1872 648 1941; x_wconf 82' lang='grc' dir='ltr'>ἰατρὸν,</span> <span class='ocrx_word' id='word_1_249' title='bbox 678 1868 932 1940; x_wconf 76' lang='grc' dir='ltr'>ἀγχινοίᾳ</span> <span class='ocrx_word' id='word_1_250' title='bbox 965 1867 1060 1922; x_wconf 77' lang='grc' dir='ltr'>καὶ</span> <span class='ocrx_word' id='word_1_251' title='bbox 1094 1866 1306 1922; x_wconf 79' lang='grc' dir='ltr'>συνέσει</span> <span class='ocrx_word' id='word_1_252' title='bbox 1336 1865 1771 1936; x_wconf 82' lang='grc' dir='ltr'>κεκοσμημένον.</span> <span class='ocrx_word' id='word_1_253' title='bbox 1801 1860 1908 1920; x_wconf 77' lang='grc' dir='ltr'><strong>Οὗ-</strong></span> 
     </span>
    </p>
   </div>
   <div class='ocr_carea' id='block_1_37' title="bbox 296 1958 1907 2037">
    <p class='ocr_par' dir='ltr' id='par_1_37' title="bbox 296 1958 1907 2037">
     <span class='ocr_line' id='line_1_37' title="bbox 296 1958 1907 2037; baseline -0.006 -16"><span class='ocrx_word' id='word_1_254' title='bbox 296 1983 396 2031; x_wconf 84' lang='grc' dir='ltr'><strong>τος</strong></span> <span class='ocrx_word' id='word_1_255' title='bbox 430 1962 696 2037; x_wconf 66' lang='grc' dir='ltr'>ἑωρακὼς</span> <span class='ocrx_word' id='word_1_256' title='bbox 724 1963 817 2018; x_wconf 77' lang='grc' dir='ltr'>τὸν</span> <span class='ocrx_word' id='word_1_257' title='bbox 848 1962 1102 2030; x_wconf 80' lang='grc' dir='ltr'>Χαγάνον</span> <span class='ocrx_word' id='word_1_258' title='bbox 1136 1959 1279 2031; x_wconf 87' lang='grc' dir='ltr'>μέγα</span> <span class='ocrx_word' id='word_1_259' title='bbox 1308 1959 1637 2031; x_wconf 80' lang='grc' dir='ltr'>φρονοῦντα,</span> <span class='ocrx_word' id='word_1_260' title='bbox 1681 1958 1777 2013; x_wconf 78' lang='grc' dir='ltr'>καὶ</span> <span class='ocrx_word' id='word_1_261' title='bbox 1805 1958 1907 2022; x_wconf 80' lang='grc' dir='ltr'><strong>τὰς</strong></span> 
     </span>
    </p>
   </div>
   <div class='ocr_carea' id='block_1_38' title="bbox 298 2051 1904 2129">
    <p class='ocr_par' dir='ltr' id='par_1_38' title="bbox 298 2051 1904 2129">
     <span class='ocr_line' id='line_1_38' title="bbox 298 2051 1904 2129; baseline -0.005 -17"><span class='ocrx_word' id='word_1_262' title='bbox 298 2057 640 2129; x_wconf 71' lang='grc' dir='ltr'>ἀποκρίσεις</span> <span class='ocrx_word' id='word_1_263' title='bbox 677 2053 1141 2125; x_wconf 76' lang='grc' dir='ltr'>ἀλαζονικώτερον</span> <span class='ocrx_word' id='word_1_264' title='bbox 1195 2051 1518 2122; x_wconf 78' lang='grc' dir='ltr'>ποιούμενον</span> <span class='ocrx_word' id='word_1_265' title='bbox 1573 2053 1619 2086; x_wconf 81' lang='grc'>⁸⁸</span> <span class='ocrx_word' id='word_1_266' title='bbox 1668 2051 1904 2123; x_wconf 75' lang='grc' dir='ltr'>(ἠπείλει</span> 
     </span>
    </p>
   </div>
   <div class='ocr_carea' id='block_1_39' title="bbox 299 2139 1906 2221">
    <p class='ocr_par' dir='ltr' id='par_1_39' title="bbox 299 2139 1906 2221">
     <span class='ocr_line' id='line_1_39' title="bbox 299 2139 1906 2221; baseline -0.006 -16"><span class='ocrx_word' id='word_1_267' title='bbox 299 2151 420 2221; x_wconf 78' lang='grc' dir='ltr'>γὰρ</span> <span class='ocrx_word' id='word_1_268' title='bbox 437 2149 659 2203; x_wconf 86' lang='grc' dir='ltr'>πάντων</span> <span class='ocrx_word' id='word_1_269' title='bbox 677 2147 787 2201; x_wconf 91' lang='grc' dir='ltr'><strong>τῶν</strong></span> <span class='ocrx_word' id='word_1_270' title='bbox 815 2145 984 2200; x_wconf 77' lang='grc' dir='ltr'>έθνῶν</span> <span class='ocrx_word' id='word_1_271' title='bbox 1006 2143 1170 2200; x_wconf 72' lang='grc' dir='ltr'>αὑτὸν</span> <span class='ocrx_word' id='word_1_272' title='bbox 1189 2139 1330 2197; x_wconf 77' lang='grc' dir='ltr'>εἶναι</span> <span class='ocrx_word' id='word_1_273' title='bbox 1355 2142 1588 2214; x_wconf 85' lang='grc' dir='ltr'>κύριον),</span> <span class='ocrx_word' id='word_1_274' title='bbox 1607 2142 1766 2214; x_wconf 78' lang='grc' dir='ltr'>διηγή</span> <span class='ocrx_word' id='word_1_275' title='bbox 1776 2159 1906 2212; x_wconf 84' lang='grc' dir='ltr'>ματι</span> 
     </span>
    </p>
   </div>
   <div class='ocr_carea' id='block_1_40' title="bbox 300 2233 1908 2312">
    <p class='ocr_par' dir='ltr' id='par_1_40' title="bbox 300 2233 1908 2312">
     <span class='ocr_line' id='line_1_40' title="bbox 300 2233 1908 2312; baseline -0.006 -16"><span class='ocrx_word' id='word_1_276' title='bbox 300 2241 536 2312; x_wconf 78' lang='grc' dir='ltr'>παλαιῷ</span> <span class='ocrx_word' id='word_1_277' title='bbox 560 2243 654 2295; x_wconf 78' lang='grc' dir='ltr'>τὸν</span> <span class='ocrx_word' id='word_1_278' title='bbox 690 2237 1030 2311; x_wconf 75' lang='grc' dir='ltr'>βαρϐαρικὸν</span> <span class='ocrx_word' id='word_1_279' title='bbox 1063 2234 1411 2304; x_wconf 78' lang='grc' dir='ltr'>κατεπράϋνε</span> <span class='ocrx_word' id='word_1_280' title='bbox 1439 2233 1636 2302; x_wconf 76' lang='grc' dir='ltr'>τύφονο</span> <span class='ocrx_word' id='word_1_281' title='bbox 1668 2233 1908 2301; x_wconf 78' lang='grc' dir='ltr'>ἔφασκεν</span> 
     </span>
    </p>
   </div>
   <div class='ocr_carea' id='block_1_41' title="bbox 300 2321 1902 2397">
    <p class='ocr_par' dir='ltr' id='par_1_41' title="bbox 300 2321 1902 2397">
     <span class='ocr_line' id='line_1_41' title="bbox 300 2321 1902 2397; baseline -0.022 -2"><span class='ocrx_word' id='word_1_282' title='bbox 300 2328 460 2397; x_wconf 73' lang='grc' dir='ltr'>γάρ’</span> <span class='ocrx_word' id='word_1_283' title='bbox 505 2329 800 2388; x_wconf 70' lang='grc' dir='ltr'>Ἄκουσον.</span> <span class='ocrx_word' id='word_1_284' title='bbox 856 2325 1114 2394; x_wconf 81' lang='grc' dir='ltr'>Χαγάνε,</span> <span class='ocrx_word' id='word_1_285' title='bbox 1170 2321 1488 2391; x_wconf 79' lang='grc' dir='ltr'>ἑπωφελοῠς</span> <span class='ocrx_word' id='word_1_286' title='bbox 1542 2321 1902 2392; x_wconf 60' lang='grc' dir='ltr'>διηγήματος·</span> 
     </span>
    </p>
   </div>
   <div class='ocr_carea' id='block_1_42' title="bbox 302 2415 1907 2490">
    <p class='ocr_par' dir='ltr' id='par_1_42' title="bbox 302 2415 1907 2490">
     <span class='ocr_line' id='line_1_42' title="bbox 302 2415 1907 2490; baseline -0.006 -15"><span class='ocrx_word' id='word_1_287' title='bbox 302 2419 625 2490; x_wconf 78' lang='grc' dir='ltr'>Σέσωστρις</span> <span class='ocrx_word' id='word_1_288' title='bbox 668 2419 700 2472; x_wconf 81' lang='grc' dir='ltr'>ὁ</span> <span class='ocrx_word' id='word_1_289' title='bbox 727 2417 836 2471; x_wconf 90' lang='grc' dir='ltr'><strong>τῶν</strong></span> <span class='ocrx_word' id='word_1_290' title='bbox 870 2418 918 2450; x_wconf 86' lang='grc'><strong>⁸⁸</strong></span> <span class='ocrx_word' id='word_1_291' title='bbox 963 2415 1280 2485; x_wconf 78' lang='grc' dir='ltr'>Δίγυπτίων</span> <span class='ocrx_word' id='word_1_292' title='bbox 1317 2415 1572 2486; x_wconf 76' lang='grc' dir='ltr'>βασιλεὺς</span> <span class='ocrx_word' id='word_1_293' title='bbox 1599 2415 1907 2486; x_wconf 79' lang='grc' dir='ltr'>περιφανής</span> 
     </span>
    </p>
   </div>
   <div class='ocr_carea' id='block_1_43' title="bbox 303 2505 1906 2581">
    <p class='ocr_par' dir='ltr' id='par_1_43' title="bbox 303 2505 1906 2581">
     <span class='ocr_line' id='line_1_43' title="bbox 303 2505 1906 2581; baseline -0.006 -14"><span class='ocrx_word' id='word_1_294' title='bbox 303 2527 367 2567; x_wconf 75' lang='grc' dir='ltr'>τι</span> <span class='ocrx_word' id='word_1_295' title='bbox 415 2513 513 2565; x_wconf 76' lang='grc' dir='ltr'><strong>καὶ</strong></span> <span class='ocrx_word' id='word_1_296' title='bbox 552 2511 676 2565; x_wconf 83' lang='grc' dir='ltr'>λίαν</span> <span class='ocrx_word' id='word_1_297' title='bbox 727 2511 774 2543; x_wconf 75' lang='grc'><strong><em>³⁵</em></strong></span> <span class='ocrx_word' id='word_1_298' title='bbox 807 2510 1103 2581; x_wconf 82' lang='grc' dir='ltr'>εὐδαίμων,</span> <span class='ocrx_word' id='word_1_299' title='bbox 1155 2507 1234 2579; x_wconf 81' lang='grc' dir='ltr'><strong>τῷ</strong></span> <span class='ocrx_word' id='word_1_300' title='bbox 1262 2508 1482 2579; x_wconf 82' lang='grc' dir='ltr'>πλούτῳ</span> <span class='ocrx_word' id='word_1_301' title='bbox 1526 2507 1778 2578; x_wconf 79' lang='grc' dir='ltr'>λαμπρὸς</span> <span class='ocrx_word' id='word_1_302' title='bbox 1807 2505 1906 2559; x_wconf 77' lang='grc' dir='ltr'>καὶ</span> 
     </span>
    </p>
   </div>
   <div class='ocr_carea' id='block_1_44' title="bbox 304 2602 1899 2674">
    <p class='ocr_par' dir='ltr' id='par_1_44' title="bbox 304 2602 1899 2674">
     <span class='ocr_line' id='line_1_44' title="bbox 304 2602 1899 2674; baseline -0.005 -14"><span class='ocrx_word' id='word_1_303' title='bbox 304 2607 434 2668; x_wconf 82' lang='grc' dir='ltr'>ταῖς</span> <span class='ocrx_word' id='word_1_304' title='bbox 463 2604 761 2674; x_wconf 85' lang='grc' dir='ltr'>δυνάμεσιν</span> <span class='ocrx_word' id='word_1_305' title='bbox 815 2602 1264 2673; x_wconf 59' lang='grc' dir='ltr'>ἀκαταμάχτβος,</span> <span class='ocrx_word' id='word_1_306' title='bbox 1296 2602 1523 2655; x_wconf 86' lang='grc' dir='ltr'>πλείστα</span> <span class='ocrx_word' id='word_1_307' title='bbox 1558 2602 1652 2654; x_wconf 72' lang='grc' dir='ltr'>καὶ</span> <span class='ocrx_word' id='word_1_308' title='bbox 1687 2603 1899 2671; x_wconf 81' lang='grc' dir='ltr'>μεγάλα</span> 
     </span>
    </p>
   </div>
   <div class='ocr_carea' id='block_1_45' title="bbox 306 2692 1908 2765">
    <p class='ocr_par' dir='ltr' id='par_1_45' title="bbox 306 2692 1908 2765">
     <span class='ocr_line' id='line_1_45' title="bbox 306 2692 1908 2765; baseline -0.001 -17"><span class='ocrx_word' id='word_1_309' title='bbox 306 2695 655 2751; x_wconf 72' lang='grc' dir='ltr'>ἐδουλώσατο</span> <span class='ocrx_word' id='word_1_310' title='bbox 695 2694 851 2764; x_wconf 78' lang='grc' dir='ltr'>ἔθνη·</span> <span class='ocrx_word' id='word_1_311' title='bbox 900 2695 1149 2749; x_wconf 72' lang='grc' dir='ltr'>ἐντεῦθεν</span> <span class='ocrx_word' id='word_1_312' title='bbox 1201 2695 1280 2757; x_wconf 84' lang='grc' dir='ltr'><strong>είς</strong></span> <span class='ocrx_word' id='word_1_313' title='bbox 1309 2692 1629 2758; x_wconf 78' lang='grc' dir='ltr'>ἀλαζονείαν</span> <span class='ocrx_word' id='word_1_314' title='bbox 1677 2710 1908 2765; x_wconf 82' lang='grc' dir='ltr'>περιπε-</span> 
     </span>
    </p>
   </div>
   <div class='ocr_carea' id='block_1_46' title="bbox 307 2785 1904 2858">
    <p class='ocr_par' dir='ltr' id='par_1_46' title="bbox 307 2785 1904 2858">
     <span class='ocr_line' id='line_1_46' title="bbox 307 2785 1904 2858; baseline -0.001 -16"><span class='ocrx_word' id='word_1_315' title='bbox 307 2785 453 2855; x_wconf 83' lang='grc' dir='ltr'>σὼν,</span> <span class='ocrx_word' id='word_1_316' title='bbox 489 2785 922 2858; x_wconf 82' lang='grc' dir='ltr'>χρυσοκόλλητον</span> <span class='ocrx_word' id='word_1_317' title='bbox 966 2785 1148 2857; x_wconf 85' lang='grc' dir='ltr'>ὄχημα</span> <span class='ocrx_word' id='word_1_318' title='bbox 1170 2787 1234 2840; x_wconf 84' lang='grc' dir='ltr'>ὲκ</span> <span class='ocrx_word' id='word_1_319' title='bbox 1282 2785 1444 2840; x_wconf 87' lang='grc' dir='ltr'>λίθων</span> <span class='ocrx_word' id='word_1_320' title='bbox 1491 2785 1688 2856; x_wconf 85' lang='grc' dir='ltr'>τιμίων</span> <span class='ocrx_word' id='word_1_321' title='bbox 1735 2803 1904 2840; x_wconf 87' lang='grc' dir='ltr'>κατα-</span> 
     </span>
    </p>
   </div>
   <div class='ocr_carea' id='block_1_47' title="bbox 313 2875 1904 2948">
    <p class='ocr_par' dir='ltr' id='par_1_47' title="bbox 313 2875 1904 2948">
     <span class='ocr_line' id='line_1_47' title="bbox 313 2875 1904 2948; baseline -0.003 -15"><span class='ocrx_word' id='word_1_322' title='bbox 313 2878 618 2942; x_wconf 82' lang='grc' dir='ltr'>σκευάσας,</span> <span class='ocrx_word' id='word_1_323' title='bbox 647 2877 978 2948; x_wconf 75' lang='grc' dir='ltr'>έπικάθηται</span> <span class='ocrx_word' id='word_1_324' title='bbox 995 2878 1191 2944; x_wconf 84' lang='grc' dir='ltr'>τούτῳ,</span> <span class='ocrx_word' id='word_1_325' title='bbox 1223 2876 1320 2930; x_wconf 77' lang='grc' dir='ltr'>καὶ</span> <span class='ocrx_word' id='word_1_326' title='bbox 1348 2875 1636 2929; x_wconf 84' lang='grc' dir='ltr'>ὑποϐάλλει</span> <span class='ocrx_word' id='word_1_327' title='bbox 1654 2875 1730 2947; x_wconf 82' lang='grc' dir='ltr'>τῷ</span> <span class='ocrx_word' id='word_1_328' title='bbox 1752 2875 1904 2948; x_wconf 82' lang='grc' dir='ltr'><strong>ζυγῷ</strong></span> 
     </span>
    </p>
   </div>
   <div class='ocr_carea' id='block_1_48' title="bbox 311 2967 1899 3040">
    <p class='ocr_par' dir='ltr' id='par_1_48' title="bbox 311 2967 1899 3040">
     <span class='ocr_line' id='line_1_48' title="bbox 311 2967 1899 3040; baseline -0.003 -16"><span class='ocrx_word' id='word_1_329' title='bbox 311 2970 434 3024; x_wconf 82' lang='grc' dir='ltr'><strong>τῶν</strong></span> <span class='ocrx_word' id='word_1_330' title='bbox 465 2969 802 3039; x_wconf 70' lang='grc' dir='ltr'>ἡττηθέντων</span> <span class='ocrx_word' id='word_1_331' title='bbox 835 2967 1096 3038; x_wconf 83' lang='grc' dir='ltr'>βασιλέων</span> <span class='ocrx_word' id='word_1_332' title='bbox 1131 2968 1438 3039; x_wconf 76' lang='grc' dir='ltr'>τέσσσαρας</span> <span class='ocrx_word' id='word_1_333' title='bbox 1463 2969 1646 3021; x_wconf 70' lang='grc' dir='ltr'>ἕλκειν</span> <span class='ocrx_word' id='word_1_334' title='bbox 1677 2969 1738 3022; x_wconf 83' lang='grc' dir='ltr'>τὸ</span> <span class='ocrx_word' id='word_1_335' title='bbox 1766 2969 1899 3040; x_wconf 86' lang='grc' dir='ltr'>ὄχη-</span> 
     </span>
    </p>
   </div>
   <div class='ocr_carea' id='block_1_49' title="bbox 313 3061 1899 3134">
    <p class='ocr_par' dir='ltr' id='par_1_49' title="bbox 313 3061 1899 3134">
     <span class='ocr_line' id='line_1_49' title="bbox 313 3061 1899 3134; baseline -0.001 -18"><span class='ocrx_word' id='word_1_336' title='bbox 313 3079 425 3134; x_wconf 79' lang='grc' dir='ltr'>μα.</span> <span class='ocrx_word' id='word_1_337' title='bbox 456 3061 659 3116; x_wconf 86' lang='grc' dir='ltr'>Τούτου</span> <span class='ocrx_word' id='word_1_338' title='bbox 713 3061 770 3115; x_wconf 81' lang='grc' dir='ltr'><strong>δὲ</strong></span> <span class='ocrx_word' id='word_1_339' title='bbox 805 3061 1121 3132; x_wconf 79' lang='grc' dir='ltr'>γενομένου,</span> <span class='ocrx_word' id='word_1_340' title='bbox 1159 3064 1218 3114; x_wconf 85' lang='grc' dir='ltr'>ἐν</span> <span class='ocrx_word' id='word_1_341' title='bbox 1265 3063 1522 3132; x_wconf 79' lang='grc' dir='ltr'>ἐπισήμῳ</span> <span class='ocrx_word' id='word_1_342' title='bbox 1563 3061 1758 3114; x_wconf 77' lang='grc' dir='ltr'>ἑστῶτι</span> <span class='ocrx_word' id='word_1_343' title='bbox 1790 3061 1899 3133; x_wconf 80' lang='grc'><strong>(16)</strong></span> 
     </span>
    </p>
   </div>
   <div class='ocr_carea' id='block_1_50' title="bbox 2009 1871 3598 1944">
    <p class='ocr_par' dir='ltr' id='par_1_50' title="bbox 2009 1871 3598 1944">
     <span class='ocr_line' id='line_1_50' title="bbox 2009 1871 3598 1944; baseline -0.003 -18"><span class='ocrx_word' id='word_1_344' title='bbox 2009 1872 2334 1944; x_wconf 76' lang='lat' dir='ltr'><strong>legationem</strong></span> <span class='ocrx_word' id='word_1_345' title='bbox 2373 1871 2440 1926; x_wconf 86' lang='lat' dir='ltr'><strong>de</strong></span> <span class='ocrx_word' id='word_1_346' title='bbox 2475 1873 2560 1927; x_wconf 90' lang='lat' dir='ltr'><strong>his</strong></span> <span class='ocrx_word' id='word_1_347' title='bbox 2588 1873 2810 1928; x_wconf 83' lang='lat' dir='ltr'><strong>Priscus</strong></span> <span class='ocrx_word' id='word_1_348' title='bbox 2843 1873 3086 1935; x_wconf 85' lang='lat' dir='ltr'><strong>instruit,</strong></span> <span class='ocrx_word' id='word_1_349' title='bbox 3131 1871 3479 1925; x_wconf 87' lang='lat' dir='ltr'><strong>Theodorum</strong></span> <span class='ocrx_word' id='word_1_350' title='bbox 3515 1871 3598 1922; x_wconf 83' lang='lat' dir='ltr'><strong>vi-</strong></span> 
     </span>
    </p>
   </div>
   <div class='ocr_carea' id='block_1_51' title="bbox 2007 1962 3596 2032">
    <p class='ocr_par' dir='ltr' id='par_1_51' title="bbox 2007 1962 3596 2032">
     <span class='ocr_line' id='line_1_51' title="bbox 2007 1962 3596 2032; baseline 0.001 -15"><span class='ocrx_word' id='word_1_351' title='bbox 2007 1962 2210 2018; x_wconf 80' lang='lat' dir='ltr'><strong>delicet</strong></span> <span class='ocrx_word' id='word_1_352' title='bbox 2248 1963 2542 2026; x_wconf 90' lang='lat' dir='ltr'><strong>medicum,</strong></span> <span class='ocrx_word' id='word_1_353' title='bbox 2568 1964 2745 2018; x_wconf 83' lang='lat' dir='ltr'><strong>virum</strong></span> <span class='ocrx_word' id='word_1_354' title='bbox 2781 1964 2949 2024; x_wconf 88' lang='lat' dir='ltr'><strong>animi</strong></span> <span class='ocrx_word' id='word_1_355' title='bbox 2985 1963 3208 2018; x_wconf 84' lang='lat' dir='ltr'><strong>solertia</strong></span> <span class='ocrx_word' id='word_1_356' title='bbox 3259 1972 3313 2018; x_wconf 89' lang='lat' dir='ltr'><strong>et</strong></span> <span class='ocrx_word' id='word_1_357' title='bbox 3354 1963 3596 2032; x_wconf 84' lang='lat' dir='ltr'><strong>pruden-</strong></span> 
     </span>
    </p>
   </div>
   <div class='ocr_carea' id='block_1_52' title="bbox 2006 2052 3592 2124">
    <p class='ocr_par' dir='ltr' id='par_1_52' title="bbox 2006 2052 3592 2124">
     <span class='ocr_line' id='line_1_52' title="bbox 2006 2052 3592 2124; baseline 0 -16"><span class='ocrx_word' id='word_1_358' title='bbox 2006 2052 2082 2108; x_wconf 89' lang='lat' dir='ltr'><strong>tia</strong></span> <span class='ocrx_word' id='word_1_359' title='bbox 2111 2052 2405 2123; x_wconf 90' lang='lat' dir='ltr'><strong>iusignem.</strong></span> <span class='ocrx_word' id='word_1_360' title='bbox 2464 2052 2568 2120; x_wconf 85' lang='lat' dir='ltr'><strong>Qui</strong></span> <span class='ocrx_word' id='word_1_361' title='bbox 2597 2070 2722 2110; x_wconf 93' lang='lat' dir='ltr'><strong>cum</strong></span> <span class='ocrx_word' id='word_1_362' title='bbox 2783 2053 3024 2109; x_wconf 90' lang='lat' dir='ltr'><strong>tumidos</strong></span> <span class='ocrx_word' id='word_1_363' title='bbox 3056 2053 3300 2124; x_wconf 85' lang='lat' dir='ltr'><strong>Chagani</strong></span> <span class='ocrx_word' id='word_1_364' title='bbox 3335 2055 3592 2124; x_wconf 83' lang='lat' dir='ltr'><strong>spiritus,</strong></span> 
     </span>
    </p>
   </div>
   <div class='ocr_carea' id='block_1_53' title="bbox 2004 2143 3594 2216">
    <p class='ocr_par' dir='ltr' id='par_1_53' title="bbox 2004 2143 3594 2216">
     <span class='ocr_line' id='line_1_53' title="bbox 2004 2143 3594 2216; baseline 0.001 -17"><span class='ocrx_word' id='word_1_365' title='bbox 2004 2143 2238 2215; x_wconf 82' lang='lat' dir='ltr'><strong>ejusque</strong></span> <span class='ocrx_word' id='word_1_366' title='bbox 2314 2160 2583 2216; x_wconf 87' lang='lat' dir='ltr'><strong>respousa</strong></span> <span class='ocrx_word' id='word_1_367' title='bbox 2662 2147 3012 2216; x_wconf 80' lang='lat' dir='ltr'><strong>arrogantius</strong></span> <span class='ocrx_word' id='word_1_368' title='bbox 3054 2148 3179 2200; x_wconf 89' lang='lat' dir='ltr'><strong>data</strong></span> <span class='ocrx_word' id='word_1_369' title='bbox 3247 2147 3594 2213; x_wconf 88' lang='lat' dir='ltr'><strong>(cunctarum</strong></span> 
     </span>
    </p>
   </div>
   <div class='ocr_carea' id='block_1_54' title="bbox 2005 2237 3595 2309">
    <p class='ocr_par' dir='ltr' id='par_1_54' title="bbox 2005 2237 3595 2309">
     <span class='ocr_line' id='line_1_54' title="bbox 2005 2237 3595 2309; baseline 0 -17"><span class='ocrx_word' id='word_1_370' title='bbox 2005 2237 2208 2309; x_wconf 89' lang='lat' dir='ltr'><strong>quippe</strong></span> <span class='ocrx_word' id='word_1_371' title='bbox 2232 2238 2518 2292; x_wconf 82' lang='lat' dir='ltr'><strong>nationum</strong></span> <span class='ocrx_word' id='word_1_372' title='bbox 2553 2253 2675 2294; x_wconf 91' lang='lat' dir='ltr'><strong>sese</strong></span> <span class='ocrx_word' id='word_1_373' title='bbox 2719 2238 3368 2309; x_wconf 67' lang='lat' dir='ltr'><strong>praedicabatdominum)</strong></span> <span class='ocrx_word' id='word_1_374' title='bbox 3408 2238 3595 2292; x_wconf 87' lang='lat' dir='ltr'><strong>animo</strong></span> 
     </span>
    </p>
   </div>
   <div class='ocr_carea' id='block_1_55' title="bbox 2005 2331 3593 2401">
    <p class='ocr_par' dir='ltr' id='par_1_55' title="bbox 2005 2331 3593 2401">
     <span class='ocr_line' id='line_1_55' title="bbox 2005 2331 3593 2401; baseline -0.001 -17"><span class='ocrx_word' id='word_1_375' title='bbox 2005 2331 2343 2401; x_wconf 85' lang='lat' dir='ltr'><strong>percepisset</strong></span> <span class='ocrx_word' id='word_1_376' title='bbox 2372 2351 2385 2385; x_wconf 87' lang='lat'><strong>:</strong></span> <span class='ocrx_word' id='word_1_377' title='bbox 2419 2331 2770 2386; x_wconf 81' lang='lat' dir='ltr'><strong>barbaricam</strong></span> <span class='ocrx_word' id='word_1_378' title='bbox 2817 2331 3057 2387; x_wconf 83' lang='lat' dir='ltr'><strong>hominis</strong></span> <span class='ocrx_word' id='word_1_379' title='bbox 3109 2331 3457 2386; x_wconf 86' lang='lat' dir='ltr'><strong>insolentiam</strong></span> <span class='ocrx_word' id='word_1_380' title='bbox 3492 2344 3593 2382; x_wconf 84' lang='lat' dir='ltr'><strong>an-</strong></span> 
     </span>
    </p>
   </div>
   <div class='ocr_carea' id='block_1_56' title="bbox 2005 2423 3594 2493">
    <p class='ocr_par' dir='ltr' id='par_1_56' title="bbox 2005 2423 3594 2493">
     <span class='ocr_line' id='line_1_56' title="bbox 2005 2423 3594 2493; baseline -0.001 -17"><span class='ocrx_word' id='word_1_381' title='bbox 2005 2424 2160 2493; x_wconf 87' lang='lat' dir='ltr'><strong>tiqua</strong></span> <span class='ocrx_word' id='word_1_382' title='bbox 2209 2425 2529 2478; x_wconf 88' lang='lat' dir='ltr'><strong>narratione</strong></span> <span class='ocrx_word' id='word_1_383' title='bbox 2561 2423 2932 2478; x_wconf 81' lang='lat' dir='ltr'><strong>demulcebat.</strong></span> <span class='ocrx_word' id='word_1_384' title='bbox 2989 2423 3069 2476; x_wconf 84' lang='lat' dir='ltr'><strong>Ad</strong></span> <span class='ocrx_word' id='word_1_385' title='bbox 3091 2439 3215 2476; x_wconf 89' lang='lat' dir='ltr'><strong>eum</strong></span> <span class='ocrx_word' id='word_1_386' title='bbox 3251 2423 3434 2490; x_wconf 83' lang='lat' dir='ltr'><strong>itaque</strong></span> <span class='ocrx_word' id='word_1_387' title='bbox 3457 2435 3594 2474; x_wconf 91' lang='lat' dir='ltr'><strong>con-</strong></span> 
     </span>
    </p>
   </div>
   <div class='ocr_carea' id='block_1_57' title="bbox 2004 2509 3593 2584">
    <p class='ocr_par' dir='ltr' id='par_1_57' title="bbox 2004 2509 3593 2584">
     <span class='ocr_line' id='line_1_57' title="bbox 2004 2509 3593 2584; baseline -0.002 -16"><span class='ocrx_word' id='word_1_388' title='bbox 2004 2528 2237 2568; x_wconf 77' lang='lat' dir='ltr'><strong>versus:</strong></span> <span class='ocrx_word' id='word_1_389' title='bbox 2273 2514 2416 2568; x_wconf 84' lang='lat' dir='ltr'><strong>Audi</strong></span> <span class='ocrx_word' id='word_1_390' title='bbox 2445 2553 2462 2578; x_wconf 93' lang='lat'><strong>,</strong></span> <span class='ocrx_word' id='word_1_391' title='bbox 2518 2513 2718 2584; x_wconf 88' lang='lat' dir='ltr'><strong>inquit,</strong></span> <span class='ocrx_word' id='word_1_392' title='bbox 2746 2512 3023 2581; x_wconf 82' lang='lat' dir='ltr'><strong>Chagaue,</strong></span> <span class='ocrx_word' id='word_1_393' title='bbox 3076 2513 3452 2566; x_wconf 84' lang='lat' dir='ltr'><strong>narrationem</strong></span> <span class='ocrx_word' id='word_1_394' title='bbox 3487 2509 3593 2565; x_wconf 86' lang='lat' dir='ltr'><strong>tibi</strong></span> 
     </span>
    </p>
   </div>
   <div class='ocr_carea' id='block_1_58' title="bbox 2004 2602 3592 2674">
    <p class='ocr_par' dir='ltr' id='par_1_58' title="bbox 2004 2602 3592 2674">
     <span class='ocr_line' id='line_1_58' title="bbox 2004 2602 3592 2674; baseline -0.001 -16"><span class='ocrx_word' id='word_1_395' title='bbox 2004 2604 2374 2674; x_wconf 79' lang='lat' dir='ltr'><strong>profuturam.</strong></span> <span class='ocrx_word' id='word_1_396' title='bbox 2432 2605 2724 2668; x_wconf 80' lang='lat' dir='ltr'><strong>Sesostris,</strong></span> <span class='ocrx_word' id='word_1_397' title='bbox 2773 2603 3155 2674; x_wconf 65' lang='lat' dir='ltr'><strong>Egyptiorum</strong></span> <span class='ocrx_word' id='word_1_398' title='bbox 3190 2619 3283 2658; x_wconf 81' lang='lat' dir='ltr'><strong>rex</strong></span> <span class='ocrx_word' id='word_1_399' title='bbox 3336 2602 3592 2666; x_wconf 87' lang='lat' dir='ltr'><strong>illustris,</strong></span> 
     </span>
    </p>
   </div>
   <div class='ocr_carea' id='block_1_59' title="bbox 2004 2695 3582 2768">
    <p class='ocr_par' dir='ltr' id='par_1_59' title="bbox 2004 2695 3582 2768">
     <span class='ocr_line' id='line_1_59' title="bbox 2004 2695 3582 2768; baseline -0.001 -18"><span class='ocrx_word' id='word_1_400' title='bbox 2004 2704 2172 2766; x_wconf 90' lang='lat' dir='ltr'><strong>atque</strong></span> <span class='ocrx_word' id='word_1_401' title='bbox 2199 2697 2400 2768; x_wconf 85' lang='lat' dir='ltr'><strong>Oppido</strong></span> <span class='ocrx_word' id='word_1_402' title='bbox 2435 2695 2587 2763; x_wconf 76' lang='lat' dir='ltr'><strong>felix,</strong></span> <span class='ocrx_word' id='word_1_403' title='bbox 2612 2697 2818 2752; x_wconf 82' lang='lat' dir='ltr'><strong>divitiis</strong></span> <span class='ocrx_word' id='word_1_404' title='bbox 2849 2695 3053 2764; x_wconf 87' lang='lat' dir='ltr'><strong>alioqui</strong></span> <span class='ocrx_word' id='word_1_405' title='bbox 3092 2696 3298 2760; x_wconf 90' lang='lat' dir='ltr'><strong>clarus,</strong></span> <span class='ocrx_word' id='word_1_406' title='bbox 3325 2702 3380 2749; x_wconf 89' lang='lat' dir='ltr'><strong>et</strong></span> <span class='ocrx_word' id='word_1_407' title='bbox 3406 2709 3582 2748; x_wconf 48' lang='lat' dir='ltr'><strong>armo.</strong></span> 
     </span>
    </p>
   </div>
   <div class='ocr_carea' id='block_1_60' title="bbox 2005 2792 3594 2863">
    <p class='ocr_par' dir='ltr' id='par_1_60' title="bbox 2005 2792 3594 2863">
     <span class='ocr_line' id='line_1_60' title="bbox 2005 2792 3594 2863; baseline -0.001 -17"><span class='ocrx_word' id='word_1_408' title='bbox 2005 2808 2124 2847; x_wconf 91' lang='lat' dir='ltr'><strong>rum</strong></span> <span class='ocrx_word' id='word_1_409' title='bbox 2179 2795 2376 2848; x_wconf 87' lang='lat' dir='ltr'><strong>robore</strong></span> <span class='ocrx_word' id='word_1_410' title='bbox 2407 2809 2634 2863; x_wconf 85' lang='lat' dir='ltr'><strong>prorsus</strong></span> <span class='ocrx_word' id='word_1_411' title='bbox 2661 2793 2919 2856; x_wconf 84' lang='lat' dir='ltr'><strong>invictus,</strong></span> <span class='ocrx_word' id='word_1_412' title='bbox 2950 2792 3273 2846; x_wconf 89' lang='lat' dir='ltr'><strong>innumeras</strong></span> <span class='ocrx_word' id='word_1_413' title='bbox 3299 2798 3464 2860; x_wconf 86' lang='lat' dir='ltr'><strong>atque</strong></span> <span class='ocrx_word' id='word_1_414' title='bbox 3493 2804 3594 2858; x_wconf 91' lang='lat' dir='ltr'><strong>po-</strong></span> 
     </span>
    </p>
   </div>
   <div class='ocr_carea' id='block_1_61' title="bbox 2005 2880 3593 2954">
    <p class='ocr_par' dir='ltr' id='par_1_61' title="bbox 2005 2880 3593 2954">
     <span class='ocr_line' id='line_1_61' title="bbox 2005 2880 3593 2954; baseline -0.001 -16"><span class='ocrx_word' id='word_1_415' title='bbox 2005 2885 2342 2942; x_wconf 86' lang='lat' dir='ltr'><strong>tentissimas</strong></span> <span class='ocrx_word' id='word_1_416' title='bbox 2374 2886 2630 2940; x_wconf 87' lang='lat' dir='ltr'><strong>nationes</strong></span> <span class='ocrx_word' id='word_1_417' title='bbox 2662 2885 2878 2954; x_wconf 78' lang='lat' dir='ltr'><strong>subegit</strong></span> <span class='ocrx_word' id='word_1_418' title='bbox 2917 2903 2930 2939; x_wconf 90' lang='lat'><strong>:</strong></span> <span class='ocrx_word' id='word_1_419' title='bbox 2963 2898 3138 2952; x_wconf 89' lang='lat' dir='ltr'><strong>eoque</strong></span> <span class='ocrx_word' id='word_1_420' title='bbox 3192 2883 3244 2935; x_wconf 88' lang='lat' dir='ltr'><strong>in</strong></span> <span class='ocrx_word' id='word_1_421' title='bbox 3276 2880 3593 2950; x_wconf 86' lang='lat' dir='ltr'><strong>superbiam</strong></span> 
     </span>
    </p>
   </div>
   <div class='ocr_carea' id='block_1_62' title="bbox 2005 2971 3568 3048">
    <p class='ocr_par' dir='ltr' id='par_1_62' title="bbox 2005 2971 3568 3048">
     <span class='ocr_line' id='line_1_62' title="bbox 2005 2971 3568 3048; baseline -0.002 -20"><span class='ocrx_word' id='word_1_422' title='bbox 2005 2976 2232 3030; x_wconf 92' lang='lat' dir='ltr'><strong>omnino</strong></span> <span class='ocrx_word' id='word_1_423' title='bbox 2246 2978 2552 3032; x_wconf 89' lang='lat' dir='ltr'><strong>dementem</strong></span> <span class='ocrx_word' id='word_1_424' title='bbox 2575 2977 2866 3048; x_wconf 90' lang='lat' dir='ltr'><strong>prolapsus</strong></span> <span class='ocrx_word' id='word_1_425' title='bbox 2894 2990 3115 3029; x_wconf 89' lang='lat' dir='ltr'><strong>currum</strong></span> <span class='ocrx_word' id='word_1_426' title='bbox 3133 2988 3269 3028; x_wconf 88' lang='lat' dir='ltr'><strong>auro</strong></span> <span class='ocrx_word' id='word_1_427' title='bbox 3299 2971 3568 3042; x_wconf 79' lang='lat' dir='ltr'><strong>lapidibus</strong></span> 
     </span>
    </p>
   </div>
   <div class='ocr_carea' id='block_1_63' title="bbox 2007 3064 3588 3138">
    <p class='ocr_par' dir='ltr' id='par_1_63' title="bbox 2007 3064 3588 3138">
     <span class='ocr_line' id='line_1_63' title="bbox 2007 3064 3588 3138; baseline -0.002 -18"><span class='ocrx_word' id='word_1_428' title='bbox 2007 3083 2113 3136; x_wconf 90' lang='lat' dir='ltr'><strong>que</strong></span> <span class='ocrx_word' id='word_1_429' title='bbox 2144 3068 2400 3137; x_wconf 90' lang='lat' dir='ltr'><strong>pretiosis</strong></span> <span class='ocrx_word' id='word_1_430' title='bbox 2425 3077 2773 3137; x_wconf 87' lang='lat' dir='ltr'><strong>compactum</strong></span> <span class='ocrx_word' id='word_1_431' title='bbox 2823 3066 3059 3138; x_wconf 79' lang='lat' dir='ltr'><strong>paravit,</strong></span> <span class='ocrx_word' id='word_1_432' title='bbox 3098 3065 3188 3119; x_wconf 80' lang='lat' dir='ltr'><strong>cui</strong></span> <span class='ocrx_word' id='word_1_433' title='bbox 3216 3064 3490 3130; x_wconf 89' lang='lat' dir='ltr'><strong>insidens,</strong></span> <span class='ocrx_word' id='word_1_434' title='bbox 3523 3077 3588 3117; x_wconf 81' lang='lat' dir='ltr'><strong>ex</strong></span> 
     </span>
    </p>
   </div>
   <div class='ocr_carea' id='block_1_64' title="bbox 311 3139 1901 3228">
    <p class='ocr_par' dir='ltr' id='par_1_64' title="bbox 311 3148 1901 3223">
     <span class='ocr_line' id='line_1_64' title="bbox 311 3148 1901 3223; baseline -0.003 -15"><span class='ocrx_word' id='word_1_435' title='bbox 311 3148 402 3218; x_wconf 78' lang='grc' dir='ltr'>εἷς</span> <span class='ocrx_word' id='word_1_436' title='bbox 415 3153 523 3208; x_wconf 84' lang='grc' dir='ltr'><strong>τῶν</strong></span> <span class='ocrx_word' id='word_1_437' title='bbox 541 3154 824 3223; x_wconf 81' lang='grc' dir='ltr'>τεσσάρων</span> <span class='ocrx_word' id='word_1_438' title='bbox 842 3153 1109 3223; x_wconf 86' lang='grc' dir='ltr'>βασιλέων</span> <span class='ocrx_word' id='word_1_439' title='bbox 1137 3151 1345 3222; x_wconf 89' lang='grc' dir='ltr'>συχνῶς</span> <span class='ocrx_word' id='word_1_440' title='bbox 1374 3153 1433 3206; x_wconf 73' lang='grc' dir='ltr'>τὸ</span> <span class='ocrx_word' id='word_1_441' title='bbox 1462 3151 1616 3222; x_wconf 90' lang='grc' dir='ltr'>ὄμμα</span> <span class='ocrx_word' id='word_1_442' title='bbox 1643 3151 1901 3220; x_wconf 79' lang='grc' dir='ltr'>ἐπέστρε-</span> 
     </span>
    </p>
   </div>
   <div class='ocr_carea' id='block_1_65' title="bbox 2002 3139 3590 3228">
    <p class='ocr_par' dir='ltr' id='par_1_65' title="bbox 2011 3157 3590 3228">
     <span class='ocr_line' id='line_1_65' title="bbox 2011 3157 3590 3228; baseline -0.002 -16"><span class='ocrx_word' id='word_1_443' title='bbox 2011 3158 2241 3213; x_wconf 77' lang='lat' dir='ltr'><strong>devictis</strong></span> <span class='ocrx_word' id='word_1_444' title='bbox 2309 3158 2533 3228; x_wconf 78' lang='lat' dir='ltr'><strong>regibus</strong></span> <span class='ocrx_word' id='word_1_445' title='bbox 2585 3166 2841 3225; x_wconf 86' lang='lat' dir='ltr'><strong>quatuor,</strong></span> <span class='ocrx_word' id='word_1_446' title='bbox 2890 3157 2985 3226; x_wconf 91' lang='lat' dir='ltr'><strong>qui</strong></span> <span class='ocrx_word' id='word_1_447' title='bbox 3040 3171 3263 3210; x_wconf 87' lang='lat' dir='ltr'><strong>currum</strong></span> <span class='ocrx_word' id='word_1_448' title='bbox 3320 3167 3590 3222; x_wconf 88' lang='lat' dir='ltr'><strong>equorum</strong></span> 
     </span>
    </p>
   </div>
   <div class='ocr_carea' id='block_1_66' title="bbox 314 3243 1907 3316">
    <p class='ocr_par' dir='ltr' id='par_1_66' title="bbox 314 3243 1907 3316">
     <span class='ocr_line' id='line_1_66' title="bbox 314 3243 1907 3316; baseline -0.001 -18"><span class='ocrx_word' id='word_1_449' title='bbox 314 3263 420 3316; x_wconf 77' lang='grc' dir='ltr'><strong>φεν</strong></span> <span class='ocrx_word' id='word_1_450' title='bbox 454 3247 533 3308; x_wconf 87' lang='grc' dir='ltr'><strong>είς</strong></span> <span class='ocrx_word' id='word_1_451' title='bbox 559 3246 629 3298; x_wconf 76' lang='grc' dir='ltr'><strong>τὰ</strong></span> <span class='ocrx_word' id='word_1_452' title='bbox 675 3244 852 3298; x_wconf 81' lang='grc' dir='ltr'>ὀπίσω</span> <span class='ocrx_word' id='word_1_453' title='bbox 880 3245 944 3311; x_wconf 81' lang='grc'><strong>³⁸,</strong></span> <span class='ocrx_word' id='word_1_454' title='bbox 971 3243 1066 3298; x_wconf 72' lang='grc' dir='ltr'>καὶ</span> <span class='ocrx_word' id='word_1_455' title='bbox 1110 3243 1202 3296; x_wconf 79' lang='grc' dir='ltr'>τὸν</span> <span class='ocrx_word' id='word_1_456' title='bbox 1233 3243 1426 3315; x_wconf 80' lang='grc' dir='ltr'>τροχὸν</span> <span class='ocrx_word' id='word_1_457' title='bbox 1458 3243 1605 3313; x_wconf 81' lang='grc' dir='ltr'>ἐώρα</span> <span class='ocrx_word' id='word_1_458' title='bbox 1653 3243 1907 3313; x_wconf 82' lang='grc' dir='ltr'>κυλιόμε-</span> 
     </span>
    </p>
   </div>
   <div class='ocr_carea' id='block_1_67' title="bbox 316 3335 1906 3409">
    <p class='ocr_par' dir='ltr' id='par_1_67' title="bbox 316 3335 1906 3409">
     <span class='ocr_line' id='line_1_67' title="bbox 316 3335 1906 3409; baseline -0.004 -17"><span class='ocrx_word' id='word_1_459' title='bbox 316 3356 413 3392; x_wconf 89' lang='grc' dir='ltr'><strong>νον</strong></span> <span class='ocrx_word' id='word_1_460' title='bbox 434 3353 446 3366; x_wconf 92' lang='grc'><strong>·</strong></span> <span class='ocrx_word' id='word_1_461' title='bbox 484 3339 560 3409; x_wconf 79' lang='grc' dir='ltr'>τῷ</span> <span class='ocrx_word' id='word_1_462' title='bbox 587 3340 866 3409; x_wconf 83' lang='grc' dir='ltr'>Σέσωστρι</span> <span class='ocrx_word' id='word_1_463' title='bbox 901 3338 959 3393; x_wconf 83' lang='grc' dir='ltr'><strong>δὲ</strong></span> <span class='ocrx_word' id='word_1_464' title='bbox 989 3337 1034 3369; x_wconf 80' lang='grc'><strong>³⁸</strong></span> <span class='ocrx_word' id='word_1_465' title='bbox 1065 3337 1433 3408; x_wconf 76' lang='grc' dir='ltr'>ἐπερωτῶντι,</span> <span class='ocrx_word' id='word_1_466' title='bbox 1466 3335 1552 3390; x_wconf 77' lang='grc' dir='ltr'><strong>διὰ</strong></span> <span class='ocrx_word' id='word_1_467' title='bbox 1593 3335 1646 3388; x_wconf 86' lang='grc' dir='ltr'><strong>τί</strong></span> <span class='ocrx_word' id='word_1_468' title='bbox 1680 3335 1906 3388; x_wconf 88' lang='grc' dir='ltr'>ὄπισθεν</span> 
     </span>
    </p>
   </div>
   <div class='ocr_carea' id='block_1_68' title="bbox 317 3426 1899 3502">
    <p class='ocr_par' dir='ltr' id='par_1_68' title="bbox 317 3426 1899 3502">
     <span class='ocr_line' id='line_1_68' title="bbox 317 3426 1899 3502; baseline -0.003 -18"><span class='ocrx_word' id='word_1_469' title='bbox 317 3431 664 3502; x_wconf 66' lang='grc' dir='ltr'>ἑπιστηρίζει</span> <span class='ocrx_word' id='word_1_470' title='bbox 697 3432 769 3484; x_wconf 72' lang='grc' dir='ltr'>τὰ</span> <span class='ocrx_word' id='word_1_471' title='bbox 800 3431 1055 3500; x_wconf 77' lang='grc' dir='ltr'>ὄμματα,</span> <span class='ocrx_word' id='word_1_472' title='bbox 1091 3429 1281 3482; x_wconf 83' lang='grc' dir='ltr'>τοῦτον</span> <span class='ocrx_word' id='word_1_473' title='bbox 1335 3430 1539 3483; x_wconf 78' lang='grc' dir='ltr'>εἰπεῖν·</span> <span class='ocrx_word' id='word_1_474' title='bbox 1577 3429 1679 3481; x_wconf 85' lang='grc' dir='ltr'><strong>Τὸν</strong></span> <span class='ocrx_word' id='word_1_475' title='bbox 1707 3426 1899 3498; x_wconf 83' lang='grc' dir='ltr'>τροχὸν</span> 
     </span>
    </p>
   </div>
   <div class='ocr_carea' id='block_1_69' title="bbox 321 3519 1898 3594">
    <p class='ocr_par' dir='ltr' id='par_1_69' title="bbox 321 3519 1898 3594">
     <span class='ocr_line' id='line_1_69' title="bbox 321 3519 1898 3594; baseline -0.005 -16"><span class='ocrx_word' id='word_1_476' title='bbox 321 3522 590 3594; x_wconf 77' lang='grc' dir='ltr'>θαυμάζω</span> <span class='ocrx_word' id='word_1_477' title='bbox 616 3523 976 3586; x_wconf 81' lang='grc' dir='ltr'>άστατοῦντα,</span> <span class='ocrx_word' id='word_1_478' title='bbox 1007 3523 1101 3575; x_wconf 76' lang='grc' dir='ltr'>καὶ</span> <span class='ocrx_word' id='word_1_479' title='bbox 1129 3522 1314 3576; x_wconf 80' lang='grc' dir='ltr'>ἄλλοτε</span> <span class='ocrx_word' id='word_1_480' title='bbox 1345 3522 1520 3586; x_wconf 77' lang='grc' dir='ltr'>ἄλλως</span> <span class='ocrx_word' id='word_1_481' title='bbox 1551 3519 1898 3590; x_wconf 86' lang='grc' dir='ltr'>κινούμενον·</span> 
     </span>
    </p>
   </div>
   <div class='ocr_carea' id='block_1_70' title="bbox 323 3611 1906 3686">
    <p class='ocr_par' dir='ltr' id='par_1_70' title="bbox 323 3611 1906 3686">
     <span class='ocr_line' id='line_1_70' title="bbox 323 3611 1906 3686; baseline -0.003 -18"><span class='ocrx_word' id='word_1_482' title='bbox 323 3617 420 3668; x_wconf 70' lang='grc' dir='ltr'>καὶ</span> <span class='ocrx_word' id='word_1_483' title='bbox 458 3616 588 3668; x_wconf 82' lang='grc' dir='ltr'>ποτέ</span> <span class='ocrx_word' id='word_1_484' title='bbox 617 3615 798 3684; x_wconf 73' lang='grc' dir='ltr'>μὲντά</span> <span class='ocrx_word' id='word_1_485' title='bbox 829 3615 1010 3686; x_wconf 77' lang='grc' dir='ltr'>ὑψηλὰ</span> <span class='ocrx_word' id='word_1_486' title='bbox 1041 3614 1420 3680; x_wconf 78' lang='grc' dir='ltr'>ταπεινοῦντα,</span> <span class='ocrx_word' id='word_1_487' title='bbox 1449 3612 1603 3676; x_wconf 76' lang='grc' dir='ltr'>αὖθις</span> <span class='ocrx_word' id='word_1_488' title='bbox 1633 3612 1688 3666; x_wconf 78' lang='grc' dir='ltr'><strong>δὲ</strong></span> <span class='ocrx_word' id='word_1_489' title='bbox 1717 3611 1786 3664; x_wconf 78' lang='grc' dir='ltr'><strong>τὰ</strong></span> <span class='ocrx_word' id='word_1_490' title='bbox 1809 3627 1906 3664; x_wconf 84' lang='grc' dir='ltr'>τα-</span> 
     </span>
    </p>
   </div>
   <div class='ocr_carea' id='block_1_71' title="bbox 325 3701 1904 3775">
    <p class='ocr_par' dir='ltr' id='par_1_71' title="bbox 325 3701 1904 3775">
     <span class='ocr_line' id='line_1_71' title="bbox 325 3701 1904 3775; baseline -0.004 -17"><span class='ocrx_word' id='word_1_491' title='bbox 325 3707 491 3759; x_wconf 65' lang='grc' dir='ltr'>πεινὰ</span> <span class='ocrx_word' id='word_1_492' title='bbox 537 3706 859 3774; x_wconf 67' lang='grc' dir='ltr'>άνυψοῦντα.</span> <span class='ocrx_word' id='word_1_493' title='bbox 917 3707 1020 3760; x_wconf 75' lang='grc' dir='ltr'><strong>Τὸν</strong></span> <span class='ocrx_word' id='word_1_494' title='bbox 1064 3707 1120 3759; x_wconf 87' lang='grc' dir='ltr'><strong>δὲ</strong></span> <span class='ocrx_word' id='word_1_495' title='bbox 1171 3706 1476 3775; x_wconf 80' lang='grc' dir='ltr'>Σέσωστριν</span> <span class='ocrx_word' id='word_1_496' title='bbox 1527 3703 1760 3766; x_wconf 84' lang='grc' dir='ltr'>συνετῶς</span> <span class='ocrx_word' id='word_1_497' title='bbox 1807 3701 1904 3772; x_wconf 80' lang='grc' dir='ltr'>τὴν</span> 
     </span>
    </p>
   </div>
   <div class='ocr_carea' id='block_1_72' title="bbox 332 3795 1906 3872">
    <p class='ocr_par' dir='ltr' id='par_1_72' title="bbox 332 3795 1906 3872">
     <span class='ocr_line' id='line_1_72' title="bbox 332 3795 1906 3872; baseline -0.003 -21"><span class='ocrx_word' id='word_1_498' title='bbox 332 3799 648 3870; x_wconf 78' lang='grc' dir='ltr'>παραϐολὴν</span> <span class='ocrx_word' id='word_1_499' title='bbox 682 3803 746 3870; x_wconf 76' lang='grc' dir='ltr'>τῇ</span> <span class='ocrx_word' id='word_1_500' title='bbox 792 3802 925 3872; x_wconf 80' lang='grc' dir='ltr'>ἀκοῇ</span> <span class='ocrx_word' id='word_1_501' title='bbox 954 3798 1330 3869; x_wconf 74' lang='grc' dir='ltr'>ἐπισκέψαντα</span> <span class='ocrx_word' id='word_1_502' title='bbox 1355 3799 1398 3829; x_wconf 87' lang='grc'><strong>³⁷</strong></span> <span class='ocrx_word' id='word_1_503' title='bbox 1425 3795 1805 3866; x_wconf 78' lang='grc' dir='ltr'>νομοθετῆσαι,</span> <span class='ocrx_word' id='word_1_504' title='bbox 1846 3795 1906 3847; x_wconf 86' lang='grc' dir='ltr'>τὸ</span> 
     </span>
    </p>
   </div>
   <div class='ocr_carea' id='block_1_73' title="bbox 334 3887 1906 3963">
    <p class='ocr_par' dir='ltr' id='par_1_73' title="bbox 334 3887 1906 3963">
     <span class='ocr_line' id='line_1_73' title="bbox 334 3887 1906 3963; baseline -0.002 -20"><span class='ocrx_word' id='word_1_505' title='bbox 334 3892 602 3963; x_wconf 60' lang='grc' dir='ltr'>μηκέτιη</span> <span class='ocrx_word' id='word_1_506' title='bbox 631 3892 863 3963; x_wconf 78' lang='grc' dir='ltr'>βασιλεῖς</span> <span class='ocrx_word' id='word_1_507' title='bbox 891 3893 1068 3948; x_wconf 71' lang='grc' dir='ltr'>ἕλκειν</span> <span class='ocrx_word' id='word_1_508' title='bbox 1111 3892 1172 3946; x_wconf 81' lang='grc' dir='ltr'>τὸ</span> <span class='ocrx_word' id='word_1_509' title='bbox 1201 3892 1405 3961; x_wconf 83' lang='grc' dir='ltr'>ὄχημα.</span> <span class='ocrx_word' id='word_1_510' title='bbox 1447 3889 1505 3941; x_wconf 89' lang='grc' dir='ltr'>Ὀ</span> <span class='ocrx_word' id='word_1_511' title='bbox 1550 3889 1606 3943; x_wconf 78' lang='grc' dir='ltr'><strong>δὲ</strong></span> <span class='ocrx_word' id='word_1_512' title='bbox 1656 3887 1906 3954; x_wconf 85' lang='grc' dir='ltr'>Χαγὰνος</span> 
     </span>
    </p>
   </div>
   <div class='ocr_carea' id='block_1_74' title="bbox 326 3981 1897 4056">
    <p class='ocr_par' dir='ltr' id='par_1_74' title="bbox 326 3981 1897 4056">
     <span class='ocr_line' id='line_1_74' title="bbox 326 3981 1897 4056; baseline -0.005 -17"><span class='ocrx_word' id='word_1_513' title='bbox 326 3985 500 4039; x_wconf 81' lang='grc' dir='ltr'>ταῦτα</span> <span class='ocrx_word' id='word_1_514' title='bbox 529 3985 777 4056; x_wconf 80' lang='grc' dir='ltr'>ἀκηκοὼς</span> <span class='ocrx_word' id='word_1_515' title='bbox 809 3987 900 4040; x_wconf 73' lang='grc' dir='ltr'>καὶ</span> <span class='ocrx_word' id='word_1_516' title='bbox 933 3985 1297 4053; x_wconf 82' lang='grc' dir='ltr'>ὑπογελάσας,</span> <span class='ocrx_word' id='word_1_517' title='bbox 1326 3982 1526 4052; x_wconf 71' lang='grc' dir='ltr'>ἔφησεν</span> <span class='ocrx_word' id='word_1_518' title='bbox 1551 3983 1649 4050; x_wconf 82' lang='grc' dir='ltr'>τὴν</span> <span class='ocrx_word' id='word_1_519' title='bbox 1675 3981 1897 4051; x_wconf 79' lang='grc' dir='ltr'>εἰρήνην</span> 
     </span>
    </p>
   </div>
   <div class='ocr_carea' id='block_1_75' title="bbox 323 4071 1902 4150">
    <p class='ocr_par' dir='ltr' id='par_1_75' title="bbox 323 4071 1902 4150">
     <span class='ocr_line' id='line_1_75' title="bbox 323 4071 1902 4150; baseline -0.005 -18"><span class='ocrx_word' id='word_1_520' title='bbox 323 4076 500 4146; x_wconf 77' lang='grc' dir='ltr'>ἄγειν,</span> <span class='ocrx_word' id='word_1_521' title='bbox 524 4082 587 4150; x_wconf 76' lang='grc' dir='ltr'><strong>τῇ</strong></span> <span class='ocrx_word' id='word_1_522' title='bbox 628 4079 686 4132; x_wconf 80' lang='grc' dir='ltr'><strong>δὲ</strong></span> <span class='ocrx_word' id='word_1_523' title='bbox 712 4079 1031 4150; x_wconf 80' lang='grc' dir='ltr'>προαιρέσει</span> <span class='ocrx_word' id='word_1_524' title='bbox 1056 4077 1318 4148; x_wconf 81' lang='grc' dir='ltr'>Πρίσκου,</span> <span class='ocrx_word' id='word_1_525' title='bbox 1350 4073 1404 4127; x_wconf 82' lang='grc' dir='ltr'>εἴ</span> <span class='ocrx_word' id='word_1_526' title='bbox 1434 4091 1487 4128; x_wconf 90' lang='grc' dir='ltr'><strong>τι</strong></span> <span class='ocrx_word' id='word_1_527' title='bbox 1522 4073 1586 4128; x_wconf 81' lang='grc' dir='ltr'>ἂν</span> <span class='ocrx_word' id='word_1_528' title='bbox 1617 4072 1748 4146; x_wconf 79' lang='grc' dir='ltr'>θέλῃ</span> <span class='ocrx_word' id='word_1_529' title='bbox 1793 4071 1902 4125; x_wconf 86' lang='grc' dir='ltr'><strong>τῶν</strong></span> 
     </span>
    </p>
   </div>
   <div class='ocr_carea' id='block_1_76' title="bbox 2007 3243 3590 3317">
    <p class='ocr_par' dir='ltr' id='par_1_76' title="bbox 2007 3243 3590 3317">
     <span class='ocr_line' id='line_1_76' title="bbox 2007 3243 3590 3317; baseline -0.004 -15"><span class='ocrx_word' id='word_1_530' title='bbox 2007 3263 2158 3302; x_wconf 84' lang='lat' dir='ltr'><strong>more</strong></span> <span class='ocrx_word' id='word_1_531' title='bbox 2189 3247 2488 3312; x_wconf 87' lang='lat' dir='ltr'><strong>traherent,</strong></span> <span class='ocrx_word' id='word_1_532' title='bbox 2537 3248 2604 3302; x_wconf 88' lang='lat' dir='ltr'><strong>ad</strong></span> <span class='ocrx_word' id='word_1_533' title='bbox 2634 3247 2824 3317; x_wconf 83' lang='lat' dir='ltr'><strong>jugum</strong></span> <span class='ocrx_word' id='word_1_534' title='bbox 2854 3246 3116 3316; x_wconf 78' lang='lat' dir='ltr'><strong>alligavit.</strong></span> <span class='ocrx_word' id='word_1_535' title='bbox 3186 3244 3407 3298; x_wconf 85' lang='lat' dir='ltr'><strong>Interim</strong></span> <span class='ocrx_word' id='word_1_536' title='bbox 3459 3243 3590 3297; x_wconf 89' lang='lat' dir='ltr'><strong>dum</strong></span> 
     </span>
    </p>
   </div>
   <div class='ocr_carea' id='block_1_77' title="bbox 2002 3331 3590 3409">
    <p class='ocr_par' dir='ltr' id='par_1_77' title="bbox 2002 3331 3590 3409">
     <span class='ocr_line' id='line_1_77' title="bbox 2002 3331 3590 3409; baseline -0.003 -15"><span class='ocrx_word' id='word_1_537' title='bbox 2002 3355 2065 3394; x_wconf 88' lang='lat' dir='ltr'><strong>ea</strong></span> <span class='ocrx_word' id='word_1_538' title='bbox 2101 3354 2296 3409; x_wconf 90' lang='lat' dir='ltr'><strong>pompa</strong></span> <span class='ocrx_word' id='word_1_539' title='bbox 2313 3339 2486 3395; x_wconf 88' lang='lat' dir='ltr'><strong>elatus</strong></span> <span class='ocrx_word' id='word_1_540' title='bbox 2531 3338 2850 3408; x_wconf 85' lang='lat' dir='ltr'><strong>triumphat,</strong></span> <span class='ocrx_word' id='word_1_541' title='bbox 2886 3353 2915 3392; x_wconf 92' lang='lat' dir='ltr'><strong>e</strong></span> <span class='ocrx_word' id='word_1_542' title='bbox 2938 3337 3156 3408; x_wconf 79' lang='lat' dir='ltr'><strong>regibus</strong></span> <span class='ocrx_word' id='word_1_543' title='bbox 3180 3345 3415 3406; x_wconf 88' lang='lat' dir='ltr'><strong>quatuor</strong></span> <span class='ocrx_word' id='word_1_544' title='bbox 3452 3331 3590 3389; x_wconf 86' lang='lat' dir='ltr'><strong>alter</strong></span> 
     </span>
    </p>
   </div>
   <div class='ocr_carea' id='block_1_78' title="bbox 2001 3429 3591 3501">
    <p class='ocr_par' dir='ltr' id='par_1_78' title="bbox 2001 3429 3591 3501">
     <span class='ocr_line' id='line_1_78' title="bbox 2001 3429 3591 3501; baseline -0.003 -16"><span class='ocrx_word' id='word_1_545' title='bbox 2001 3431 2284 3486; x_wconf 71' lang='lat' dir='ltr'><strong>coitversis</strong></span> <span class='ocrx_word' id='word_1_546' title='bbox 2329 3439 2477 3486; x_wconf 91' lang='lat' dir='ltr'><strong>retro</strong></span> <span class='ocrx_word' id='word_1_547' title='bbox 2533 3431 2850 3501; x_wconf 74' lang='lat' dir='ltr'><strong>frequenter</strong></span> <span class='ocrx_word' id='word_1_548' title='bbox 2877 3429 3178 3484; x_wconf 90' lang='lat' dir='ltr'><strong>luminibus</strong></span> <span class='ocrx_word' id='word_1_549' title='bbox 3237 3437 3415 3482; x_wconf 89' lang='lat' dir='ltr'><strong>rotam</strong></span> <span class='ocrx_word' id='word_1_550' title='bbox 3467 3441 3591 3482; x_wconf 87' lang='lat' dir='ltr'><strong>sese</strong></span> 
     </span>
    </p>
   </div>
   <div class='ocr_carea' id='block_1_79' title="bbox 2001 3519 3589 3590">
    <p class='ocr_par' dir='ltr' id='par_1_79' title="bbox 2001 3519 3589 3590">
     <span class='ocr_line' id='line_1_79' title="bbox 2001 3519 3589 3590; baseline -0.003 -14"><span class='ocrx_word' id='word_1_551' title='bbox 2001 3523 2522 3578; x_wconf 82' lang='lat' dir='ltr'><strong>circumvolveutem</strong></span> <span class='ocrx_word' id='word_1_552' title='bbox 2575 3523 2842 3578; x_wconf 87' lang='lat' dir='ltr'><strong>attentius</strong></span> <span class='ocrx_word' id='word_1_553' title='bbox 2882 3522 3378 3590; x_wconf 86' lang='lat' dir='ltr'><strong>contemplabatur.</strong></span> <span class='ocrx_word' id='word_1_554' title='bbox 3426 3519 3589 3573; x_wconf 80' lang='lat' dir='ltr'><strong>Seso-</strong></span> 
     </span>
    </p>
   </div>
   <div class='ocr_carea' id='block_1_80' title="bbox 2005 3613 3587 3684">
    <p class='ocr_par' dir='ltr' id='par_1_80' title="bbox 2005 3613 3587 3684">
     <span class='ocr_line' id='line_1_80' title="bbox 2005 3613 3587 3684; baseline -0.004 -14"><span class='ocrx_word' id='word_1_555' title='bbox 2005 3615 2107 3670; x_wconf 77' lang='grc' dir='ltr'>ειτὶ</span> <span class='ocrx_word' id='word_1_556' title='bbox 2165 3631 2296 3670; x_wconf 86' lang='lat' dir='ltr'><strong>vero</strong></span> <span class='ocrx_word' id='word_1_557' title='bbox 2353 3615 2686 3679; x_wconf 85' lang='lat' dir='ltr'><strong>sciscitanti,</strong></span> <span class='ocrx_word' id='word_1_558' title='bbox 2737 3631 2837 3670; x_wconf 90' lang='lat' dir='ltr'><strong>cur</strong></span> <span class='ocrx_word' id='word_1_559' title='bbox 2895 3627 3042 3669; x_wconf 87' lang='lat' dir='ltr'><strong>retro</strong></span> <span class='ocrx_word' id='word_1_560' title='bbox 3096 3614 3283 3684; x_wconf 81' lang='lat' dir='ltr'><strong>ﬁgeret</strong></span> <span class='ocrx_word' id='word_1_561' title='bbox 3341 3613 3587 3677; x_wconf 85' lang='lat' dir='ltr'><strong>oculum,</strong></span> 
     </span>
    </p>
   </div>
   <div class='ocr_carea' id='block_1_81' title="bbox 2002 3704 3587 3776">
    <p class='ocr_par' dir='ltr' id='par_1_81' title="bbox 2002 3704 3587 3776">
     <span class='ocr_line' id='line_1_81' title="bbox 2002 3704 3587 3776; baseline -0.002 -15"><span class='ocrx_word' id='word_1_562' title='bbox 2002 3707 2288 3776; x_wconf 87' lang='lat' dir='ltr'><strong>respondit</strong></span> <span class='ocrx_word' id='word_1_563' title='bbox 2340 3706 2430 3761; x_wconf 92' lang='lat' dir='ltr'><strong>ille</strong></span> <span class='ocrx_word' id='word_1_564' title='bbox 2471 3723 2484 3759; x_wconf 89' lang='lat'><strong>:</strong></span> <span class='ocrx_word' id='word_1_565' title='bbox 2531 3705 2682 3761; x_wconf 66' lang='lat' dir='ltr'><strong>Bolae</strong></span> <span class='ocrx_word' id='word_1_566' title='bbox 2745 3707 3168 3761; x_wconf 89' lang='lat' dir='ltr'><strong>inconstantiam</strong></span> <span class='ocrx_word' id='word_1_567' title='bbox 3229 3705 3472 3759; x_wconf 89' lang='lat' dir='ltr'><strong>demiror</strong></span> <span class='ocrx_word' id='word_1_568' title='bbox 3531 3704 3587 3758; x_wconf 90' lang='lat' dir='ltr'><strong>in</strong></span> 
     </span>
    </p>
   </div>
   <div class='ocr_carea' id='block_1_82' title="bbox 2002 3793 3589 3861">
    <p class='ocr_par' dir='ltr' id='par_1_82' title="bbox 2002 3793 3589 3861">
     <span class='ocr_line' id='line_1_82' title="bbox 2002 3793 3589 3861; baseline -0.003 -14"><span class='ocrx_word' id='word_1_569' title='bbox 2002 3795 2253 3848; x_wconf 87' lang='lat' dir='ltr'><strong>diversas</strong></span> <span class='ocrx_word' id='word_1_570' title='bbox 2277 3802 2458 3861; x_wconf 87' lang='lat' dir='ltr'><strong>partes</strong></span> <span class='ocrx_word' id='word_1_571' title='bbox 2485 3808 2546 3848; x_wconf 88' lang='lat' dir='ltr'><strong>se</strong></span> <span class='ocrx_word' id='word_1_572' title='bbox 2579 3793 2979 3856; x_wconf 86' lang='lat' dir='ltr'><strong>convolventis,</strong></span> <span class='ocrx_word' id='word_1_573' title='bbox 3004 3799 3058 3846; x_wconf 90' lang='lat' dir='ltr'><strong>et</strong></span> <span class='ocrx_word' id='word_1_574' title='bbox 3092 3806 3198 3860; x_wconf 87' lang='lat' dir='ltr'><strong>qua</strong></span> <span class='ocrx_word' id='word_1_575' title='bbox 3234 3800 3444 3860; x_wconf 87' lang='lat' dir='ltr'><strong>partem</strong></span> <span class='ocrx_word' id='word_1_576' title='bbox 3491 3804 3589 3846; x_wconf 89' lang='lat' dir='ltr'><strong>su-</strong></span> 
     </span>
    </p>
   </div>
   <div class='ocr_carea' id='block_1_83' title="bbox 2004 3880 3587 3956">
    <p class='ocr_par' dir='ltr' id='par_1_83' title="bbox 2004 3880 3587 3956">
     <span class='ocr_line' id='line_1_83' title="bbox 2004 3880 3587 3956; baseline -0.003 -17"><span class='ocrx_word' id='word_1_577' title='bbox 2004 3887 2278 3956; x_wconf 88' lang='lat' dir='ltr'><strong>periorem</strong></span> <span class='ocrx_word' id='word_1_578' title='bbox 2311 3883 2654 3947; x_wconf 87' lang='lat' dir='ltr'><strong>inclinantis,</strong></span> <span class='ocrx_word' id='word_1_579' title='bbox 2685 3897 2789 3952; x_wconf 89' lang='lat' dir='ltr'><strong>qua</strong></span> <span class='ocrx_word' id='word_1_580' title='bbox 2814 3897 2942 3936; x_wconf 80' lang='lat' dir='ltr'><strong>vero</strong></span> <span class='ocrx_word' id='word_1_581' title='bbox 2971 3881 3284 3936; x_wconf 83' lang='lat' dir='ltr'><strong>inferiorem</strong></span> <span class='ocrx_word' id='word_1_582' title='bbox 3325 3880 3587 3950; x_wconf 82' lang='lat' dir='ltr'><strong>erigentis</strong></span> 
     </span>
    </p>
   </div>
   <div class='ocr_carea' id='block_1_84' title="bbox 2011 3970 3586 4034">
    <p class='ocr_par' dir='ltr' id='par_1_84' title="bbox 2011 3970 3586 4034">
     <span class='ocr_line' id='line_1_84' title="bbox 2011 3970 3586 4034; baseline -0.005 -1"><span class='ocrx_word' id='word_1_583' title='bbox 2011 3985 2066 4034; x_wconf 88' lang='lat' dir='ltr'><strong>et</strong></span> <span class='ocrx_word' id='word_1_584' title='bbox 2093 3976 2365 4032; x_wconf 81' lang='lat' dir='ltr'><strong>excelsius</strong></span> <span class='ocrx_word' id='word_1_585' title='bbox 2397 3975 2686 4032; x_wconf 88' lang='lat' dir='ltr'><strong>elevantis.</strong></span> <span class='ocrx_word' id='word_1_586' title='bbox 2733 3976 2908 4030; x_wconf 86' lang='lat' dir='ltr'><strong>Porro</strong></span> <span class='ocrx_word' id='word_1_587' title='bbox 2942 3973 3210 4028; x_wconf 84' lang='lat' dir='ltr'><strong>Sesostris</strong></span> <span class='ocrx_word' id='word_1_588' title='bbox 3233 3987 3356 4027; x_wconf 92' lang='lat' dir='ltr'><strong>cum</strong></span> <span class='ocrx_word' id='word_1_589' title='bbox 3386 3970 3586 4026; x_wconf 87' lang='lat' dir='ltr'><strong>simili-</strong></span> 
     </span>
    </p>
   </div>
   <div class='ocr_carea' id='block_1_85' title="bbox 2012 4067 3586 4139">
    <p class='ocr_par' dir='ltr' id='par_1_85' title="bbox 2012 4067 3586 4139">
     <span class='ocr_line' id='line_1_85' title="bbox 2012 4067 3586 4139; baseline -0.003 -16"><span class='ocrx_word' id='word_1_590' title='bbox 2012 4069 2256 4125; x_wconf 88' lang='lat' dir='ltr'><strong>tudinem</strong></span> <span class='ocrx_word' id='word_1_591' title='bbox 2291 4069 2450 4136; x_wconf 91' lang='lat' dir='ltr'><strong>bane,</strong></span> <span class='ocrx_word' id='word_1_592' title='bbox 2496 4083 2605 4139; x_wconf 88' lang='lat' dir='ltr'><strong>qua</strong></span> <span class='ocrx_word' id='word_1_593' title='bbox 2651 4068 2890 4139; x_wconf 80' lang='lat' dir='ltr'><strong>pollebat</strong></span> <span class='ocrx_word' id='word_1_594' title='bbox 2917 4067 3080 4122; x_wconf 89' lang='lat' dir='ltr'><strong>animi</strong></span> <span class='ocrx_word' id='word_1_595' title='bbox 3112 4067 3425 4135; x_wconf 84' lang='lat' dir='ltr'><strong>sagacitate,</strong></span> <span class='ocrx_word' id='word_1_596' title='bbox 3464 4079 3586 4134; x_wconf 89' lang='lat' dir='ltr'><strong>per-</strong></span> 
     </span>
    </p>
   </div>
   <div class='ocr_carea' id='block_1_86' title="bbox 1623 4212 2292 4270">
    <p class='ocr_par' dir='ltr' id='par_1_86' title="bbox 1623 4212 2292 4270">
     <span class='ocr_line' id='line_1_86' title="bbox 1623 4212 2292 4270; baseline 0.001 -2"><span class='ocrx_word' id='word_1_597' title='bbox 1623 4213 1856 4269; x_wconf 65' lang='lat' dir='ltr'><strong>VAthE</strong></span> <span class='ocrx_word' id='word_1_598' title='bbox 1890 4212 2292 4270; x_wconf 82' lang='lat' dir='ltr'><strong>LECTIONES.</strong></span> 
     </span>
    </p>
   </div>
   <div class='ocr_carea' id='block_1_87' title="bbox 390 4301 3586 4424">
    <p class='ocr_par' dir='ltr' id='par_1_87' title="bbox 390 4301 3586 4424">
     <span class='ocr_line' id='line_1_87' title="bbox 390 4301 3580 4423; baseline -0.004 -55"><span class='ocrx_word' id='word_1_599' title='bbox 390 4314 439 4351; x_wconf 73' lang='grc'><strong>³⁷</strong></span> <span class='ocrx_word' id='word_1_600' title='bbox 461 4314 554 4367; x_wconf 85' lang='grc' dir='ltr'><strong>δύο</strong></span> <span class='ocrx_word' id='word_1_601' title='bbox 581 4314 837 4382; x_wconf 82' lang='grc' dir='ltr'>κορυφῶν</span> <span class='ocrx_word' id='word_1_602' title='bbox 861 4316 902 4366; x_wconf 79' lang='grc' dir='ltr'>Α</span> <span class='ocrx_word' id='word_1_603' title='bbox 939 4312 976 4367; x_wconf 76' lang='grc'><strong>1⁵.</strong></span> <span class='ocrx_word' id='word_1_604' title='bbox 1052 4311 1096 4344; x_wconf 77' lang='grc'><strong>’⁸</strong></span> <span class='ocrx_word' id='word_1_605' title='bbox 1122 4312 1185 4366; x_wconf 81' lang='grc' dir='ltr'>ἂν</span> <span class='ocrx_word' id='word_1_606' title='bbox 1223 4313 1346 4366; x_wconf 85' lang='lat' dir='ltr'><strong>add.</strong></span> <span class='ocrx_word' id='word_1_607' title='bbox 1377 4327 1442 4366; x_wconf 78' lang='lat' dir='ltr'><strong>ex</strong></span> <span class='ocrx_word' id='word_1_608' title='bbox 1465 4311 1531 4364; x_wconf 84' lang='lat' dir='ltr'><strong>A.</strong></span> <span class='ocrx_word' id='word_1_609' title='bbox 1609 4312 1653 4342; x_wconf 66' lang='grc' dir='ltr'><strong>’ν</strong></span> <span class='ocrx_word' id='word_1_610' title='bbox 1679 4310 1770 4363; x_wconf 77' lang='grc' dir='ltr'><strong>τὸν</strong></span> <span class='ocrx_word' id='word_1_611' title='bbox 1805 4311 1906 4380; x_wconf 88' lang='grc' dir='ltr'>Πρ.</span> <span class='ocrx_word' id='word_1_612' title='bbox 1938 4312 2034 4379; x_wconf 83' lang='grc' dir='ltr'><strong>τῆς</strong></span> <span class='ocrx_word' id='word_1_613' title='bbox 2067 4328 2255 4380; x_wconf 85' lang='grc' dir='ltr'>στρατ.</span> <span class='ocrx_word' id='word_1_614' title='bbox 2286 4308 2351 4373; x_wconf 83' lang='grc' dir='ltr'>Α,</span> <span class='ocrx_word' id='word_1_615' title='bbox 2378 4309 2477 4380; x_wconf 84' lang='grc' dir='ltr'>τῆς</span> <span class='ocrx_word' id='word_1_616' title='bbox 2506 4325 2694 4378; x_wconf 87' lang='grc' dir='ltr'>στρατ.</span> <span class='ocrx_word' id='word_1_617' title='bbox 2730 4306 2819 4360; x_wconf 74' lang='grc' dir='ltr'><strong>τὸν</strong></span> <span class='ocrx_word' id='word_1_618' title='bbox 2851 4307 2952 4376; x_wconf 90' lang='grc' dir='ltr'>Πρ.</span> <span class='ocrx_word' id='word_1_619' title='bbox 2978 4304 3123 4375; x_wconf 78' lang='lat' dir='ltr'><strong>vnlg.</strong></span> <span class='ocrx_word' id='word_1_620' title='bbox 3180 4303 3224 4336; x_wconf 77' lang='lat'><strong>”</strong></span> <span class='ocrx_word' id='word_1_621' title='bbox 3258 4302 3491 4423; x_wconf 50' lang='lat' dir='ltr'><strong>Bias-rapi</strong></span> <span class='ocrx_word' id='word_1_622' title='bbox 3514 4301 3580 4355; x_wconf 88' lang='lat' dir='ltr'><strong>A.</strong></span> 
     </span>
     <span class='ocr_line' id='line_1_88' title="bbox 396 4371 3586 4424; baseline 0 0"><span class='ocrx_word' id='word_1_623' title='bbox 396 4384 532 4424; x_wconf 61' lang='grc' dir='ltr'><strong>σκολί-</strong></span> <span class='ocrx_word' id='word_1_624' title='bbox 553 4385 647 4424; x_wconf 67' lang='grc' dir='ltr'><strong>τὸν</strong></span> <span class='ocrx_word' id='word_1_625' title='bbox 669 4385 916 4424; x_wconf 72' lang='lat' dir='ltr'><strong>animnu</strong></span> <span class='ocrx_word' id='word_1_626' title='bbox 949 4385 981 4424; x_wconf 80' lang='grc' dir='ltr'><strong>Α</strong></span> <span class='ocrx_word' id='word_1_627' title='bbox 1042 4385 1276 4424; x_wconf 69' lang='grc' dir='ltr'>Υσνᾶνω</span> <span class='ocrx_word' id='word_1_628' title='bbox 1309 4383 1453 4424; x_wconf 78' lang='grc' dir='ltr'>νηΙσ-</span> <span class='ocrx_word' id='word_1_629' title='bbox 1565 4381 1609 4413; x_wconf 67' lang='grc'><strong>³³</strong></span> <span class='ocrx_word' id='word_1_630' title='bbox 1634 4380 1956 4424; x_wconf 57' lang='grc' dir='ltr'>ποιούμενον</span> <span class='ocrx_word' id='word_1_631' title='bbox 1991 4381 2049 4424; x_wconf 29' lang='grc' dir='ltr'>Δί</span> <span class='ocrx_word' id='word_1_632' title='bbox 2103 4381 2421 4424; x_wconf 57' lang='grc' dir='ltr'>ποιούμενος</span> <span class='ocrx_word' id='word_1_633' title='bbox 2476 4380 2618 4424; x_wconf 66' lang='lat' dir='ltr'><strong>vnlg-</strong></span> <span class='ocrx_word' id='word_1_634' title='bbox 2699 4379 2742 4418; x_wconf 79' lang='grc'>³³</span> <span class='ocrx_word' id='word_1_635' title='bbox 2777 4380 2804 4424; x_wconf 81' lang='grc' dir='ltr'><em>ὁ</em></span> <span class='ocrx_word' id='word_1_636' title='bbox 2836 4378 2943 4424; x_wconf 80' lang='grc' dir='ltr'><strong>τῶν</strong></span> <span class='ocrx_word' id='word_1_637' title='bbox 2973 4375 3098 4424; x_wconf 86' lang='lat' dir='ltr'><strong>add-</strong></span> <span class='ocrx_word' id='word_1_638' title='bbox 3131 4391 3196 4424; x_wconf 80' lang='lat' dir='ltr'><strong>ex</strong></span> <span class='ocrx_word' id='word_1_639' title='bbox 3248 4374 3312 4424; x_wconf 81' lang='grc' dir='ltr'><strong>Α.</strong></span> <span class='ocrx_word' id='word_1_640' title='bbox 3496 4371 3586 4424; x_wconf 82' lang='grc' dir='ltr'><strong>ίαν</strong></span> 
     </span>
    </p>
   </div>
   <div class='ocr_carea' id='block_1_88' title="bbox 323 4383 1455 4455">
    <p class='ocr_par' dir='ltr' id='par_1_88' title="bbox 323 4383 1455 4455">
     <span class='ocr_line' id='line_1_89' title="bbox 323 4383 1455 4455; baseline -0.001 -19"><span class='ocrx_word' id='word_1_641' title='bbox 323 4385 366 4420; x_wconf 78' lang='grc'><strong>⁸⁸</strong></span> <span class='ocrx_word' id='word_1_642' title='bbox 396 4384 532 4455; x_wconf 77' lang='grc' dir='ltr'>πρὸς</span> <span class='ocrx_word' id='word_1_643' title='bbox 553 4385 647 4436; x_wconf 85' lang='grc' dir='ltr'>τὸν</span> <span class='ocrx_word' id='word_1_644' title='bbox 667 4385 916 4449; x_wconf 82' lang='grc' dir='ltr'>Χαγάνον</span> <span class='ocrx_word' id='word_1_645' title='bbox 943 4385 1013 4455; x_wconf 61' lang='grc' dir='ltr'>Α,</span> <span class='ocrx_word' id='word_1_646' title='bbox 1041 4385 1276 4452; x_wconf 81' lang='grc' dir='ltr'>Χαγάνῳ</span> <span class='ocrx_word' id='word_1_647' title='bbox 1309 4383 1455 4455; x_wconf 85' lang='lat' dir='ltr'><strong>vulg.</strong></span> 
     </span>
    </p>
   </div>
   <div class='ocr_carea' id='block_1_89' title="bbox 1565 4374 3312 4450">
    <p class='ocr_par' dir='ltr' id='par_1_89' title="bbox 1565 4374 3312 4450">
     <span class='ocr_line' id='line_1_90' title="bbox 1565 4374 3312 4450; baseline -0.004 -17"><span class='ocrx_word' id='word_1_648' title='bbox 1565 4381 1609 4413; x_wconf 77' lang='lat'>”</span> <span class='ocrx_word' id='word_1_649' title='bbox 1634 4374 1956 4450; x_wconf 80' lang='grc' dir='ltr'>ποιούμενον</span> <span class='ocrx_word' id='word_1_650' title='bbox 1985 4374 2052 4443; x_wconf 74' lang='grc' dir='ltr'>Ᾱ,</span> <span class='ocrx_word' id='word_1_651' title='bbox 2103 4374 2446 4448; x_wconf 51' lang='grc' dir='ltr'>ποιούμενος</span> <span class='ocrx_word' id='word_1_652' title='bbox 2476 4374 2618 4448; x_wconf 69' lang='lat' dir='ltr'><strong>vulg.</strong></span> <span class='ocrx_word' id='word_1_653' title='bbox 2699 4379 2804 4450; x_wconf 58' lang='grc' dir='ltr'><strong>³³μό</strong></span> <span class='ocrx_word' id='word_1_654' title='bbox 2836 4374 2953 4450; x_wconf 85' lang='grc' dir='ltr'><strong>τῶν</strong></span> <span class='ocrx_word' id='word_1_655' title='bbox 2973 4374 3098 4450; x_wconf 72' lang='lat' dir='ltr'><strong>add.</strong></span> <span class='ocrx_word' id='word_1_656' title='bbox 3131 4391 3196 4450; x_wconf 53' lang='lat' dir='ltr'><strong>ex</strong></span> <span class='ocrx_word' id='word_1_657' title='bbox 3248 4374 3312 4426; x_wconf 83' lang='lat' dir='ltr'><strong>A.</strong></span> 
     </span>
    </p>
   </div>
   <div class='ocr_carea' id='block_1_90' title="bbox 322 4439 3584 4520">
    <p class='ocr_par' dir='ltr' id='par_1_90' title="bbox 322 4439 3584 4520">
     <span class='ocr_line' id='line_1_91' title="bbox 322 4439 3584 4520; baseline -0.004 -13"><span class='ocrx_word' id='word_1_658' title='bbox 322 4439 452 4508; x_wconf 64' lang='lat' dir='ltr'><strong>add:</strong></span> <span class='ocrx_word' id='word_1_659' title='bbox 479 4439 546 4510; x_wconf 61' lang='grc' dir='ltr'>εὶ</span> <span class='ocrx_word' id='word_1_660' title='bbox 581 4457 644 4507; x_wconf 76' lang='grc' dir='ltr'><strong>Λ.</strong></span> <span class='ocrx_word' id='word_1_661' title='bbox 723 4439 869 4515; x_wconf 79' lang='grc' dir='ltr'>⁸⁵ἐίς</span> <span class='ocrx_word' id='word_1_662' title='bbox 903 4456 970 4506; x_wconf 79' lang='grc' dir='ltr'><strong>τά</strong></span> <span class='ocrx_word' id='word_1_663' title='bbox 994 4439 1168 4505; x_wconf 78' lang='grc' dir='ltr'>ὀπίσω</span> <span class='ocrx_word' id='word_1_664' title='bbox 1197 4439 1260 4514; x_wconf 55' lang='grc' dir='ltr'>Α,</span> <span class='ocrx_word' id='word_1_665' title='bbox 1305 4454 1386 4514; x_wconf 88' lang='grc' dir='ltr'><strong>είς</strong></span> <span class='ocrx_word' id='word_1_666' title='bbox 1405 4439 1672 4504; x_wconf 72' lang='grc' dir='ltr'><strong>υτούπίσω</strong></span> <span class='ocrx_word' id='word_1_667' title='bbox 1695 4439 1838 4520; x_wconf 71' lang='lat' dir='ltr'><strong>vulg.</strong></span> <span class='ocrx_word' id='word_1_668' title='bbox 1917 4451 1962 4482; x_wconf 77' lang='grc'><strong>³⁸</strong></span> <span class='ocrx_word' id='word_1_669' title='bbox 1991 4439 2082 4502; x_wconf 77' lang='grc' dir='ltr'><strong>τόν</strong></span> <span class='ocrx_word' id='word_1_670' title='bbox 2111 4451 2169 4503; x_wconf 82' lang='grc' dir='ltr'>δὲ</span> <span class='ocrx_word' id='word_1_671' title='bbox 2194 4439 2501 4520; x_wconf 72' lang='grc' dir='ltr'>Σέσωστριν</span> <span class='ocrx_word' id='word_1_672' title='bbox 2527 4439 2888 4519; x_wconf 66' lang='grc' dir='ltr'>ἐπερωτῶντα</span> <span class='ocrx_word' id='word_1_673' title='bbox 2929 4449 2974 4500; x_wconf 78' lang='grc' dir='ltr'>Α</span> <span class='ocrx_word' id='word_1_674' title='bbox 3021 4446 3059 4500; x_wconf 71' lang='grc' dir='ltr'>ί.</span> <span class='ocrx_word' id='word_1_675' title='bbox 3133 4445 3177 4477; x_wconf 77' lang='grc'>³¹</span> <span class='ocrx_word' id='word_1_676' title='bbox 3203 4441 3436 4506; x_wconf 83' lang='grc' dir='ltr'>συνετῶς</span> <span class='ocrx_word' id='word_1_677' title='bbox 3481 4439 3584 4513; x_wconf 79' lang='grc' dir='ltr'>τὴν</span> 
     </span>
    </p>
   </div>
   <div class='ocr_carea' id='block_1_91' title="bbox 324 4519 2182 4595">
    <p class='ocr_par' dir='ltr' id='par_1_91' title="bbox 324 4519 2182 4595">
     <span class='ocr_line' id='line_1_92' title="bbox 324 4519 2182 4595; baseline -0.002 -18"><span class='ocrx_word' id='word_1_678' title='bbox 324 4524 494 4595; x_wconf 69' lang='grc' dir='ltr'>ἀκοὴν</span> <span class='ocrx_word' id='word_1_679' title='bbox 523 4528 736 4589; x_wconf 79' lang='grc' dir='ltr'>ὲπισκ..</span> <span class='ocrx_word' id='word_1_680' title='bbox 775 4525 976 4579; x_wconf 84' lang='lat' dir='ltr'><strong>omisso</strong></span> <span class='ocrx_word' id='word_1_681' title='bbox 1009 4522 1105 4593; x_wconf 75' lang='grc' dir='ltr'>τὴν</span> <span class='ocrx_word' id='word_1_682' title='bbox 1131 4521 1473 4593; x_wconf 83' lang='grc' dir='ltr'>παραϐολὴν,</span> <span class='ocrx_word' id='word_1_683' title='bbox 1508 4522 1553 4576; x_wconf 84' lang='lat' dir='ltr'><strong>A</strong></span> <span class='ocrx_word' id='word_1_684' title='bbox 1579 4520 1616 4575; x_wconf 82' lang='lat' dir='ltr'><strong>f.</strong></span> <span class='ocrx_word' id='word_1_685' title='bbox 1689 4521 1732 4553; x_wconf 83' lang='grc'><strong>³⁸</strong></span> <span class='ocrx_word' id='word_1_686' title='bbox 1761 4519 1854 4573; x_wconf 84' lang='grc' dir='ltr'>τοῦ</span> <span class='ocrx_word' id='word_1_687' title='bbox 1889 4521 2086 4591; x_wconf 83' lang='grc' dir='ltr'>μηκέτι</span> <span class='ocrx_word' id='word_1_688' title='bbox 2116 4520 2182 4574; x_wconf 81' lang='grc' dir='ltr'><strong>Α.</strong></span> 
     </span>
    </p>
   </div>
   <div class='ocr_carea' id='block_1_92' title="bbox 1613 4652 2288 4721">
    <p class='ocr_par' dir='ltr' id='par_1_92' title="bbox 1613 4652 2288 4721">
     <span class='ocr_line' id='line_1_93' title="bbox 1613 4652 2288 4721; baseline 0.003 -13"><span class='ocrx_word' id='word_1_689' title='bbox 1613 4652 1755 4721; x_wconf 70' lang='lat' dir='ltr'><strong>JAC,</strong></span> <span class='ocrx_word' id='word_1_690' title='bbox 1791 4653 1998 4709; x_wconf 81' lang='lat' dir='ltr'><strong>GOARI</strong></span> <span class='ocrx_word' id='word_1_691' title='bbox 2059 4653 2288 4711; x_wconf 69' lang='grc' dir='ltr'><strong>ΝΟΤᾸΞ.</strong></span> 
     </span>
    </p>
   </div>
   <div class='ocr_carea' id='block_1_93' title="bbox 328 4794 3580 4875">
    <p class='ocr_par' dir='ltr' id='par_1_93' title="bbox 328 4794 3580 4875">
     <span class='ocr_line' id='line_1_94' title="bbox 328 4794 3580 4875; baseline -0.001 -16"><span class='ocrx_word' id='word_1_692' title='bbox 328 4805 492 4875; x_wconf 78' lang='grc' dir='ltr'>μένου</span> <span class='ocrx_word' id='word_1_693' title='bbox 522 4803 628 4872; x_wconf 76' lang='grc' dir='ltr'><strong>πρὸ</strong></span> <span class='ocrx_word' id='word_1_694' title='bbox 656 4803 847 4856; x_wconf 87' lang='grc' dir='ltr'>τούτου</span> <span class='ocrx_word' id='word_1_695' title='bbox 881 4802 970 4856; x_wconf 79' lang='grc' dir='ltr'><strong>τὸν</strong></span> <span class='ocrx_word' id='word_1_696' title='bbox 1011 4802 1171 4855; x_wconf 81' lang='grc' dir='ltr'>αὐτὸν</span> <span class='ocrx_word' id='word_1_697' title='bbox 1223 4800 1570 4875; x_wconf 51' lang='grc' dir='ltr'>ἶΛναστάσιον</span> <span class='ocrx_word' id='word_1_698' title='bbox 1597 4817 1610 4852; x_wconf 90' lang='lat'><strong>:</strong></span> <span class='ocrx_word' id='word_1_699' title='bbox 1637 4801 1750 4875; x_wconf 90' lang='lat' dir='ltr'><strong>ubi_</strong></span> <span class='ocrx_word' id='word_1_700' title='bbox 1788 4799 1901 4855; x_wconf 77' lang='lat' dir='ltr'><strong>Ra-</strong></span> <span class='ocrx_word' id='word_1_701' title='bbox 1936 4804 1980 4862; x_wconf 92' lang='lat' dir='ltr'><strong>D</strong></span> <span class='ocrx_word' id='word_1_702' title='bbox 2009 4815 2132 4869; x_wconf 83' lang='lat' dir='ltr'><strong>cap.</strong></span> <span class='ocrx_word' id='word_1_703' title='bbox 2167 4799 2418 4875; x_wconf 60' lang='lat' dir='ltr'><strong>{Lquod</strong></span> <span class='ocrx_word' id='word_1_704' title='bbox 2449 4799 2704 4853; x_wconf 88' lang='lat' dir='ltr'><strong>nimirum</strong></span> <span class='ocrx_word' id='word_1_705' title='bbox 2739 4795 2884 4875; x_wconf 64' lang='lat' dir='ltr'><strong>haud</strong></span> <span class='ocrx_word' id='word_1_706' title='bbox 2915 4795 3020 4848; x_wconf 85' lang='lat' dir='ltr'><strong>sibi</strong></span> <span class='ocrx_word' id='word_1_707' title='bbox 3054 4794 3190 4875; x_wconf 81' lang='lat' dir='ltr'><strong>satis</strong></span> <span class='ocrx_word' id='word_1_708' title='bbox 3224 4801 3402 4875; x_wconf 75' lang='lat' dir='ltr'><strong>lutum</strong></span> <span class='ocrx_word' id='word_1_709' title='bbox 3427 4804 3580 4875; x_wconf 76' lang='lat' dir='ltr'><strong>trans</strong></span> 
     </span>
    </p>
   </div>
   <div class='ocr_carea' id='block_1_94' title="bbox 327 4870 1902 4940">
    <p class='ocr_par' dir='ltr' id='par_1_94' title="bbox 327 4870 1902 4940">
     <span class='ocr_line' id='line_1_95' title="bbox 327 4870 1902 4940; baseline -0.003 -12"><span class='ocrx_word' id='word_1_710' title='bbox 327 4870 479 4938; x_wconf 66' lang='grc' dir='ltr'><strong>δεῖ..</strong></span> <span class='ocrx_word' id='word_1_711' title='bbox 507 4870 598 4940; x_wconf 78' lang='lat' dir='ltr'><strong>qui</strong></span> <span class='ocrx_word' id='word_1_712' title='bbox 633 4875 775 4927; x_wconf 77' lang='lat' dir='ltr'><strong>rivus</strong></span> <span class='ocrx_word' id='word_1_713' title='bbox 798 4875 959 4927; x_wconf 87' lang='lat' dir='ltr'><strong>etiam</strong></span> <span class='ocrx_word' id='word_1_714' title='bbox 993 4873 1332 4927; x_wconf 78' lang='lat' dir='ltr'><strong>Anastasium</strong></span> <span class='ocrx_word' id='word_1_715' title='bbox 1387 4880 1672 4938; x_wconf 85' lang='lat' dir='ltr'><strong>receperat.</strong></span> <span class='ocrx_word' id='word_1_716' title='bbox 1716 4870 1902 4940; x_wconf 84' lang='lat' dir='ltr'><strong>Scrip-</strong></span> 
     </span>
    </p>
   </div>
   <div class='ocr_carea' id='block_1_95' title="bbox 328 4942 1902 5012">
    <p class='ocr_par' dir='ltr' id='par_1_95' title="bbox 328 4942 1902 5012">
     <span class='ocr_line' id='line_1_96' title="bbox 328 4942 1902 5012; baseline -0.003 -11"><span class='ocrx_word' id='word_1_717' title='bbox 328 4945 462 5000; x_wconf 84' lang='lat' dir='ltr'><strong>serit</strong></span> <span class='ocrx_word' id='word_1_718' title='bbox 517 4942 657 4996; x_wconf 74' lang='lat' dir='ltr'><strong>forte</strong></span> <span class='ocrx_word' id='word_1_719' title='bbox 693 4953 990 5012; x_wconf 74' lang='lat' dir='ltr'><strong>exceperat.</strong></span> <span class='ocrx_word' id='word_1_720' title='bbox 1031 4943 1193 5010; x_wconf 78' lang='lat' dir='ltr'><strong>Ergo,</strong></span> <span class='ocrx_word' id='word_1_721' title='bbox 1225 4943 1314 5011; x_wconf 86' lang='lat' dir='ltr'><strong>qui</strong></span> <span class='ocrx_word' id='word_1_722' title='bbox 1347 4950 1397 4996; x_wconf 86' lang='lat' dir='ltr'><strong>et</strong></span> <span class='ocrx_word' id='word_1_723' title='bbox 1439 4953 1560 4995; x_wconf 85' lang='lat' dir='ltr'><strong>ante</strong></span> <span class='ocrx_word' id='word_1_724' title='bbox 1614 4942 1902 4996; x_wconf 78' lang='lat' dir='ltr'><strong>Anastasio</strong></span> 
     </span>
    </p>
   </div>
   <div class='ocr_carea' id='block_1_96' title="bbox 327 5013 1128 5082">
    <p class='ocr_par' dir='ltr' id='par_1_96' title="bbox 327 5013 1128 5082">
     <span class='ocr_line' id='line_1_97' title="bbox 327 5013 1128 5082; baseline -0.005 -12"><span class='ocrx_word' id='word_1_725' title='bbox 327 5016 582 5082; x_wconf 71' lang='lat' dir='ltr'><strong>suffectus</strong></span> <span class='ocrx_word' id='word_1_726' title='bbox 610 5013 806 5082; x_wconf 79' lang='lat' dir='ltr'><strong>fuerat.</strong></span> <span class='ocrx_word' id='word_1_727' title='bbox 838 5013 1128 5068; x_wconf 76' lang='lat' dir='ltr'><strong>COIBEFIS.</strong></span> 
     </span>
    </p>
   </div>
   <div class='ocr_carea' id='block_1_97' title="bbox 403 5081 1894 5153">
    <p class='ocr_par' dir='ltr' id='par_1_97' title="bbox 403 5081 1894 5153">
     <span class='ocr_line' id='line_1_98' title="bbox 403 5081 1894 5153; baseline -0.001 -15"><span class='ocrx_word' id='word_1_728' title='bbox 403 5081 516 5151; x_wconf 61' lang='lat' dir='ltr'><strong>(is)</strong></span> <span class='ocrx_word' id='word_1_729' title='bbox 560 5081 683 5137; x_wconf 59' lang='lat' dir='ltr'><strong>Hinc</strong></span> <span class='ocrx_word' id='word_1_730' title='bbox 725 5099 831 5138; x_wconf 84' lang='lat' dir='ltr'><strong>una</strong></span> <span class='ocrx_word' id='word_1_731' title='bbox 870 5099 990 5138; x_wconf 68' lang='lat' dir='ltr'><strong>sum</strong></span> <span class='ocrx_word' id='word_1_732' title='bbox 1033 5082 1470 5153; x_wconf 74' lang='lat' dir='ltr'><strong>przecedentibus</strong></span> <span class='ocrx_word' id='word_1_733' title='bbox 1499 5095 1700 5153; x_wconf 8' lang='lat' dir='ltr'><strong>pannus</strong></span> <span class='ocrx_word' id='word_1_734' title='bbox 1753 5081 1894 5153; x_wconf 86' lang='lat' dir='ltr'><strong>idem</strong></span> 
     </span>
    </p>
   </div>
   <div class='ocr_carea' id='block_1_98' title="bbox 329 5151 1902 5224">
    <p class='ocr_par' dir='ltr' id='par_1_98' title="bbox 329 5151 1902 5224">
     <span class='ocr_line' id='line_1_99' title="bbox 329 5151 1902 5224; baseline -0.003 -17"><span class='ocrx_word' id='word_1_735' title='bbox 329 5155 473 5223; x_wconf 86' lang='lat' dir='ltr'><strong>apud</strong></span> <span class='ocrx_word' id='word_1_736' title='bbox 509 5153 866 5224; x_wconf 81' lang='lat' dir='ltr'><strong>Sintocattant</strong></span> <span class='ocrx_word' id='word_1_737' title='bbox 892 5151 1279 5224; x_wconf 82' lang='lat' dir='ltr'><strong>complectitur</strong></span> <span class='ocrx_word' id='word_1_738' title='bbox 1311 5168 1432 5224; x_wconf 72' lang='lat' dir='ltr'><strong>cap.</strong></span> <span class='ocrx_word' id='word_1_739' title='bbox 1457 5151 1512 5206; x_wconf 81' lang='lat' dir='ltr'><strong>H</strong></span> <span class='ocrx_word' id='word_1_740' title='bbox 1548 5171 1560 5206; x_wconf 90' lang='lat'><strong>:</strong></span> <span class='ocrx_word' id='word_1_741' title='bbox 1607 5152 1696 5224; x_wconf 79' lang='grc' dir='ltr'>Ἑν</span> <span class='ocrx_word' id='word_1_742' title='bbox 1730 5152 1902 5222; x_wconf 85' lang='grc' dir='ltr'>τούτῳ</span> 
     </span>
    </p>
   </div>
   <div class='ocr_carea' id='block_1_99' title="bbox 325 5221 1904 5294">
    <p class='ocr_par' dir='ltr' id='par_1_99' title="bbox 325 5221 1904 5294">
     <span class='ocr_line' id='line_1_100' title="bbox 325 5221 1904 5294; baseline -0.003 -16"><span class='ocrx_word' id='word_1_743' title='bbox 325 5221 383 5280; x_wconf 74' lang='grc' dir='ltr'><strong>δὲ</strong></span> <span class='ocrx_word' id='word_1_744' title='bbox 415 5222 666 5294; x_wconf 77' lang='grc' dir='ltr'>ἐνιαυτῷ,</span> <span class='ocrx_word' id='word_1_745' title='bbox 688 5225 898 5294; x_wconf 84' lang='lat' dir='ltr'><strong>inquit,</strong></span> <span class='ocrx_word' id='word_1_746' title='bbox 923 5225 1000 5294; x_wconf 80' lang='grc' dir='ltr'><strong>είς</strong></span> <span class='ocrx_word' id='word_1_747' title='bbox 1022 5221 1110 5276; x_wconf 70' lang='grc' dir='ltr'><strong>’τὰ</strong></span> <span class='ocrx_word' id='word_1_748' title='bbox 1132 5224 1237 5294; x_wconf 75' lang='grc' dir='ltr'><strong>πρὸ</strong></span> <span class='ocrx_word' id='word_1_749' title='bbox 1266 5222 1358 5276; x_wconf 85' lang='grc' dir='ltr'>τοῦ</span> <span class='ocrx_word' id='word_1_750' title='bbox 1382 5221 1591 5294; x_wconf 70' lang='grc' dir='ltr'>ἄστεος</span> <span class='ocrx_word' id='word_1_751' title='bbox 1628 5221 1904 5274; x_wconf 81' lang='grc' dir='ltr'>τίκτονται</span> 
     </span>
    </p>
   </div>
   <div class='ocr_carea' id='block_1_100' title="bbox 330 5292 1902 5365">
    <p class='ocr_par' dir='ltr' id='par_1_100' title="bbox 330 5292 1902 5365">
     <span class='ocr_line' id='line_1_101' title="bbox 330 5292 1902 5365; baseline 0 -18"><span class='ocrx_word' id='word_1_752' title='bbox 330 5292 611 5365; x_wconf 78' lang='grc' dir='ltr'>παράδοξα</span> <span class='ocrx_word' id='word_1_753' title='bbox 639 5293 876 5365; x_wconf 82' lang='grc' dir='ltr'>τέρατα⁶</span> <span class='ocrx_word' id='word_1_754' title='bbox 915 5293 1029 5347; x_wconf 85' lang='lat' dir='ltr'><strong>[loc</strong></span> <span class='ocrx_word' id='word_1_755' title='bbox 1053 5292 1331 5360; x_wconf 32' lang='lat' dir='ltr'><strong>ipso—anno</strong></span> <span class='ocrx_word' id='word_1_756' title='bbox 1362 5292 1626 5347; x_wconf 81' lang='lat' dir='ltr'><strong>mirabilia</strong></span> <span class='ocrx_word' id='word_1_757' title='bbox 1657 5302 1902 5362; x_wconf 84' lang='lat' dir='ltr'><strong>portenta</strong></span> 
     </span>
    </p>
   </div>
   <div class='ocr_carea' id='block_1_101' title="bbox 327 5364 1174 5433">
    <p class='ocr_par' dir='ltr' id='par_1_101' title="bbox 327 5364 1174 5433">
     <span class='ocr_line' id='line_1_102' title="bbox 327 5364 1174 5433; baseline 0 -15"><span class='ocrx_word' id='word_1_758' title='bbox 327 5366 386 5418; x_wconf 81' lang='lat' dir='ltr'><strong>in</strong></span> <span class='ocrx_word' id='word_1_759' title='bbox 410 5364 729 5416; x_wconf 82' lang='lat' dir='ltr'><strong>suburbanis</strong></span> <span class='ocrx_word' id='word_1_760' title='bbox 750 5375 999 5433; x_wconf 89' lang='lat' dir='ltr'><strong>generata</strong></span> <span class='ocrx_word' id='word_1_761' title='bbox 1030 5374 1174 5418; x_wconf 85' lang='lat' dir='ltr'><strong>sunt.</strong></span> 
     </span>
    </p>
   </div>
   <div class='ocr_carea' id='block_1_102' title="bbox 405 5431 1900 5505">
    <p class='ocr_par' dir='ltr' id='par_1_102' title="bbox 405 5431 1900 5505">
     <span class='ocr_line' id='line_1_103' title="bbox 405 5431 1900 5505; baseline 0 -19"><span class='ocrx_word' id='word_1_762' title='bbox 405 5435 516 5505; x_wconf 84' lang='lat' dir='ltr'><strong>(l5)</strong></span> <span class='ocrx_word' id='word_1_763' title='bbox 537 5433 700 5505; x_wconf 84' lang='lat' dir='ltr'><strong>Addit</strong></span> <span class='ocrx_word' id='word_1_764' title='bbox 719 5431 948 5505; x_wconf 67' lang='lat' dir='ltr'><strong>interpr.</strong></span> <span class='ocrx_word' id='word_1_765' title='bbox 965 5434 1107 5504; x_wconf 92' lang='lat' dir='ltr'><strong>quod</strong></span> <span class='ocrx_word' id='word_1_766' title='bbox 1135 5434 1374 5489; x_wconf 81' lang='lat' dir='ltr'><strong>historiae</strong></span> <span class='ocrx_word' id='word_1_767' title='bbox 1396 5438 1692 5505; x_wconf 86' lang='lat' dir='ltr'><strong>repugnat,</strong></span> <span class='ocrx_word' id='word_1_768' title='bbox 1713 5431 1776 5486; x_wconf 86' lang='lat' dir='ltr'><strong>de</strong></span> <span class='ocrx_word' id='word_1_769' title='bbox 1800 5449 1900 5486; x_wconf 80' lang='lat' dir='ltr'><strong>sua</strong></span> 
     </span>
    </p>
   </div>
   <div class='ocr_carea' id='block_1_103' title="bbox 329 5500 1894 5574">
    <p class='ocr_par' dir='ltr' id='par_1_103' title="bbox 329 5500 1894 5574">
     <span class='ocr_line' id='line_1_104' title="bbox 329 5500 1894 5574; baseline -0.001 -17"><span class='ocrx_word' id='word_1_770' title='bbox 329 5500 766 5558; x_wconf 71' lang='lat' dir='ltr'><strong>exauctoratione</strong></span> <span class='ocrx_word' id='word_1_771' title='bbox 802 5500 1020 5558; x_wconf 66' lang='lat' dir='ltr'><strong>Priscus</strong></span> <span class='ocrx_word' id='word_1_772' title='bbox 1053 5507 1244 5560; x_wconf 82' lang='lat' dir='ltr'><strong>certior</strong></span> <span class='ocrx_word' id='word_1_773' title='bbox 1288 5500 1484 5574; x_wconf 75' lang='lat' dir='ltr'><strong>factus,</strong></span> <span class='ocrx_word' id='word_1_774' title='bbox 1512 5500 1720 5574; x_wconf 76' lang='lat' dir='ltr'><strong>eductis</strong></span> <span class='ocrx_word' id='word_1_775' title='bbox 1747 5511 1894 5574; x_wconf 80' lang='lat' dir='ltr'><strong>etc.;</strong></span> 
     </span>
    </p>
   </div>
   <div class='ocr_carea' id='block_1_104' title="bbox 333 5573 1896 5642">
    <p class='ocr_par' dir='ltr' id='par_1_104' title="bbox 333 5573 1896 5642">
     <span class='ocr_line' id='line_1_105' title="bbox 333 5573 1896 5642; baseline -0.002 -15"><span class='ocrx_word' id='word_1_776' title='bbox 333 5575 442 5631; x_wconf 91' lang='lat' dir='ltr'><strong>imo</strong></span> <span class='ocrx_word' id='word_1_777' title='bbox 466 5585 760 5642; x_wconf 85' lang='lat' dir='ltr'><strong>antequam</strong></span> <span class='ocrx_word' id='word_1_778' title='bbox 779 5574 968 5639; x_wconf 89' lang='lat' dir='ltr'><strong>sciret,</strong></span> <span class='ocrx_word' id='word_1_779' title='bbox 989 5575 1070 5631; x_wconf 90' lang='lat' dir='ltr'><strong>sic</strong></span> <span class='ocrx_word' id='word_1_780' title='bbox 1085 5573 1390 5630; x_wconf 81' lang='lat' dir='ltr'><strong>exercitum</strong></span> <span class='ocrx_word' id='word_1_781' title='bbox 1418 5573 1712 5642; x_wconf 86' lang='lat' dir='ltr'><strong>trajecerat</strong></span> <span class='ocrx_word' id='word_1_782' title='bbox 1729 5587 1748 5625; x_wconf 89' lang='lat'><strong><em>:</em></strong></span> <span class='ocrx_word' id='word_1_783' title='bbox 1775 5573 1896 5625; x_wconf 83' lang='grc' dir='ltr'>τού-</span> 
     </span>
    </p>
   </div>
   <div class='ocr_carea' id='block_1_105' title="bbox 331 5642 1890 5714">
    <p class='ocr_par' dir='ltr' id='par_1_105' title="bbox 331 5642 1890 5714">
     <span class='ocr_line' id='line_1_106' title="bbox 331 5642 1890 5714; baseline 0 -17"><span class='ocrx_word' id='word_1_784' title='bbox 331 5662 438 5697; x_wconf 76' lang='grc' dir='ltr'><strong>των</strong></span> <span class='ocrx_word' id='word_1_785' title='bbox 487 5644 646 5697; x_wconf 73' lang='grc' dir='ltr'>οὔπω</span> <span class='ocrx_word' id='word_1_786' title='bbox 683 5643 1000 5714; x_wconf 76' lang='grc' dir='ltr'>ἑπέπυστοε</span> <span class='ocrx_word' id='word_1_787' title='bbox 1037 5643 1213 5714; x_wconf 89' lang='lat' dir='ltr'><strong>inquit</strong></span> <span class='ocrx_word' id='word_1_788' title='bbox 1266 5643 1574 5714; x_wconf 77' lang='lat' dir='ltr'><strong>Theophyi.</strong></span> <span class='ocrx_word' id='word_1_789' title='bbox 1606 5643 1735 5714; x_wconf 75' lang='lat' dir='ltr'><strong>Alia</strong></span> <span class='ocrx_word' id='word_1_790' title='bbox 1786 5642 1890 5697; x_wconf 83' lang='lat' dir='ltr'><strong>ita-</strong></span> 
     </span>
    </p>
   </div>
   <div class='ocr_carea' id='block_1_106' title="bbox 332 5712 1888 5784">
    <p class='ocr_par' dir='ltr' id='par_1_106' title="bbox 332 5712 1888 5784">
     <span class='ocr_line' id='line_1_107' title="bbox 332 5712 1888 5784; baseline 0.003 -21"><span class='ocrx_word' id='word_1_791' title='bbox 332 5728 437 5781; x_wconf 75' lang='lat' dir='ltr'><strong>que</strong></span> <span class='ocrx_word' id='word_1_792' title='bbox 471 5715 686 5769; x_wconf 88' lang='lat' dir='ltr'><strong>ratione</strong></span> <span class='ocrx_word' id='word_1_793' title='bbox 715 5713 770 5768; x_wconf 89' lang='lat' dir='ltr'><strong>id</strong></span> <span class='ocrx_word' id='word_1_794' title='bbox 797 5712 1023 5782; x_wconf 80' lang='lat' dir='ltr'><strong>factum,</strong></span> <span class='ocrx_word' id='word_1_795' title='bbox 1053 5712 1216 5784; x_wconf 78' lang='lat' dir='ltr'><strong>quam</strong></span> <span class='ocrx_word' id='word_1_796' title='bbox 1246 5713 1390 5770; x_wconf 86' lang='lat' dir='ltr'><strong>idem</strong></span> <span class='ocrx_word' id='word_1_797' title='bbox 1425 5712 1662 5783; x_wconf 77' lang='lat' dir='ltr'><strong>explicat</strong></span> <span class='ocrx_word' id='word_1_798' title='bbox 1684 5712 1778 5768; x_wconf 86' lang='lat' dir='ltr'><strong>lib.</strong></span> <span class='ocrx_word' id='word_1_799' title='bbox 1813 5729 1888 5778; x_wconf 74' lang='lat' dir='ltr'><strong>vn,</strong></span> 
     </span>
    </p>
   </div>
   <div class='ocr_carea' id='block_1_107' title="bbox 2007 4867 3584 4936">
    <p class='ocr_par' dir='ltr' id='par_1_107' title="bbox 2007 4867 3584 4936">
     <span class='ocr_line' id='line_1_108' title="bbox 2007 4867 3584 4936; baseline 0.001 -12"><span class='ocrx_word' id='word_1_800' title='bbox 2007 4867 2224 4924; x_wconf 83' lang='lat' dir='ltr'><strong>aninem</strong></span> <span class='ocrx_word' id='word_1_801' title='bbox 2249 4867 2608 4926; x_wconf 65' lang='lat' dir='ltr'><strong>eiistimaret.</strong></span> <span class='ocrx_word' id='word_1_802' title='bbox 2630 4882 2693 4921; x_wconf 86' lang='lat' dir='ltr'><strong>ac</strong></span> <span class='ocrx_word' id='word_1_803' title='bbox 2730 4867 3094 4920; x_wconf 83' lang='lat' dir='ltr'><strong>Barbarorum</strong></span> <span class='ocrx_word' id='word_1_804' title='bbox 3120 4867 3402 4936; x_wconf 89' lang='lat' dir='ltr'><strong>inopinata</strong></span> <span class='ocrx_word' id='word_1_805' title='bbox 3444 4869 3584 4925; x_wconf 90' lang='lat' dir='ltr'><strong>irru-</strong></span> 
     </span>
    </p>
   </div>
   <div class='ocr_carea' id='block_1_108' title="bbox 2004 4937 3580 5010">
    <p class='ocr_par' dir='ltr' id='par_1_108' title="bbox 2004 4937 3580 5010">
     <span class='ocr_line' id='line_1_109' title="bbox 2004 4937 3580 5010; baseline 0 -17"><span class='ocrx_word' id='word_1_806' title='bbox 2004 4942 2193 5010; x_wconf 86' lang='lat' dir='ltr'><strong>ptione</strong></span> <span class='ocrx_word' id='word_1_807' title='bbox 2227 4940 2775 5010; x_wconf 84' lang='lat' dir='ltr'><strong>opprimimetueret.</strong></span> <span class='ocrx_word' id='word_1_808' title='bbox 2819 4939 3016 5010; x_wconf 84' lang='lat' dir='ltr'><strong>At_nec</strong></span> <span class='ocrx_word' id='word_1_809' title='bbox 3051 4937 3185 5010; x_wconf 73' lang='lat' dir='ltr'><strong>illud</strong></span> <span class='ocrx_word' id='word_1_810' title='bbox 3219 4951 3342 5006; x_wconf 88' lang='lat' dir='ltr'><strong>apte</strong></span> <span class='ocrx_word' id='word_1_811' title='bbox 3392 4941 3580 4996; x_wconf 79' lang='lat' dir='ltr'><strong>reddi-</strong></span> 
     </span>
    </p>
   </div>
   <div class='ocr_carea' id='block_1_109' title="bbox 2007 5005 3581 5080">
    <p class='ocr_par' dir='ltr' id='par_1_109' title="bbox 2007 5005 3581 5080">
     <span class='ocr_line' id='line_1_110' title="bbox 2007 5005 3581 5080; baseline 0 -16"><span class='ocrx_word' id='word_1_812' title='bbox 2007 5005 2145 5075; x_wconf 77' lang='lat' dir='ltr'><strong>ium,</strong></span> <span class='ocrx_word' id='word_1_813' title='bbox 2191 5005 2317 5080; x_wconf 70' lang='grc' dir='ltr'>τῆν’</span> <span class='ocrx_word' id='word_1_814' title='bbox 2351 5008 2650 5079; x_wconf 88' lang='grc' dir='ltr'>μετάϐασιν</span> <span class='ocrx_word' id='word_1_815' title='bbox 2691 5006 2962 5077; x_wconf 81' lang='grc' dir='ltr'>ἀκηκοώς,</span> <span class='ocrx_word' id='word_1_816' title='bbox 3004 5017 3071 5080; x_wconf 68' lang='lat' dir='ltr'><strong>at</strong></span> <span class='ocrx_word' id='word_1_817' title='bbox 3107 5005 3374 5080; x_wconf 82' lang='lat' dir='ltr'><strong>Romanas</strong></span> <span class='ocrx_word' id='word_1_818' title='bbox 3440 5011 3581 5066; x_wconf 80' lang='lat' dir='ltr'><strong>acies</strong></span> 
     </span>
    </p>
   </div>
   <div class='ocr_carea' id='block_1_110' title="bbox 2005 5078 3581 5148">
    <p class='ocr_par' dir='ltr' id='par_1_110' title="bbox 2005 5078 3581 5148">
     <span class='ocr_line' id='line_1_111' title="bbox 2005 5078 3581 5148; baseline -0.001 -14"><span class='ocrx_word' id='word_1_819' title='bbox 2005 5078 2316 5134; x_wconf 73' lang='lat' dir='ltr'><strong>ulteriorem</strong></span> <span class='ocrx_word' id='word_1_820' title='bbox 2351 5078 2523 5148; x_wconf 84' lang='lat' dir='ltr'><strong>ripam</strong></span> <span class='ocrx_word' id='word_1_821' title='bbox 2555 5095 2651 5133; x_wconf 85' lang='lat' dir='ltr'><strong>suo</strong></span> <span class='ocrx_word' id='word_1_822' title='bbox 2691 5080 2922 5132; x_wconf 81' lang='lat' dir='ltr'><strong>transitu</strong></span> <span class='ocrx_word' id='word_1_823' title='bbox 2963 5078 3250 5132; x_wconf 77' lang='lat' dir='ltr'><strong>obtinuisse</strong></span> <span class='ocrx_word' id='word_1_824' title='bbox 3295 5079 3581 5148; x_wconf 78' lang='lat' dir='ltr'><strong>Chaganus</strong></span> 
     </span>
    </p>
   </div>
   <div class='ocr_carea' id='block_1_111' title="bbox 2006 5148 3582 5216">
    <p class='ocr_par' dir='ltr' id='par_1_111' title="bbox 2006 5148 3582 5216">
     <span class='ocr_line' id='line_1_112' title="bbox 2006 5148 3582 5216; baseline -0.001 -12"><span class='ocrx_word' id='word_1_825' title='bbox 2006 5151 2308 5205; x_wconf 73' lang='lat' dir='ltr'><strong>intellexit:</strong></span> <span class='ocrx_word' id='word_1_826' title='bbox 2362 5148 2603 5204; x_wconf 91' lang='lat' dir='ltr'><strong>nondum</strong></span> <span class='ocrx_word' id='word_1_827' title='bbox 2670 5151 2815 5204; x_wconf 90' lang='lat' dir='ltr'><strong>enim</strong></span> <span class='ocrx_word' id='word_1_828' title='bbox 2869 5149 3262 5210; x_wconf 85' lang='lat' dir='ltr'><strong>obtinuerant,</strong></span> <span class='ocrx_word' id='word_1_829' title='bbox 3308 5163 3469 5216; x_wconf 84' lang='lat' dir='ltr'><strong>quam</strong></span> <span class='ocrx_word' id='word_1_830' title='bbox 3510 5156 3582 5216; x_wconf 89' lang='lat' dir='ltr'><strong>ut</strong></span> 
     </span>
    </p>
   </div>
   <div class='ocr_carea' id='block_1_112' title="bbox 2006 5215 3582 5289">
    <p class='ocr_par' dir='ltr' id='par_1_112' title="bbox 2006 5215 3582 5289">
     <span class='ocr_line' id='line_1_113' title="bbox 2006 5215 3582 5289; baseline -0.002 -13"><span class='ocrx_word' id='word_1_831' title='bbox 2006 5224 2152 5276; x_wconf 87' lang='lat' dir='ltr'><strong>clare</strong></span> <span class='ocrx_word' id='word_1_832' title='bbox 2176 5231 2371 5274; x_wconf 89' lang='lat' dir='ltr'><strong>auctor</strong></span> <span class='ocrx_word' id='word_1_833' title='bbox 2397 5219 2752 5289; x_wconf 85' lang='lat' dir='ltr'><strong>prosequitur</strong></span> <span class='ocrx_word' id='word_1_834' title='bbox 2796 5233 2861 5273; x_wconf 82' lang='lat' dir='ltr'><strong>ex</strong></span> <span class='ocrx_word' id='word_1_835' title='bbox 2894 5219 3085 5274; x_wconf 91' lang='lat' dir='ltr'><strong>eodem</strong></span> <span class='ocrx_word' id='word_1_836' title='bbox 3133 5215 3461 5289; x_wconf 13' lang='lat' dir='ltr'><strong>g&#39;l‘heophyi,</strong></span> <span class='ocrx_word' id='word_1_837' title='bbox 3495 5215 3582 5273; x_wconf 83' lang='lat' dir='ltr'><strong>Sit</strong></span> 
     </span>
    </p>
   </div>
   <div class='ocr_carea' id='block_1_113' title="bbox 2007 5286 3582 5429">
    <p class='ocr_par' dir='ltr' id='par_1_113' title="bbox 2007 5286 3582 5429">
     <span class='ocr_line' id='line_1_114' title="bbox 2010 5286 3579 5361; baseline -0.003 -16"><span class='ocrx_word' id='word_1_838' title='bbox 2010 5307 2162 5361; x_wconf 86' lang='lat' dir='ltr'><strong>ergo,</strong></span> <span class='ocrx_word' id='word_1_839' title='bbox 2226 5286 2445 5344; x_wconf 81' lang='lat' dir='ltr'><strong>audiens</strong></span> <span class='ocrx_word' id='word_1_840' title='bbox 2507 5286 2840 5355; x_wconf 76' lang='lat' dir='ltr'><strong>transitum;</strong></span> <span class='ocrx_word' id='word_1_841' title='bbox 2887 5290 2940 5342; x_wconf 90' lang='lat' dir='ltr'><strong>in</strong></span> <span class='ocrx_word' id='word_1_842' title='bbox 2994 5288 3276 5358; x_wconf 80' lang='lat' dir='ltr'><strong>procinctu</strong></span> <span class='ocrx_word' id='word_1_843' title='bbox 3307 5286 3316 5288; x_wconf 61' lang='grc'><strong>⁷</strong></span> <span class='ocrx_word' id='word_1_844' title='bbox 3345 5286 3579 5341; x_wconf 90' lang='lat' dir='ltr'><strong>scilicet.</strong></span> 
     </span>
     <span class='ocr_line' id='line_1_115' title="bbox 2007 5355 3582 5429; baseline -0.001 -15"><span class='ocrx_word' id='word_1_845' title='bbox 2007 5361 2314 5429; x_wconf 83' lang='lat' dir='ltr'><strong>Theophyl.</strong></span> <span class='ocrx_word' id='word_1_846' title='bbox 2380 5359 2480 5429; x_wconf 80' lang='grc' dir='ltr'>τὴν</span> <span class='ocrx_word' id='word_1_847' title='bbox 2518 5361 2810 5414; x_wconf 79' lang='grc' dir='ltr'>ἀπόϐασιν.</span> <span class='ocrx_word' id='word_1_848' title='bbox 2851 5358 3101 5413; x_wconf 80' lang='lat' dir='ltr'><strong>descensu</strong></span> <span class='ocrx_word' id='word_1_849' title='bbox 3139 5357 3362 5410; x_wconf 84' lang='lat' dir='ltr'><strong>audito:</strong></span> <span class='ocrx_word' id='word_1_850' title='bbox 3395 5362 3454 5409; x_wconf 77' lang='lat' dir='ltr'><strong>ut</strong></span> <span class='ocrx_word' id='word_1_851' title='bbox 3502 5355 3582 5412; x_wconf 84' lang='lat' dir='ltr'><strong>ibi</strong></span> 
     </span>
    </p>
   </div>
   <div class='ocr_carea' id='block_1_114' title="bbox 2005 5379 3485 5499">
    <p class='ocr_par' dir='ltr' id='par_1_114' title="bbox 2005 5379 3485 5499">
     <span class='ocr_line' id='line_1_116' title="bbox 2017 5379 3454 5434; baseline -0.005 -20"><span class='ocrx_word' id='word_1_852' title='bbox 2017 5379 2314 5434; x_wconf 78' lang='lat' dir='ltr'><strong>tueopnyt.</strong></span> <span class='ocrx_word' id='word_1_853' title='bbox 2380 5379 2480 5429; x_wconf 87' lang='grc' dir='ltr'><strong>την</strong></span> <span class='ocrx_word' id='word_1_854' title='bbox 2518 5379 2810 5414; x_wconf 86' lang='grc' dir='ltr'>αποοασιν.</span> <span class='ocrx_word' id='word_1_855' title='bbox 2851 5379 3101 5413; x_wconf 82' lang='lat' dir='ltr'><strong>aescensu</strong></span> <span class='ocrx_word' id='word_1_856' title='bbox 3139 5379 3319 5410; x_wconf 83' lang='lat' dir='ltr'><strong>auuua</strong></span> <span class='ocrx_word' id='word_1_857' title='bbox 3343 5379 3361 5409; x_wconf 82' lang='lat'><strong>.-</strong></span> <span class='ocrx_word' id='word_1_858' title='bbox 3395 5379 3454 5409; x_wconf 76' lang='grc' dir='ltr'>ιη</span> 
     </span>
     <span class='ocr_line' id='line_1_117' title="bbox 2005 5429 3485 5499; baseline -0.003 -15"><span class='ocrx_word' id='word_1_859' title='bbox 2005 5431 2234 5498; x_wconf 84' lang='lat' dir='ltr'><strong>interpr.</strong></span> <span class='ocrx_word' id='word_1_860' title='bbox 2273 5472 2287 5496; x_wconf 96' lang='lat'><strong>,</strong></span> <span class='ocrx_word' id='word_1_861' title='bbox 2315 5445 2507 5499; x_wconf 85' lang='lat' dir='ltr'><strong>nempe</strong></span> <span class='ocrx_word' id='word_1_862' title='bbox 2536 5431 2602 5483; x_wconf 90' lang='lat' dir='ltr'><strong>ad</strong></span> <span class='ocrx_word' id='word_1_863' title='bbox 2628 5429 2852 5486; x_wconf 86' lang='lat' dir='ltr'><strong>ﬂumen.</strong></span> <span class='ocrx_word' id='word_1_864' title='bbox 2883 5430 3173 5499; x_wconf 60' lang='lat' dir='ltr'><strong>Conservis.</strong></span> <span class='ocrx_word' id='word_1_865' title='bbox 3296 5495 3307 5499; x_wconf 30' lang='grc' dir='ltr'><strong>Α</strong></span> <span class='ocrx_word' id='word_1_866' title='bbox 3425 5497 3444 5499; x_wconf 24' lang='grc' dir='ltr'><em>Α</em></span> <span class='ocrx_word' id='word_1_867' title='bbox 3476 5486 3485 5494; x_wconf 89' lang='lat'><em>_</em></span> 
     </span>
    </p>
   </div>
   <div class='ocr_carea' id='block_1_115' title="bbox 2075 5495 3579 5574">
    <p class='ocr_par' dir='ltr' id='par_1_115' title="bbox 2075 5495 3579 5574">
     <span class='ocr_line' id='line_1_118' title="bbox 2075 5495 3579 5574; baseline -0.003 -19"><span class='ocrx_word' id='word_1_868' title='bbox 2075 5495 2188 5574; x_wconf 83' lang='lat' dir='ltr'><strong>(l6)</strong></span> <span class='ocrx_word' id='word_1_869' title='bbox 2240 5495 2316 5554; x_wconf 80' lang='lat' dir='ltr'><strong>Ita</strong></span> <span class='ocrx_word' id='word_1_870' title='bbox 2376 5495 2536 5574; x_wconf 71' lang='lat' dir='ltr'><strong>plane</strong></span> <span class='ocrx_word' id='word_1_871' title='bbox 2589 5517 2780 5574; x_wconf 64' lang='lat' dir='ltr'><strong>errore</strong></span> <span class='ocrx_word' id='word_1_872' title='bbox 2817 5495 3108 5574; x_wconf 71' lang='lat' dir='ltr'><strong>scriptum,</strong></span> <span class='ocrx_word' id='word_1_873' title='bbox 3142 5511 3240 5565; x_wconf 93' lang='lat' dir='ltr'><strong>pro</strong></span> <span class='ocrx_word' id='word_1_874' title='bbox 3289 5495 3476 5574; x_wconf 71' lang='grc' dir='ltr'>ἑορτῇ,</span> <span class='ocrx_word' id='word_1_875' title='bbox 3515 5502 3579 5574; x_wconf 80' lang='lat' dir='ltr'><strong>ut</strong></span> 
     </span>
    </p>
   </div>
   <div class='ocr_carea' id='block_1_116' title="bbox 2002 5566 3578 5642">
    <p class='ocr_par' dir='ltr' id='par_1_116' title="bbox 2002 5566 3578 5642">
     <span class='ocr_line' id='line_1_119' title="bbox 2002 5566 3578 5642; baseline -0.004 -16"><span class='ocrx_word' id='word_1_876' title='bbox 2002 5566 2129 5642; x_wconf 80' lang='lat' dir='ltr'><strong>legit</strong></span> <span class='ocrx_word' id='word_1_877' title='bbox 2152 5566 2348 5626; x_wconf 82' lang='lat' dir='ltr'><strong>Anast.</strong></span> <span class='ocrx_word' id='word_1_878' title='bbox 2379 5566 2654 5642; x_wconf 82' lang='lat' dir='ltr'><strong>habetque</strong></span> <span class='ocrx_word' id='word_1_879' title='bbox 2673 5566 2977 5642; x_wconf 57' lang='lat' dir='ltr'><strong>Theopby&#39;l.</strong></span> <span class='ocrx_word' id='word_1_880' title='bbox 3015 5567 3108 5642; x_wconf 80' lang='lat' dir='ltr'><strong>lib.</strong></span> <span class='ocrx_word' id='word_1_881' title='bbox 3132 5581 3338 5642; x_wconf 65' lang='lat' dir='ltr'><strong>vtcap.</strong></span> <span class='ocrx_word' id='word_1_882' title='bbox 3370 5566 3490 5642; x_wconf 73' lang='lat' dir='ltr'><strong>ult&#39;.;</strong></span> <span class='ocrx_word' id='word_1_883' title='bbox 3515 5567 3578 5620; x_wconf 80' lang='grc' dir='ltr'>ὲν</span> 
     </span>
    </p>
   </div>
   <div class='ocr_carea' id='block_1_117' title="bbox 2003 5635 3581 5725">
    <p class='ocr_par' dir='ltr' id='par_1_117' title="bbox 2003 5635 3581 5725">
     <span class='ocr_line' id='line_1_120' title="bbox 2003 5635 3581 5725; baseline 0 0"><span class='ocrx_word' id='word_1_884' title='bbox 2003 5635 2362 5725; x_wconf 48' lang='lat' dir='ltr'><strong>raw-aevi</strong></span> <span class='ocrx_word' id='word_1_885' title='bbox 2409 5640 2518 5725; x_wconf 59' lang='grc' dir='ltr'>καὶ,</span> <span class='ocrx_word' id='word_1_886' title='bbox 2557 5635 2848 5725; x_wconf 47' lang='lat' dir='ltr'><strong>impasci.</strong></span> <span class='ocrx_word' id='word_1_887' title='bbox 2898 5635 3082 5725; x_wconf 60' lang='grc' dir='ltr'>έοετίν</span> <span class='ocrx_word' id='word_1_888' title='bbox 3129 5635 3581 5725; x_wconf 35' lang='lat' dir='ltr'><strong>“afﬁrm</strong></span> 
     </span>
    </p>
   </div>
   <div class='ocr_carea' id='block_1_118' title="bbox 1999 5706 3466 5784">
    <p class='ocr_par' dir='ltr' id='par_1_118' title="bbox 1999 5706 3466 5784">
     <span class='ocr_line' id='line_1_121' title="bbox 1999 5706 3466 5784; baseline -0.003 -16"><span class='ocrx_word' id='word_1_889' title='bbox 1999 5706 2352 5780; x_wconf 65' lang='lat' dir='ltr'><strong>Solemnitate,</strong></span> <span class='ocrx_word' id='word_1_890' title='bbox 2393 5728 2455 5768; x_wconf 87' lang='lat' dir='ltr'><strong>ac</strong></span> <span class='ocrx_word' id='word_1_891' title='bbox 2489 5706 2752 5784; x_wconf 60' lang='lat' dir='ltr'><strong>frequenti</strong></span> <span class='ocrx_word' id='word_1_892' title='bbox 2775 5706 3154 5782; x_wconf 65' lang='lat' dir='ltr'><strong>Egyptiorum</strong></span> <span class='ocrx_word' id='word_1_893' title='bbox 3187 5715 3466 5764; x_wconf 65' lang='lat' dir='ltr'><strong>consults.</strong></span> 
     </span>
    </p>
   </div>
  </div>
