4078 6218
448 245 552 317 631

1810 258 2297 321 THEOPHANIS

3602 252 3712 317 632

404 400 417 415 ν.
453 363 802 423 Ρςιίεειίηαηι
828 374 883 420 et
907 373 1151 421 sanctam
1173 367 1449 425 civitatem
1473 384 1751 426 armorum
1775 372 1827 426 vi
1869 374 2028 429 sube-

2145 376 2334 447 Ἱέρσαι
2381 374 2473 429 τὸν
2533 374 2803 446 Ἰορδάνην
2837 372 2987 442 (38),
3043 370 3413 441 Παλαιστίνην
3462 370 3558 424 καὶ
3608 373 3712 443 τὴν

453 468 653 529 gerunt
686 476 703 513 :
733 465 789 514 et
840 459 1117 524 manibus,
1149 469 1208 515 ut
1247 461 1467 531 quidam
1500 464 1777 530 asserunt,
1806 462 2023 520 Judaeo-

453 565 575 605 rum
596 548 887 620 plurimos.
915 547 986 601 ad
1021 549 1321 620 nonaginta
1362 551 1613 610 videlicet
1642 555 1832 618 millia,
1856 556 2026 610 truci-

450 644 675 698 darunt.
709 641 923 712 Singuli
947 641 1149 698 etenim
1178 659 1278 714 pro
1304 644 1421 701 suis
1445 646 1648 717 quique
1675 646 2027 703 facultatibus

451 731 799 788 Christianos
827 741 1094 798 ementes,
1144 720 1431 790 confestim
1466 736 1811 792 occidebant.
1857 738 2027 809 Capto

452 838 583 878 vero
610 820 1120 894 Hierosolymorum
1139 826 1449 896 patriarcha
1471 827 1754 895 Zacharia,
1784 832 2026 901 pretioso

452 920 619 975 etiam
666 929 721 977 et
754 922 972 977 viviﬂco
1032 923 1213 979 crucis
1262 923 1410 994 ligno
1462 924 1601 980 locis
1653 925 1761 981 illis
1817 935 2025 995 erepto,

453 1012 801 1083 captivorum
867 1013 1153 1069 hominum
1222 1015 1626 1070 multitudinem
1683 1016 2025 1072 innumeram

453 1104 513 1159 in
540 1104 820 1167 Persidem
848 1104 1216 1165 abduxerunt.

526 1195 729 1251 Eodem
763 1211 909 1251 anno
942 1196 1339 1252 Constantinus
1368 1196 1506 1251 alter
1528 1211 1596 1251 ex
1636 1196 1865 1251 Martina
1894 1211 2030 1251 con-

451 1286 583 1357 juge
608 1286 921 1355 imperatori
956 1293 1117 1341 natus
1150 1294 1234 1340 est
1265 1303 1278 1340 :
1311 1285 1405 1354 qui
1435 1300 1463 1339 a
1498 1284 1687 1357 Sergio
1720 1283 2026 1355 patriarcha

455 1380 509 1434 in
541 1379 854 1434 Blachernis
886 1378 1217 1449 baptizatus.

524 1468 592 1523 A.
632 1469 688 1524 C.
723 1469 849 1525 607.
878 1500 948 1510 —
978 1471 1095 1525 Hoc
1125 1486 1273 1525 anno
1321 1469 1504 1523 Persa:
1534 1467 1854 1538 Egyptum,
1906 1466 2033 1521 Alc-

2133 469 2296 537 ἀγίαν
2314 468 2471 523 πόλιν
2497 468 2739 538 πολέμῳ,
2765 467 2862 519 καὶ
2885 462 3117 528 πολλοὺς
3138 464 3467 517 ἀπέκτειναν
3486 464 3546 516 ὲν
3567 463 3709 535 αὐτῇ

2131 563 2220 618 διὰ
2248 562 2431 632 χειρὸς
2462 560 2572 613 τῶν
2624 558 2916 623 Ἰουδαίων,
2946 556 3024 619 ὥς
3066 556 3202 624 φασί
3238 572 3405 619 τινες,
3438 554 3713 626 μυριάδας

2132 654 2310 709 ιννέα.
2342 653 2504 707 Αὐτοὶ
2542 652 2651 721 γὰρ
2686 650 2985 719 ὠνούμενοι
3015 648 3141 711 τοὺς
3167 648 3530 719 Χριστιανοὺς
3565 645 3714 699 καθά

2131 748 2373 818 ήμπόρει
2412 746 2643 801 ἕκαστος
2670 742 2991 796 ἀπέκτεινεν
3019 739 3067 774 ⁸⁸
3092 739 3312 799 αὐτούς.
3348 736 3625 806 Ζαχαρίαν
3652 736 3712 789 δὲ

2131 840 2223 893 τὸν
2268 836 2615 908 πατριάρχην
2675 831 3100 903 Ἰεροσολύμων,
3151 831 3246 883 καὶ
3292 828 3359 881 τὰ
3404 828 3563 898 τίμια
3612 827 3713 881 καί⁵

2139 931 2380 997 ζωοποιά
2414 928 2546 994 ξύλα
2597 925 2855 990 λαϐόντες
2906 925 3005 979 σὺν
3036 919 3383 993 αἰχμαλωσίᾳ
3412 919 3609 989 πολλῇ.
3652 920 3713 971 ιν

2135 1024 2355 1095 Περσίδι
2381 1022 2688 1093 ἀπήγαγον.

2205 1197 2296 1269 Τῷ
2328 1197 2373 1251 δ’
2417 1194 2567 1267 αύτῷ
2615 1194 2727 1248 ἔτει
2774 1193 2889 1264 ('59)
2942 1191 3136 1263 ἐτέχθη
3200 1190 3280 1262 τῷ
3339 1189 3552 1261 βασιλεῖ
3601 1187 3716 1243 ἀπὸ

2134 1292 2419 1363 Μαρτίνης
2462 1291 2871 1351 Κωνσταντῖνος
2902 1288 3110 1357 ἕτερος,
3160 1284 3255 1338 καὶ
3299 1282 3605 1352 ἐϐαπτίσθη
3652 1282 3715 1334 ὲν

2137 1382 2468 1453 Βλαχέρναις
2504 1380 2608 1433 ὑπὸ
2641 1378 2865 1449 Σεργίου
2893 1376 3257 1446 πατριάρχου.

2200 1476 2266 1524 Α.
2302 1470 2377 1523 Μ.
2410 1468 2574 1523 6107.
2606 1497 2676 1507 ——
2705 1467 2893 1536 Τούτῳ
2921 1465 2998 1535 τῷ
3026 1465 3132 1517 ἔτει
3165 1462 3472 1534 παρέλαϐον
3494 1463 3545 1515 οἰ
3573 1461 3719 1533 Πέρ-

456 1559 741 1615 xandriazn
802 1570 855 1615 et
907 1560 1134 1631 Libyam
1198 1561 1265 1615 ad
1320 1574 1497 1629 usque
1546 1560 1681 1615 ﬁnes
1738 1558 2034 1628 Ethiopia:

2145 1580 2230 1616 σαι
2276 1563 2457 1615 πᾶσαν
2485 1560 2533 1593 ⁸⁸
2563 1560 2661 1629 τήν
2704 1560 2980 1625 Αἴγυπτον
3017 1558 3128 1627 (40)
3160 1559 3256 1611 καὶ
3301 1556 3717 1624 Ἀλεξάνδρειαν

456 1654 837 1724 subegerunt:
872 1662 927 1709 et
973 1655 1203 1709 collecta
1255 1654 1598 1723 captivorum
1656 1651 2029 1717 multitudine,

2145 1658 2237 1710 καὶ
2272 1656 2481 1723 Λιϐύην
2511 1655 2618 1717 ἓως
2664 1653 2975 1717 Αἰθιοπίας,
3008 1654 3102 1706 καὶ
3134 1651 3392 1713 λαϐόντες
3432 1648 3719 1719 αἰχμαλω-

458 1746 653 1815 spoliis
680 1747 846 1801 etiam
880 1746 1266 1816 amplissimis,
1296 1755 1350 1801 et
1374 1746 1728 1815 pecuniarum
1762 1744 2035 1812 vi'aspor-

2145 1746 2260 1799 σίαν
2300 1744 2514 1815 πολλὴν
2551 1746 2649 1797 καὶ
2694 1744 2914 1812 λάφυρα
2962 1740 3258 1812 πάμπολλα
3310 1740 3404 1793 καὶ
3452 1742 3719 1811 χρήματα

458 1846 591 1903 tata,
634 1853 763 1893 suas
817 1838 869 1891 in
910 1837 1223 1908 provincias
1275 1839 1576 1892 redierunt.
1636 1836 2037 1891 Chalcedonem

2145 1839 2510 1907 ὑπέστρεψαν.
2540 1836 2652 1908 Τὴν
2701 1835 3024 1905 Χαλκηδόνα
3068 1836 3169 1887 οὐκ
3206 1834 3436 1904 ἴσχυσαν
3463 1832 3719 1902 παραλα-

460 1930 681 1999 quidem
715 1946 985 2000 occupare
1015 1946 1125 1984 non
1169 1930 1481 1991 valuerunt,
1515 1929 1610 1983 sed
1666 1928 1918 1999 praesidio
1971 1927 2040 1983 ad

2145 1931 2277 1993 ϐεῖν,
2312 1930 2447 1983 ἀλλὰ
2493 1928 2741 2000 φρουρὰν
2798 1928 3059 1990 ἐάσαντες
3100 1925 3197 1979 τοῦ
3241 1924 3577 1996 πολιορκεῖν,
3623 1924 3721 1978 ἁν-

460 2039 582 2079 eam
613 2023 971 2079 obsidendam
1010 2023 1220 2085 relicto,
1252 2030 1623 2078 secesserunt.

530 2114 598 2168 Α.
629 2113 691 2169 C.
731 2114 856 2171 608.
885 2145 957 2154 —
997 2113 1111 2170 Hoc
1154 2128 1301 2167 anno
1335 2114 1516 2169 Persae
1547 2111 1948 2183 expeditionem
1984 2111 2041 2166 in

459 2203 859 2261 Chalcedonem
889 2204 1246 2269 instruentes,
1276 2204 1418 2259 bello
1448 2217 1566 2257 eam
1599 2211 1884 2273 ceperunt.
1928 2200 2043 2257 Hoc

460 2295 653 2349 eodem
682 2309 823 2354 anno
845 2292 1097 2352 Januarii
1133 2293 1340 2350 mensis
1363 2295 1453 2349 die
1488 2294 1691 2364 primo,
1731 2293 2041 2348 indictione

464 2387 683 2458 quinta,
726 2387 1126 2448 Constantinus
1155 2388 1363 2457 junior,
1405 2387 1582 2457 quiet
1628 2385 1913 2441 Heraclius
1948 2384 2045 2440 He-

465 2478 622 2532 raclil
662 2478 828 2541 (llius,
856 2480 1050 2534 consul
1080 2480 1423 2534 renuntiatus
1451 2487 1559 2542 est,
1591 2478 1684 2548 qui
1718 2477 2041 2535 Constanti-

466 2585 596 2639 num
636 2572 901 2624 minorem
931 2573 1214 2643 proprium
1242 2570 1468 2625 fratrem
1516 2570 1770 2625 Heraclio
1816 2580 1871 2625 et
1902 2568 2046 2623 Maro

464 2662 577 2715 tina
618 2663 860 2731 genitum
902 2664 1203 2719 declaravit
1229 2664 1524 2719 Caesarem.
1628 2676 1631 2681 ‘

534 2756 600 2811 A.
636 2756 698 2810 C.
720 2755 846 2817 609.
871 2787 944 2799 --
973 2756 1088 2812 lloc
1113 2772 1260 2811 anno
1285 2756 1446 2810 aliam
1468 2756 1792 2823 legationem
1816 2752 1885 2809 de
1912 2768 2045 2818 pace

462 2859 591 2900 cum
627 2845 813 2903 Persis
844 2847 1122 2910 habenda,
1160 2856 1216 2900 et
1241 2846 1310 2900 ab
1338 2845 1418 2901 eis
1450 2844 1755 2915 expetenda
1790 2845 1859 2898 ad
1898 2843 2047 2899 Cho-

467 2956 650 2999 sroem
707 2939 1005 2995 destinavit
1059 2936 1367 2993 Heraclius.
1423 2938 1555 2991 Eam
1606 2937 1802 2991 iterum
1838 2937 2046 3005 respuit

463 3034 759 3093 Cbosroes.
821 3030 1006 3085 dicens
1064 3048 1078 3084 :
1137 3028 1293 3084 Vobis
1344 3029 1555 3082 minime
1587 3044 1831 3098 parcam,
1879 3028 2045 3082 donec

464 3126 804 3194 cruciﬁxum,
832 3139 983 3193 quem
1015 3139 1102 3176 vos
1129 3120 1436 3190 praedicatis
1466 3120 1657 3187 Deum,
1696 3120 1860 3176 salem
1905 3121 2045 3174 ado-
2073 3098 2116 3160 (ἶ

464 3215 660 3283 rotari,
694 3214 1096 3284 abnegaveritis.

539 3308 606 3361 A.
639 3307 703 3361 C.
737 3305 863 3360 610.
894 3335 966 3344 -
997 3302 1111 3358 Hoc
1166 3317 1314 3357 anno
1372 3302 1581 3359 Abares
1640 3303 1693 3356 in
1756 3300 2046 3355 Thraciam

469 3416 622 3458 arma
650 3405 963 3455 moverunt.
1006 3395 1297 3451 lleraclius
1351 3404 1533 3450 autem
1595 3394 1784 3449 missis
1840 3393 1905 3448 ad
1954 3408 2049 3448 eos

468 3491 664 3562 legatis
693 3504 881 3560 pacem
913 3487 1117 3541 firmari
1170 3485 1525 3555 exposcehat.
1562 3484 1809 3554 Cumque
1838 3483 2051 3553 Chaga-

470 3601 577 3649 nus
612 3600 731 3638 eam
764 3598 823 3639 se
853 3580 1291 3650 compositurum
1323 3578 1599 3647 pollicitus
1626 3576 1844 3641 fuisset,
1874 3577 2046 3645 impe-

469 3684 626 3732 rator
684 3690 809 3735 eum
874 3671 1132 3730 satellitio
1180 3670 1340 3741 253
1396 3669 1671 3740 propriam
1730 3669 2047 3739 dignitatem

470 3770 723 3836 decente,
759 3767 824 3821 ad
856 3765 1102 3835 Longum
1132 3779 1308 3834 usque
1356 3778 1573 3818 murum
1622 3762 1780 3833 longe
1826 3762 1895 3817 ab
1917 3762 2050 3816 urbe

470 3876 819 3933 progressus,
886 3859 1064 3927 ampla
1122 3872 1446 3929 magnorum
1530 3870 1821 3910 munerum
1893 3856 2048 3925 copia

470 3954 787 4024 Chaganum
822 3952 1056 4019 excepit,
1092 3948 1250 4003 fidem
1284 3948 1352 4003 ab
1385 3962 1453 4002 eo
1475 3955 1823 4017 accepturus,
1858 3962 2046 4016 pacem

477 4044 626 4098 inter
668 4056 727 4099 se
754 4050 943 4096 mutuo
980 4040 1295 4103 inviolatam
1327 4038 1599 4095 firmatum
1638 4039 1721 4093 iri.
1753 4037 1823 4091 At
1851 4038 2051 4093 barba-

474 4152 573 4192 rus
596 4136 685 4191 ille
721 4144 903 4205 spreto
922 4132 1287 4204 jurejurando
1313 4141 1475 4201 atque
1492 4131 1717 4199 findere,
1744 4147 1810 4187 ex
1841 4134 2049 4203 impro-

2140 2022 2321 2094 εχώρη
2330 2040 2450 2076 σαν.

2210 2118 2275 2171 Α.
2308 2116 2386 2168 Μ.
2431 2114 2591 2169 6108.
2621 2144 2693 2155 -
2732 2112 2921 2180 Τούτῳ
2957 2111 3036 2183 τῷ
3088 2111 3198 2165 ἔτει
3248 2110 3621 2181 ἐστράτευσαν
3669 2109 3723 2165 οἰ

2142 2210 2351 2281 Πέρσαι
2374 2209 2516 2262 κατὰ
2546 2206 2889 2278 Χαλκηδόνος
2916 2206 3053 2274 (All,
3088 2208 3185 2259 καί
3214 2204 3521 2276 παρέλαϐον
3550 2203 3725 2275 αὐτὴν

2143 2302 2386 2372 πολέμῳ.
2418 2300 2509 2371 Τῷ
2537 2299 2580 2354 δ’
2614 2298 2763 2369 αὐτῷ
2809 2297 2920 2352 ἔτει
2976 2298 3109 2368 μηνὶ
3179 2295 3493 2368 Ἰανουαρίῳ
3515 2295 3584 2359 α’,
3642 2298 3726 2348 ἰν-

2142 2394 2425 2456 δικτιῶνος
2454 2390 2517 2453 ε’.
2551 2392 2855 2446 ὑπάτευσεν
2891 2391 3291 2452 Κωνοταντῖνος
3321 2390 3348 2442 δ
3390 2389 3524 2454 νέος,
3561 2390 3590 2441 ὁ
3623 2389 3722 2441 καὶ

2155 2486 2473 2555 Ἡράκλειος
2528 2484 2622 2538 τοῦ
2682 2483 3004 2555 Ἡρακλείου
3043 2484 3159 2545 υἰός
3186 2499 3200 2513 ο
3237 2482 3333 2536 καὶ
3387 2480 3717 2551 προεϐάλετο

2143 2580 2396 2649 Καίσαρα
2431 2579 2837 2632 Κωνσταντῖνον
2864 2575 2957 2629 τὸν
2983 2576 3179 2646 μικρὸν
3203 2575 3296 2628 τὸν
3330 2574 3455 2628 ἴδιον
3481 2574 3717 2643 ἀδελφὸν

2143 2672 2234 2726 τδν
2260 2673 2319 2736 ἐξ
2350 2670 2673 2741 Ἡρακλείου
2699 2670 2791 2723 καὶ
2816 2668 3098 2739 Μαρτίνης
3126 2668 3474 2737 γεννηθέντα.

2215 2762 2279 2815 Α.
2317 2762 2392 2815 Μ,
2416 2759 2575 2814 6109.
2604 2788 2673 2810 -σ
2706 2758 2894 2828 Τούτῳ
2926 2758 3003 2827 τῷ
3039 2759 3149 2812 ἔτει
3198 2758 3359 2811 πάλιν
3405 2755 3727 2827 Ἡράκλειος

2145 2849 2433 2905 ἀπέστειλε
2456 2849 2716 2919 πρέσϐεις
2749 2850 2808 2901 ὲν
2838 2849 3060 2920 Περσίδι
3090 2848 3227 2919 πρὸς
3250 2847 3497 2917 Χοσρόην
3526 2837 3729 2899 αἰτού-

2150 2961 2312 3014 μενος
2350 2945 2596 3014 εἰρήνην.
2662 2941 2721 2994 '0
2770 2940 2828 2994 δὲ
2875 2941 3121 3012 Χοσρόης
3161 2942 3255 2994 καὶ
3298 2940 3463 2993 πάλιν
3526 2939 3730 2999 αὐτοὺς

2147 3035 2510 3106 ἀπεπέμψατο
2562 3034 2771 3102 λέγων’
2824 3032 2907 3086 Οὐ
2967 3032 3249 3102 φείσομαι
3288 3029 3459 3100 ὑμῶν
3498 3030 3612 3095 ἕως
3649 3028 3731 3082 ἂν

2148 3129 2501 3196 ἁργήσησθε
2549 3128 2657 3181 τὸν
2700 3125 3178 3195 ἐσταυρωμένον,
3230 3125 3302 3178 ὃν
3337 3123 3545 3193 λέγετε
3578 3124 3731 3177 Θεὸν

2151 3220 2327 3283 εἶναι,
2357 3220 2455 3275 καί
2483 3217 2954 3289 προσκυνήσητε
2977 3218 3057 3282 τῷ
3087 3218 3259 3287 ἡλίῳ.

2219 3318 2284 3369 Α.
2309 3315 2384 3367 Μ.
2427 3311 2586 3368 6110.
2620 3344 2685 3355 ——
2713 3311 2904 3381 Τούτῳ
2928 3310 3007 3381 τῷ
3038 3313 3147 3365 ἔτει
3167 3313 3534 3382 ἐστράτευσαν
3570 3308 3730 3362 ’Λϐά-

2160 3426 2273 3481 ρεις
2304 3407 2417 3479 (42)
2443 3407 2587 3461 κατά
2618 3408 2717 3476 τῆς
2746 3406 2990 3477 Θρᾴκης.
3012 3404 3121 3457 Καὶ
3145 3402 3471 3464 ἀποστείλας
3494 3404 3522 3455 δ
3556 3401 3731 3472 Ἠρά-

2155 3500 2333 3562 κλειος
2356 3498 2491 3568 πρὸς
2516 3498 2711 3559 αὐτοὺς
2731 3497 2851 3567 ᾔτει
2873 3496 2974 3565 τὴν
2995 3496 3218 3565 εἰρήνην
3237 3510 3250 3524 ο
3281 3496 3373 3547 καὶ
3398 3493 3730 3564 συνθεμένου

2153 3590 2247 3645 τοῦ
2280 3590 2532 3658 Χαγάνου
2562 3589 2764 3659 ταύτην
2802 3591 2997 3654 ποιεῖν,
3026 3588 3250 3657 ἐξῆλθεν
3287 3590 3316 3641 ὁ
3343 3586 3597 3657 βασιλεὺς
3623 3586 3732 3650 ἔξω

2154 3681 2250 3737 τοῦ
2295 3680 2522 3753 Μακροῧ
2554 3680 2787 3750 τείχους,
2848 3680 2940 3734 καί
2995 3681 3133 3750 μετά
3165 3680 3347 3749 πάσης
3400 3677 3734 3749 δορυφορίας

2158 3771 2443 3842 βασιλικῆς
2474 3771 2571 3824 καὶ
2596 3770 2784 3840 δώρων
2807 3769 3015 3822 πολλῶν
3037 3770 3129 3823 καὶ
3161 3769 3412 3839 μεγάλων
3428 3767 3736 3832 ἀπεδέξατο

2155 3863 2248 3916 τὸν
2276 3863 2547 3929 Χαγάνον,
2578 3860 2761 3914 λαϐὼν
2790 3860 2859 3913 τὰ
2893 3860 3063 3913 πιστά
3082 3860 3213 3931 παρ’
3238 3858 3426 3924 αὐτοῦ,
3454 3858 3547 3912 τοῦ
3580 3858 3738 3927 ποιῆ-

2159 3972 2249 4007 σαι
2291 3954 2428 4023 πρὸς
2459 3952 2721 4022 ἀλλήλους
2745 3950 2978 4014 σπονδάς
3014 3950 3317 4022 εἰρηνικάς.
3359 3948 3417 4004 Ὀ
3442 3949 3498 4002 δὲ
3522 3947 3737 4019 βάρϐα-

2156 4064 2249 4116 ρος
2302 4047 2508 4107 ἐκεῖνος
2557 4043 2657 4107 τάς
2712 4060 2771 4095 τε
2821 4042 3095 4113 συνθήκας
3142 4040 3413 4112 ἀθετήσας
3459 4040 3551 4094 καὶ
3604 4040 3738 4103 τοὺς

2153 4138 2371 4208 ὅρκους,
2405 4136 2560 4204 ἄφνω
2590 4134 2931 4203 τυραννικῶς
2970 4134 3114 4188 κατὰ
3159 4134 3252 4187 τοῦ
3288 4132 3555 4204 βασιλέως
3595 4130 3739 4202 ὲχὼ-

1790 4245 2021 4302 VARIE
2056 4246 2460 4305 LECTIONES.

550 4351 596 4393 ⁸⁸
616 4346 981 4405 άπεκτὲννυον
1012 4359 1062 4395 a.
1142 4342 1186 4372 "
1217 4342 1394 4394 πᾶσαν
1430 4340 1556 4395 add.
1584 4356 1648 4395 ex
1678 4357 1730 4397 a.

1818 4434 1959 4491 JAC.
1981 4435 2187 4493 GOARI
2219 4434 2446 4493 NOTAE.

551 4560 662 4630 (38)
686 4557 860 4630 Habet
888 4557 1003 4630 haec
1032 4553 1316 4630 superiore
1353 4567 1499 4607 anno
1538 4552 1744 4607 Chron.
1772 4551 2041 4630 alexand.
2080 4558 2122 4612 D
2153 4569 2298 4609 anno
2328 4555 2400 4607 ita
2424 4552 2639 4630 scribit,
2670 4552 2852 4630 Persa:
2874 4551 3250 4623 Carthaginem
3275 4561 3598 4630 expugnant.
3630 4551 3738 4608 Ve-

483 4621 1389 4701 De‘qu'ibustzAnastasii-Persae
1421 4630 1594 4701 gesta,
1615 4694 1626 4701 _
1645 4623 1789 4701 apud
1821 4621 2046 4701 Sunium

482 4692 553 4759 29
574 4692 846 4759 Januarii,
875 4696 1139 4755 Leontius
1184 4696 1239 4749 in
1271 4692 1391 4747 Vita
1432 4694 1659 4748 Joannis
1694 4692 2049 4747 Alexandrini

487 4773 756 4839 episcopi,
791 4767 1039 4839 cladibus
1065 4765 1504 4839 istiscoaztanei.
1524 4771 1578 4817 et
1604 4764 1914 4819 Antiochus
1938 4779 2055 4817 mo-

488 4834 706 4901 nachus
731 4839 896 4891 laurre
924 4837 981 4890 S.
1017 4837 1174 4890 Saba:
1200 4836 1256 4889 in
1294 4834 1560 4888 homiliis.

581 4908 671 4969 59)
702 4905 1040 4973 Nicephorus
1067 4907 1133 4959 ad
1174 4920 1376 4958 annum
1402 4903 1523 4958 629..

581 4910 671 4969 59)
702 4910 1040 4973 Nicephorus
1067 4910 1133 4959 ad
1174 4920 1376 4958 annum
1402 4910 1523 4958 6‘22.

556 4910 673 5051 ξω)
692 4975 1031 5044 Nicephorus
1054 4976 1119 5029 ad
1135 4990 1338 5028 annum
1362 4975 1486 5035 6l6,
1509 4972 1767 5051 Chronic.
1792 4972 2054 5051 _Alex_and.

486 5052 545 5113 in
568 5043 841 5118 priorem:
866 5059 1067 5118 armum
1104 5054 1325 5118 revocat
1350 5060 1363 5097 :
1402 5060 1574 5113 quare
1601 5044 1884 5118 legendus
1902 5043 2062 5118 Peta-

454 5113 619 5199 nvin's
669 5117 721 5171 in
763 5114 1129 5199 NiCnPPilOFUIll
1191 5114 1371 5170 locum
1418 5115 1743 5180 emendans,
1802 5113 2063 5170 editionis

488 5190 674 5259 Regia;
702 5201 822 5257 pag.
846 5184 936 5259 65_.

565 5252 991 5380 (MRViIlendus
1017 5252 1361 5336 Nicephorus
1392 5273 1405 5309 :
1431 5263 1483 5309 et
1508 5254 1768 5309 Petavius
1802 5254 1856 5308 in
1907 5269 2057 5318 eum,

565 5332 624 5380 it.
703 5343 786 5380 ea.
819 5341 939 5380 nan.
975 5326 1062 5379 65.
1107 5352 1178 5365 -—
1206 5325 1381 5378 Habet
1435 5326 1628 5380 Anast.
1680 5333 1912 5380 utroque
1939 5326 2057 5380 loco

492 5325 624 5387 edit.
656 5325 786 5398 Reg.
819 5341 939 5395 pag.
975 5326 1062 5379 65.
1107 5352 1185 5398 --;
1206 5325 1381 5398 Habet
1435 5326 1628 5398 Anast.
1680 5333 1912 5398 utroque
1939 5326 2059 5380 loco

426 5448 441 5459 _
492 5394 870 5473 Carthaginem
898 5394 1308 5473 }_etiam__Cedr.
1335 5395 1448 5473 Τὴν
1480 5394 1840 5473 Καρχηδόνα,
1862 5403 1922 5473 ut
1964 5412 2059 5450 ex-

494 5413 870 5473 Carmagmem
902 5414 919 5451 :
947 5413 1112 5459 etiam
1147 5413 1308 5449 Cedr.
1346 5413 1448 5462 ιην
1480 5413 1825 5518 λαξχηοονα,
1862 5413 1922 5449 ut
1964 5413 2059 5450 ex—

494 5477 653 5539 cepta
683 5468 1013 5533 Carthagine
1058 5466 1322 5534 reliquam
1349 5464 1529 5525 Persa:
1607 5469 1784 5536 ibyam
1826 5467 2059 5535 subege-

498 5541 629 5599 rint.
663 5538 835 5608 Etiam
860 5536 1117 5608 Petavius
1161 5535 1378 5608 adjecta
1406 5537 1471 5590 ad
1506 5536 1871 5608 Nicephorum
1895 5538 2058 5590 chro-

498 5607 737 5677 nologia,
782 5623 907 5677 cum
965 5607 1033 5660 ad
1082 5621 1286 5659 annum
1340 5605 1573 5661 Heraclii
1622 5605 1657 5660 6
1715 5606 1944 5660 dixisset
1989 5609 2054 5659 de

498 5676 723 5743 qlls¢~Ssa
780 5676 1144 5749 Chalcedone,
1195 5678 1280 5739 sui
1322 5678 1523 5737 oblitus
1575 5677 1821 5745 sequenti
1868 5677 2052 5732 statim

2156 4640 2279 4679 rum
2305 4639 2429 4679 cum
2455 4641 2558 4676 non
2595 4627 2705 4677 sint
2755 4624 2860 4676 alia
2892 4638 3014 4693 qua
3047 4631 3236 4693 narrat
3273 4623 3333 4677 S.
3390 4623 3741 4693 Nicephorius

2158 4695 2225 4750 de
2255 4694 2613 4748 Chalcedonis
2639 4692 2926 4749 obsidione
2966 4708 3010 4763 ea
3041 4692 3217 4757 Saito,
3264 4710 3374 4763 qua
3416 4695 3596 4749 soluta
3626 4692 3741 4749 Ro-

2159 4780 2356 4819 manos
2385 4778 2569 4818 secum
2606 4764 2812 4832 legatos
2858 4762 3009 4833 pacis
3043 4762 3326 4833 negotium
3355 4765 3551 4820 sedqu
3577 4774 3741 4820 actu-

2160 4852 2259 4890 rus
2290 4836 2343 4889 in
2376 4834 2655 4889 Persidem
2701 4835 2941 4900 duxerit,
2988 4841 3044 4888 et
3091 4850 3220 4903 quae
3254 4835 3619 4905 TheOphanes
3666 4837 3741 4891 de

2162 4905 2491 4970 Carthagine
2514 4905 2741 4961 obsessa
2775 4920 2887 4959 uno
2916 4919 3081 4967 anno,
3109 4906 3739 4975 alteroqueexpugnata

2164 4976 2334 5030 refert
2367 4975 2524 5042 juxta
2556 4975 2897 5043 antiquiores
2939 4975 3217 5029 Anastasii
3269 4984 3323 5029 et
3370 4974 3537 5030 Cedr.
3572 4974 3741 5031 codd.

2172 5044 2499 5100 emendandi
2537 5045 2571 5097 ii
2614 5052 2745 5099 sunt
2775 5062 2841 5100 ex
2882 5045 2996 5109 illo,
3033 5046 3110 5098 uti
3142 5046 3308 5099 etiam
3340 5046 3743 5115 ubiquemodc

2170 5122 2455 5171 emendata
2480 5116 2736 5184 leguntur
2759 5116 3112 5183 TheOphanis
3139 5113 3501 5184 exemplaria.
3531 5113 3745 5168 Vicini-

2169 5197 2252 5243 tas
2266 5188 2545 5241 nominum
2574 5187 3034 5255 amphibologiam
3062 5186 3371 5240 fecitetiam
3400 5186 3543 5255 apud
3566 5185 3741 5241 Arist.

2167 5260 2221 5312 in
2257 5258 2422 5311 Ροιὶι.
2458 5255 2547 5309 ubi
2576 5256 2645 5310 de
2670 5256 3186 5326 (iarthaginensium
3220 5269 3358 5324 rep.,
3399 5258 3524 5310 aliis
3557 5258 3745 5325 legen-

2166 5329 2314 5383 tibus
2350 5326 2923 5395 Chalcedonensium;
2969 5326 3169 5397 quibus
3204 5341 3315 5380 non
3362 5327 3523 5381 facile
3554 5341 3746 5381 assen-

2162 5400 2290 5453 tior.
2319 5398 2611 5453 COHBEFIS.
3394 5428 3395 5431 η

2234 5472 2346 5540 (42)
2379 5469 2454 5523 Ex
2515 5466 2806 5536 Nicephori
2837 5466 3076 5524 Historia
3106 5467 3171 5522 ad
3206 5483 3409 5540 annum
3460 5467 3580 5540 619.
3617 5465 3748 5540 Haec

2164 5538 2353 5595 eadem
2383 5541 2587 5595 Chron.
2646 5540 2911 5595 Alerand.
2946 5540 3011 5594 ad
3057 5555 3263 5601 annum
3288 5538 3527 5595 lleraclii
3567 5538 3743 5595 unde-

2164 5628 2389 5667 ctutum.
