4078 6222
345 286 463 362 693

1659 301 2331 376 CHRONOGRAPHIA.

3513 327 3618 391 6‘35
3657 349 3660 352 ‘

350 399 546 508 μὲνιον
575 399 667 506 ’τιξιῖ⁹
686 403 834 471 γένει
869 406 1148 478 ἐκπέμπει
1173 413 1584 481 αὐγουστάλιον.
1611 419 1916 491 Πληρωθέν

2041 426 2219 498 Cyrus
2253 427 2398 498 apud
2445 428 2832 498 imperatorem
2860 440 3178 496 accusatur.
3216 435 3376 506 quod
3395 435 3615 508 Egypti

339 507 442 556 τος
485 493 668 595 escas
721 497 936 595 χρόνου,
983 500 1032 553 οί
1077 503 1186 556 τῶν
1236 505 1574 580 Σαρακηνῶν
1625 516 1916 588 πράκτορες

2037 493 2171 588 opes
2225 493 2522 578 Saracenis
2561 522 2822 580 dedisset.
2859 525 3166 595 Imperator
3211 493 3291 582 ira
3328 493 3614 591 incensi-ts.

343 583 725 653 παρεγένοντο
751 587 848 642 τοῦ
884 589 930 622 ⁵³
956 590 1143 647 λαϐεῖν
1177 594 1240 649 τὸ
1269 600 1512 668 χρυσίον.
1554 602 1613 656 '0
1645 604 1692 638 “
1725 606 1781 659 δὲ
1814 583 1916 662 Μα-

2038 613 2190 669 misit
2212 613 2305 684 qui
2326 613 2505 686 ipsum
2533 625 2868 684 accerseret,
2906 628 2960 676 et
2999 619 3303 676 Manuelem
3322 621 3615 692 quemdam

253 683 262 694 '
338 675 514 744 νουὴλ
552 677 874 749 ἀπράκτους
903 684 1103 751 αὐτοὺς
1144 688 1422 754 ἐξελαύνει
1451 694 1649 764 λέγων,
1687 699 1770 752 ὅτι
1809 703 1932 755 οὐκ

337 768 464 860 εἰμὶ
487 769 606 840 ἐγὼ
650 771 843 841 Κῦρος
869 778 902 829 ό
947 776 1200 848 ἄοπλος,
1245 783 1346 838 ἵνα
1383 787 1530 856 τέλη
1553 789 1602 822 ⁸⁸
1644 792 1788 860 ὑμῖν
1817 808 1932 847 πα-

331 857 558 927 ράσχω
582 875 594 888 ·
618 860 761 916 ἀλλ’
783 864 900 934 ἐγὼ
926 867 1190 939 ἕνοπλός
1207 874 1255 906 ιο
1281 879 1421 946 ειμι.
1445 879 1664 937 Τούτων
1680 857 1745 937 ’δὲ
1767 885 1933 939 ἀπελ-

343 947 552 1002 θόντων
580 949 802 1045 εὐθέως,
839 957 1151 1024 ὁπλίζονται
1181 965 1228 1016 oi
1272 967 1581 1040 Σαρακηνοὶ
1610 974 1732 1027 κατ’
1759 977 1931 1045 Αίγύ-

342 1057 522 1139 πτου·
547 1043 664 1139 ,καὶ
714 1047 1054 1139 συνάψαντες
1107 1055 1249 1110 κατὰ
1271 1058 1317 1089 ⁸⁷
1363 1060 1621 1134 Μανουὴλ
1671 1043 1927 1139 πόλεμον,

342 1132 714 1190 ἀπελαύνουσι
767 1138 980 1197 τοῦτον.
1022 1146 1195 1211 Αὐτὸς
1219 1148 1276 1203 δὲ
1311 1154 1430 1220 μετ’
1459 1132 1656 1222 ὀλίγων
1693 1132 1854 1212 τινων
1883 1132 1930 1193 ’δ

341 1225 430 1324 είς
477 1225 892 1324 ’θλεξάνδρειαν
936 1235 1286 1302 διασώζεται.
1334 1243 1468 1298 Τότε
1515 1248 1564 1299 οἱ
1620 1249 1929 1324 Σαρακηνοὶ

339 1316 774 1413 ἄγορολόγησαν.
837 1323 1106 1392 Ἀκούσας
1164 1331 1221 1383 δὲ
1285 1332 1610 1406 Ἡράκλειος
1661 1316 1729 1393 τὰ
1783 1316 1924 1413 πρα-

337 1408 543 1478 χθέντα
572 1412 618 1444 ⁸⁸
641 1413 966 1470 ἀποστέλλει
995 1418 1178 1491 Κῦρον
1203 1423 1340 1491 πρὸς
1362 1425 1423 1479 τὸ
1446 1428 1491 1460 ⁸ο
1514 1430 1697 1483 πεῖσαι
1727 1408 1926 1499 αὐτοὺς

335 1504 700 1575 ἀναχωρῆσαι
745 1506 844 1577 τῆς
866 1509 1145 1577 Αἰγύπτου
1185 1513 1264 1585 τῷ
1312 1516 1518 1588 πρώτῳ
1557 1525 1881 1595 στοιχήματι
1908 1543 1923 1558 ο

335 1595 440 1648 καὶ
480 1595 736 1650 ἀπελθὼν
779 1600 808 1652 ὀ
840 1600 1020 1673 Κῦρος
1055 1607 1137 1669 είς
1169 1606 1270 1677 τὴν
1303 1613 1656 1685 παρεμϐολὴν
1688 1617 1795 1670 τῶν
1818 1619 1924 1673 Σα-

337 1689 598 1759 ρακηνῶν
632 1691 1116 1764 ύπεραπελογεῖτο,
1164 1699 1241 1762 ὡς
1287 1702 1527 1768 ἀναίτιος
1556 1704 1632 1759 ὢν
1675 1711 1774 1778 τῆς
1813 1698 1921 1766 παρ

337 1779 647 1849 ραδάσεως,
680 1784 775 1837 καὶ
803 1786 851 1838 εί
877 1785 1150 1856 βούλοιντο
1177 1792 1278 1863 τὴν
1304 1797 1578 1868 προτέραν
1605 1805 1924 1872 συμφωνίαν

333 1874 528 1943 ὅρκοις
573 1873 897 1943 βεϐαιῶσαι.
945 1880 1088 1951 Πρδς
1125 1883 1338 1950 τούτοις
1383 1887 1433 1940 οί
1483 1889 1795 1964 Σαρακηνοὶ
1826 1887 1926 1950 οὐκ

333 1967 676 2038 ἐπείσθησαν
727 1969 978 2040 λέγοντες
1022 1974 1099 2047 τῷ
1145 1977 1461 2052 ὲπισκόπῳ·
1499 1983 1660 2054 Δύνῃ
1705 1986 1924 2042 τοῦτον

332 2059 448 2112 τὸν
476 2063 824 2133 παμμεγέθη
857 2067 1092 2122 στύλον
1136 2072 1484 2139 κιιταπιεῖν;
1526 2075 1584 2130 Ὀ
1630 2077 1686 2131 δὲ
1731 2075 1884 2136 εἷπεν
1908 2100 1920 2114 ·

337 2153 463 2205 οὐκ
491 2152 818 2223 ἐνδέχεται.
851 2158 914 2210 Oi
937 2158 994 2211 δὲ
1026 2156 1182 2214 εἷπον
1205 2179 1219 2192 ο
1247 2163 1402 2217 Οὐδὲ
1443 2165 1590 2236 ἡμῖν
1612 2169 1923 2240 ἐνδέχεται

329 2245 728 2316 ἀναχωρῆσαι
758 2249 871 2320 τῆς
895 2253 1200 2322 Αἰγύπτου
1222 2257 1332 2312 ἔτι.

2034 705 2354 761 Armenium
2409 723 2609 778 genere
2640 709 2912 782 delegavit
2965 713 3331 783 augustalcm.
3388 712 3617 769 Evoluto

2036 802 2300 874 temporis
2323 804 2526 876 spatio,
2548 805 2957 864 Saracenorum
2993 817 3283 864 exactores
3308 809 3616 879 colligendo
3726 809 3731 820 '

2034 894 2154 948 auri
2221 897 2497 967 stipendio
2559 899 2808 966 adfuere,
2850 917 2994 972 quos
3034 901 3254 958 Mannel
3298 916 3358 957 re
3413 900 3617 957 infecta

2034 1002 2158 1042 cum
2221 988 2538 1059 hujusmodi
2584 993 2766 1049 verbis
2824 995 2984 1065 281
3041 1011 3069 1049 a
3127 1010 3185 1051 se
3225 995 3459 1066 abegit:
3492 993 3616 1049 Non

2033 1095 2151 1132 sum
2203 1096 2295 1151 ego
2351 1079 2524 1152 Cyrus
2577 1084 2671 1138 ille
2714 1085 2973 1151 inermis,
3016 1087 3108 1151 qui
3157 1087 3416 1141 tributum
3469 1086 3613 1142 vobis

2030 1170 2296 1239 pendam;
2327 1174 2517 1228 adsum
2549 1177 2714 1231 armis
2755 1177 2899 1231 haud
2935 1178 3120 1234 leviter
3153 1180 3471 1234 instructus.
3513 1179 3617 1235 Rc-

2031 1264 2206 1320 versis
2232 1266 2603 1333 exactoribus,
2632 1267 2891 1324 Saraceni
2913 1271 2966 1324 in
2987 1270 3280 1343 Egyptum
3305 1281 3612 1332 armantur,

2029 1363 2087 1410 et
2128 1358 2316 1427 prazlio
2343 1358 2750 1418 cum-Manuale
2787 1371 3064 1428 conserto,
3098 1363 3238 1436 fuga:
3265 1379 3388 1419 eum
3431 1378 3489 1420 se
3515 1363 3612 1419 de-

2029 1448 2161 1504 dere
2205 1461 2434 1522 cogunt.
2491 1451 2610 1522 Ipse
2644 1456 2839 1524 paucis
2875 1457 3172 1512 comitibus
3226 1457 3609 1512 Alexandriam

2029 1557 2091 1598 se
2149 1544 2370 1614 recipit.
2452 1544 2663 1602 Exinde
2722 1545 2985 1603 Saraceni
3045 1549 3314 1604 tributum
3372 1548 3611 1620 Egypto

2029 1634 2432 1706 imposuerunt.
2483 1637 2770 1696 Heraclius
2810 1649 3038 1711 accepto
3103 1657 3285 1696 rerum
3331 1653 3608 1712 geStarum

2028 1728 2223 1782 nuntio
2276 1728 2479 1800 Cyrum
2531 1729 2720 1796 mittit,
2785 1739 2844 1784 ut
2904 1733 3096 1787 relicta
3159 1733 3397 1804 [Egypto
3455 1732 3611 1789 initis

2027 1819 2307 1887 prioribus
2327 1821 2742 1880 conditionibus
2765 1831 2999 1888 starent,
3025 1823 3322 1882 Saracenis
3352 1826 3603 1881 suadeat.

2018 1908 2197 1981 Cyrus
2231 1911 2296 1966 ad
2331 1912 2740 1972 Saracenorum
2795 1924 2979 1972 castra
3037 1915 3322 1988 profectus
3355 1918 3547 1988 primae
3576 1935 3606 1973 a

2023 2014 2084 2055 se
2125 2001 2295 2073 hujus
2347 2003 2698 2062 infractionis
2748 2008 2962 2064 crimen
3009 2008 3355 2080 deprecatur,
3407 2011 3607 2067 deinde

2019 2093 2206 2161 priora
2231 2104 2392 2166 pacta
2415 2097 2482 2152 de
2513 2113 2657 2154 novo
2683 2099 3050 2170 jurejurando
3079 2102 3526 2167 obiirmaturum,
3556 2103 3605 2159 si

2021 2185 2098 2239 ita
2134 2187 2271 2258 ipsis
2302 2189 2578 2259 videatur,
2615 2193 2912 2263 promittit.
2971 2193 3070 2250 His
3131 2195 3375 2267 episcopi
3422 2196 3606 2253 verbis

2021 2274 2284 2334 Saraceni
2338 2296 2400 2337 se
2447 2282 2668 2338 suaderi
2724 2300 2834 2341 non
2892 2286 3262 2356 permiserunt
3310 2307 3324 2342 :
3369 2288 3603 2347 ideirco.

329 2350 508 2451 rietes,
536 2342 812 2451 inquiunt,
852 2347 1114 2451 iugerttem
1132 2349 1268 2451 Ita-rw
1292 2352 1589 2408 columnam
1618 2355 2029 2432 devorare?Qui
2061 2383 2186 2426 cum
2225 2372 2277 2429 id
2311 2373 2427 2430 ﬁeri
2455 2376 2678 2432 minime
2705 2393 2863 2448 posse
2892 2342 3141 2444 dixisset,
3165 2381 3598 2451 responderunt:

331 2430 520 2504 Neque
552 2433 661 2490 ulla
685 2435 841 2491 modo
875 2438 1017 2508 ﬁeri,
1059 2452 1114 2494 ut
1153 2441 1389 2514 ﬁgi/pta
1426 2446 1774 2506 excedamus.

402 2549 467 2604 Α.
505 2549 579 2605 Μ.
622 2550 782 2606 6t27.
831 2581 904 2593 —
952 2555 1202 2623 Περσῶν
1243 2557 1550 2626 ,βασιλεὺς
1609 2560 1925 2635 Ὀρμίσδας

329 2643 436 2711 ἔτη
458 2641 534 2699 ια’
567 2643 608 2675 ⁸⁸
1857 2672 1865 2680 κ

397 2734 592 2807 Τούτῳ
613 2736 692 2807 τῷ
727 2737 838 2791 ἔτει
875 2739 1312 2814 ἐπεστράτευσεν
1344 2745 1600 2820 Οὕμαρος
1631 2751 1772 2805 κατὰ
1805 2753 1920 2806 Πα-

328 2827 638 2900 λαιστίνης,
671 2830 765 2883 καὶ
821 2834 1203 2904 παρακαθίσας
1236 2837 1337 2909 τὴν
1384 2839 1547 2908 ἁγίαν
1579 2843 1736 2896 πόλιν
1772 2844 1920 2917 διετῆ

327 2924 549 2994 χρόνον,
579 2926 888 2996 παρέλαϐεν
915 2927 1086 3000 αὐτὴν
1108 2929 1270 3000 λόγῳ.
1295 2933 1604 3002 Σωφρόνιος
1621 2935 1678 2990 δὲ
1698 2937 1726 2988 ὁ
1754 2937 1921 3008 Ἰερο-

2086 2569 2154 2625 A.
2202 2569 2266 2626 C.
2315 2569 2440 2626 627.
2477 2600 2547 2612 —-
2577 2571 2862 2628 Persarum
2922 2589 3016 2629 rea:
3069 2573 3387 2631 Hormisdas
3447 2577 3600 2632 armis

2015 2662 2259 2717 undecim
2288 2673 2497 2735 regnat.

2088 2753 2205 2812 Hoc
2247 2772 2393 2814 anno
2428 2756 2668 2815 Umarus
2696 2758 2753 2814 in
2786 2757 3135 2816 Palaestinam
3161 2761 3407 2833 suscepit
3433 2778 3599 2833 expe-

2013 2846 2306 2913 ditionem,
2334 2858 2389 2906 et
2421 2851 2712 2908 obsidione
2747 2867 2846 2924 per
2882 2868 3059 2908 annos
3082 2853 3224 2910 duos
3257 2854 3324 2909 ad
3347 2862 3597 2910 sanctam

2011 2937 2292 2994 civitatem
2345 2943 2703 3008 continuata,
2759 2942 2978 2998 tandem
3033 2943 3140 3000 ﬁde
3188 2945 3316 3000 data
3362 2962 3480 3001 eam
3542 2946 3600 3000 in

329 3014 584 3088 σολύμων
613 3019 907 3089 ἀρχιερεὺς
935 3019 1090 3089 λόγον
1118 3020 1311 3076 ἐλαϐεν
1342 3024 1522 3095 πάσης
1551 3025 1916 3096 Παλαιστίνης

2019 3039 2345 3102 potestatem
2395 3036 2630 3105 accepit.
2673 3033 3017 3106 Sophronius
3050 3046 3232 3092 autem
3287 3036 3600 3108 llierosoly-

327 3106 766 3176 ἀσφαλέστατον.
811 3109 1082 3163 Εἰσελθὼν
1103 3111 1163 3164 δὲ
1197 3110 1454 3183 Οὖμαρος
1497 3116 1579 3178 είς
1625 3118 1724 3187 τὴν
1749 3118 1916 3184 ἁγίαν

2019 3139 2226 3178 morum
2285 3125 2521 3183 antistes
2558 3126 2721 3182 fidem
2753 3129 2821 3183 ab
2854 3144 2922 3185 eo
2965 3145 3066 3200 pro
3095 3130 3266 3186 totius
3295 3106 3600 3186 Palaestinae

326 3199 485 3254 πόλιν
517 3199 782 3271 τριχίνοις
813 3201 878 3255 ἐκ
909 3202 1175 3273 καμήλων
1207 3203 1502 3276 ὲνδύμασιν
1535 3209 1914 3280 ἠμφιεσμένος

2019 3214 2400 3271 incolumitate
2445 3225 2760 3287 acceperat.
2815 3199 3054 3277 Umarus
3118 3219 3307 3290 itaque
3360 3221 3599 3275 cilicinis

325 3290 747 3362 ιρρυπωμένοις
775 3290 843 3356 ⁶¹,
870 3291 1160 3362 ύπόκρισίν
1194 3310 1254 3346 τε
1306 3297 1602 3368 σατανικὴν
1641 3298 1912 3354 ἐνδεικνύ-

329 3400 512 3453 μενος,
539 3383 633 3436 τὸν
664 3383 790 3436 ναὸν
832 3383 1102 3455 ἐζήτησεν
1130 3385 1240 3438 τῶν
1269 3385 1540 3442 Ἰουδαίων
1588 3389 1718 3444 ίδεῐν
1753 3391 1818 3457 ⁸³,
1854 3391 1912 3446 ὃν

325 3475 645 3546 ᾠκοδόμησε
670 3473 945 3546 Σολομὼν,
986 3478 1463 3548 προσκυνητήριον
1491 3480 1653 3535 αὐτὸν
1688 3483 1914 3554 ποιῆσαι

321 3572 424 3639 τῆς
453 3567 622 3623 αὐτοῦ
655 3568 1023 3640 βλασφημίας.
1051 3569 1252 3624 Τοῦτον
1274 3570 1330 3625 δὲ
1370 3572 1416 3603 ⁸⁸
1449 3573 1571 3637 ἰδὼν
1605 3577 1912 3649 Σωτρρόνιος

323 3665 463 3733 ἐφηο
505 3662 687 3717 Τοῦτό
716 3663 887 3718 ἐστιν
917 3664 1010 3716 ἐπ’
1035 3664 1322 3732 ἀληθείας
1354 3667 1421 3721 τὸ
1449 3667 1770 3740 βδέλυγμα
1800 3669 1912 3738 τῆς

324 3753 683 3822 ἐρημώσεως
705 3755 772 3809 τὸ
811 3756 998 3825 ῥηθὲν
1037 3756 1136 3811 διὰ
1177 3758 1404 3827 Δανιὴλ
1437 3760 1544 3814 τοῦ
1597 3757 1911 3830 ,προφήτου

325 3846 526 3914 ἑστὼς
554 3847 624 3900 ἐν
641 3848 806 3927 τόπῳ
833 3849 978 3920 ἁγίῳ
1004 3865 1018 3879 ’
1070 3849 1287 3915 πολλοῖς
1323 3868 1382 3904 τε
1412 3851 1644 3921 δάκρυσι
1682 3853 1744 3907 τὸ
1770 3855 1905 3925 Χρι-

325 3939 566 3994 στιανῶν
593 3939 636 3971 ⁵⁵
667 3939 832 4009 φῦλον
858 3940 1179 4012 ἀπωδύρετο
1206 3941 1306 4012 τῆς
1330 3942 1614 4007 εὐσεϐείας
1635 3946 1663 3998 ὁ
1694 3945 1912 4016 πρόμα-

319 4047 438 4101 χος.
479 4031 672 4094 Ὄντος
715 4031 772 4085 δὲ
817 4030 983 4085 αὑτοῦ
1028 4034 1084 4086 ἐν
1113 4034 1227 4096 τοῖς
1268 4034 1472 4098 ἐκεῖσε,
1529 4036 1910 4107 παρεκάλεσεν

317 4121 487 4178 αὑτὸν
513 4123 543 4176 ὁ
584 4123 934 4196 πατριάρχης
957 4123 1212 4190 δέξασθαι
1253 4129 1384 4197 παρ’
1430 4127 1598 4181 αὑτοῦ
1650 4129 1909 4184 σινδόνιον

319 4217 421 4270 σὺν
449 4215 710 4286 ὲνδύματι
743 4216 1090 4270 ἐνδύσασθαι.
1137 4216 1194 4270 '0
1228 4216 1286 4270 δὲ
1319 4218 1421 4272 οὐκ
1449 4219 1712 4291 ἠνέσχετο
1757 4220 1909 4276 ἐνδύ-

317 4309 521 4364 σασθαι
573 4311 735 4364 αὐτά.
770 4311 945 4380 Μόγις
974 4310 1070 4366 οὖν
1123 4310 1308 4364 ἔπεισε
1342 4315 1595 4384 φορέσαι,
1633 4314 1738 4379 ἕως
1777 4308 1838 4370 οὗ
1863 4317 1908 4348 ⁸⁸

313 4401 636 4474 ιπλύθησαν
663 4403 731 4457 τὰ
773 4405 966 4474 ίμὰτια
1003 4403 1192 4457 αὑτοῦ.
1229 4404 1340 4458 Καὶ
1374 4405 1536 4460 πάλιν
1565 4407 1909 4480 ἀπέστρεψεν

314 4493 462 4549 αὐτὰ
498 4493 577 4564 τῷ
612 4494 936 4566 Σωφρονίῳο
974 4495 1069 4548 καὶ
1110 4495 1338 4566 ὲςρόρεσε
1377 4497 1445 4550 τὰ
1483 4498 1608 4552 ἴδια.
1647 4499 1735 4552 Ἐν
1779 4500 1907 4554 τού-

2016 3307 2354 3362 camelorum
2418 3309 2672 3367 vestibus
2741 3311 2924 3383 iisque
2979 3312 3188 3368 laceris.
3246 3323 3300 3369 et
3355 3313 3599 3370 sordidis

2013 3405 2266 3468 opertus,
2315 3407 2369 3455 et
2419 3400 2754 3473 hypocrisim
2806 3403 2966 3474 plane
3000 3403 3332 3460 diabolicant
3377 3406 3598 3476 pietatis

2013 3490 2284 3548 velamine
2319 3501 2608 3550 ostentans
2661 3504 2910 3551 sanctam
2941 3497 3221 3553 civitatem
3271 3498 3597 3569 ingreditur,

2014 3593 2070 3639 et
2099 3599 2226 3640 mox
2261 3585 2525 3653 templum
2560 3602 2590 3641 a
2623 3587 2919 3644 Salomone
2946 3597 3355 3656 constructum,
3392 3591 3446 3645 in
3492 3591 3602 3644 im-

2013 3677 2240 3746 pietatis
2271 3686 2326 3731 et
2371 3677 2733 3746 blasphemiae
2776 3680 3084 3734 oratorium
3122 3680 3255 3735 illud
3298 3695 3604 3736 conversu-

2016 3784 2134 3832 rus,
2167 3767 2275 3824 sibi
2304 3770 2522 3840 ostendi
2553 3771 2884 3839 postulavit-
2907 3771 3065 3824 llunc
3097 3787 3220 3825 cum
3252 3771 3597 3840 Sopltronius

2012 3859 2284 3916 vidisset:
2319 3838 2484 3914 Haec.
2507 3838 2587 3914 est
2631 3877 2768 3923 vere,
2823 3862 3020 3929 inquit,
3061 3863 3387 3916 abominatio
3443 3863 3597 3914 deso-

2011 3952 2229 4006 latiom’s
2266 3969 2298 4005 a
2331 3950 2585 4020 propheta
2618 3949 2840 4004 Daniele
2881 3953 3260 4020 pra'nuntiata,
3297 3967 3415 4022 qua:
3442 3951 3595 4004 modo

2011 4055 2121 4100 stat
2163 4046 2216 4100 in
2253 4047 2369 4099 loco
2418 4053 2644 4110 sancto;
2693 4044 2978 4115 multaque
3016 4044 3179 4098 simul
3221 4046 3594 4116 lacrymarum

2011 4137 2170 4206 copia
2196 4135 2431 4205 insignis
2454 4135 2543 4189 ille
2577 4133 2796 4204 pietatis
2827 4145 3203 4205 propugnator
3225 4133 3600 4190 Christianam

2010 4237 2229 4299 gentem
2271 4227 2526 4284 deﬂebat.
2563 4226 2711 4282 lntra
2741 4228 2926 4298 templi
2964 4227 3134 4298 igitur
3164 4235 3316 4294 septa
3348 4229 3475 4282 dum
3506 4227 3595 4282 ille

2013 4329 2348 4386 moraretur,
2384 4319 2641 4390 precibus
2675 4319 2820 4389 apud
2865 4335 2988 4375 eum
3023 4319 3218 4387 agebat
3256 4318 3596 4388 patriarcha,

2013 4421 2073 4468 ut
2105 4421 2388 4484 acceptam
2423 4426 2452 4464 a
2485 4427 2546 4466 se
2595 4412 2885 4467 sindonem
2938 4425 3002 4466 ac
3051 4421 3259 4466 vestem
3316 4410 3590 4464 indueret.

2013 4505 2186 4571 Quam
2236 4519 2362 4558 cum
2417 4519 2702 4559 assumere
2751 4505 3132 4568 detrectasset,
3173 4501 3467 4572 cpiscopus
3503 4503 3591 4555 vix

316 4604 434 4650 τοις
486 4585 704 4640 ἀπεὸίω
751 4588 779 4640 ὁ
810 4587 1186 4657 Σωφρόνιος,ὁ
1235 4587 1379 4659 λόγῳ
1412 4590 1508 4643 καὶ
1558 4591 1759 4663 πράξει
1799 4595 1900 4665 τὴν

2019 4597 2277 4660 exoravit,
2311 4606 2366 4651 ut
2404 4597 2513 4651 ista
2552 4605 2793 4667 gestaret
2835 4597 3008 4650 donec
3051 4596 3212 4651 solita
3261 4595 3581 4650 indumenta

328 4677 726 4750 Ἱεροσολύμων
770 4680 1206 4751 κατακοσμήσας
1263 4679 1585 4751 ἐκκλησίαν,
1621 4682 1716 4737 καὶ
1760 4683 1902 4738 κατὰ

314 4769 418 4840 τῆς
443 4769 488 4801 "
525 4769 852 4841 Ἡρακλείου
898 4770 996 4824 καὶ
1038 4770 1147 4824 τῶν
1179 4771 1278 4824 σὺν
1324 4771 1475 4843 αὐτῷ
1505 4773 1908 4846 Μονοθελητῶν

263 4935 270 4940 ι
316 4863 641 4928 κακοδοξίας
670 4863 1083 4934 ἀγωνισάμενος
1121 4863 1351 4936 Σεργίου
1386 4867 1483 4920 καὶ
1513 4866 1754 4939 Πύρρου.

2013 4688 2356 4750 lavarentur,
2401 4696 2456 4742 et
2508 4688 2748 4757 propriis
2782 4685 3102 4749 resumptis,
3140 4686 3325 4742 statim
3354 4687 3457 4741 ista
3487 4687 3592 4744 So-

2010 4780 2246 4850 phronio
2282 4780 2543 4835 restituit.
2576 4778 2632 4832 ln
2664 4794 2727 4833 ea
2765 4793 2946 4833 rerum
2979 4778 3294 4834 calamitate
3345 4779 3594 4850 Sophro-

2010 4872 2135 4928 nius
2171 4871 2452 4942 przeclaris
2513 4870 2696 4926 verbis
2755 4877 2809 4924 ct
2857 4869 3026 4940 gestis
3076 4869 3594 4943 Hierosolymorum

311 4961 606 5018 ecclesiam
633 4961 798 5033 282
846 4962 979 5017 olim
1025 4961 1390 5033 amplilicans,
1425 4963 1493 5019 de
1538 4963 1808 5033 l‘lcraclio,
1877 4975 1934 5023 et
2009 4968 2494 5024 monothelitarum
2547 4966 2652 5036 ipsi
2706 4965 3053 5020 addictorum
3110 4965 3476 5036 pravitatibus
3529 4971 3585 5020 et

308 5056 667 5126 commentis,
707 5058 885 5130 deque
923 5056 1114 5129 Sergio
1174 5066 1228 5114 et
1291 5058 1501 5131 Pyrrho
1567 5061 1892 5130 confutatis,
1934 5066 2240 5120 clarissima
2278 5072 2483 5135 tropea
2516 5063 2783 5130 referens,
2816 5062 3110 5118 defunctus
3135 5071 3246 5118 est.

385 5150 479 5222 Τῷ
516 5148 669 5222 αὑτῷ
696 5150 807 5206 ἔτει
837 5151 1063 5206 ἀπολύει
1103 5150 1362 5222 Οῠμαρος
1407 5152 1498 5207 τὸν
1537 5153 1712 5207 Ἷαδον
1743 5153 1787 5184 ⁸⁸
1819 5155 1900 5218 είς

305 5243 410 5312 τὴν
455 5243 680 5313 Συρίαν,
715 5245 810 5300 καὶ
860 5243 1132 5310 ὑπέταξεν
1176 5245 1360 5300 πᾶσαν
1403 5246 1502 5315 τὴν
1535 5245 1738 5318 Συρίαν
1794 5248 1902 5301 Σα-

313 5339 598 5409 ρακηνοῖς.

2080 5155 2288 5212 Eodem
2326 5169 2473 5209 anno
2518 5151 2760 5208 Umarus
2790 5152 2991 5210 Jadum
3042 5152 3100 5208 in
3143 5153 3364 5226 Syriam
3414 5154 3584 5216 misit,

2015 5249 2108 5317 qui
2161 5255 2330 5303 totam
2374 5261 2494 5300 eam
2533 5246 2870 5316 provinciam
2921 5246 2976 5300 in
3009 5246 3407 5302 Saracenorum
3433 5253 3587 5314 pote-

2007 5348 2207 5396 statem
2248 5339 2481 5410 redegit.

1605 5452 1836 5509 VAl‘tllE
1869 5452 2166 5512 LECTION
2176 5453 2279 5508 ES.

381 5565 430 5599 ⁸³
461 5565 555 5640 τοῦ
572 5581 684 5640 om_.
701 5567 768 5624 A.
807 5567 897 5640 ³Ῡὸ
925 5567 1137 5640 εᾱάεοχ
1160 5569 1226 5622 Δ.
1267 5567 1312 5601 ⁸⁸
1335 5568 1465 5640 τέλη
1492 5569 1556 5634 Α,
1573 5567 1726 5640 τέλος
1751 5569 1898 5639 vulg.
1936 5569 1982 5602 ⁸⁸
2011 5567 2127 5623 ἀλλ’
2157 5567 2268 5636 ἐγὼ
2294 5567 2514 5640 ἔνοπλος
2535 5567 2598 5630 Α,
2623 5563 2737 5618 ἀλλ’
2755 5564 2976 5640 ἔνοπλος
3009 5562 3288 5640 ὲγὶρλνιιις.

307 5641 378 5702 Λ.
391 5638 551 5761 ῐμετὰ
581 5638 728 5710 vulg.
804 5638 851 5672 ⁸⁸
884 5642 1004 5708 μετ’
1035 5639 1232 5708 ὀλίγων
1263 5637 1429 5693 τινῶν
1453 5637 1518 5701 λ,
1553 5639 1670 5710 μετ’
1691 5637 1908 5708 ὀλίγους
1935 5641 2088 5703 τινὰς
2112 5642 2258 5710 vulg.
2333 5639 2380 5671 ”
2409 5637 2478 5690 τὰ
2509 5637 2916 5706 προσταχθέντα
2953 5648 2964 5686 Α

309 5710 356 5741 ⁸⁸
439 5707 796 5764 ερσῶν--ε-
821 5709 886 5764 ια’
921 5726 1033 5764 οιιι.
1070 5711 1132 5763 Α.
1212 5711 1256 5741 θ’
1284 5711 1692 5764 ὀεουπωιιὲνοις
1743 5710 1806 5764 Α.
1911 5711 1956 5743 ⁸³
1984 5710 2110 5762 ἰδεῖν
2169 5726 2278 5764 οιιι.
2315 5709 2380 5762 Α.
2460 5708 2504 5740 ⁸⁸
2533 5707 2589 5760 δὲ
2623 5706 2749 5759 add.
2804 5719 2870 5758 ex
2901 5703 2964 5757 Α.

1977 5747 2361 5834 ἱῖτξπδζζᾋς
2399 5777 2436 5844 Γ,
2471 5778 2676 5832 Ἰαπδδν
2715 5775 2857 5848 \ulg.
2890 5773 3116 5845 ubique.

309 5710 356 5741 "
391 5707 796 5777 Περσῶν-ἐμ·-
821 5709 886 5764 ια⁹
921 5726 1033 5780 om_.
1070 5707 1139 5763 Α(
1212 5711 1256 5741 η
1284 5707 1692 5780 ρερυπωμένοις
1743 5707 1806 5766 A.

318 5775 654 5850 Χριστιανὸν
682 5780 825 5852 vulg.
905 5781 947 5813 ‘*
972 5775 1032 5835 οὗ
1057 5779 1181 5836 add.
1213 5775 1370 5837 cx'A'.
1450 5775 1622 5853 στ’τῆς
1661 5798 1768 5836 οιιι.
1804 5784 1864 5836 Α.

3366 5563 3409 5594 "
3444 5566 3583 5617 κατὰ

2621 5634 2922 5705 παχθέντα-
2953 5632 3016 5686 Α.
3078 5633 3140 5705 λξο
3174 5633 3236 5686 τὸ
3263 5633 3388 5688 arld.
3414 5650 3478 5705 ex
3518 5637 3581 5689 Α.

2333 5639 2380 5671 ⁸⁸
2409 5637 2478 5690 τὰ
2509 5637 2916 5706 προσταχθέντα
2953 5637 3016 5686 Α.
3093 5637 3140 5665 ⁵⁸
3174 5637 3236 5686 τὸ
3263 5637 3388 5688 arld.
3414 5650 3478 5688 ex
3518 5637 3581 5689 Α.

2333 5709 2380 5762 ι.
2460 5708 2504 5740 οι
2533 5707 2589 5760 δὲ
2623 5706 2749 5759 add.
2787 5719 2870 5776 ex
2901 5703 2979 5776 ιθι.Δ
3069 5701 3113 5734 ⁸³
3141 5703 3484 5776 Χριστιανῶν
3515 5709 3583 5775 Α,
