4078 6222
417 300 524 366 695

1783 307 1827 366 Τ
1831 306 2190 368 HEOPHAN
2203 307 2274 366 IS

3568 294 3676 360 696

489 411 547 466 Α.
605 410 667 465 ι).
703 408 828 467 628.
867 439 935 451 -
965 406 1082 467 Hoc
1131 423 1278 468 anno
1322 409 1586 478 Joannes,
1623 423 1991 484 cognomento

2163 415 2229 469 Α.
2263 411 2333 468 Μ.
2357 411 2513 468 6128.
2548 441 2618 454 -
2649 410 2840 482 Τούτῳ
2873 407 2950 479 τῷ
2986 406 3098 462 ἔτει
3139 399 3306 476 ἦλθεν
3343 401 3627 472 Ἰωάννης.
3652 405 3687 459 ὁ

418 504 638 568 Cateas,
686 501 948 560 Osroenze
1001 503 1302 573 provinciae
1336 517 1657 576 procurator
1698 507 2002 564 Chalcedo-

421 612 545 653 nem
580 593 777 648 Jadum
809 594 1154 652 allocuturus
1181 597 1463 668 prolectus
1499 610 1619 656 est:
1673 611 1727 656 et
1756 601 2002 672 singulos

2103 504 2333 576 ἐπίκλην
2362 503 2600 567 Κατέας,
2624 505 2653 558 ὁ
2679 502 2971 572 ἐπίτροπος
3001 497 3299 571 Ὀσροηνῆς
3329 495 3463 564 πρὸς
3503 495 3684 549 ἰαδον

2104 600 2183 662 εἰς
2210 596 2532 666 Χαλκηδόνα
2565 595 2699 666 (50),
2727 594 2821 650 καὶ
2846 592 3129 662 ἐστοίχησε
3174 588 3360 644 δοῦναι
3389 587 3540 658 αὐτῷ
3563 587 3686 641 κατ’

420 691 476 744 in
506 703 686 744 annos
716 703 1069 744 nummorum
1097 699 1315 746 centum
1349 693 1519 748 millia
1544 692 1596 748 ei
1616 709 1675 748 se
1708 709 2000 764 pensurum

2115 689 2352 742 ἐνιαυτὸν
2381 689 2515 742 δέκα
2548 683 3212 759 μυριάδαςνομισμάτων,
3253 680 3350 735 τοῦ
3392 681 3468 752 μὴ
3513 681 3690 750 περᾶ-

427 790 625 852 pactus
653 789 758 846 est,
789 782 834 836 si
868 783 1052 848 modo,
1087 785 1332 853 quandiu
1363 785 1693 856 promissum
1721 787 1840 841 auri
1866 803 2004 858 pon-

425 874 532 927 dus
554 872 672 942 ipse
695 873 1027 940 exsolveret,
1055 875 1145 930 ille
1175 893 1275 932 nec
1315 878 1485 947 pacis,
1527 893 1627 934 nec
1660 879 1783 934 belli
1825 880 2006 950 gratia

420 963 700 1034 trajiceret
741 963 1098 1035 Euphratem.
1150 965 1246 1023 llis
1307 969 1382 1022 ita
1437 969 1736 1038 stipulatis,
1763 969 2005 1027 Joannes

423 1053 688 1132 Edessam
725 1055 1054 1126 regreditur,
1082 1064 1136 1111 et
1165 1071 1408 1112 annuum
1455 1060 1725 1115 tributum
1759 1076 2004 1133 congruo

425 1153 677 1216 tempore
738 1147 806 1201 ad
879 1145 1075 1202 Jadum
1142 1150 1486 1206 transmittit.
1543 1151 1663 1218 Quo
1725 1164 2006 1223 comperto

422 1237 695 1294 Joannem
726 1239 944 1294 crimini
999 1241 1324 1306 obnoxium,
1381 1241 1666 1300 Heraclius
1713 1245 2004 1315 judicavit,

425 1331 573 1400 quod
627 1332 886 1386 nimirum
929 1332 983 1388 id
1040 1334 1217 1390 inscio
1272 1335 1604 1406 imperatore
1658 1346 2006 1394 attentasset.

427 1421 506 1475 Ad
549 1437 607 1478 se
637 1421 823 1490 itaque
870 1433 1187 1479 revocatum
1215 1426 1414 1481 exsilio
1457 1426 1703 1494 damnat,
1739 1438 1792 1484 et
1822 1428 2006 1486 Ptole-

428 1528 625 1568 maeum
663 1513 956 1584 quemdam
995 1515 1200 1571 militia:
1231 1518 1553 1588 magistrum
1590 1520 1643 1575 in
1673 1521 1795 1591 ejus
1828 1521 2007 1577 locum

428 1603 666 1660 Bttﬂecit.

501 1695 565 1749 A.
594 1694 655 1752 C.
685 1695 810 1751 6°29.
831 1727 899 1757 _—-
927 1695 1041 1754 Hoc
1065 1713 1208 1753 anno
1231 1699 1438 1756 Arabes
1459 1699 1807 1758 Antiochiam
1842 1705 2010 1761 armis

429 1798 837 1858 expugnarunt.
871 1787 1079 1844 Mavias
1107 1804 1237 1844 vero
1267 1790 1338 1845 ab
1371 1791 1575 1847 Umaro
1620 1795 1730 1848 dux
1764 1802 1818 1849 et
1857 1811 2009 1852 ame-

432 1893 526 1934 ras
555 1877 961 1935 Saracenorum
1027 1880 1260 1937 ditionis
1317 1885 1589 1938 universae
1650 1885 1718 1940 ab
1776 1885 2013 1959 Egypto

432 1985 612 2042 usque
651 1971 718 2026 ad
760 1971 1098 2042 Euphratem
1133 1983 1408 2045 protensae
1441 1974 1728 2032 institutus
1767 1988 1873 2033 εει.

501 2142 794 2202 Persarum
833 2160 925 2198 rex
962 2143 1286 2199 llorntisdas
1341 2145 1496 2199 armis
1555 2142 1796 2197 undecim
1829 2159 2015 2213 regna-

437 2239 534 2297 vit.

504 2330 570 2389 A.
604 2331 667 2388 C.
697 2329 823 2386 650.
851 2360 922 2370 -—
951 2327 1487 2400 Constantinopoleos
1539 2328 1769 2398 episcopi
1818 2324 2018 2397 Pyrrhi

436 2429 607 2482 annus
637 2426 869 2495 primus.

508 2519 624 2576 Hoc
659 2533 806 2574 anno
871 2516 1047 2572 Jadus
1071 2516 1273 2572 educto
1312 2524 1466 2571 trans
1493 2515 1829 2585 Euphratem
1859 2529 2020 2570 exer—

437 2614 554 2669 citu
591 2613 850 2668 universo
890 2609 1155 2665 Edessam
1197 2615 1455 2679 occupat.
1489 2605 1754 2662 Edesseni
1797 2613 2022 2674 accepta

422 2701 762 2764 securitatis
793 2702 900 2757 (ide
940 2715 1040 2770 pro
1077 2715 1138 2757 se
1183 2700 1444 2770 agrisque
1475 2698 1618 2762 suis,
1663 2698 1873 2753 militiae
1905 2712 2024 2752 ma-

436 2798 614 2868 gistro
639 2803 694 2851 et
733 2794 828 2866 qui
854 2809 978 2849 cum
1010 2807 1078 2848 eo
1105 2801 1262 2848 erant
1291 2792 1559 2848 Romanis
1589 2791 1859 2848 militibus
1890 2792 2024 2846 civi-

440 2889 572 2945 tatis
601 2896 792 2959 portas
826 2885 1109 2956 aperiunt.
1145 2883 1342 2940 Hostes
1370 2883 1606 2939 subinde
1639 2884 2022 2939 Constantiam

436 2981 694 3047 tendunt,
727 2988 784 3035 et
819 2979 1001 3052 posita
1037 2977 1106 3033 ad
1143 2991 1262 3034 eam
1285 2977 1600 3042 obsidione,
1632 2991 1806 3048 eaque
1830 2992 2024 3031 armo-

439 3089 562 3129 rum
585 3072 637 3128 vi
661 3073 906 3139 subacta,
935 3079 1214 3127 trecentos
1244 3067 1523 3125 Romanos
1548 3070 1692 3125 l'crro
1722 3069 2022 3125 trucidant.

441 3161 576 3219 Inde
630 3163 698 3217 ad
745 3161 921 3218 Daras
960 3160 1212 3233 profecti,
1246 3161 1438 3216 urbem
1471 3159 1616 3215 bello
1649 3161 1938 3224 invadunt,
1973 3169 2027 3215 et

441 3255 703 3326 populum
743 3253 864 3323 ejus
905 3266 1130 3307 omnem
1166 3250 1383 3315 delent;
1407 3259 1575 3322 atque
1603 3251 1675 3305 ita
1716 3249 2028 3322 Mesopota-

441 3345 610 3401 miam
651 3345 964 3399 universam
995 3342 1170 3398 Jadus
1197 3343 1436 3415 subegit.
1540 3418 1543 3420 _

515 3437 582 3491 Α.
613 3435 680 3491 C.
719 3434 846 3490 651.
879 3463 952 3476 —
985 3433 1102 3490 Hoc
1154 3449 1299 3491 anno
1345 3433 1610 3490 Saraceni
1669 3434 1724 3488 in
1783 3433 2025 3489 Pcrsiam

2109 799 2198 835 σαι
2231 781 2320 835 τὸν
2350 780 2664 851 Εὐφράτην,
2698 781 2836 849 μήτε
2865 775 3158 848 εἰρηνικῶς
3188 775 3256 839 ",
3287 773 3428 843 μήτε
3458 771 3690 841 πολεμι-

2106 873 2240 938 κῶς,
2279 873 2384 937 ἕως
2409 866 2469 927 οὗ
2505 871 2604 942 τὴν
2644 870 2921 941 ποσότητα
2950 868 3044 924 τοῦ
3084 866 3309 938 χρυσίου
3340 863 3688 919 ἀποδίδωσιν.

2120 968 2245 1020 Ἐπὶ
2269 965 2481 1030 τούτοις
2531 966 2560 1018 ὁ
2589 962 2848 1033 Ἰωάννης
2902 963 2983 1024 εἰς
3027 959 3290 1014 Ἔδεσσαν
3334 953 3690 1022 ἀνέστρεψεν,

2108 1057 2202 1112 καὶ
2221 1056 2312 1110 τὸν
2335 1054 2605 1110 ἐνιαύσιον
2628 1053 2795 1124 φόρον
2811 1050 3013 1111 ἀνύσας
3035 1050 3170 1119 πρὸς
3195 1046 3370 1100 Ἰαδον
3389 1043 3692 1112 ἐκπέμπει.

2122 1147 2445 1219 ’Ἡράκλειος
2485 1146 2543 1200 δέ
2572 1145 2729 1199 τοῦτο
2775 1143 3012 1206 ἀκούσας
3065 1140 3316 1195 ὑπαίτιον
3351 1136 3566 1205 ἔκρινεν
3600 1133 3693 1187 τὸν

2122 1241 2397 1310 Ἰωάννην,
2425 1238 2503 1301 ὡς
2526 1238 2656 1293 ἀνευ
2688 1236 2788 1306 τῆς
2822 1235 2866 1267 '°
2909 1232 3198 1305 βασιλικῆς
3243 1230 3501 1300 είδήσεως
3531 1226 3698 1281 τοῦτο

2110 1332 2476 1402 πεποιηκότα.
2527 1331 2638 1384 Καὶ
2690 1328 2878 1382 τοῦτον
2935 1323 3459 1396 μεταπεμψάμενος,
3507 1319 3698 1390 ἐξορίᾳ

2111 1424 2457 1494 κατέκρινεν.
2505 1421 2648 1474 ’Avr’
2700 1418 2867 1474 αὐτοῦ
2912 1417 2971 1471 δέ
3028 1415 3305 1486 ἐκπέμπει
3354 1410 3698 1482 Πτολεμαῖόν

2111 1533 2232 1570 τινα
2261 1513 2666 1586 στρατηλάτην.

2175 1665 2249 1748 Ἀ.
2279 1692 2348 1747 Μ.
2377 1691 2538 1747 6ιῖ9.
2568 1719 2636 1731 -
2656 1688 2843 1759 Τούτῳ
2869 1686 2947 1757 τῷ
2970 1686 3078 1739 ἔτει
3107 1682 3417 1756 παρέλαϐον
3443 1683 3494 1736 οἱ
3525 1683 3702 1751 ’Δρα-

2039 1759 2086 1815 B
2113 1785 2206 1850 ϐες
2232 1786 2334 1854 τὴν
2356 1783 2713 1852 ’Δντιόχειαν.
2749 1779 2862 1834 Καὶ
2891 1777 3150 1848 ἐπέμςθη
3196 1773 3416 1837 Μαυῖας
3445 1771 3552 1827 ὑπὸ
3593 1771 3703 1826 οὺ-

2119 1879 2296 1950 μᾶρου
2327 1873 2630 1946 στρατηγὸς
2655 1871 2750 1926 καὶ
2789 1872 3008 1942 ἀμηρᾶς
3037 1869 3219 1938 πάσης
3244 1867 3343 1935 τῆς
3377 1862 3486 1918 ὑπὸ
3521 1862 3634 1918 τῶν
3653 1862 3703 1894 ’⁸

2117 1968 2452 2042 Σαρακηνῶν
2502 1968 2686 2038 χώρας
2741 1965 2849 2020 ἀπὸ
2911 1963 3190 2030 Αἰγύπτου
3258 1959 3364 2020 ἕως
3424 1954 3520 2014 τοῦ
3583 1955 3705 2010 Εὗ-

2119 2066 2351 2136 φράτου.

2189 2153 2437 2225 Περσῶν
2450 2149 2756 2220 ,ϐασιλεὺς
2787 2145 3102 2218 Ὁρμίσδας
3126 2144 3233 2212 ἐτη
3264 2138 3356 2197 ια’.

2189 2337 2255 2392 Α.
2283 2334 2351 2388 Μ.
2380 2333 2540 2391 6150.
2585 2363 2650 2374 -
2697 2322 3398 2392 Κω-νσταντινουπόλεως
3458 2321 3712 2379 ἐπισκό-

2121 2443 2240 2484 που
2268 2427 2379 2498 (51)
2423 2427 2662 2494 Πύρῤου
2695 2423 2832 2488 ἔτος
2864 2427 2937 2473 α’.
3371 2415 3373 2417 ’

2193 2517 2382 2588 Τούτῳ
2411 2516 2488 2586 τῷ
2520 2516 2630 2567 ἔτει
2681 2512 3116 2586 ἐπεστράτευσεν
3149 2507 3322 2570 ’ῐαδος
3355 2505 3468 2576 (52)
3516 2504 3706 2558 πᾶσαν

2127 2611 2385 2680 στρατιὰν
2414 2609 2461 2639 ⁷⁸
2516 2607 2609 2660 τὸν
2647 2604 2965 2674 Εὐφράτην,
3016 2601 3112 2654 καὶ
3164 2599 3564 2669 καταλαμϐάνει
3596 2595 3704 2668 τὴν

2128 2704 2415 2756 Ἔδεσσαν.
2451 2700 2514 2753 Οἱ
2547 2698 2605 2751 δέ
2641 2695 2955 2767 Ἐδεσσηνοὶ
2986 2692 3294 2758 ἀνοίξαντες
3326 2690 3511 2744 ἔλαϐον
3537 2687 3709 2758 λόγον

2129 2795 2228 2849 σὺν
2254 2797 2321 2866 τῇ
2348 2792 2503 2864 χώρᾳ
2529 2791 2622 2845 καὶ
2650 2789 2728 2860 τῷ
2773 2788 3123 2860 στρατηλάτῃ
3157 2786 3253 2839 καὶ
3292 2783 3403 2847 τοῖς
3433 2785 3530 2837 σὺν
3554 2782 3712 2853 αὐτῷ

2135 2884 2448 2954 Ῥωμαιοις.
2481 2883 2592 2938 Καὶ
2619 2881 2951 2951 ἀπέρχονται
2981 2879 3074 2932 ἐπὶ
3100 2877 3489 2931 Κωνσταντίαν
3518 2875 3586 2940 ⁷³,
3614 2874 3713 2928 καὶ

2127 2977 2592 3048 πολιορκήσαντες
2646 2973 2817 3044 αὐτὴν
2868 2971 3118 3043 αἱροῦσιν
3161 2970 3207 3004 ⁷⁵
3249 2967 3421 3039 αὐτὴν
3462 2965 3710 3038 πολέμῳ,

2129 3073 2221 3126 καὶ
2249 3069 2597 3143 τριακοσίους
2637 3067 2944 3138 Ῥωμαίους
2995 3064 3300 3135 ἀνήλωσαν.
3349 3061 3460 3114 Καὶ
3500 3060 3716 3113 ἐκεῖθεν

2128 3164 2358 3235 ἀνῆλθον
2391 3164 2436 3198 ’³
2488 3163 2566 3226 εις
2614 3161 2796 3231 Δαρᾶς
2842 3158 2936 3212 καὶ
2968 3157 3171 3226 ταύτην
3219 3152 3558 3224 λαμϐάνουσι
3608 3167 3715 3204 m-

2127 3257 2432 3328 λέμιι)·καὶ
2487 3253 2720 3315 πολλοὺς
2748 3255 2806 3306 ἐν
2855 3252 2994 3323 αὐτῇ
3051 3249 3376 3304 ἀπώλεσαν·
3426 3247 3521 3300 καὶ
3569 3243 3721 3302 οὕτω

2130 3352 2312 3404 πᾶσαν
2350 3348 2450 3419 τὴν
2477 3344 2906 3415 Μεσοποταμίαν
2947 3340 3260 3410 παρέλαϐεν
3294 3340 3494 3401 Ἰαδος.

2202 3441 2267 3494 Α.
2294 3437 2366 3494 Μ.
2396 3439 2559 3495 6151.
2582 3467 2654 3480 —-
2678 3437 2868 3506 Τούτῳ
2915 3434 2994 3506 τῷ
3029 3435 3139 3488 ἔτει
3180 3433 3626 3503 ἐπεστράτευσαν
3662 3432 3719 3484 οἱ

447 3543 604 3586 arma
639 3536 696 3584 et
726 3527 890 3599 283
915 3527 1319 3600 expeditionem
1384 3535 1628 3594 movent,
1663 3527 2012 3598 manibusqut

2132 3531 2442 3604 Σαρακηνοὶ
2467 3529 2612 3585 κατὰ
2639 3528 2924 3598 Περσίδος,
2964 3527 3060 3580 καὶ
3107 3527 3439 3579 συνάπτουσι
3474 3523 3722 3591 πόλεμον

445 3637 571 3680 cum
601 3621 900 3678 Persarum
924 3623 1042 3677 acie
1068 3621 1286 3678 collatis
1325 3622 1650 3691 superiores
1676 3619 1944 3683 evadunt,
1971 3630 2012 3676 οι

2135 3626 2253 3699 μετ’
2300 3623 2504 3691 αὐτῶν,
2561 3623 2656 3677 καὶ
2707 3622 3034 3692 νικήσαντες
3073 3619 3218 3674 κατὰ
3269 3620 3470 3702 κράτος
3505 3616 3725 3678 πάντας

446 3714 650 3772 Persas
675 3714 970 3771 universos
1005 3729 1286 3771 armorum
1319 3715 1373 3770 vi
1413 3713 1518 3770 sibi
1549 3714 1875 3785 subjiciunt.
1903 3711 2010 3770 Per

2131 3719 2258 3783 τοὺς
2287 3718 2505 3789 Πέρσας
2545 3712 2842 3779 ὑπέταξαν.
2887 3711 3188 3782 Ὀρμίσδας
3214 3709 3271 3763 δέ
3297 3712 3326 3764 ὁ
3353 3709 3461 3762 τῶν
3488 3707 3722 3777 Περσῶν

449 3821 638 3862 sarum
668 3820 802 3861 vero
841 3820 940 3860 rex
992 3803 1318 3861 llormisdas
1347 3804 1477 3876 fuga
1511 3807 1747 3880 sabrtem
1775 3821 2012 3878 quaerens

2137 3811 2390 3883 βασιλεὺς
2449 3810 2592 3878 φυγῇ
2639 3804 3017 3877 χρησάμενος,
3081 3804 3174 3857 ἐπὶ
3231 3803 3357 3865 τοὺς
3405 3801 3726 3872 ἐνδοτέρους

450 3900 506 3954 in
535 3897 854 3953 interiorem
898 3895 1150 3953 Persiam
1210 3905 1266 3953 et
1314 3898 1367 3952 in
1417 3899 1777 3954 occultiorem
1824 3899 2012 3971 regian

2133 3903 2353 3976 Πέρσας
2391 3905 2472 3966 εἰς
2508 3901 2577 3953 τά
2612 3899 2858 3970 βασίλεια
2890 3898 3086 3968 ἐχώρει
3119 3897 3184 3950 ⁷⁸.
3214 3897 3274 3950 Ol
3308 3896 3364 3949 δὲ
3407 3893 3726 3966 Σαρακηνοὶ

449 3990 684 4046 secedit.
713 3986 974 4046 Saraceni
1029 3989 1274 4060 captivas
1317 3987 1625 4046 Hormisda:
1663 3991 1826 4058 tilias,
1865 3999 1921 4046 et
1947 4008 2012 4048 re

2132 3995 2565 4070 ῂχμαλώτευσαν
2615 3993 2715 4054 τὰς
2742 3989 2838 4046 τοῦ
2877 3990 3169 4061 Ὀρμίσδου
3221 3988 3527 4057 θυγατέρας
3575 3982 3724 4055 μετὰ

451 4080 599 4152 gium
631 4095 849 4136 omnem
901 4080 1024 4152 ejus
1067 4089 1393 4152 apparatum
1452 4080 1657 4138 Umaro
1687 4084 2007 4140 obtulerunt

2135 4087 2316 4158 πάσης
2351 4086 2451 4154 τῆς
2509 4081 2799 4155 βασιλικῆς
2848 4082 3162 4150 ἀποσκευῆς
3190 4081 3270 4114 ⁷⁷·
3327 4080 3421 4132 καὶ
3469 4075 3728 4149 ἡχθησαν

451 4169 532 4228 Eo
557 4187 777 4244 quoque
799 4189 944 4228 anno
965 4171 1202 4228 Umarus
1228 4173 1491 4228 ditionem
1519 4189 1734 4230 omnem
1765 4191 1829 4232 ac
1857 4187 2012 4232 terra:

2136 4183 2274 4253 πρὸς
2302 4177 2581 4249 Οῠμαρον.
2618 4176 2780 4246 Αὑτῷ
2814 4177 2871 4230 δέ
2897 4175 2975 4246 τῷ
3004 4175 3180 4246 χρόνῳ
3207 4172 3495 4226 ἐκέλευσεν
3529 4167 3726 4240 Obba-

451 4263 563 4321 sibi
605 4265 857 4323 subditas
902 4265 1147 4320 describi
1193 4264 1382 4336 jussit.
1421 4266 1728 4338 Descriptio
1773 4267 1882 4323 ista
1921 4285 2012 4324 not

2139 4291 2230 4346 ρος
2257 4271 2643 4344 ἀναγραφῆναι
2674 4271 2857 4323 πᾶσαν
2899 4269 2998 4338 τὴν
3030 4267 3122 4322 ὑπ’
3163 4265 3326 4320 αὑτὸν
3363 4263 3723 4334 οἰκουμένην.

457 4357 748 4415 hominum
784 4357 965 4422 modo,
998 4356 1095 4414 sed
1135 4366 1190 4414 et
1208 4357 1583 4428 iumentorum
1632 4367 1688 4416 et
1720 4362 2012 4432 plantarun

2149 4367 2396 4436 Ἐγένετο
2419 4364 2476 4419 δέ
2506 4367 2539 4437 η
2571 4363 2866 4434 ἀναγραφὴ
2910 4360 3214 4432 ἀνθρώπων
3255 4359 3348 4413 καὶ
3381 4355 3595 4429 κτηνῶν
3623 4359 3727 4409 καὶ

453 4466 744 4509 numerum
769 4452 1068 4508 recensuit.

2143 4456 2347 4527 φυτῶν.

1767 4591 2006 4648 VARle
2046 4591 2455 4649 LECTIONES.

517 4703 568 4779 ξ’
625 4705 762 4779 μήτε
805 4703 1123 4779 πολεμικῶς
1163 4720 1274 4779 om.
1325 4719 1357 4759 a
1417 4706 1456 4779 ἢ,
1491 4706 1680 4779 lacuna
1726 4717 1952 4778 apparet
2005 4709 2058 4764 in
2099 4711 2162 4763 Α.
2265 4711 2309 4744 ⁷⁸
2338 4710 2437 4779 τῆς
2458 4708 2582 4765 add.
2616 4725 2678 4763 ex
2712 4709 2775 4779 Α.
2853 4708 2895 4740 ⁷³
2932 4706 3186 4779 τῶνιιιω.
3217 4707 3380 4779 ιιι-Α.
3481 4707 3525 4779 Τί
3553 4720 3728 4779 aspar-

457 4774 610 4850 τειαν
626 4773 699 4830 λζ
758 4846 769 4850 _
803 4777 850 4850 "_
881 4773 972 4850 ἐπ.
1003 4775 1314 4850 ΚωνστηΑ,
1351 4775 1494 4850 πρὸς
1508 4776 1700 4850 sint},
1739 4773 1914 4850 vulg._
1960 4780 2007 4812 ⁷⁸
2041 4781 2286 4848 αῐρουσιν
2319 4773 2464 4850 vulg.
2539 4779 2584 4810 "
2609 4777 2841 4850 ἀνῆλθον
2891 4781 2957 4843 Α,
3005 4773 3170 4850 ἦλθον
3223 4776 3372 4848 vulg.
3462 4778 3511 4810 "
3545 4773 3726 4840 είςτὰ

459 4844 710 4915 βασίλεια
753 4845 972 4921 ἰχώρει]
1005 4846 1306 4902 κατέλαϐεν
1335 4847 1378 4901 Α
1400 4844 1440 4901 ἀ
1472 4847 1512 4901 l'.
1564 4844 1626 4880 ’⁷⁷
1655 4847 1771 4921 ἅμα
1794 4844 1860 4921 τῇ
1894 4844 2146 4922 βασιλικῇ
2178 4844 2460 4923 ἀποσκευῇ
2500 4853 2566 4905 Δ.

1793 4981 1931 5038 JAC.
1959 4980 2172 5038 GOARI
2193 4979 2427 5038 NOTAE.

533 5121 645 5195 (50)
674 5117 986 5195 Correctior
1006 5117 1117 5195 Pal.
1143 5120 1340 5195 codex.
1357 5138 1468 5190 quo
1493 5120 1736 5195 Χαλκίδα
1765 5122 1997 5195 legimus
2023 5142 2036 5178 :

457 5187 682 5250 Chalcis
719 5190 866 5246 enim
927 5187 1098 5262 Syria:
1144 5191 1276 5245 urbs
1325 5187 1430 5262 est,
1467 5193 1532 5247 ad
1566 5207 1727 5262 quatn
1767 5187 2038 5250 ostroena

462 5262 748 5335 provincia
776 5262 844 5316 de
873 5276 978 5335 qu_a
1001 5261 1090 5316 hic
1116 5276 1319 5335 sermo.
1344 5261 1650 5335 Chalcidem
1671 5279 1891 5334 quoque
1913 5265 2042 5335 legit

459 5329 904 5391 Anastasius—4
927 5329 1062 5403 Reg.
1093 5340 1148 5386 et
1184 5329 1712 5403 _Anast.UXa.)lxl6a',
1747 5329 1828 5390 uti
1872 5329 2041 5390 etiam

461 5407 605 5461 bene
654 5399 1035 5474 emendatuuf
1069 5403 1124 5456 in
1183 5399 1344 5472 Peyr.
1404 5401 1590 5474 Neque
1642 5405 1790 5474 enim
1843 5403 2041 5461 Jasdus

461 5471 1135 5530 SaracenusChalcedone
1165 5471 1629 5543 potiebatur,'aut
1653 5473 1892 5531 Joannes
1932 5475 2044 5530 illic

465 5546 604 5599 clam
649 5545 984 5616 imperatore
1027 5553 1185 5616 pacta
1227 5544 1499 5613 ejusmodi
1541 5547 1682 5601 inire
1734 5547 2040 5616 potuissett

467 5630 625 5735 aecus
653 5616 707 5668 in
750 5615 926 5670 vicina
955 5615 1273 5680 Osrhoeuac,
1323 5616 1412 5670 cui
1457 5623 1712 5686 pratcrat,
1738 5615 2040 5674 Chalcide.

509 5697 754 5735 OIBEIIS.

509 5697 754 5740 0188118.

541 5751 653 5819 (5!)
686 5751 988 5811 indictione
1012 5756 1359 5820 duodecima,
1400 5772 1516 5827 qua:
1549 5755 1714 5828 hujus
1749 5758 1875 5814 anni
1912 5773 2038 5830 pro.

2148 5121 2291 5194 pria,
2321 5120 2572 5248 Serlsium
2591 5131 2891 5189 mortuum,
2913 5130 2967 5178 ct
2996 5121 3266 5194 Pyrrhum
3288 5120 3336 5177 ei
3361 5121 3724 5194 subrogatum

2148 5202 2381 5248 testatur
2462 5194 2771 5248 iceuhorus.

2147 5202 2381 5249 testatur
2408 5194 2771 5264 Nicephorus.

2219 5263 2558 5333 (ὅέγιάῖδος
2599 5263 2758 5334 Reg.,
2814 5264 2978 5318 etiam
3035 5263 3228 5320 Anast.
3267 5263 3483 5327 Jaidns,
3517 5263 3608 5333 qui
3665 5269 3728 5319 et

2148 5335 2362 5406 legerit,
2388 5336 2651 5406 ἐπέρασεν
2677 5334 3018 5406 πανστρατεὶ
3041 5334 3133 5387 τὸν
3157 5335 3472 5406 Εὐφράτην,
3501 5336 3570 5388 ita
3597 5334 3726 5388 red-

2147 5403 2308 5470 dens,
2334 5403 2678 5460 transmeavit
2707 5422 2826 5460 cum
2848 5403 2993 5460 omni
3013 5406 3205 5459 militia
3232 5403 3330 5458 sua
3357 5403 3680 5473 Euphratem
3703 5417 3724 5466 ;

2149 5485 2274 5547 apte
2301 5490 2436 5547 sane
2459 5492 2475 5541 ;
2505 5491 2630 5530 nam
2656 5487 2814 5547 pacta
2848 5477 2969 5543 ejus
2997 5492 3120 5547 cum
3147 5477 3313 5532 Catea
3339 5477 3391 5528 in
3418 5481 3519 5530 hoc
3544 5485 3723 5547 erant,

2150 5544 2245 5618 ’φῦ
2286 5545 2368 5618 Δμὴ
2429 5544 2669 5617 περάσαί
2707 5548 2798 5602 τὸν
2845 5546 3163 5616 Εὐφράτην,
3202 5556 3258 5601 ut
3315 5562 3415 5618 non
3455 5544 3724 5618 trajicere:

2151 5615 2522 5689 Euphratem:
2547 5619 2750 5687 quibus
2789 5615 2984 5689 negato
3007 5619 3216 5672 tributo
3247 5616 3568 5689 solutis,ita
3587 5625 3729 5689 _tra—

2145 5683 2299 5757 jecit,
2358 5702 2420 5743 ac
2474 5683 2924 5759 Mesopotamiam
2976 5695 3150 5744 totam
3199 5687 3530 5758 subiugavit.
3578 5683 3728 5741 Ceno

2152 5772 2318 5814 BEFIS.
