3860 6208
49 263 56 268 ‘
154 255 236 322 τοι
1413 263 1511 323 CII
1521 262 1769 324 RONOG
1781 264 2088 328 RAPHIA.

3278 279 3382 343 702

150 364 274 434 αὑτῷ
298 363 404 418 hu
432 364 874 437 ἐπεστράτευσαν
906 367 1220 450 Σαρακηνοὶ
1247 369 1346 442 την
1391 369 1689 444 Ἀφρικήν.

1810 375 2043 431 Africam
2073 384 2385 445 moverunt,
2411 386 2464 434 et
2489 392 2670 452 pugna
2696 393 2821 436 cum
2851 389 3088 454 tyranno
3117 385 3383 457 Gregorio

152 455 239 512 Kal
291 454 659 526 συμϐαλόντες
708 456 788 526 τῷ
849 459 1097 528 τυράννῳ
1141 460 1429 533 Γρηγορίῳ
1455 503 1469 527 ,
1509 463 1699 518 τοῦτον

149 549 392 618 τρέπουσι,
423 547 521 601 καὶ
550 550 683 613 τοὺς
737 548 838 602 σὺν
887 550 1039 621 αύτῷ
1073 551 1380 608 κτείνουσιο
1415 554 1512 609 καὶ
1550 571 1697 608 στοι-

147 645 376 714 χήσαντες
435 640 638 712 φόρους
697 641 837 710 μετὰ
887 642 999 695 τῶν
1047 644 1275 716 Ἄφρων
1323 646 1694 717 ὑπέστρεψαν.

196 734 254 790 Δ.
283 733 356 789 Μ.
407 731 569 789 6140.
633 761 707 772 -
743 731 933 803 Τούτῳ
974 732 1053 801 τῷ
1115 733 1226 788 ἔτει
1261 736 1698 808 ἐπεστράτευσεν

141 826 331 888 Μανίας
353 824 443 878 διὰ
473 822 760 893 Θαλάσσης
793 827 860 894 τῇ
897 825 1108 897 Κύπρῳ
1139 843 1152 857 ·
1182 822 1327 898 εἶχεν
1353 827 1411 880 δὲ
1441 829 1627 898 σκάφη
1651 830 1696 863 as

144 915 364 990 ,αψ⁹,κα“ι
385 914 695 986 παρέλαβεν
719 916 1109 970 Κωνσταντίαν
1130 918 1228 972 σὺν
1252 920 1319 989 τῇ
1349 920 1500 990 νήσῳ
1525 921 1696 993 πάσῃ,

139 1012 230 1064 καὶ
271 1009 464 1076 ταύτην
505 1001 842 1078 ἐλυμήνατο.
903 1007 1172 1072 Ἀκούσας
1217 1009 1277 1064 δὲ
1329 1011 1640 1082 Κακὸριζον
1679 1012 1696 1042 ⁸

139 1101 558 1170 κουδικουλάριον
589 1102 717 1154 κατ’
740 1100 907 1153 αὑτοῦ
933 1101 1073 1172 μετὰ
1107 1101 1370 1172 πλείστης
1413 1103 1699 1173 δυνάμεως

156 1191 443 1262 Ῥωμαῖκῆς
463 1192 784 1261 ἐρχόμενον,
826 1191 1162 1247 ἀνέπλευσεν
1191 1193 1484 1248 κατέναντι
1525 1195 1694 1262 ’Δρά-

135 1285 219 1337 ὁου
253 1287 287 1348 ⁸,
317 1284 407 1337 καὶ
458 1284 810 1354 καθορμίσας
860 1285 960 1354 τὴν
1001 1283 1196 1338 ἑαυτοῦ
1231 1285 1554 1339 ναυστολίαν
1600 1287 1698 1357 τὴν

131 1377 373 1448 πολίχνην
415 1377 521 1445 τῆς
545 1377 714 1446 νήσου
748 1377 810 1431 τὸ
839 1378 1152 1432 Κάστελλον
1171 1379 1193 1412 ³
1216 1380 1480 1450 ἐπειρᾶτο
1514 1397 1698 1448 παρα-

131 1469 328 1531 λαῦεἰν,
383 1469 677 1531 παντοίαις
716 1473 990 1538 μηχαναῖς
1040 1471 1342 1541 χρώμενος.
1402 1471 1590 1542 Μηδὲν
1644 1473 1700 1526 δέ

131 1560 440 1631 ἐξισχύσας,
501 1562 709 1631 πέμπει
773 1562 911 1630 πρὸς
967 1563 1167 1625 αὐτοὺς
1210 1563 1514 1618 ἐπίσκοπόν
1550 1581 1695 1629 τινα,

137 1655 446 1724 θωμάριχον
495 1653 759 1725 τοῦνομα,
792 1655 1042 1725 ἐκφοεῶν
1089 1658 1287 1719 αὐτοὺς
1342 1659 1557 1724 ἀφιέναι
1601 1659 1700 1729 τὴν

1799 471 2120 534 commissa,
2151 471 2208 524 in
2259 468 2442 542 fugam
2471 486 2598 527 eum
2641 481 2898 540 vertunt,
2931 485 2984 530 et
3013 477 3135 546 ejus
3161 481 3384 534 exerci-

1799 569 1918 616 tum
1950 562 2159 628 delent,
2191 573 2246 619 et
2273 563 2638 634 vectigalibus
2674 581 2739 622 ex
2776 579 2938 639 pacto
2967 567 3168 624 Africa!
3203 572 3382 642 impo-

1800 654 1923 710 sitis
1950 656 2160 711 reversi
2199 665 2348 712 sunt.

1867 747 1935 805 A.
1975 747 2036 802 C.
2069 749 2194 804 640.
2221 781 2291 793 --
2321 749 2436 806 Hoc
2481 765 2628 806 anno
2674 760 2881 806 armata
2933 754 3110 808 classe
3159 756 3386 825 expedi-

1801 838 2008 893 tionem
2042 840 2096 894 in
2125 840 2364 912 Cyprum
2393 843 2600 898 Marias
2625 845 2888 913 suscepit.
2915 843 3047 913 Ejus
3079 847 3295 917 navigia
3313 849 3382 903 ad

1799 928 1954 985 milia
1985 939 2041 985 et
2069 933 2416 1003 septingenta
2449 944 2736 990 numerata
2791 944 2939 989 sunt.
2995 937 3378 994 Constantiam
3429 938 3434 996 Ι

1800 1023 2083 1078 civitatem
2150 1026 2321 1095 cepit,
2385 1027 2699 1081 universam
2753 1028 2972 1096 subegit
3020 1028 3283 1092 insulam,
3332 1040 3386 1086 et
3429 1026 3436 1096 ῗ

1800 1129 2061 1188 magnum
2096 1117 2152 1171 in
2203 1133 2322 1172 eam
2365 1117 2756 1174 detrimentum
2811 1120 3014 1176 intulit.
3073 1122 3209 1176 Cum
3253 1139 3384 1178 vero
3428 1103 3457 1130 ”

1799 1209 2122 1264 Cacorizum
2146 1211 2553 1266 cubicularium
2583 1211 2872 1292 adversum
2903 1229 2963 1268 se
2981 1229 3105 1268 cum
3127 1217 3382 1272 maximis
3433 1232 3435 1234 ·

1800 1301 2174 1358 Romanorum
2200 1305 2375 1375 copiis
2405 1304 2666 1360 advenire
2697 1306 2932 1368 audiret,
2970 1307 3204 1363 classem
3242 1311 3382 1362 Ara-

1800 1392 1931 1447 dum
1963 1408 2158 1450 versus
2189 1395 2449 1462 divertit,
2485 1397 2576 1452 ubi
2610 1397 2806 1454 classis
2859 1399 3118 1454 bellicum
3160 1416 3382 1455 omnem

1801 1494 2122 1554 apparatum
2161 1486 2228 1540 ad
2264 1487 2458 1542 insulze
2499 1488 2758 1558 oppidum
2804 1503 3137 1554 exonerans,
3169 1492 3381 1544 machi-

1800 1575 1888 1629 nis
1911 1576 2172 1630 omnibus
2203 1576 2467 1632 adhibitis
2501 1579 2789 1634 castellum
2817 1595 3092 1650 occupare
3115 1582 3380 1638 tentabat.

1799 1664 2104 1722 Conatibus
2139 1668 2267 1722 licet
2301 1670 2544 1724 strenuis
2573 1685 2767 1739 parum
2798 1679 2892 1725 aut
2919 1671 3053 1726 nihil
3085 1672 3385 1729 succeden-

139 1749 268 1802 πόλιν
321 1750 418 1802 καὶ
481 1748 850 1812 ὑποσπόνδους
897 1744 1058 1816 εἶναι,
1101 1748 1304 1814 ἐξιέναι
1349 1749 1408 1804 δέ
1461 1750 1560 1820 τῆς
1605 1727 1696 1819 νη-

1810 1759 1972 1824 tibus,
2003 1758 2325 1830 episcopum
2359 1762 2582 1817 nomine
2605 1761 3059 1828 'I‘homarichmn,
3095 1774 3153 1819 ut
3195 1765 3382 1821 urbem

141 1857 235 1894 σου.
277 1839 362 1902 Ὠς
385 1838 482 1892 οὖν
540 1839 677 1909 πρὸς
727 1840 926 1902 αὐτοὺς
975 1839 1150 1911 εἰσῄει
1183 1841 1212 1893 6
1239 1839 1554 1906 ἐπίσκοπος,
1575 1839 1700 1894 τοῦ-

142 1948 219 1985 rev
243 1933 552 2004 ἐκράτησαν
601 1933 773 1994 ἔνδον,
798 1932 987 2005 Ma.qu
1019 1933 1076 1985 δὲ
1122 1933 1223 1986 οὐκ
1268 1928 1440 1996 εἶξαν.
1469 1933 1580 1986 Καὶ
1633 1933 1697 2005 δὴ

145 2025 376 2095 ἀνονήτου
419 2023 723 2096 γενομένης
769 2024 790 2055 ⁸
833 2024 933 2093 τῆς
989 2023 1132 2078 κατὰ
1182 2023 1420 2095 Ἀραδον
1475 2023 1698 2095 πολιορ-

149 2117 272 2181 κίας,
317 2117 646 2189 ἀνέστρεψεν
699 2119 782 2181 είς
833 2117 1130 2187 Δαμασκὸν
1168 2120 1212 2184 ³,
1240 2119 1363 2173 ἐπεὶ
1401 2120 1432 2172 6
1489 2116 1699 2189 χειμὼν

151 2203 431 2259 κατέλαΰιν.

207 2488 264 2546 Δ.
291 2491 363 2550 Il.
399 2491 566 2548 6i“.
589 2520 664 2533 -—
704 2490 894 2562 Τούτῳ
922 2491 1002 2563 τῷ
1042 2491 1156 2546 ἔτει
1191 2492 1629 2563 ἐπεστράτευσεν
1667 2496 1697 2550 6

147 2584 329 2645 Μαυτας
353 2587 489 2638 κατὰ
511 2585 615 2653 τῆς
639 2584 663 2616 ⁸
697 2584 924 2654 ’Δράδου
948 2583 1193 2656 σφοδρῶς
1215 2586 1694 2656 παραταξάμενος,

146 2677 221 2728 καί
262 2677 457 2745 ταύτην
487 2677 633 2747 λόγῳ
665 2669 980 2746 παρέλαϐεν
1036 2679 1116 2739 είς
1163 2677 1224 2731 τὸ
1272 2682 1550 2734 κατοικεῖν
1596 2682 1698 2734 αύ-

142 2769 243 2832 ιοὸς
267 2769 387 2822 ἔνθα
418 2769 703 2838 βούλονται
727 2785 742 2800 ·
787 2769 885 2839 τὴν
923 2768 982 2822 δὲ
1031 2770 1188 2822 πόλιν
1247 2771 1568 2844 ἐνέπρησεν,
1605 2774 1702 2828 καὶ

135 2858 473 2928 ἀπετείχισεν,
518 2861 617 2913 καὶ
664 2860 764 2929 τὴν
814 2860 976 2929 νῆσον
1022 2859 1280 2931 ἀοίκητον
1340 2864 1700 2936 κατέστησεν,

137 2948 220 3012 ἓως
246 2951 338 3004 τοῦ
371 2951 472 3004 νῦν
508 2953 552 3007 ⁷.

1799 1852 1922 1921 ejus
1959 1857 2219 1923 potestati
2257 1857 2663 1926 permitterent,
2704 1859 3002 1930 vectigales
3029 1869 3278 1930 agerent,
3319 1877 3384 1918 ac

1799 1945 2020 2002 tandem
2063 1948 2246 2004 insula
2280 1951 2510 2005 omnino
2535 1951 2884 2016 decederent,
2925 1952 3092 2007 minis
3121 1963 3175 2009 et
3204 1964 3386 2010 terro-

1802 2037 1960 2094 ribus
2019 2054 2314 2096 suasurum
2376 2042 2550 2096 misit.
2605 2041 2676 2097 Ut
2723 2045 2916 2099 urbem
2977 2045 3260 2115 ingressus
3301 2053 3387 2102 est

1798 2128 2120 2199 episcopus.
2167 2131 2317 2187 cives
2349 2131 2494 2186 intra
2536 2135 2740 2188 moenia
2768 2149 2954 2190 secum
2989 2135 3297 2201 detinuere,
3329 2145 3386 2191 et

1802 2218 1993 2277 Mariae
2024 2223 2312 2293 imperium
2354 2225 2750 2281 detrectavere.
2810 2227 3178 2294 Quamobrem
3229 2229 3383 2284 irrita

1801 2314 1970 2368 Aradi
1993 2315 2309 2382 obsidione,
2363 2333 2488 2373 cum
2516 2317 2694 2374 bicms
2720 2327 3024 2390 appeteret,
3061 2314 3382 2376 Damascum

1798 2416 1859 2458 se
1888 2404 2120 2475 recepit.

1867 2499 1934 2552 Α.
1969 2497 2030 2552 C.
2063 2497 2190 2554 6M.
2218 2527 2289 2540 —
2323 2497 2437 2555 Hoc
2480 2515 2628 2555 anno
2676 2499 2882 2556 Mavias
2913 2502 3112 2557 educto
3144 2511 3198 2557 et
3235 2515 3387 2556 com-

1802 2589 1985 2658 posito
2018 2589 2268 2644 exercitu
2297 2591 2568 2648 adversus
2604 2592 2846 2646 Aradum
2888 2607 3042 2647 arma
3089 2592 3384 2648 convertit.

1801 2681 1954 2736 Illam
1978 2698 2114 2739 vero
2143 2699 2206 2739 ea
2235 2683 2556 2741 conditione
2579 2685 2746 2756 cepit,
2781 2695 2838 2740 nt
2870 2685 3155 2757 oppidani,
3185 2685 3275 2740 ubi
3321 2685 3386 2740 li-

1803 2775 2041 2843 buisset,
2098 2777 2351 2834 habitare
2405 2785 2652 2850 possent.
2689 2780 2880 2834 urbem
2916 2794 3045 2835 vero
3097 2778 3223 2848 igne
3257 2793 3388 2834 suc-

1803 2867 2008 2935 cendit,
2039 2871 2240 2924 muenia
2274 2870 2490 2931 evertit,
2516 2871 2684 2942 386
2699 2879 2750 2926 et
2773 2886 2948 2941 usque
2977 2871 3032 2926 in
3062 2871 3383 2926 hodiernum

1804 2959 1950 3016 diem
1981 2961 2160 3018 eﬂ‘ecit
2185 2964 2421 3018 insulam
2455 2963 2653 3018 incolis
2686 2964 2946 3019 omnibus
2977 2963 3282 3017 desertam.

189 3041 267 3115 Τῷ
311 3044 359 3097 δ’
404 3045 561 3115 αὐτῷ
589 3044 702 3098 έτει
731 3045 958 3115 γέγονεν
1006 3050 1066 3102 ἐν
1105 3047 1294 3125 Ῥώμῃ
1332 3051 1694 3124 σύνοδος’(67)

1879 3050 2082 3108 Eodem
2129 3068 2276 3108 anno
2311 3053 2608 3109 concilium
2651 3054 2840 3109 Romae
2895 3069 2926 3108 a
2967 3051 3202 3109 Martino
3239 3065 3384 3125 papa

128 3135 214 3192 ὑπὸ
260 3139 546 3208 Μαρτίνου
603 3138 700 3193 τοῦ
751 3142 908 3194 πάπα
941 3141 1083 3196 κατὰ
1115 3143 1226 3196 τῶν
1275 3146 1690 3217 Μονοθε).ητῶν.

177 3234 242 3287 Δ.
285 3235 363 3290 Μ.
425 3234 593 3290 διιε.
623 3265 694 3276 -
747 3233 936 3307 Τούτῳ
986 3237 1064 3308 τῷ
1117 3235 1229 3292 Iret
1285 3241 1693 3314 στρατοπεδάρ-

116 3343 206 3394 χης
261 3327 379 3396 (68)
448 3329 550 3381 σὺν
607 3329 723 3391 τοῖς
780 3327 1020 3398 Ἄραψιν
1071 3331 1503 3402 ἐπεστράτευσεν
1550 3333 1696 3388 κατὰ

137 3415 396 3488 ’ίσαυρίας
430 3435 446 3450 ο
485 3419 583 3470 καὶ⁵
614 3419 858 3483 κτείνας,
877 3419 1112 3483 πολλοὺς
1134 3421 1527 3491 ῄχμαλὼτευσε
1555 3439 1570 3454 ο
1600 3424 1696 3477 καὶ

122 3511 239 3578 μετὰ
293 3509 765 3581 πεντακισχιλίων
815 3512 1058 3582 δεσμίων
1118 3513 1482 3586 ὑπέστρεψεν.
1538 3516 1690 3587 Πέμο

121 3618 189 3656 tu
225 3604 290 3658 δέ
324 3605 354 3658 ὸ
402 3604 659 3675 βασιλεὺς
708 3604 1328 3676 Κώνστας-ῐ1ροκὸπιόν
1378 3625 1500 3661 τινα
1557 3610 1693 3679 πρὸς

119 3692 334 3749 δίαιταν
363 3696 533 3764 ζητῶν
567 3697 794 3767 εἰρήνην
829 3713 845 3727 ο
875 3696 902 3750 ὃ
929 3698 1023 3751 καὶ
1048 3697 1272 3774 γέχονεν
1302 3698 1414 3752 ἔτει
1456 3697 1522 3768 β’,
1551 3700 1694 3770 ι’ρη-

124 3785 312 3855 γδριον
362 3787 475 3839 υίδν
519 3786 796 3858 Θεοδώρου
836 3786 1013 3844 λαϐὼν
1059 3790 1281 3854 Μαυῖας
1333 3790 1589 3862 ἐνέχυρον
1618 3794 1693 3863 ,ἐν

121 3877 424 3946 Δαμασκῷ.

167 4058 240 4113 Δ.
271 4057 347 4110 Μ.
387 4057 546 4111 6H3.
572 4086 644 4096 —
679 4057 868 4128 Τούτῳ
899 4055 978 4127 τῷ
1013 4057 1122 4110 ἔτει
1161 4057 1183 4090 ⁸
1228 4057 1551 4112 ἐστασίασεν
1580 4060 1693 4114 Πασ-

124 4147 389 4218 σιτιιάθης
417 4149 446 4200 6
476 4149 585 4200 τῶν
637 4147 942 4218 Ἀρμενίων
990 4149 1280 4218 πατρίκιος
1325 4149 1402 4220 τῷ
1438 4149 1650 4221 βασιλεί
1675 4167 1690 4180 ·

1799 3146 2133 3204 damnandis
2159 3146 2548 3203 monotheletis
2580 3146 2920 3202 celebratum
2953 3156 3060 3203 est.

1873 3240 1938 3294 Α.
1965 3239 2028 3294 C.
2058 3239 2186 3293 642.
2218 3267 2290 3278 ——
2316 3237 2430 3293 Hoc
2477 3253 2621 3293 anno
2658 3237 3024 3293 Arabicorum
3073 3247 3383 3295 castrorum

1797 3331 2098 3406 praefectus
2157 3333 2211 3386 in
2269 3331 2541 3387 Isauriam
2604 3331 3031 3402 impressionem
3098 3332 3268 3397 fecit,
3329 3313 3432 3388 et.

1795 3438 1995 3494 magna
2027 3431 2216 3492 strage
2254 3421 2427 3485 edita,
2468 3423 2658 3492 plures
2690 3421 2744 3476 in
2793 3421 3168 3492 captivitatem
3212 3421 3385 3484 misit,

1795 3523 1851 3571 et
1894 3530 2022 3570 cum
2071 3516 2384 3585 vinctorum
2420 3514 2674 3570 millibus
2711 3513 2961 3583 quinque
3008 3512 3077 3567 ad
3122 3528 3255 3570 suos
3294 3530 3386 3570 re-

1796 3620 2021 3675 gressus
2069 3612 2176 3659 est.
2216 3603 2518 3674 Imperator
2551 3612 2735 3659 autem
2767 3603 3048 3659 Constans
3116 3603 3387 3674 Procopio

1796 3698 2030 3768 quodam
2083 3695 2151 3750 ad
2204 3694 2436 3750 Maviam
2491 3695 2703 3755 misso,
2759 3710 2949 3763 pacem
3008 3695 3381 3764 exposcebat:

1795 3788 1942 3860 quod
1979 3802 2125 3841 anno
2156 3787 2402 3841 secundo
2435 3785 2787 3855 postmodum
2835 3783 3044 3837 Mavias
3104 3785 3382 3852 praestitit,

1795 3877 2062 3948 Gregorio
2097 3873 2371 3929 Theodori
2418 3873 2537 3928 ﬁlio
2567 3879 2858 3943 pactorum
2893 3871 3158 3925 initurum
3193 3871 3386 3926 obside
3456 3902 3466 3910 -

1797 3969 2049 4024 Damasci
2081 3974 2316 4022 retento.

1867 4061 1932 4118 Α.
1963 4059 2025 4116 C.
2051 4057 2374 4115 645.—Iloc
2407 4071 2551 4116 anno
2576 4054 2957 4126 Pasagnathes
2995 4055 3382 4111 Armeniorum

1798 4155 2071 4227 patricius
2099 4154 2154 4207 in
2193 4153 2582 4222 imperatorem
2609 4147 2908 4220 perduellis
2933 4163 3084 4202 arma
3113 4148 3383 4219 suscepit,

122 4239 193 4290 ut
252 4239 494 4302 σπονδὰς
557 4239 697 4310 μετὰ
754 4239 967 4294 Μαυῖου
1039 4239 1341 4311 πεποίηκεν
1376 4282 1390 4306 ,
1441 4241 1690 4306 δεδωκὼς

1810 4253 1847 4302 at
1873 4245 1983 4299 tilio
2011 4243 2205 4298 Mavis:
2239 4242 2294 4297 in
2339 4240 2588 4296 obsidem
2617 4238 2769 4305 dato,
2805 4238 2931 4293 belli
2963 4252 3088 4292 cum
3118 4253 3182 4292 eo
3203 4239 3387 4294 socio-

128 4331 251 4403 αὖτῷ
286 4335 386 4385 καί
405 4332 499 4386 τὸν
530 4334 661 4387 ίόιον
693 4335 830 4386 υίὸν.
874 4332 1142 4398 ’Δκούσας
1167 4334 1224 4386 δὲ
1246 4336 1273 4388 6
1306 4327 1560 4403 βασιλεὺς
1597 4330 1694 4406 ἦλ-

1795 4343 1961 4390 tatem
1997 4335 2145 4389 iniit.
2177 4333 2382 4388 Nuntio
2407 4329 2813 4402 perduellionis
2841 4329 3054 4394 audito,
3085 4329 3387 4398 imperator

130 4421 193 4474 in»
237 4424 349 4490 ἓως
401 4425 745 4496 Καισαρείας
790 4423 1209 4489 Καππαδοκίας,
1244 4427 1338 4480 καὶ
1363 4425 1694 4496 ,ἀπελπίσας

1810 4427 2104 4484 Caasaream
2133 4442 2312 4498 usque
2337 4423 2706 4495 Cappadociae
2735 4437 2794 4478 se
2821 4423 3079 4484 contulit,
3124 4429 3178 4476 et
3219 4420 3386 4477 rebus

131 4515 201 4584 τῆς
247 4518 552 4586 Ἀρμενίας
587 4515 952 4586 ὑπέστρεψεν.

174 4608 235 4660 Δ.
259 4607 341 4662 Μ.
377 4606 544 4661 ειιι.
569 4635 637 4647 --
663 4606 854 4678 Τούτῳ
877 4605 954 4677 τῷ
983 4603 1094 4658 ἔτει
1127 4604 1430 4676 Γρηγόριος
1466 4608 1495 4660 6
1535 4608 1693 4661 ἀδελ-

1799 4521 2074 4577 Δτηιειιὶιε
2099 4519 2412 4592 desperatis
2446 4519 2500 4572 in
2530 4518 2720 4572 urbem
2750 4530 3005 4570 reversus
3035 4521 3138 4568 est.

1873 4613 1940 4667 A.
1959 4612 2020 4667 C.
2041 4609 2360 4668 6M.——Iloc
2383 4625 2529 4664 anno
2558 4606 2912 4678 imperatoris
2945 4603 3179 4660 lleraclii
3215 4603 3387 4662 frater

1386 4725 1626 4783 VARUS
1659 4729 2064 4790 LECTIONES.

173 4824 215 4855 ”
233 4823 298 4875 δέ
348 4821 538 4891 σκάφη
568 4819 632 4893 Δ,
662 4820 720 4874 δέ
742 4821 836 4874 καὶ
861 4839 949 4876 σκ.
982 4822 1130 4893 vulg.

1209 4821 1227 4855 ⁸
1260 4821 1354 4893 καί
1387 4822 1620 4893 Κόριζον
1647 4825 1710 4878 Α.
1790 4827 1810 4856 ⁸
1841 4825 2228 4890 κατὰιὲναντία
2262 4820 2508 4893 ῬόδουᾹ
2543 4819 2645 4893 ai.
2723 4816 3103 4893 '_c6vK.\'ulg.
3179 4816 3388 4893 ’-γενο-

125 4893 273 4960 μένης
305 4895 372 4955 Α.
396 4887 696 4966 γινομένου
724 4893 869 4962 vulg.
946 4893 969 4926 ⁸
999 4895 1056 4946 ἐν
1080 4887 1367 4964 Ἁαμασκῷ
1397 4887 1483 4946 Α.”
1541 4895 1562 4924 ⁸
1594 4894 1696 4966 τῆς
1725 4895 1852 4950 add.
1885 4912 1950 4951 ex
1980 4887 2046 4950 Ᾱ.
2124 4897 2142 4926 ⁷
2169 4896 2243 4958 ὼς
2268 4893 2363 4946 τοῦ
2389 4891 2485 4944 νῦν
2513 4890 2662 4960 vulg.
2736 4887 2758 4920 ⁸
2787 4888 2874 4942 hic
2902 4902 3080 4942 annus
3115 4887 3388 4942 omittitur

117 4961 433 5019 ιιιΔαεῐ.

1442 5051 1587 5107 JAC.
1614 5051 1830 5109 GOARI
1885 5052 2121 5110 ΝΟΤίΕ.

89 5140 140 5222 {’1'
181 5159 381 5222 queat.
414 5147 607 5202 Coacti
640 5161 774 5222 ergo
801 5142 1071 5222 ejusmodi
1119 5143 1698 5222 monaclt_i‘statio_nem

76 5214 400 5285 deserere;
445 5233 556 5272 non
603 5219 876 5273 columnae
915 5217 1190 5270 columnis
1243 5216 1516 5271 excidere.
1550 5215 1699 5272 Cou-

63 5296 272 5347 κει-ις.

161 5363 282 5436 ι67)
322 5363 400 5418 De
433 5360 592 5429 cujus
629 5367 876 5436 tempore
915 5357 982 5411 ad
1017 5372 1142 5436 pag.
1166 5356 1273 5413 288
1303 5366 1465 5412 notae.

155 5429 268 5501 (68'
284 5436 433 5488 Ante
464 5431 945 5501 στρατοπεδάρχης
971 5429 1168 5484 excidit
1200 5443 1397 5501 nomen
1419 5429 1693 5501 proprium

35 5487 564 5574 ΧΧ-τὲδσοὺρξιιυοῖί
606 5487 1194 5574 Λιιαει.’ὧρί·;εεειιιει
1231 5487 1494 5574 :__B_us'ur
1520 5487 1691 5574 ’ριξη-

85 5580 152 5616 te-
171 5588 236 5636 ps
266 5567 570 5630 exercitus:
601 5573 742 5640 apud
760 5567 1098 5640 queiiietiam
1127 5567 1434 5640 simplicius
1454 5567 1686 5640 legitur:

120 5643 291 5699 occisis
329 5645 540 5699 multis.
572 5639 686 5696 cum
717 5639 944 5711 quinque
978 5639 1215 5711 millibus
1243 5639 1572 5711 captivorum
1602 5657 1688 5694 re-

126 5724 285 5770 ccms
332 5726 441 5772 est.
511 5712 603 5769 Sic
637 5729 691 5782 p.
727 5711 833 5769 29'}
860 5709 947 5766 dc
987 5709 1212 5765 Busur:
1281 5710 1387 5763 Καὶ
1430 5710 1688 5783 ᾐχμαλώ-

1806 5167 1968 5204 τευσε
2004 5149 2256 5214 πολλοὺς,
2287 5149 2381 5202 καὶ
2431 5146 2797 5219 ὑπέστρεψεν.
2863 5145 2980 5200 Νοιι
3001 5143 3381 5219 _placet_q_uod

1807 5221 1990 5275 reddit
2029 5236 2208 5274 novus
2262 5220 2493 5284 interpr.
2548 5215 2619 5274 de
2673 5215 2804 5288 pace
2836 5232 2959 5272 cum
2999 5215 3174 5288 Μανία
3207 5217 3381 5266 inita:

1812 5293 1876 5363 ’Ὀ
1906 5291 2021 5363 καί-
2046 5292 2235 5358 γέγονε
2265 5289 2360 5358 ἐτη
2392 5289 2442 5363 β(
2465 5307 2479 5321 ο
2514 5288 2667 5363 Quod
2699 5303 2838 5342 anno
2855 5287 3092 5363 secundo
3149 5292 3386 5363 postmo-

1803 5360 1934 5416 dum
1963 5357 2176 5416 Mavios
2216 5357 2498 5430 prccs’titit;
2554 5360 2686 5432 iuno,
2725 5357 2864 5429 quod
2893 5358 3190 5432 [actuiuest
3226 5357 3384 5432 annis

1799 5435 2032 5494 duabus,
2068 5441 2125 5485 ut
2158 5421 2298 5486 idem
2335 5421 2553 5490 Anast"
2588 5421 2704 5484 sive
2738 5421 2794 5482 in
2839 5421 3016 5501 annuos
3060 5426 3201 5478 duos
3242 5421 3387 5501 obti-

1802 5505 1961 5567 nuit;
1999 5504 2200 5572 quibus
2246 5503 2502 5563 evolutia,
2534 5496 3016 5572 instauratobello
3061 5510 3184 5572 nlo:
3221 5496 3384 5548 tertio

1799 5563 1957 5628 anno
1974 5563 2202 5628 Rhodus
2225 5583 2381 5642 capta
2408 5581 2515 5628 est.
2546 5569 2618 5626 De
2641 5569 2822 5624 Busur
2854 5565 3054 5622 iterum
3076 5563 3264 5622 Const.
3289 5577 3383 5620 an.

1793 5645 1864 5701 Si
1896 5656 1949 5701 ct
2107 5645 2396 5700 COIBEFIS.
