4078 6222
424 304 534 370 ’115

1803 285 2293 350 THEOPHANIS

3588 242 3697 352 "ne

427 421 655 492 petitum
677 403 905 482 miserit,
937 413 1078 484 quod
1097 411 1207 484 jam
1236 411 1465 468 Romani
1486 407 1839 466 concordiam
1863 405 2004 459 inire

2123 395 2428 469 Ῥωμαίους
2462 397 2541 460 εἰς
2563 394 2824 467 ὁμόνοιαν
2871 392 3046 448 ἐλθεῖν
3066 394 3134 448 θ’.
3189 392 3404 464 Πέμπει
3457 394 3516 448 δὲ
3547 394 3696 465 αὑτῴ

428 512 772 570 statuissent.
858 504 1064 560 Mavias
1143 501 1310 557 filium
1373 517 1532 558 suum
1611 497 1721 553 lzid
1795 495 2020 565 copioso

425 605 783 659 barbarorum
850 595 1093 653 exercitu
1174 596 1507 651 instructum
1579 590 1784 645 auxilio
1846 587 2019 644 misit.

426 695 606 763 Quare
635 692 797 747 ambo
844 687 1154 757 conjunctis
1219 686 1387 740 armis
1437 683 1838 739 Chalcedonem
1887 695 2021 733 con-

426 787 673 849 veniunt,
695 791 750 838 et
772 781 1111 852 captivorum
1135 794 1418 834 numerum
1438 793 1542 832 non
1562 771 2020 830 contemnendum

427 877 725 932 abducunt.
779 873 918 927 Tum
953 887 1081 927 vero
1110 871 1338 925 Amorio
1375 867 1626 940 Phrygiae
1678 865 1810 920 urbe
1837 868 2019 932 capta,

427 971 481 1020 et
511 970 844 1018 armatorum
905 961 1146 1015 millibus
1183 959 1426 1030 quinque
1455 956 1522 1012 ad
1571 955 1692 1024 ejus
1716 951 2021 1008 custodiam

426 1055 654 1120 relictis,
684 1055 739 1108 in
770 1053 982 1124 Syriam
1016 1051 1249 1122 regressi
1275 1058 1425 1106 sunt.
1501 1045 1857 1101 incumbente
1892 1047 2022 1096 vero

428 1147 626 1213 hieme,
653 1155 708 1201 et
733 1146 857 1199 nive
878 1143 1112 1214 plurima
1142 1141 1306 1210 292
1335 1149 1494 1194 terrae
1521 1136 1712 1192 faciem
1743 1133 2022 1204 Operiente

426 1236 728 1305 imperator
756 1234 935 1303 ipsum
962 1229 1235 1285 Andream
1265 1225 1666 1282 cubicularium
1691 1237 1816 1278 cum
1841 1219 2018 1275 valida

429 1335 769 1379 armatorum
816 1335 984 1377 manu
1033 1320 1322 1374 Amorium
1375 1317 1641 1379 destinat,
1701 1313 1795 1384 qui
1852 1321 2017 1367 noctu

428 1427 732 1471 conscenso
765 1429 864 1485 per
908 1414 1052 1483 ligna
1079 1411 1324 1481 quaedam
1351 1423 1512 1462 muro
1535 1406 1810 1461 civitatem
1839 1403 2020 1472 ingre-

430 1508 679 1571 diuntur,
705 1517 1010 1574 omnesque
1053 1501 1264 1556 Arabes
1311 1499 1378 1553 ad
1423 1498 1594 1552 millia
1628 1496 1892 1567 quinque,
1951 1505 2021 1547 ne

430 1613 542 1654 uno
593 1597 812 1668 quidem
841 1592 1139 1664 superstite
1202 1591 1417 1654 relicto,
1473 1585 1768 1642 trucidant.
1843 1581 2019 1638 Porro

430 1693 522 1747 illa
557 1689 737 1746 hieme
771 1694 922 1742 tanta
967 1699 1236 1756 aquarum
1287 1679 1584 1738 exundatio
1631 1676 1852 1732 Edessae
1891 1674 2014 1741 fuit,

433 1793 492 1838 ut
524 1781 684 1837 multi
717 1778 968 1837 suii‘ocati
1006 1777 1140 1833 sint.
1197 1773 1465 1830 Praeterea
1497 1772 1712 1843 signum
1775 1770 1830 1858 in
1880 1767 2022 1823 coelo
2053 1765 2100 1828 B

431 1875 704 1946 apparuit.

499 1967 566 2019 Α.
605 1964 668 2021 C.
716 1963 935 2020 660.—
984 1958 1203 2030 Cpoleos
1277 1956 1506 2028 episcopi
1565 1952 1786 2009 Joannis
1843 1965 2014 2004 annus

430 2060 652 2128 primus.

503 2149 618 2206 lloc
647 2163 791 2204 anno
826 2148 1133 2218 imperator
1164 2144 1442 2200 Constans
1478 2136 1771 2209 Syracusis
1811 2131 2016 2188 Siciliae

433 2245 490 2299 in
527 2240 743 2306 balneo,
775 2238 861 2295 cui
900 2253 1100 2294 nomen
1162 2235 1408 2306 Daphne,
1435 2232 1576 2287 dolis
1608 2229 1664 2282 in
1697 2241 1820 2283 eum
1858 2238 2018 2295 para-

433 2331 743 2389 tisoccisus
795 2335 901 2385 est.
960 2326 1124 2384 Necis
1185 2333 1368 2379 autem
1432 2335 1602 2377 causa
1663 2318 1767 2373 fuit
1820 2317 2018 2386 hujus-

437 2424 612 2479 modi.
646 2422 825 2478 Morte
877 2417 1191 2475 Theodosio
1247 2415 1404 2470 fratri
1455 2414 1575 2484 ejus
1647 2424 1812 2481 opera
1845 2409 2018 2471 illata,

432 2517 862 2589 Byzantinorum
911 2513 1097 2568 odium
1149 2511 1203 2564 in
1248 2523 1372 2564 eum
1426 2507 1723 2562 vehemens
1767 2490 1974 2558 exarsit
2004 2538 2020 2563 ,

434 2607 526 2661 ubi
561 2605 796 2660 maxime
819 2600 1115 2656 Martiuum
1141 2597 1555 2654 sanctissimum
1588 2608 1783 2664 papam
1821 2591 2023 2645 Roma-

436 2712 568 2751 num
598 2710 720 2750 cum
766 2693 1037 2749 dedecore
1061 2690 1278 2761 Cpolim
1308 2686 1641 2749 transvexit,
1667 2692 1730 2740 ct
1768 2683 1824 2738 in
1854 2682 2024 2738 Cher-

437 2804 588 2844 sona:
615 2788 894 2859 regionem
925 2784 1210 2854 relegavit,
1242 2790 1296 2837 et
1313 2779 1610 2834 Maximum
1645 2778 1872 2846 insuper
1895 2789 2025 2830 eru-

439 2879 778 2934 ditissimum
829 2873 1210 2930 confessorem
1256 2872 1445 2942 lingua
1494 2868 1766 2924 mutilavit
1805 2874 1860 2921 et
1903 2864 2025 2936 ejus

437 2967 676 3025 abScidit
723 2981 943 3030 manus,
986 2964 1301 3034 multosque
1348 2968 1612 3033 praeterea
1667 2956 2025 3023 orthodoxos,

437 3075 593 3117 suam
633 3059 895 3115 nimirum
919 3057 1172 3113 haeresim
1198 3055 1505 3126 approbare
1528 3057 1871 3114 recusantes,
1904 3063 2026 3102 ver-

437 3153 688 3219 beribus,
720 3151 932 3208 exsiliis
961 3158 1127 3221 atque
1159 3124 1663 3220 proscriptionibus
1705 3143 2012 3198 insectatus
2039 3124 2085 3183 (ἶ

439 3252 545 3310 est,
579 3245 939 3314 geminosque
969 3241 1190 3296 tandem
1220 3238 1543 3294 Anastasios
1570 3234 1905 3291 confessoris
1963 3240 2018 3288 et

441 3337 701 3407 martyris
715 3333 933 3388 Maximi
958 3333 1222 3403 probatos
1253 3330 1556 3399 discipulos
1581 3327 1775 3382 exsilio
1811 3333 1865 3381 et
1889 3339 2018 3380 cru-

441 3429 674 3484 ciatibus
729 3425 983 3495 subjecit.
1032 3422 1264 3493 Propter
1314 3422 1450 3486 haec,
1505 3419 1748 3489 inquam,
1821 3425 2018 3472 cuncta

441 3522 626 3578 odium
644 3519 891 3575 omnium
910 3518 964 3572 in
983 3532 1043 3574 se
1068 3515 1364 3572 concitavit
1380 3511 1886 3583 ﬂagrantissimum,
1909 3523 2018 3579 quo

442 3611 762 3676 deterritus,
791 3607 1082 3679 imperium
1129 3604 1358 3659 Romam
1413 3601 1717 3657 transferre
1756 3599 2015 3665 decrevit,

442 3719 506 3761 ac
541 3704 645 3760 nisi
672 3703 918 3758 Andreas
963 3699 1334 3754 cubicularius
1385 3703 1440 3750 et
1477 3693 1799 3750 Theodorus
1851 3691 2016 3749 Colo-

440 3795 652 3852 niensis
700 3793 822 3864 ejus
860 3790 1105 3848 consiliis
1167 3787 1553 3849 obstitissent,
1605 3784 2014 3855 imperatricem

441 3904 507 3945 ao
545 3897 662 3945 tres
691 3887 806 3942 ﬁlio
838 3884 907 3940 ad
930 3897 992 3941 se
1022 3880 1367 3938 transfretari
1418 3880 1603 3949 iussos
1640 3877 1796 3948 Cpoli
1844 3875 2018 3931 abdu-

440 3983 638 4039 xisset.
665 3979 772 4034 Per
796 3989 972 4033 annos
998 3990 1096 4032 se:
1129 3973 1328 4030 deinde
1347 3972 1405 4026 in
1439 3969 1624 4026 Sicilia
1658 3983 1868 4024 moram
1897 3977 2016 4022 tra-

443 4075 545 4128 xit.
570 4073 650 4130 Eo
703 4070 874 4142 igitur
913 4068 970 4122 in
1030 4072 1393 4122 memoratum
1451 4062 1704 4117 balneum
1747 4062 2017 4131 ingresso,

442 4163 694 4219 Andreas
713 4160 936 4232 quidam
961 4157 1132 4213 Troili
1160 4157 1325 4221 ﬁlius,
1359 4162 1418 4210 ut
1441 4152 1678 4210 ofﬁcium
1733 4153 1837 4222 ipsi
1884 4165 2022 4222 prse-

444 4263 635 4322 staret,
663 4269 772 4310 una
803 4250 1127 4322 ingreditur.
1157 4249 1293 4304 Cum
1321 4261 1452 4302 vero
1489 4259 1694 4316 sepone
1726 4243 1935 4300 Gallico
1963 4259 2023 4299 se

443 4347 729 4416 detergere
760 4343 1036 4413 coepisset,
1070 4342 1272 4396 elatum
1313 4339 1368 4394 in
1397 4351 1522 4393 aera
1553 4337 1749 4394 cadum
1773 4335 1828 4390 in
1857 4345 2023 4406 caput

2123 491 2151 543 ὁ
2181 489 2398 552 Μαυῖας
2448 488 2540 544 τὸν
2582 489 2696 542 υἱὸν
2737 487 2900 540 αὑτοῦ
2934 487 3082 551 me,
3142 485 3478 548 καθοπλίσας
3525 488 3694 540 αὑτὸν

2124 581 2316 654 πλήθει
2363 582 2680 653 βαρϐάρων.
2716 581 3096 651 Παρεγένοντο
3143 579 3200 632 δὲ
3249 579 3556 650 ἀμφότεροι
3617 583 3696 644 εἰς

2121 675 2462 746 Χαλκηδόνα,
2493 675 2588 729 καὶ
2612 674 3045 747 ᾐχμαλώτευσαν
3075 672 3302 736 πολλούς
3330 688 3343 702 ·
3380 671 3698 741 παρέλαϐον

2121 769 2179 822 δὲ
2197 769 2291 822 καὶ
2318 769 2380 821 τὸ
2411 766 2684 838 Ἀμώριον
2711 768 2811 837 τῆς
2845 765 3110 838 Φρυγίας,
3166 765 3326 818 πέντε
3371 764 3620 835 χιλιάδας
3647 767 3698 798 9°

2123 861 2332 934 ἀνδρῶν
2387 860 2628 914 ἐνόπλων
2684 860 2914 930 ἀφέντες
2954 860 3032 922 είς
3071 857 3318 929 φυλακὴν
3350 857 3516 913 αὑτοῦ
3547 874 3563 890 ·
3606 851 3703 911 καὶ

2123 951 2448 1024 ἀνέκαμψαν
2482 953 2562 1015 εἰς
2613 951 2836 1023 Συρίαν.
2892 949 3178 1020 Χειμῶνος
3226 951 3283 1004 δὲ
3312 952 3355 982 ¹¹
3402 949 3699 1022 γενομένου

2124 1041 2378 1114 πέμπειὸ
2402 1042 2656 1114 βασιλεὺς
2681 1041 2772 1097 τὸν
2799 1044 2962 1097 αὑτὸν
2994 1042 3250 1113 Ἀνδρέαν
3293 1042 3382 1097 τὸν
3402 1042 3699 1096 κουϐικου-

2121 1134 2308 1206 λάριον
2341 1151 2354 1166 ·
2405 1136 2500 1188 καὶ
2556 1136 2732 1207 χιόνος
2769 1135 2974 1207 πολλῆς
3024 1135 3213 1206 οὔσης,
3275 1135 3334 1187 ἐν
3353 1135 3509 1188 νυκτὶ
3532 1151 3702 1188 κατα-

2122 1227 2410 1298 λαμϐάνει,
2449 1228 2545 1283 καὶ
2574 1229 2662 1283 διὰ
2697 1229 2854 1294 ξύλου
2877 1230 2921 1260 ⁹¹
2947 1228 3239 1300 ἀνέρχεται
3271 1229 3361 1281 ἐπὶ
3383 1227 3445 1280 τὸ
3478 1230 3656 1297 τεῖχος
3683 1243 3699 1258 ο

2123 1311 2218 1373 καὶ
2243 1320 2584 1391 εἰσέρχονται
2615 1322 2693 1384 εἰς
2723 1319 3072 1392 τὸἈμώριον
3107 1337 3122 1351 ·
3157 1319 3255 1373 καὶ
3289 1318 3496 1382 πάντας
3550 1319 3703 1372 κτεί-

2122 1427 2273 1463 νουσι
2329 1411 2456 1476 τοὺς
2502 1411 2742 1482 ’Ἄραϐας
2793 1411 2890 1475 τάς
2939 1408 3099 1464 πέντε
3127 1409 3408 1480 χιλιάδας·
3475 1409 3572 1463 καὶ
3604 1409 3704 1480 οὑχ

2123 1500 2423 1574 ὑπελείφθη
2459 1501 2518 1568 ἐξ
2538 1504 2717 1557 αὐτῶν
2757 1504 2878 1557 οὑδὲ
2928 1497 3030 1567 εἷς.
3071 1504 3162 1556 Ἐν
3210 1501 3358 1572 αὑτῷ
3387 1501 3444 1555 δὲ
3470 1500 3703 1572 χειμῶνι

2123 1593 2427 1667 πλημμύρα
2466 1596 2683 1650 ὑδάτων
2714 1597 2935 1666 γέγονεν
2980 1597 3060 1658 είς
3093 1595 3376 1662 Ἔδεσσαν,
3405 1595 3499 1649 καὶ
3517 1593 3705 1648 πολλοὶ

2121 1684 2405 1741 ἀπώλοντο
2432 1704 2446 1718 ·
2473 1687 2646 1758 ἐφάνη
2677 1688 2845 1743 δὲκαὶ
2869 1690 3096 1759 σημεῖον
3119 1686 3177 1740 ἐν
3193 1685 3270 1758 τῷ
3296 1684 3534 1758 οὐρανῷ.

2187 1953 2252 2004 Α.
2294 1951 2370 2006 Μ.
2401 1951 2573 2022 ιοιϐο.
2610 1982 2680 1994 --—
2721 1951 3417 2016 Κωνσταντινουπόλεως
3455 1941 3703 2006 ἐπισκό-

2118 2059 2236 2097 που
2268 2042 2552 2097 Ἰωάννου
2580 2043 2713 2110 ἔτος
2740 2049 2812 2098 a'.

2123 2213 2125 2216 γ
2191 2137 2378 2208 Τούτῳ
2435 2137 2511 2208 τῷ
2560 2136 2670 2191 ἔτει
2730 2136 3090 2208 ἐδολοφονήθη
3144 2137 3172 2190 ὁ
3231 2136 3488 2208 βασιλεὺς
3539 2139 3699 2192 Κών-

2123 2247 2255 2292 στας
2283 2229 2395 2300 (89)
2431 2231 2510 2291 είς
2536 2230 2788 2284 Σικελίαν
2824 2232 2881 2283 ἐν
2910 2229 3230 2301 Συρακούσῃ
3260 2231 3318 2282 ἐν
3346 2228 3611 2300 βαλανείῳ
3631 2232 3696 2292 ’³,

2121 2314 2165 2390 ᾧ
2197 2321 2368 2391 ὄνομα
2402 2322 2610 2391 Δάφνη.
2653 2318 2762 2376 Ἦν
2804 2323 2862 2376 δὲ
2898 2323 2997 2392 ﬁ"
3027 2322 3174 2376 αἰτία
3207 2321 3345 2394 αὕτη
3367 2338 3380 2350 ⁶
3419 2323 3574 2376 Μετὰ
3602 2322 3702 2392 τὴν

2123 2416 2404 2484 ἀναίρεσιν
2434 2415 2715 2468 Θεοδοσίου
2741 2414 2834 2469 τοῦ
2865 2415 3094 2485 ἀδελφοῦ
3131 2413 3296 2469 αὑτοῦ
3331 2415 3564 2483 ἐμισήθη
3595 2413 3702 2465 ὑπὸ

2123 2505 2231 2559 τῶν
2271 2505 2610 2571 Βυζαντίωνο
2642 2507 2735 2560 καὶ
2777 2507 3013 2579 μάλιστα
3053 2509 3137 2562 ὅτι
3177 2506 3267 2561 τὸν
3301 2507 3571 2577 Μαρτῖνον
3603 2505 3698 2558 τὸν

2126 2599 2432 2666 ἁγιώτατον
2468 2600 2658 2656 πάπαν
2700 2600 2921 2673 Ῥώμης
2967 2601 3179 2671 ἀτίμως
3210 2602 3408 2672 ἢγαγεν
3451 2599 3508 2652 ἐν
3538 2599 3698 2651 Κων-

2127 2691 2588 2757 σταντινουπόλει,
2614 2693 2707 2746 κα)⁸
2735 2693 2996 2764 ἐξώρισεν
3029 2695 3108 2758 εἰς
3135 2695 3202 2747 τὰ
3224 2693 3320 2764 τῆς
3335 2693 3380 2724 ’⁸
3409 2690 3701 2760 Χερσῶνος

2126 2785 2388 2853 κλίματα,
2439 2786 2532 2838 καὶ
2581 2785 2834 2855 Μάξιμον
2882 2785 2972 2838 τὸν
3018 2786 3327 2854 σοφώτατον
3364 2780 3702 2851 ὁμολογητὴν

2127 2877 2679 2948 ἐγλωσσοκόπησεν⁹⁶
2719 2877 2814 2932 καὶ
2864 2878 3310 2948 ἐχειροκόπησεν,
3346 2877 3443 2930 καὶ
3476 2875 3702 2936 πολλοὺς

2127 2968 2234 3021 τῶν
2263 2969 2561 3038 ὀρθοδόξων
2598 2968 2804 3033 αἰκίαις
2845 2969 2939 3024 καὶ
2983 2968 3224 3040 ἐξορίαις
3273 2969 3373 3024 καὶ
3404 2967 3700 3038 δημεύσεσι

2127 3060 2506 3128 κατεδίκασεν,
2543 3061 2632 3114 διὰ
2655 3062 2715 3114 τὸ
2745 3060 2819 3132 μὴ
2854 3061 3138 3115 πείθεσθαι
3164 3063 3230 3132 τῇ
3264 3060 3478 3132 αἱρέσει
3513 3057 3698 3119 αὑτοῦ,

2122 3151 2218 3204 καὶ
2249 3151 2377 3216 τοὺς
2398 3151 2491 3205 δύο
2530 3152 2919 3217 Ἀναστασίους
2951 3153 3201 3224 μαθητὰς
3230 3153 3575 3224 ὑπάρχοντας
3605 3151 3700 3204 τοῦ

2120 3241 2458 3314 ὁμολογητού
2513 3243 2610 3299 καὶ
2665 3244 2944 3316 μάρτυρος
2995 3244 3252 3317 Μαξίμου
3304 3244 3546 3315 ἐξορίαις
3605 3242 3702 3296 καὶ

2121 3334 2373 3404 βασάνοις
2407 3335 2697 3390 ἐπέδωκεν.
2725 3337 2824 3390 Διά
2871 3355 2950 3390 τοι
2981 3337 3153 3392 ταῦτα
3186 3336 3425 3408 ἐμισήθη
3457 3333 3702 3404 σφοδρῶς

2119 3427 2271 3498 παρὰ
2319 3428 2564 3482 πάντων.
2612 3427 2900 3493 Δειλιάσας
2951 3428 3006 3482 δὲ
3041 3427 3315 3499 ἠϐουλήθη
3374 3431 3700 3498 μετενέγκαι

2117 3517 2178 3572 τὸ
2221 3518 2491 3589 βασίλειον
2523 3520 2601 3582 είς
2646 3517 2887 3591 Ῥώμην.
2927 3520 3090 3574 Ὅθεν
3119 3522 3215 3574 καὶ
3251 3522 3352 3591 τὴν
3381 3518 3702 3589 βασίλισσαν

2119 3609 2214 3662 καὶ
2246 3609 2373 3674 τοὺς
2404 3612 2551 3680 τρεῖς
2580 3610 2728 3674 υἱούς
2758 3609 2924 3665 αὑτοῦ
2966 3612 3169 3682 ἐπᾶραι
3215 3612 3504 3682 ἠθέλησεν,
3542 3613 3590 3663 εί
3624 3610 3699 3681 μὴ

2131 3701 2384 3774 Ἀνδρέας
2407 3703 2452 3735 9"
2480 3705 2508 3756 ὁ
2560 3701 3012 3775 κουϐικουλάριος
3057 3703 3154 3758 καὶ
3187 3703 3464 3775 Θεόδωρος
3517 3706 3544 3758 ό
3589 3706 3702 3757 Κο-

2119 3792 2349 3856 λωνείας
2388 3792 2485 3864 τὴν
2525 3793 2716 3848 τούτου
2763 3793 2956 3866 βουλὴν
3008 3794 3366 3850 διεκώλυσαν.
3411 3795 3700 3864 Ἐποίησεν

2120 3885 2178 3938 δὲ
2205 3884 2262 3936 ἐν
2292 3885 2511 3958 Σικελίᾳ
2536 3885 2630 3957 ἔτη
2666 3885 2740 3952 ς’.
2777 3886 3088 3941 Εἰσελθόντι
3108 3887 3164 3943 δὲ
3185 3885 3333 3956 αὑτῷ
3367 3888 3425 3941 ἐν
3449 3887 3526 3958 τῷ
3549 3889 3700 3960 εἰρη-

2124 3975 2276 4046 μένῳ
2310 3975 2578 4048 βαλανείῳ
2619 3978 2968 4048 συνεισῆλθεν
2996 3980 3145 4051 αὑτῴ
3174 3999 3257 4045 τις
3303 3981 3556 4052 Ἀνδρέας
3588 3982 3701 4044 υἱὸς

2123 4067 2367 4136 Τρωΐλου
2383 4066 2429 4098 ⁸⁸
2453 4068 2746 4137 ὑπουργῶν
2768 4069 2936 4142 αὑτῷ.
2974 4070 3062 4135 Ὠς
3085 4071 3141 4124 δὲ
3165 4070 3368 4143 ἤρξατο
3395 4071 3640 4143 γαλλικῷ
3655 4075 3699 4106 ’³

2125 4157 2432 4229 σμήχεσθαι
2449 4158 2585 4229 (90),
2603 4158 2786 4213 λαϐὼν
2811 4161 3069 4233 Ἀνδρέας
3083 4163 3142 4216 τὸ
3157 4164 3340 4218 κάδιον
3359 4163 3540 4217 δίδωσι
3560 4162 3703 4216 κατὰ

2124 4249 2370 4320 κορυφῆς
2410 4249 2504 4302 τοῦ
2536 4249 2830 4321 βασιλέως,
2867 4253 2964 4308 καὶ
2995 4255 3197 4326 εὐθέως
3230 4255 3464 4325 ἀπέδρα.
3498 4256 3606 4311 Τοῦ
3642 4259 3700 4312 δὲ

2125 4339 2396 4410 βασιλέως
2438 4343 2790 4412 χρονίσαντος
2814 4347 2871 4398 ἐν
2899 4347 2973 4411 τῷ
2998 4345 3283 4420 βαλανείῳ,
3304 4348 3634 4419 εἰσηδῶσιν
3655 4353 3704 4403 οἱ

443 4433 790 4508 imperatoris
834 4430 1086 4487 Andreas
1117 4429 1362 4500 impegit,
1385 4435 1452 4484 et.
1491 4428 1675 4499 fugam
1734 4425 2022 4482 confestim

2127 4429 2254 4495 ἔξω,
2287 4431 2380 4484 καὶ
2399 4431 2716 4503 εὑρίσκουσι
2741 4436 2831 4488 τὸν
2854 4436 3079 4507 βασιλέα
3098 4436 3426 4506 τεθνηκότα,
3462 4439 3555 4493 καὶ
3587 4441 3707 4494 τοῦ·

443 4494 658 4600 arripit.
691 4525 1027 4596 imperatore
1052 4494 1291 4591 domum.
1317 4494 1370 4576 in
1424 4494 1624 4575 balneo
1677 4516 2018 4582 demorante,

2129 4536 2223 4575 τον
2255 4494 2543 4592 θάψαντες,
2573 4526 2828 4591 Μιζίζιόν
2854 4494 2966 4601 ξ91)
2998 4547 3119 4584 τινα
3162 4494 3447 4604 Ἀρμένιον
3475 4532 3702 4603 βασιλέα

443 4619 537 4691 qui
567 4618 701 4674 foris
743 4613 1021 4680 astabant,
1053 4613 1204 4667 intus
1240 4623 1300 4666 se
1351 4608 1630 4665 mittentes
1689 4606 2017 4662 trucidatum

443 4710 752 4773 inveniunt,
773 4707 1050 4778 justisque
1072 4704 1121 4760 ei
1139 4700 1464 4774 parentatis,
1487 4699 1808 4755 Armenium
1827 4713 2020 4768 quem-

444 4803 569 4860 dam
603 4799 874 4856 Mizizium
901 4797 968 4853 ad
987 4794 1322 4868 capessenda
1360 4801 1576 4864 sceptra
1600 4790 1653 4845 vi
1684 4789 2026 4860 compulsum

413 4981 415 4983 ’
513 4987 559 5022 ⁸⁹
586 4988 663 5051 εἰς
704 4989 796 5057 ὀμ,
853 4985 962 5040 ne.
1015 4980 1251 5057 A,_E).Q._
1301 4995 1361 5057 Δε.
1398 4979 1502 5057 ῥμ.
1537 4976 1684 5057 vulg.

2131 4613 2440 4684 πεποίηκαν
2484 4615 2804 4688 βιασάμενοι
2855 4620 3062 4676 τοῦτον.
3101 4617 3210 4676 Ἦν
3261 4625 3370 4692 γὰρ
3417 4624 3575 4677 λίαν¹
3610 4625 3701 4677 εύ-

2131 4705 2349 4777 πρεπὴς
2379 4708 2473 4761 καὶ
2498 4708 2853 4779 ὼραιότατος.
2894 4713 3162 4779 Ἀκούσας
3189 4716 3246 4769 δὲ
3293 4717 3701 4782 Κωνσταντῖνος
3779 4711 3784 4716 ”

2135 4797 2234 4865 τὴν
2266 4797 2359 4849 τοῦ
2406 4800 2614 4872 πατρὸς
2668 4802 2967 4859 ἁποϐίωσιν
3015 4807 3153 4876 μετὰ
3186 4807 3447 4880 πλείστης
3477 4827 3706 4866 ναυστο-

1715 4879 1951 4938 VARlE
1994 4885 2397 4944 LECTIONES.

1794 4977 2112 5056 ’°_xt).t_dt_6:z;
2146 4983 2210 5056 Α,

2257 4982 2498 5055 χιλιάδες
2528 4985 2672 5055 vulg.
2780 4985 2823 5018 νε
2849 4988 2905 5041 δὲ
2933 4989 3056 5042 add.
3089 5003 3153 5043 ex
3186 4989 3251 5044 A.

3365 4990 3410 5023 θ’
3433 4988 3607 5056 ξύλων
3632 4991 3699 5046 Α.

443 5051 1324 5198 ἶῖίᾌὲἕέἒέἶᾚὲἑκῶᾨ
1347 5049 1692 5171 ³9ἐ¹κιῗῖπῗδυ
1731 5047 1779 5172 ἲ
1807 5065 1907 5172 ET“
1925 5051 2299 5193 ῗὶἻὶιξῖκᾷλ.
2325 5051 2943 5181 ”ιὲῖἲὲἱίῗὲ3ἰῖἷ⁵⁷²ἒκ⁶ἱῖί³
2973 5059 3012 5124 ¹’
3037 5057 3522 5132 ἔτλω³⁶⁰τ⁶²¹⁷¹⁶⁵ν
3554 5063 3700 5134 “³¹⁸’

1731 5211 1870 5270 JAC.
1916 5215 2126 5272 GOARI
2178 5218 2414 5275 NOTAS.

513 5317 628 5392 (89)
657 5315 1007 5392 Nicephorus
1047 5310 1308 5392 editionis
1348 5308 1682 5392 ﬁegiaepag.
1711 5307 1786 5388 at
1804 5325 1816 5358 :
1862 5309 2019 5392 593v.

442 5377 718 5452 στάντῗνος
739 5377 1046 5456 ἐν’Σικελίᾳ
1073 5383 1177 5456 {me
1209 5381 1325 5456 τῷν
1348 5377 1494 5456 ἰδίων
1514 5379 1647 5456 μὺπη
1659 5377 1827 5456 ρετῷν
1882 5377 2016 5456 δόλῳ

442 5447 720 5530 φονευθεὶς
776 5460 832 5510 ἐν
869 5457 946 5527 τῷ
978 5447 1208 5526 λουτρῷ,
1265 5451 1363 5576 ῆδέ
1396 5452 1451 5501 ἐν
1478 5452 1543 5520 τῇ
1581 5447 1825 5519 βασιλείᾳ
1879 5447 2018 5501 εἰκο-

445 5530 568 5576 στόν
592 5529 794 5576 ἀνύσας
845 5528 966 5576 Ero:
989 5523 1244 5576 ἐτελεύτα
1275 5538 1289 5553 ⁸
1369 5523 1701 5574 onstantinus
1739 5518 1790 5569 in
1827 5518 2013 5573 Sicilia

445 5518 568 5583 στὸν
592 5518 794 5591 ἀνύσας
845 5518 966 5590 ἔτος
989 5518 1244 5579 ἐτελεύτα
1275 5518 1298 5553 θ’
1323 5518 1701 5576 Constantinus
1739 5518 2013 5591 inSicilia

446 5616 479 5674 ιι
505 5602 662 5674 servis
684 5588 792 5674 suis
809 5599 931 5653 dolo
948 5588 1016 5650 iin
1050 5595 1252 5674 balneis
1275 5591 1603 5672 interfectus,
1645 5604 1782 5642 anno
1809 5588 2013 5656 expleto

445 5668 651 5734 imperii
681 5673 761 5722 sui
791 5671 1031 5723 vicesimo
1053 5667 1272 5734 septimo
1309 5663 1554 5714 moritur.

517 5728 629 5805 (90)
655 5735 820 5792 Lotos
854 5739 907 5794 in
939 5728 1157 5801 balneo,
1184 5740 1459 5802 unguento
1489 5738 1674 5799 postea
1707 5738 1899 5784 unctos
1921 5728 2018 5784 do-

2115 5318 2201 5394 cet
2236 5312 2473 5394 Thomas
2503 5314 3050 5394 DempsteriisAiatiq.
3070 5320 3221 5377 Rom.
3246 5321 3339 5377 lib.
3371 5337 3409 5376 ι.
3447 5320 3707 5393 Unguen-

2114 5390 2173 5436 to
2201 5384 2417 5446 relicto,
2452 5384 2652 5458 sepone
2681 5386 2884 5443 Gallico
2920 5384 3024 5458 (sic
3051 5394 3195 5446 enim
3233 5384 3564 5448 Anastasius
3618 5397 3708 5449 in-

2117 5453 2468 5522 terprctatur)
2515 5455 2868 5514 Constantem
2917 5453 3207 5517 delinitum
3259 5463 3484 5518 exhibet
3510 5464 3696 5520 Theo-

2113 5524 2341 5598 phancs.
2419 5523 2615 5580 Verum
2679 5530 2806 5598 quis
2875 5528 3117 5589 Gallicus
3176 5532 3268 5588 ille
3355 5549 3492 5597 sapo
3590 5537 3700 5591 nisi

2113 5592 2372 5666 odoratus
2402 5592 2716 5654 et'nioscho
2742 5598 3034 5666 perfusus?

2123 5663 2690 5790 rcéghjlenastasius.
2741 5663 3009 5736 Mesium;
3065 5672 3324 5738 Miscclla,
3377 5673 3705 5746 Mezentium
