4078 6222
280 308 384 373 717

1571 275 2247 373 CllRONOGRAPIIIA.

3462 307 3569 379 ’ἔίο

269 426 386 486 λίας
419 421 519 495 τὴν
548 416 806 474 Σικελίαν
837 413 1254 484 καταλαμϐάνει
1273 415 1314 476 ²,
1343 411 1438 466 καὶ
1467 413 1866 484 χειρωσάμενος

1981 418 2368 487 imperatorem
2415 425 2624 473 creant.
2669 416 2800 474 Erat
2836 419 2981 476 enim
3042 420 3253 477 liberali
3307 422 3445 481 facie
3503 440 3568 481 ac

266 515 523 581 Μιξίζιον
569 512 764 566 τοῦτον
813 509 1030 578 ἀναιρεῖ
1063 509 1161 559 σὺν
1213 505 1293 576 τῷ
1328 505 1520 573 φονεῖ³
1572 503 1669 556 τοῦ
1727 505 1861 558 ἰδίου

267 609 494 679 πατρός.
529 606 640 660 Ka‘.
679 603 1031 672 καταστήσας
1059 598 1129 652 τὰ
1167 599 1430 668 Ἐσπέρια
1462 597 1555 652 ἐπὶ
1580 597 1676 667 τὴν
1708 598 1862 650 Κωνο

269 700 718 757 σταντινούπολιν
761 697 1048 767 ὥρμησεν,
1097 691 1194 746 καὶ
1239 689 1516 761 βασιλεύει
1566 690 1676 743 τῶν
1727 689 1859 741 Ῥω-

269 795 447 867 μαίων
511 790 654 863 μετά
709 787 966 858 Τιϐερίου
1033 786 1128 842 καὶ
1186 783 1512 854 Ἡρακλείου
1561 783 1670 836 τῶν
1710 782 1856 836 ἰδίων

265 881 536 952 ἀδελφῶν.
570 880 711 955 [Τοῦ
741 879 794 933 δὲ
816 879 837 910 ³⁵
874 875 1138 947 βασιλέως
1169 875 1526 936 Κώνστσντος
1559 875 1615 926 ὲν
1645 871 1867 942 Σικελίᾳ

267 975 426 1037 ὄντος
469 972 744 1041 ἐπανέστη
783 969 936 1039 αὑτῷ
962 966 1252 1032 Μιζίξιος⁵
1286 965 1427 1035 μετά
1458 965 1664 1032 ἐτέρων
1701 964 1760 1015 ὲν
1785 961 1894 1044 τῷ.

268 1065 508 1137 λουτρῷ,
544 1067 636 1118 καὶ
666 1063 1014 1117 ἐθανάτωσαν
1040 1061 1221 1114 αὐτόν.
1266 1058 1544 1129 Ἦμύνατο
1575 1058 1632 1111 δὲ
1654 1059 1681 1111 ὁ
1709 1055 1866 1127 βασι-

267 1158 401 1222 λεὺς
442 1161 532 1210 τιν
581 1155 832 1220 Μιζίζιον
873 1153 969 1206 καὶ
1004 1154 1134 1215 τοὺς
1181 1152 1278 1204 σὺν
1312 1148 1462 1219 αὐτῷ
1516 1149 1644 1212 τοὺς
1703 1149 1865 1202 τοῦτο

268 1250 706 1320 τετολμηκότας,
741 1249 837 1302 καὶ
865 1247 1274 1316 ἀπεκεφάλισεν
1318 1242 1538 1307 αύτούς.
1583 1242 1863 1306 Ὡσαύτως

267 1344 328 1396 δὲ
363 1343 460 1396 καὶ
501 1341 882 1395 Ίουστινιανὸν
919 1340 1014 1393 τὸν
1049 1339 1347 1410 πατρίκιον,
1361 1335 1451 1390 τὸν
1481 1335 1696 1406 πατέρα
1722 1336 1860 1405 Γερο

230 1429 247 1448 ⁸
276 1433 457 1504 μανοῦ
499 1433 594 1486 τοῦ
623 1433 921 1503 γενομένου
969 1431 1346 1503 πατριάρχου·
1374 1429 1467 1483 τὸν
1500 1429 1557 1483 δὲ
1582 1429 1862 1502 Γερμανὸν

265 1527 605 1598 τραχύτερον
633 1525 762 1579 ὄντα
793 1523 1159 1596 εύνούχισεν.]

1977 524 2144 578 supra
2182 509 2402 565 modum
2461 509 2758 569 formosus.
2817 512 3091 569 Caeterum
3170 514 3567 572 Constantinus

1969 602 2154 657 audita
2184 606 2358 674 patris
2388 606 2474 659 sui
2512 615 2688 662 morte
2712 621 2838 662 cum
2877 607 3081 679 ingenti
3109 609 3287 665 classe
3318 610 3384 664 ad
3428 611 3569 667 Sici-

1968 694 2093 748 liam
2125 697 2426 766 appelletis,
2457 699 2919 768 comprehensum
2951 699 3221 754 Mizizinm
3275 716 3379 756 una
3435 719 3561 758 cum

1966 789 2139 857 patris
2169 789 2530 846 iul‘ectoribus
2578 791 2887 847 ulciscitur.
2928 793 3069 847 Tum
3119 809 3250 848 vero
3287 795 3453 850 rebus
3507 797 3561 851 in

1970 874 2272 933 Occidente
2317 882 2642 948 compositis
2692 881 2920 937 festinus
2973 882 3183 953 Cpolim
3254 887 3469 955 repetit,
3510 898 3566 943 et

1964 967 2232 1025 fratribus
2264 971 2426 1041 293
2460 971 2682 1028 Tiberio
2719 980 2772 1029 et
2831 972 3086 1030 lleraclio
3133 975 3345 1046 imperii
3400 977 3568 1034 colle-

1966 1062 2051 1132 gis
2089 1063 2280 1118 ascitis
2355 1063 2656 1120 Romanam
2734 1067 3125 1135 rempublicam
3183 1069 3556 1125 administrat.

1971 1152 2152 1226 [Cum
2198 1157 2495 1226 imperator
2544 1158 2820 1214 Constans
2871 1159 2925 1213 in
2985 1159 3169 1214 Sicilia
3223 1171 3560 1228 moraretur,

1969 1261 2034 1301 ac
2069 1248 2240 1300 lotum
2281 1249 2490 1310 ivisset,
2532 1249 2777 1305 Mizizi-us
2826 1251 3101 1319 adjunctis
3153 1253 3430 1321 parricidii
3469 1269 3562 1309 so-

1961 1335 2062 1390 ciis
2090 1352 2214 1392 eum
2241 1340 2577 1410 aggreditur,
2615 1352 2668 1395 et
2699 1341 2866 1396 letum
2912 1341 3097 1396 infert.
3132 1341 3435 1398 Successor
3461 1344 3565 1398 im-

1969 1427 2115 1495 perii
2146 1428 2421 1483 Mizizium
2465 1447 2528 1486 ac
2558 1432 2801 1502 reliquos
2823 1433 3047 1488 sceleris
3094 1442 3348 1490 auctores
3387 1435 3564 1504 pomis

1960 1521 2208 1592 subjicit,
2253 1531 2308 1576 et
2347 1522 2543 1590 eapitis
2583 1523 2830 1579 damnat.
2892 1524 3157 1578 Similiter
3208 1533 3263 1578 et
3299 1524 3562 1580 lnstinia-

267 1638 397 1675 num
439 1621 768 1690 patricium,
815 1618 1094 1683 Germani,
1137 1617 1229 1688 qui
1276 1615 1474 1672 deinde
1520 1615 1845 1684 patriarchae
1885 1613 2208 1687 dignitatem
2273 1617 2563 1682 sustinuit,
2631 1626 2844 1686 patrem
2917 1620 3140 1685 occidit,
3199 1621 3373 1691 ipsum
3432 1637 3565 1677 vero

264 1716 605 1772 Germanum
641 1713 878 1770 ferocius
912 1728 973 1768 se
1016 1723 1296 1783 gerentem
1333 1711 1582 1766 virilibus
1625 1712 1852 1765 resectis
1893 1712 2204 1779 castigavit.
2243 1710 2266 1784 }

334 1812 404 1884 ᾼ.
438 1808 514 1862 Μ.
568 1806 730 1861 6161.
765 1835 838 1846 ——
879 1805 1174 1875 Ῥωμαίων
1197 1801 1510 1870 ,ϐασιλέως
1535 1805 1851 1856 Κωνσταν-
1886 1813 1928 1869 Β

265 1905 441 1956 τίνου
471 1900 613 1966 ἔτος
647 1906 722 1952 a'.

340 1996 535 2068 Τούτῳ
599 1995 680 2064 τῷ
730 1993 849 2046 ’ἔτει
895 1991 1246 2045 ἐϐασίλευσεν
1295 1989 1708 2052 Κωνσταντῖνος
1762 1986 1865 2040 σὺν

262 2094 382 2155 τοῖς
409 2089 660 2157 ἀδελφοῖς
683 2086 872 2142 αὐτοῦ.
905 2085 1017 2139 Καὶ
1069 2081 1513 2154 ἐπεστράτευσαν
1547 2077 1863 2151 Σαρακηνολ⁴

261 2183 371 2250 τὴν
420 2179 719 2248 Ἀφρικὴνο
776 2175 874 2228 καὶ
924 2173 1358 2245 ᾐχμαλώτευσαν
1395 2172 1640 2244 χιλιάδας
1676 2170 1863 2240 ὀγδοὴ-

261 2286 463 2329 κοντα.
483 2267 559 2328 ὣς
586 2283 768 2336 φασιν.
797 2265 861 2318 Οἱ
889 2265 948 2318 δὲ
977 2264 1069 2318 τοῦ
1099 2265 1334 2334 θέματος
1365 2265 1478 2318 τῶν
1493 2261 1855 2318 Ἀνατολικῶν

261 2357 440 2433 ἦλθον
471 2361 528 2424 ἐν
559 2357 920 2430 Χρυσοπόλει,
951 2357 1229 2427 λέγοντες,
1253 2357 1337 2410 ὅτι
1376 2359 1482 2422 Εἰς
1510 2355 1628 2424 τὴν
1653 2354 1864 2423 Τριάδα

262 2453 668 2521 πιστεύομεν·
720 2450 866 2518 τοὺς
908 2450 1064 2519 τρεῖς
1107 2449 1449 2519 στέψωμεν.
1500 2449 1810 2520 Ἐταρόιχθη
1833 2451 1862 2502 ὁ

265 2547 710 2609 Κωνσταντῖνος,
749 2544 833 2597 ὅτι
866 2545 1024 2615 μόνος
1057 2538 1128 2615 ἦν
1154 2543 1512 2612 ἐστεμμένος,
1539 2544 1590 2595 οἱ
1618 2542 1675 2595 δὲ
1707 2541 1860 2595 ἀδελ-

263 2639 360 2706 φοὶ
405 2635 574 2691 αὐτοῦ
623 2636 884 2708 οὐδεμίαν
936 2635 1102 2701 ἀξίαν
1149 2631 1329 2707 εἶχον·
1384 2635 1477 2688 καὶ
1532 2634 1861 2697 ἀποστείλας

262 2731 545 2801 Θεόδωρον
569 2730 861 2798 πατρίκιον
879 2727 972 2782 τὸν
995 2728 1308 2790 Κολωνείας
1334 2727 1446 2797 (92)
1475 2725 1823 2798 ὲτροπὼσατο
1841 2729 1860 2759 ⁸

261 2825 490 2888 αὐτοὺς,
524 2824 822 2886 ἐπαινέσας
857 2822 1078 2886 αύτούς.
1129 2821 1242 2875 Kal
1275 2820 1473 2875 ἔλαϐεν
1512 2820 1582 2874 τὰ
1615 2821 1862 2891 πρωτεῖα

263 2917 455 2972 αὐτῶν
483 2916 574 2970 τοῦ
608 2917 854 2971 ἀνελθεῖν
875 2917 893 2947 ⁷
931 2918 990 2969 ἐν
1015 2918 1082 2988 τῇ
1115 2914 1272 2967 πόλει
1301 2914 1396 2969 καὶ
1428 2914 1568 2983 μετὰ
1592 2914 1694 2984 τῆς
1723 2930 1858 2982 συγ-

262 3007 476 3077 κλήτου
505 3005 904 3076 βουλεύσασθαι
941 3006 1034 3060 καὶ
1064 3005 1292 3074 ποιῆσαι
1324 3004 1386 3058 τὸ
1419 3003 1636 3074 θέλημα
1657 3004 1858 3056 αὐτῶν.

265 3097 486 3159 Εὐθέως
509 3098 564 3150 δὲ
594 3098 623 3149 ό
657 3096 914 3166 βασιλεὺς
953 3095 1155 3159 αὐτοὺς
1193 3095 1523 3166 ὲφούρκισεν
1558 3093 1859 3165 ἁντίπεραν

263 3191 324 3242 ὲν
357 3191 556 3254 Συκαῖς
587 3188 723 3261 (93).
757 3189 868 3242 Kal
901 3186 1062 3241 τοῦτο
1089 3186 1288 3250 ἰδόντες
1317 3187 1410 3239 καὶ
1429 3185 1862 3256 καταισχυνθέν-

260 3301 359 3348 τες
404 3283 653 3354 εἱσῆλθον
699 3285 756 3336 ὲν
801 3280 965 3354 ὀδύνῃ
1001 3281 1082 3344 εἰς
1125 3279 1194 3334 τὰ
1225 3279 1354 3333 ἴδια.
1396 3279 1455 3333 '0
1499 3278 1559 3332 δὲ
1609 3277 1862 3349 βασιλεὺς

261 3378 396 3437 τοὺς
424 3376 688 3445 ἀδελφοὺς
721 3375 887 3428 αὑτοῦ
915 3374 1332 3446 ὲρινοκόπησεν.

1890 3157 1931 3214 C

2026 1804 2092 1858 Α.
2122 1803 2189 1858 Μ,
2222 1806 2434 1859 661.--
2451 1805 2812 1862 Romanorum
2846 1808 3183 1877 imperatoris
3218 1807 3564 1864 Constantini

1967 1909 2139 1950 annus
2171 1900 2398 1966 primus.
2446 1956 2457 1969 ,

2038 1987 2151 2043 Ηοο
2191 2003 2335 2043 anno
2361 1989 2755 2048 Constantinus
2778 2007 2900 2048 cum
2948 1994 3212 2050 fratribus
3271 1993 3562 2064 imperium

1966 2079 2392 2144 administravit.
2439 2083 2703 2138 Saraceni
2751 2100 2883 2140 vero
2934 2098 3252 2155 comparato
3304 2088 3552 2140 exercitu

1966 2173 2022 2228 in
2075 2173 2318 2230 Africam
2376 2185 2782 2241 excurrcrunt,
2816 2184 2869 2232 et
2928 2179 3208 2247 octoginta
3268 2178 3554 2233 hominum

1965 2268 2161 2333 millia,
2195 2278 2256 2323 ut
2290 2267 2493 2332 ferunt,
2534 2270 2587 2323 in
2641 2269 3013 2340 captivitatem
3069 2271 3362 2327 miserunt.
3403 2269 3551 2326 The-

1965 2361 2127 2415 matis
2149 2375 2313 2431 porro
2341 2362 2687 2416 orientalium
2721 2363 2924 2418 milites
2942 2363 3322 2432 Chrysopolim
3360 2377 3552 2418 acces-

1965 2464 2175 2517 serunt,
2219 2453 2465 2509 dicentes
2498 2475 2511 2510 :
2539 2453 2606 2509 In
2637 2454 2953 2509 Trinitatem
2998 2455 3286 2519 credimus,
3332 2455 3562 2526 impera-

1965 2557 2104 2601 tores
2136 2558 2240 2602 tres
2299 2564 2633 2603 coronemus.
2670 2549 3086 2614 Constantinus,
3115 2549 3208 2619 qui
3239 2549 3392 2603 solus
3456 2549 3561 2603 im-

1965 2638 2102 2709 perii
2137 2652 2397 2692 coronam
2432 2647 2770 2709 susceperat,
2795 2639 2881 2695 his
2915 2639 3119 2693 auditis
3161 2639 3415 2694 turbatus
3455 2646 3561 2701 est,

1963 2729 2217 2799 quamvis
2246 2730 2368 2797 ejus
2405 2731 2604 2786 fratres
2631 2731 2782 2784 nulla
2821 2732 3033 2802 imperii
3061 2729 3328 2801 dignitate
3390 2747 3559 2801 penes

1966 2823 2225 2891 populum
2250 2823 2768 2892 essentconspicui.
2821 2823 2990 2878 Misso
3037 2824 3222 2892 itaque
3271 2821 3563 2878 Theodoro

1963 2916 2191 2970 colonia:
2241 2917 2497 2985 patricio,
2555 2918 2948 2987 prepositaque
3007 2915 3187 2970 laudis
3234 2927 3288 2969 et
3333 2916 3557 2969 consilii

1963 3021 2151 3060 eorum
2181 3006 2305 3060 alibi
2325 3008 2592 3075 probandi
2629 3007 2834 3077 specie,
2865 3006 3196 3060 sententiam
3231 3020 3425 3058 eorum
3461 3003 3564 3057 de-

1964 3098 2134 3151 vertit
2164 3103 2222 3149 ct
2244 3098 2446 3150 elusit.
2489 3095 2770 3151 Primores
2797 3096 2942 3150 enim
2970 3111 3160 3150 eorum
3217 3103 3272 3150 et
3306 3094 3564 3148 clamoris

1969 3199 2228 3244 auctores
2262 3189 2316 3242 in
2345 3190 2538 3244 urbem
2574 3189 2812 3244 transire
2836 3187 3046 3259 iussos,
3083 3199 3137 3243 et
3165 3196 3226 3241 ut
3269 3186 3566 3258 postulatis

1970 3283 2122 3336 fleret
2145 3285 2306 3343 satis,
2339 3287 2569 3336 senatus
2611 3281 2928 3336 consultum
2956 3286 3213 3350 expetere
3245 3292 3562 3348 persuasos,

1969 3379 2122 3427 trans
2155 3381 2372 3442 portum
2422 3373 2477 3426 in
2527 3372 2756 3444 Sycana
2800 3374 3026 3445 regione
3062 3373 3324 3444 patibulis
3373 3370 3566 3435 allixos

261 3468 496 3526 sceleris
524 3481 742 3540 poenam
794 3467 940 3522 ferre
979 3467 1281 3535 imperotor
1331 3463 1595 3520 decrevit.
1636 3461 1850 3529 Reliqui
1893 3463 2016 3517 viso
2058 3464 2372 3532 lmjusmodi
2405 3467 2748 3535 spectaculo,
2808 3467 3020 3537 pudore
3069 3466 3266 3522 suffusi
3341 3467 3560 3524 domum

260 3562 576 3617 redierunt.
628 3560 759 3615 Post
810 3561 924 3614 haec
967 3557 1164 3613 fratres
1215 3555 1444 3613 naribus
1490 3556 1731 3612 mutilari
1778 3557 2079 3628 imperator
2103 3555 2297 3610 edixit.

342 3656 410 3708 A.
451 3655 528 3708 Μ.
571 3652 732 3707 6162.
785 3682 855 3693 --
888 3650 1076 3719 Τούτῳ
1131 3649 1210 3719 τῷ
1255 3649 1369 3702 ἔτει
1423 3649 1632 3720 χειμὼν
1688 3649 1863 3720 μέγας

257 3746 518 3814 ἐγένετο,
547 3743 646 3796 καὶ
685 3743 872 3796 πολλοὶ
912 3743 1302 3799 ἐκινδύνευσαν
1323 3744 1602 3816 ἄνθρωποι
1631 3745 1728 3798 καὶ
1761 3744 1864 3814 θη-

261 3839 395 3908 ρία.
431 3836 543 3889 Kal
573 3835 861 3906 ὲχείμασεν
888 3837 1135 3900 Φαδαλᾶς
1165 3838 1248 3902 εἰς
1280 3837 1543 3902 Κύζικον.

319 4021 411 4073 ‘A.
465 4016 535 4073 M.
580 4017 737 4073 6165.
775 4049 844 4060 —
896 4018 1089 4090 Τούτῳ
1139 4018 1220 4091 τῷ
1275 4019 1386 4073 ἔτει
1429 4018 1868 4089 ἐπεστράτευσεν

260 4114 543 4185 Βουσοὺρ,
581 4113 678 4168 καὶ
705 4112 1135 4185 ᾐχμαλώτευσεν
1166 4111 1419 4179 πολλοὺς,
1467 4112 1564 4167 καὶ
1598 4113 1866 4186 ὑπέστρε-

308 4220 398 4258 εν.

308 4220 398 4258 εν.

255 4207 304 4276 ψ
343 4300 414 4352 Α.
449 4299 526 4353 Μ.
561 4297 722 4354 6164.
751 4328 821 4340 —-
851 4296 1039 4368 Τούτῳ
1089 4295 1166 4369 τῷ
1197 4294 1308 4350 ἔτει
1341 4296 1517 4367 ἐφάνη
1549 4296 1656 4367 ιρις
1697 4295 1754 4347 ὲν
1787 4292 1866 4363 τῷ

256 4388 512 4460 οὐρανῷ,
547 4389 646 4443 καὶ
674 4389 898 4459 ἔφριξεν
924 4391 1076 4442 πᾶσα
1109 4389 1269 4460 σὰρξ,
1315 4389 1373 4442 ὲν
1419 4388 1549 4459 μηνὶ
1592 4386 1866 4458 Μαρτίῳ⁸

260 4483 526 4552 Δύστρῳ,
571 4482 715 4536 ὥστε
757 4483 940 4551 λέγειν
985 4483 1198 4545 πάντας
1231 4482 1317 4535 ὅτι
1364 4480 1648 4535 συντέλεια
1693 4484 1862 4536 ἐστιν.

2043 3648 2584 3706 A.C.66-2.—iloc
2628 3666 2774 3706 anno
2838 3651 3016 3708 hiems
3074 3653 3210 3708 adeo
3268 3653 3564 3710 Vehemens

1971 3742 2137 3796 terris
2169 3741 2438 3804 incubuit,
2471 3748 2531 3794 ut
2569 3743 2727 3796 multi
2771 3743 3028 3798 homines
3076 3753 3240 3814 atque
3303 3745 3563 3798 animalia

1973 3834 2281 3906 periclitata
2330 3833 2465 3889 sint.
2508 3831 2686 3890 Porro
2726 3834 3000 3892 Pbadalas
3026 3835 3096 3890 ad
3135 3836 3393 3906 Cyzicum
3448 3839 3564 3890 hir-

1976 3928 2164 3980 mavit.

2045 4019 2112 4071 Α.
2140 4017 2203 4072 C.
2226 4018 2351 4076 665.
2373 4018 2574 4075 —Hoc
2603 4032 2752 4075 anno
2778 4017 2963 4075 Busur
2995 4020 3348 4092 expeditione
3378 4037 3567 4077 susce-

1976 4117 2088 4182 pta,
2125 4109 2292 4185 295
2313 4111 2661 4180 captivorum
2699 4112 3114 4169 multitudinem
3165 4113 3371 4185 abegit,
3404 4126 3460 4170 et
3496 4118 3564 4169 ait

1973 4217 2106 4257 suos
2139 4219 2201 4259 se
2228 4203 2462 4274 recepit.

2044 4294 2111 4349 A.
2140 4294 2203 4350 C.
2233 4295 2360 4350 664.
2384 4293 2582 4349 -—lloc
2643 4308 2789 4350 anno
2821 4293 2920 4350 iris
2978 4296 3033 4350 in
3080 4295 3220 4354 coelo
3272 4306 3568 4369 conspecta

1973 4386 2126 4443 carni
2159 4385 2306 4441 omni
2345 4391 2638 4440 tremorem
2701 4384 2936 4441 incussit
2973 4401 3160 4442 mense
3219 4386 3413 4442 Martio
3458 4389 3566 4458 Dy-

1975 4488 2115 4544 stro,
2143 4478 2280 4534 adeo
2306 4486 2364 4531 ut
2395 4492 2588 4532 omnes
2641 4491 2826 4531 rerum
2861 4477 3243 4533 universarum
3305 4493 3569 4534 consum-

257 4575 472 4644 Τούτῳ
518 4574 598 4644 τῷ
641 4575 857 4645 χρόνῳ⁹
911 4574 1098 4627 στόλον
1150 4573 1324 4645 μέγαν
1375 4571 1777 4644 ὲξαρτύσαντες
1823 4574 1866 4626 ol

1982 4573 2276 4627 mationem
2305 4561 2597 4625 advenisse
2631 4569 3022 4640 prtedicarent.
3050 4567 3254 4625 Eodem
3287 4585 3432 4626 anno
3475 4572 3568 4642 qui

260 4665 519 4737 ἀρνηταὶ
565 4667 662 4720 τοῦ
710 4667 952 4738 Χριστοῦ
974 4667 1040 4726 ¹⁰.
1075 4666 1171 4719 καὶ
1203 4664 1692 4736 παραπλεύσαντες
1718 4665 1876 4720 mn-

257 4759 430 4821 κίαν,
473 4757 916 4828 παρεχείμασαν,
965 4758 1049 4820 εἰς
1096 4756 1421 4829 Σμύρνην¹¹
1474 4756 1804 4828 Μουαμὲδ¹²
1845 4758 1874 4812 ὁ

257 4851 380 4904 τοῦ
415 4851 467 4902 Ἀ
481 4849 662 4912 ὁδελᾶ,
690 4851 896 4914 Κάιῖσος
919 4850 976 4903 δὲ
1003 4852 1082 4914 εἰς
1111 4849 1366 4904 Κιλικίαν
1390 4851 1484 4904 καὶ
1505 4851 1732 4905 Λυκίαν.
1763 4850 1876 4906 Kal

253 4944 504 5013 ἐγένετο
548 4943 844 4998 θανατικδν
891 4945 949 4996 ὲν
991 4941 1278 5014 Αἰγύπτῳ.
1318 4941 1632 4997 Ἀπέστειλε
1687 4942 1744 4996 δὲ
1777 4943 1876 4996 καὶ

257 5037 432 5092 xm
452 5036 497 5067 ’³
528 5036 618 5089 τὸν
646 5037 923 5109 ἀμηραῖον
971 5034 1110 5107 μετά
1140 5035 1237 5089 καὶ
1280 5035 1479 5108 ἐτέρου,
1511 5035 1701 5089 στόλου
1736 5035 1876 5106 πρὸς

1976 4663 2182 4720 Christi
2235 4661 2341 4718 llde
2398 4671 2596 4734 negata
2635 4660 3035 4716 Saracenorum
3099 4662 3247 4718 acies
3298 4663 3572 4719 ducebant

1980 4755 2231 4813 Muamed
2263 4763 2319 4812 et
2351 4754 2555 4811 Caisus
2578 4754 2764 4809 classe
2786 4755 3025 4809 maxima
3069 4761 3394 4824 praeparata,
3443 4771 3568 4810 cum

1977 4865 2042 4906 ea
2077 4850 2326 4905 Ciliciam
2354 4845 2908 4918 praternavigarunt,
2936 4855 3276 4916 egeruntque
3319 4847 3570 4912 hiberna,

1978 4943 2227 4997 Muamed
2279 4941 2499 5010 quidem
2575 4936 2720 4990 illius
2783 4934 3004 4990 Abdela:
3060 4934 3331 5009 Smyrnae,
3379 4937 3574 4995 Caisus

1976 5048 2105 5089 vero
2130 5034 2187 5088 in
2215 5032 2405 5088 Cilicia
2446 5041 2502 5085 et
2528 5027 2714 5100 Lycia.
2773 5027 3058 5085 Horrenda
3107 5045 3330 5102 quoque
3366 5041 3575 5086 morta-

1577 5174 1817 5232 VABIIE
1853 5175 2265 5234 LECTIONES.

349 5299 378 5330 ²
416 5299 718 5355 κατέλαϐεν
751 5300 796 5354 Α
824 5315 853 5354 a
887 5299 926 5356 f.

257 5381 478 5452 aperte
498 5373 720 5452 inti-usa
752 5387 862 5452 om_.
893 5355 946 5425 a.
965 5443 978 5452 _
1022 5355 1326 5452 ἠλξὶζίζιος
1347 5355 1720 5452 arbarismi;
1747 5373 1892 5450 vulg.

253 5445 283 5475 ⁸
317 5440 661 5515 μηνὶ-Μαΐῳ
691 5443 770 5503 Α.
795 5513 804 5515 _
830 5443 850 5472 ⁹
882 5442 1083 5515 χρόνῳ]
1103 5446 1212 5496 ἔτει
1246 5445 1312 5498 Α.
1391 5445 1433 5473 ²⁰
1467 5442 1558 5494 τού
1585 5440 1824 5512 Χριστοῦ
1845 5453 1958 5494 om.
1985 5441 2029 5491 Α
2054 5440 2090 5494 f.

251 5510 436 5569 χαλε
460 5513 526 5576 Α,
545 5514 688 5566 Χάλε
718 5513 866 5584 vulg.

1035 5299 1054 5331 ³
1084 5300 1163 5369 τῷ
1193 5300 1346 5369 φονεῖ
1381 5299 1447 5360 Α,
1499 5296 1610 5369 τῶν
1667 5297 1875 5366 φονέων
1919 5298 2067 5369 vulg.

2171 5297 2192 5328 ⁵
2219 5295 2314 5350 τοῦ
2344 5296 2399 5348 δὲ
2421 5323 2492 5334 -
2538 5290 2866 5362 εὖνούχησεν
2899 5310 2912 5346 :
2954 5293 3069 5349 hch
3116 5293 3299 5348 omnia
3337 5291 3576 5362 aliunde

1969 5370 1989 5402 ⁶
2012 5361 2383 5440 ἔτροπεύσατο
2404 5367 2468 5422 Α.
2495 5378 2524 5416 a
2551 5361 2717 5440 manu
2738 5361 3090 5440 eor_rect_or_is.
3218 5361 3480 5440 εἰσελθεξν
3511 5366 3574 5440 Α..

2198 5441 2238 5469 ¹¹
2271 5436 2527 5508 Σμύρνην
2553 5451 2660 5487 om.
2693 5435 2732 5485 Λ
2769 5451 2797 5488 :t
2827 5435 2864 5487 Ι”.
2943 5435 2985 5466 ¹¹
3005 5433 3197 5488 Manio
3230 5449 3257 5485 τι
3294 5433 3334 5486 f.
3415 5431 3456 5462 ¹³
3485 5434 3578 5486 καὶ

1622 5602 1773 5679 κιο,
1795 5601 2008 5658 coam
2090 5599 2323 5658 nom.

350 5727 479 5798 (9'3)
517 5726 867 5784 Theodorum
929 5727 1223 5784 patricium
1283 5723 1691 5789 Colonienscm,
1744 5731 1887 5777 utet

247 5800 585 5871 superiori.
625 5798 918 5856 ϐοωπις.

2065 5720 2179 5846 ἳθὸ)
2239 5719 2407 5782 Loco.
2444 5720 2537 5790 qui
2592 5721 2757 5777 nnnc'
2791 5717 3004 5787 Galata,
3034 5726 3186 5775 trans
3226 5727 3464 5789 portum,
3512 5715 3580 5771 ειι

2065 5794 2158 5845 ’ἠδ
2195 5792 2469 5846 borealem
2498 5801 2728 5846 partem.

2004 5792 2158 5846 urbis
2195 5792 2469 5846 borealem
2496 5801 2728 5862 partem.
