3854 6208
467 236 573 306 735

1809 229 2046 289 THEOI

2149 229 2303 289 lNIS
3556 238 3643 306 736

470 349 892 410 athrmat,anno
927 362 956 400 a
1013 343 1202 399 mundi
1250 343 1474 399 conditu
1524 343 1702 400 sexies
1751 341 2043 398 millesimo

2149 341 2287 412 μετὰ
2342 339 2500 394 τοῦτο
2541 338 2893 394 ἐϐασίλευσεν
2927 342 2957 395 ὁ
2979 339 3141 404 αὐτὸς
3177 341 3549 412 Κωνσταντϊνος
3567 353 3644 420 ειη

470 441 770 497 centesimo
819 437 1222 507 septuagesimo
1282 436 1548 501 secundo,
1578 436 1868 506 ipsumque
1898 434 2044 489 Con-

471 533 774 588 stantinum
835 542 1010 582 annos
1096 527 1327 597 posthac
1394 528 1640 597 quinque
1697 525 2040 596 imperasse,

468 639 644 695 coque
701 621 840 676 vivis
887 627 1096 690 erepto,
1148 618 1520 675 Iustinianum
1571 619 1691 690 ejus
1723 618 1893 673 ﬁlium
1928 633 2045 673 mo-

470 714 751 771 narchiam
782 713 1027 768 tenuisse
1054 727 1230 766 annos
1258 711 1446 766 decem
1475 711 1688 779 :ejecto
1708 709 2040 774 Iustiniano,

469 806 756 862 Leontium
801 803 1089 876 tyrannide
1115 804 1345 874 potitum
1369 818 1543 857 annos
1577 809 1713 866 tres,
1748 810 1873 872 post
1895 801 2043 857 hunc

471 898 749 954 Tiberium
779 936 794 962 ,
858 896 952 969 qui
1008 897 1173 951 etiam
1216 896 1559 964 Apsimarus,
1612 909 1788 949 annos
1832 903 2040 964 septem

470 1006 749 1062 regnasse,
776 990 1120 1061 cjectnmque
1150 987 1302 1058 prius
1339 985 1709 1042 Iustinianum
1746 987 1928 1041 denuo
1952 1001 2042 1040 re-

469 1084 723 1139 stitutum
756 1081 988 1151 imperio
1009 1095 1183 1134 annos
1218 1095 1334 1142 sex.
1376 1081 1511 1134 adeo
1534 1087 1590 1132 ut
1621 1095 1689 1134 ex
1717 1079 1853 1149 ipsis
1880 1078 2042 1134 editis

471 1175 691 1231 concilii
725 1175 869 1247 typis
900 1176 1017 1228 sive
1046 1173 1350 1227 canonibns
1378 1187 1522 1226 anno
1548 1172 1796 1226 secundo
1827 1171 2042 1241 imperii

468 1267 784 1324 Iustiniano
821 1267 1047 1321 naribus
1105 1265 1358 1318 mutilata
1398 1264 1637 1319 restituti
1667 1279 1765 1318 eos
1804 1265 2041 1334 primum

472 1358 844 1430 promulgatas
881 1364 1066 1425 aperte
1098 1356 1516 1423 comperiamus.
1556 1353 1739 1407 Tertio
1772 1353 2040 1423 siquidem

472 1448 763 1508 canonejn
798 1447 910 1501 haec
932 1445 1098 1500 verba
1143 1445 1373 1516 legimus
1410 1462 1422 1498 :
1454 1444 1662 1499 Matura
1688 1446 1904 1500 consilii
1926 1447 2043 1502 dis-

471 1537 729 1592 cussione
758 1535 1076 1606 praehabita,
1105 1550 1223 1599 eos,
1256 1535 1350 1605 qui
1381 1535 1596 1590 duobus
1627 1537 1900 1606 conjugiis
1940 1535 2043 1591 imo

471 1627 658 1697 plicati
691 1627 862 1692 fuere,
890 1636 946 1682 et
979 1629 1044 1681 ad
1095 1628 1352 1698 praeteriti
1390 1627 1597 1682 mensis
1621 1625 1868 1682 Ianuarii
1897 1627 2040 1682 diem

2146 433 2329 495 πέντε,
2366 431 2464 486 καὶ
2485 431 2907 502 τελευτήσαντος
2935 432 3100 487 αὐτοῦ
3121 473 3136 497 ,
3167 435 3512 507 έμονάρχησεν
3543 443 3645 496 ’laa.

2146 523 2417 584 στινιανδς
2447 524 2476 576 ὸ
2507 523 2620 586 υίὸς
2663 521 2827 577 αὐτοῦ
2875 523 2968 595 ἐτη
3024 524 3175 581 δέκα.
3223 527 3570 597 Ἐκδληθέντος
3597 534 3640 588 δι

2155 616 2529 670 Ἱουστινιανοῦ
2589 615 2895 685 ἐκράτησεν
2935 616 3182 681 Λεόντιος
3211 616 3302 688 ἐτη
3333 625 3401 685 γ’,
3434 620 3518 672 καὶ
3543 626 3641 690 μετὰ

2142 707 2393 761 Λεόντιον
2415 706 2662 776 Τιόέριος
2693 709 2722 760 ὁ
2756 708 2846 760 καὶ
2889 707 3184 779 Ἀψίμαρος
3208 708 3300 779 ἐτη
3327 709 3391 772 ζ’,
3420 711 3503 764 καὶ
3525 713 3645 767 πόλιν

2155 798 2529 862 Ἰουστινιανὸς
2566 799 2587 831 ⁸
2615 801 2643 853 ὀ
2676 799 2962 868 ἐκϐληθεὶς
2993 800 3086 871 ἐτη
3119 807 3192 865 ς’.
3235 801 3320 864 Ὠς
3359 803 3651 868 εὑρίσκεσθαι

2142 891 2202 960 ἐξ
2235 892 2416 947 αὐτῶν
2469 892 2578 945 τῶν
2636 892 2935 962 δεδομένων
2987 892 3008 922 ⁸
3057 892 3242 946 τύπων
3281 893 3355 963 τῷ
3385 893 3425 964 β’
3461 895 3557 950 έτει
3580 899 3654 965 τῆς

2142 985 2378 1055 ἐσχάτης
2413 983 2687 1054 βασιλείας
2707 983 2802 1036 τοῦ
2832 982 2996 1037 αὑτοῦ
3017 986 3434 1054 ρινοκοπημένου
3475 988 3658 1040 ’1ουστιο

2143 1075 2325 1130 νιανοῦ
2356 1075 2690 1129 ἐκτεθεῖσθαι
2717 1076 2916 1138 αὐτοὺς
2943 1075 3293 1147 περιέχοντας
3310 1078 3364 1129 ἐν
3383 1077 3453 1147 τῷ
3467 1085 3509 1145 γ’
3537 1077 3660 1148 τύπῳ

2140 1171 2260 1231 ταῖς
2300 1167 2507 1235 λέξεσιν
2562 1167 2733 1230 οὕτως
2757 1185 2770 1200 ·
2801 1167 3126 1237 Συνορῶμεν
3162 1168 3243 1222 ὅτι
3291 1169 3409 1231 τοὺς
3443 1170 3530 1238 μὲν
3564 1169 3664 1223 δυσὶ

2142 1261 2342 1332 γάμοις
2391 1261 2819 1334 περιπαρέντας,
2850 1260 2946 1313 καὶ
2977 1261 3140 1332 μέχρι
3181 1261 3280 1330 τῆς
3312 1267 3368 1313 ιε’
3398 1261 3484 1313 τοῦ
3503 1262 3521 1291 ⁷
3547 1278 3661 1331 mp-

2142 1353 2394 1416 ελθόντος
2435 1353 2767 1424 Ίανουαρίου
2827 1353 2993 1423 μηνὸς
3030 1354 3130 1422 τῆς
3161 1352 3515 1422 παρελθούσης
3539 1353 3576 1406 δ’
3608 1354 3664 1404 lv-

2141 1445 2422 1507 δικτιῶνος
2454 1443 2608 1507 ἔτους
2637 1441 2816 1515 ,ςριιθ
2848 1442 3217 1506 δουλωθέντας
3247 1447 3312 1515 τῇ
3335 1443 3664 1515 direptionis!

2149 1535 2225 1605 μὴ
2253 1533 2612 1605 ἐκνήψαντας,
2664 1531 3010 1603 προελόμεθα
3037 1532 3058 1564 ⁸
3089 1532 3404 1602 καθαιρέσει
3449 1534 3662 1601 κανονικῇ

2145 1624 2435 1677 ὑποϐαλεῖν
2474 1623 2516 1678 ⁸.
2557 1621 2666 1677 Kal
2681 1624 2812 1691 μεθ’
2835 1621 3009 1691 ἔτερα
3031 1638 3044 1651 ·
3071 1623 3211 1685 Τοὺς
3238 1621 3294 1674 δὲ
3323 1621 3451 1690 μετὰ
3471 1621 3556 1694 τὴν
3577 1637 3663 1692 χει-

470 1718 742 1773 decimnm
785 1719 1062 1787 quintum,
1112 1717 1399 1786 praeteritae
1440 1723 1650 1787 quartae
1704 1716 2041 1782 indictionis,

2149 1717 2391 1788 ροτονίαν
2418 1717 2581 1786 γάμῳ
2611 1717 2692 1770 ἐνὶ
2741 1715 3079 1788 παρανόμως
3128 1715 3243 1783 (35)
3287 1714 3667 1788 προσομιλήσαν-

471 1810 602 1864 anni
649 1809 836 1864 sexies
893 1808 1171 1863 millesimi
1213 1809 1499 1863 centesimi
1537 1807 1883 1878 nonagesimi
1911 1807 2042 1863 noni

473 1900 680 1971 peccati
711 1899 958 1956 servituti
978 1899 1247 1954 obnoxios
1278 1914 1338 1953 se
1364 1898 1609 1963 voluere,
1635 1914 1735 1953 nec
1752 1898 1865 1952 ulla
1888 1907 2044 1968 pacto

472 1997 818 2067 resipiscere,
867 1996 1145 2050 canonica:
1177 1994 1508 2064 depositioni
1555 1993 1828 2062 subjicere
1853 1993 2044 2050 decre-

471 2091 678 2144 vimus.
736 2087 802 2144 Et
849 2088 1180 2161 quibusdam
1239 2086 1583 2157 interpositis
1617 2083 1759 2140 :Eos
1786 2099 1918 2139 vero
1952 2084 2044 2155 qui

471 2189 596 2252 post
623 2178 847 2236 ordines
893 2189 1184 2249 susceptos
1226 2193 1335 2232 uno
1389 2179 1515 2234 licet
1558 2177 1813 2247 conjugio
1864 2192 1924 2234 se
1950 2178 2044 2232 de-

471 2274 772 2336 vinxerim,
802 2271 855 2326 id
892 2282 974 2326 est
1011 2271 1386 2340 presbyteros,
1421 2269 1686 2324 diaconos
1737 2276 1792 2323 et
1824 2267 2046 2324 subdia-

472 2378 670 2426 conos,
705 2362 858 2418 brevi
889 2362 1153 2433 temporis
1181 2361 1358 2431 spatio
1406 2361 1581 2415 sacris
1620 2360 1890 2414 ministris
1919 2374 2046 2430 pro-

473 2455 676 2509 hibitos
699 2464 752 2509 et
781 2455 960 2522 pmnis
1003 2454 1307 2523 castigatos
1341 2452 1578 2522 propriis
1614 2451 1830 2506 demum
1865 2451 2051 2522 gradi-

473 2544 580 2599 bus
613 2543 794 2598 denuo
848 2544 1088 2608 restitui,
1131 2544 1239 2597 alio
1286 2545 1568 2612 superiore
1605 2557 1876 2611 nusquam
1916 2558 2046 2612 pro-

474 2637 793 2699 movendos,
828 2635 1089 2688 nimirum
1137 2634 1419 2704 illegitimo
1469 2634 1828 2688 contubernio
1867 2635 2044 2703 palam

473 2729 629 2797 prius
659 2725 952 2781 dissoluto.
988 2725 1063 2779 Ex
1093 2725 1208 2795 ipsa
1239 2725 1428 2792 itaque
1457 2733 1766 2796 temporum
1799 2725 2050 2796 designa-

477 2817 623 2870 tione
656 2830 685 2868 a
718 2814 993 2870 celebrata
1056 2823 1248 2869 sancta
1308 2815 1605 2870 universali
1653 2823 1807 2870 sexta
1835 2815 2047 2886 synodo

475 2923 653 2978 usque
669 2907 735 2961 ad
769 2908 948 2962 editos
996 2921 1235 2961 canones
1266 2906 1387 2976 ejus
1421 2907 1642 2960 nomine
1674 2907 2049 2977 promulgatas

2142 1824 2262 1871 τας,
2319 1805 2468 1860 τοῦτ’
2524 1806 2640 1858 ἐστι
2695 1806 3110 1876 πρεσϐυτέρους
3162 1804 3259 1859 καὶ
3306 1805 3560 1868 διακόνους
3593 1803 3667 1857 καὶ

2145 1897 2556 1960 ὑποδιακόνους,
2584 1897 2687 1966 ἢδη
2710 1897 2802 1949 ἐπὶ
2831 1895 3038 1968 βαρχύν
3057 1911 3182 1949 τινα
3203 1895 3384 1968 χρόνον
3404 1894 3666 1968 εἱρχθέντας

2143 1995 2246 2065 τῆς
2279 1994 2431 2065 ίερᾶς
2461 1993 2807 2063 λειτουργίας
2824 1971 2928 2048 3m
2958 1992 3399 2064 ἐπιτιμηθέντας,
3423 1989 3558 2054 αὖθις
3585 1990 3664 2044 αὑ-

2144 2089 2272 2151 τοὺς
2298 2091 2355 2142 ἐν
2386 2089 2430 2120 ¹⁴⁵
2445 2090 2556 2150 τοῖς
2589 2087 2813 2151 οἰκείοις
2835 2087 3291 2158 ἀποκαταστῆναι
3329 2086 3550 2157 βαθμοίς,
3577 2102 3662 2155 μη-

2144 2181 2332 2252 δαμῶς
2367 2181 2540 2250 ἐτὲρῳ
2567 2180 2773 2251 μείζονι
2803 2180 3221 2250 προκόπτοντας
3269 2178 3466 2250 βαθμῷ,
3495 2177 3662 2248 προδή-

2145 2271 2250 2335 λως
2296 2269 2644 2334 διαλυθέντος
2681 2271 2864 2333 αὐτοῖς
2921 2269 3017 2323 τοῦ
3073 2269 3317 2339 ἀθέσμου
3360 2267 3656 2322 συνοικεσίου.

2147 2362 2311 2413 Ὥστε
2336 2362 2396 2427 ἐξ
2428 2361 2598 2429 αὐτῆς
2617 2361 2718 2429 τῆς
2747 2358 3009 2429 χρονικῆς
3047 2359 3234 2428 ἀποση
3243 2359 3490 2429 μειώσεως
3507 2356 3656 2426 ἁριδή·

2146 2453 2254 2516 λως
2279 2451 2564 2522 φαίνεσθαι
2597 2451 2939 2520 συναγόμενα
2968 2450 3078 2503 ἀπὸ
3127 2451 3231 2519 τῆς
3267 2451 3409 2519 ἁγίας
3446 2449 3648 2519 οίκουμε-

2149 2545 2308 2614 νικῆς
2355 2543 2523 2612 ἕκτης
2580 2542 2798 2596 συνόδου
2845 2541 2950 2605 ἕως
2979 2542 3092 2595 τῶν
3140 2541 3465 2612 ἐκδεδομένων
3499 2537 3650 2590 τύπων

2149 2634 2247 2705 ἐτη
2279 2631 2384 2700 κζ’,
2443 2631 2910 2704 πατριαρχοῦντος
2962 2634 3020 2686 ἐν
3078 2635 3149 2704 τῇ
3204 2633 3332 2704 ἁγίᾳ
3373 2628 3660 2698 οἱκουμενικῇ

2149 2725 2352 2794 συνόδῳ
2405 2724 3029 2788 Κωνσταντινουπόλεως
3070 2725 3366 2795 Γεωργίου,
3407 2723 3506 2783 (to;
3530 2721 3662 2787 ἀγον-

2148 2835 2240 2880 τος
2285 2817 2386 2887 τῆς
2433 2815 2802 2887 πατριαρχίας
2847 2823 2918 2884 γ’,
2947 2817 3042 2870 καὶ
3075 2817 3222 2887 μετὰ
3259 2817 3354 2887 τὴν
3383 2813 3667 2868 σύνοδονπα-

2147 2910 2580 2979 τριαρχήσαντος
2609 2908 2744 2961 ἄλλα
2775 2907 2868 2979 ἐτη
2897 2914 2967 2976 γ’,
2997 2909 3144 2978 μετὰ
3169 2909 3224 2961 δὲ
3240 2907 3415 2962 τοῦτον
3438 2903 3666 2972 Θεοδώρου

475 3003 662 3066 aperte
691 2995 1025 3064 colliguntur
1047 2995 1173 3048 anni
1197 2995 1386 3066 viginti
1414 3003 1643 3063 sv-ptem,
1678 2994 2046 3062 patriarchatn

2150 3002 2243 3070 ἔτη
2259 2999 2307 3068 γ’
2328 3001 2390 3064 “,
2417 2999 2509 3052 καὶ
2529 2999 2740 3052 Παύλου
2757 2998 2852 3069 ἔτη
2870 2997 2937 3064 ζ’,
2969 3001 3065 3052 καὶ
3092 2999 3411 3052 Καλλινίκου
3440 2995 3524 3064 ἐτη
3550 2990 3667 3063 ιβ¹¹¹ν

476 3088 736 3143 nimirum
814 3098 1012 3156 agente
1068 3086 1124 3140 in
1199 3095 1390 3142 sancta
1447 3088 1787 3142 oecnmenica
1838 3087 2049 3156 synodo

477 3179 733 3249 Georgio,
774 3180 934 3248 cujus
962 3179 1368 3248 patriarchatus
1408 3193 1584 3232 annus
1630 3181 1823 3233 tertius
1861 3193 2049 3233 nume-

477 3271 725 3334 rabatur,
757 3271 959 3340 quique
1023 3278 1146 3339 post
1190 3270 1351 3338 302
1403 3270 1671 3340 synodum
1723 3271 1814 3323 alii
1839 3277 1955 3324 tres
1995 3271 2046 3323 in

479 3361 750 3431 dignitate
781 3361 957 3414 exacti
1009 3369 1160 3416 sunt.
1195 3359 1323 3414 Post
1363 3360 1506 3414 hunc
1541 3375 1669 3414 vero
1728 3359 2050 3413 Theodorus

481 3465 657 3505 annos
688 3458 822 3513 tres,
863 3447 1068 3503 Paulus
1097 3463 1270 3504 annos
1304 3459 1535 3516 septem,
1559 3447 1856 3502 Callinicus
1877 3462 2050 3504 annos

481 3541 793 3604 duodecim,
833 3540 1010 3612 Cyrus
1062 3540 1299 3610 denique
1347 3554 1520 3593 annos
1544 3540 1683 3594 duos
1726 3541 1886 3604 sedit,
1916 3540 2051 3594 adeo

483 3641 540 3687 ut
574 3648 640 3688 ex
691 3632 826 3702 ipsis
879 3631 1314 3702 patriarcharum
1368 3630 1617 3686 a'tatibns
1671 3631 1800 3684 anni
1855 3629 2050 3700 viginti

481 3735 688 3796 septem
736 3725 974 3779 dilucide
1025 3731 1447 3794 computentur,
1518 3737 1547 3776 a
1597 3737 1870 3776 canonum
1921 3738 2051 3778 vero

481 3816 921 3886 promulgatione
941 3830 1115 3884 usque
1146 3815 1212 3869 ad
1241 3829 1445 3868 annum
1475 3821 1730 3884 quartum
1767 3813 2052 3883 Philippici

482 3910 612 3964 anni
653 3910 898 3978 quinque
955 3907 1320 3970 intercedant,
1377 3907 1554 3976 primo
1604 3914 1785 3960 autem
1837 3905 2055 3976 imperii

482 4002 658 4069 ipsius
684 3999 971 4070 Philippici
1006 4014 1151 4053 anno
1207 3998 1463 4053 insanum
1493 3999 1922 4053 conciliabulum
1956 3998 2055 4053 ad-

480 4110 676 4149 versus
707 4103 957 4149 sanctum
976 4092 1376 4148 tecumenicum
1400 4091 1690 4146 concilium
1719 4091 2051 4146 celebratum

483 4187 576 4251 sit,
613 4185 865 4258 Cyroque
884 4185 1114 4252 expulso
1144 4184 1246 4238 sub
1283 4191 1498 4238 sextum
1531 4183 1935 4253 patriarchatus
1965 4183 2049 4238 sui

483 4288 690 4330 annum
717 4269 958 4328 Ioannes
1015 4271 1246 4342 Cpoleos
1297 4270 1609 4342 patriarcha
1640 4268 1818 4327 iactus
1850 4269 2048 4338 fuerit;

2153 3094 2247 3147 καὶ
2289 3091 2474 3160 Κύρου
2501 3091 2594 3162 ἐτη
2626 3091 2694 3161 β’,
2731 3092 2806 3156 ὡς
2841 3091 3176 3159 συνάγεσθαι
3202 3091 3295 3144 καὶ
3322 3090 3379 3156 ἐξ
3408 3088 3562 3143 αὐτῶν
3584 3084 3668 3137 τῶν

2153 3181 2510 3253 πατριαρχῶν
2534 3182 2630 3251 ἐτη
2659 3179 2740 3245 κζ’
2763 3198 2777 3213 ο
2813 3183 2922 3235 ἀπὸ
2942 3182 2999 3236 δέ
3019 3182 3135 3235 τῶν
3157 3181 3499 3252 ἐκδεδομένων
3520 3176 3671 3230 τύπων

2152 3271 2256 3332 ἕως
2310 3270 2405 3322 τοῦ
2445 3271 2711 3338 τετάρτου
2774 3270 2929 3335 ἔτους
2984 3271 3319 3325 Φιλιππικοῦ
3380 3270 3484 3340 (δέ)
3527 3267 3604 3336 ἐτη
3640 3265 3672 3296 ⁸⁸

2158 3362 2321 3414 πέντε
2339 3378 2352 3391 ·
2379 3362 2477 3415 καὶ
2505 3363 2563 3414 ἐν
2592 3362 2670 3432 τῷ
2697 3361 2845 3432 αὐτῷ
2880 3362 3088 3434 πρώτῳ
3122 3362 3233 3417 έτει
3261 3364 3356 3433 τῆς
3387 3360 3623 3432 βασιλείας
3639 3356 3672 3388 ’⁵

2155 3453 2484 3506 Φιλιππικοῦ
2506 3453 2758 3522 γενέσθαι
2783 3454 3004 3524 ἐμμανῆ
3030 3455 3250 3509 σύνοδον
3276 3455 3412 3510 κατὰ
3432 3455 3521 3522 τῆς
3552 3452 3673 3518 ἁγίας

2155 3543 2536 3613 οίκουμενικῆς
2590 3544 2634 3574 ¹⁹
2692 3544 2859 3615 ἕκτης
2930 3545 3156 3599 συνόδου
3183 3563 3198 3577 ο
3255 3546 3345 3598 καὶ⁵
3407 3543 3674 3608 ἐξωσθέντος

2157 3633 2342 3704 Κύρου
2373 3633 2453 3704 τῷ
2484 3640 2539 3698 ς’
2590 3633 2698 3687 ἔτει
2730 3639 2831 3704 τῆς
2866 3638 3240 3708 πατριαρχίας
3265 3637 3442 3703 αὑτοῦ,
3469 3632 3676 3705 γενέσθαι

2171 3724 2422 3796 Ἰωάννην
2439 3727 2785 3797 πατριάρχην
2804 3728 2904 3798 τῆς
2942 3730 3563 3790 Κωνσταντινουπόλεως,
3588 3727 3677 3777 Ἅν-

2152 3816 2316 3886 δρέαν
2347 3815 2402 3868 δὲ
2429 3817 2830 3890 μητροπολίτην
2854 3818 2954 3888 τῆς
2989 3820 3218 3891 Κρήτης
3240 3823 3306 3886 “,
3328 3822 3420 3875 καὶ
3449 3815 3678 3889 Γερμανὺν

2157 3908 2558 3979 μητροπολίτην
2589 3909 2849 3976 Κυζίκου,
2873 3911 3300 3981 ὑπογράψαντας
3319 3909 3590 3984 προδήλως,
3609 3905 3678 3957 καί

2153 3998 2663 4069 ἁναθεματίσαντας
2682 4001 2794 4072 (35)
2816 4002 2953 4074 μετὰ
2975 4004 3198 4058 πάντων
3209 4003 3316 4058 τῶν
3335 4003 3471 4057 κατὰ
3485 4001 3590 4062 τοὺς
3612 3997 3681 4050 αὑ·

2155 4090 2282 4154 τοὺς
2309 4091 2350 4124 ¹⁷
2390 4092 2614 4163 χρόνους
2635 4093 2731 4166 τὴν
2768 4093 3175 4165 προρρηθεῖσαν
3193 4097 3334 4150 κατὰ
3361 4093 3466 4147 τῶν
3490 4089 3678 4147 Μονοθε·

2157 4181 2334 4253 λητῶν
2361 4185 2524 4252 ἁγίαν
2538 4186 2922 4257 οίκουμενικὴν
2941 4184 2994 4250 ς’
3013 4187 3231 4240 σύνοδον
3250 4203 3264 4217 ·
3310 4186 3445 4258 μετὰ
3470 4183 3521 4237 δὲ
3546 4182 3624 4250 ἐτη
3643 4184 3679 4245 Υ

2155 4273 2580 4346 τελευτήσαντος
2624 4277 2874 4330 Ἰωάννου
2901 4278 3267 4350 μετατεθῆναι
3308 4275 3567 4348 Γερμανδν
3598 4269 3679 4323 ἀπὸ

1751 4407 1989 4464 VARUE
2027 4409 2320 4467 LECTION
2328 4411 2431 4467 ES.

553 4505 584 4574 ’ί
627 4503 789 4558 πάλιν
831 4503 1132 4574 ἼουστηΑ.
1174 4503 1335 4558 πάλιν
1366 4504 1395 4557 ό
1434 4505 1492 4559 ‘I.
1525 4504 1664 4574 vnlg.

1743 4507 1765 4538 ⁸
1793 4503 2040 4576 ἐκδεδομ.
2062 4507 2129 4560 Α.
2203 4507 2225 4538 "
2255 4505 2507 4576 saﬁradd.
2537 4521 2604 4561 ex
2639 4508 2706 4562 Α.
2780 4507 2803 4539 ⁸
2829 4506 3063 4576 ἐκνῆψαι
3109 4507 3310 4569 αὐτοὺς
3340 4501 3680 4576 προελομένονς

480 4576 527 4646 Α
677 4575 699 4607 ⁵
730 4573 1006 4646 ὁποὸάλαι
1031 4571 1070 4628 f.
1132 4574 1183 4646 ν¹⁰
1209 4575 1267 4646 ἐν
1286 4575 1412 4646 add.
1446 4591 1526 4646 ex
1547 4571 1636 4630 Af
1690 4575 1732 4608 ¹¹
1763 4574 1903 4646 μετὰ
1929 4571 2076 4628 δέ-
2105 4607 2176 4617 --
2198 4576 2293 4646 ἔτη

2321 4575 2368 4645 γ’
2399 4593 2510 4631 om.
2545 4577 2596 4630 b.
2675 4579 2716 4609 ¹¹
2739 4577 2833 4630 καὶ
2858 4571 3070 4630 Παύλου
3094 4607 3166 4616 —
3195 4606 3266 4616 -
3287 4571 3393 4644 ἐτη
3415 4574 3478 4646 ιβ’
3506 4588 3599 4628 om.
3627 4571 3679 4646 ῥυ

483 4644 528 4719 ff
555 4645 705 4719 ἔτους
735 4645 860 4700 add.
884 4661 950 4719 ex
982 4645 1049 4698 A.
1125 4645 1168 4676 “
1191 4645 1289 4717 τῆς
1319 4643 1594 4716 βασιλείας
1629 4646 1751 4702 add.
1763 4638 1846 4702 'ex
1863 4645 1928 4699 Α.
2006 4646 2049 4678 ³³
2077 4638 2459 4718 οικουμὲνὶκῆς
2488 4647 2616 4702 add.
2649 4662 2715 4702 ex
2739 4649 2807 4702 Δ.
2886 4649 2928 4680 ¹⁶
2961 4647 3062 4718 τῆς
3093 4648 3322 4719 Κρήτης
3349 4638 3414 4714 Ᾱ,
3436 4638 3540 4716 Κρ.
3568 4638 3678 4707 Vuls-

482 4712 527 4746 "
547 4714 742 4779 αὐτοὺς
767 4731 876 4771 om.
897 4713 965 4771 Δ.

1807 4827 1946 4886 IAC.
1971 4827 2181 4886 GOARI
2211 4826 2444 4885 NOTAE.

559 4947 673 5022 (53)
709 4945 996 5022 Illegitime
1021 4964 1042 5003 :
1073 4951 1155 5022 sic
1214 4966 1430 5022 semper
1479 4951 1665 5007 habita
1706 4951 2054 5007 sacerdotum
2090 4956 2135 5014 ι)
2163 4948 2703 5022 quentiaevincunt.
2733 4946 2851 5022 Kal
2870 4945 2951 5012 τῷ
2984 4943 3146 5012 αὐτῷ
3173 4943 3225 5000 d
3265 4945 3404 5011 ἔτει,
3433 4937 3679 5003 Eodem“

485 5033 550 5073 ac
598 5017 974 5090 ministrorum
1004 5021 1256 5089 conjugia
1303 5017 1444 5090 apud
1491 5022 1733 5086 Graecos,
1789 5033 1914 5090 post
1953 5022 2053 5074 ad-

483 5097 671 5157 eptum
706 5088 954 5144 ordinem
1011 5088 1228 5144 sacrum
1277 5088 1446 5156 inita;
1475 5101 1602 5148 ante
1653 5088 1905 5146 eumdem
1942 5091 2053 5146 illis

486 5161 780 5232 permissa.
814 5159 1028 5214 Excidit
1055 5175 1116 5232 ea
1138 5177 1252 5232 vox
1289 5163 1594 5232 interpreti.
1625 5161 1916 5217 Canens.

563 5231 677 5303 (34)
709 5231 842 5302 Reg.
864 5245 930 5286 ac
959 5231 1186 5303 perinde
1201 5233 1315 5296 alii,
1340 5234 1564 5301 ipseque
1591 5235 1807 5298 Anast.,
1834 5232 2060 5302 antiquo

487 5315 622 5357 sane
659 5302 870 5365 errore,
910 5318 1035 5356 cum
1061 5302 1398 5372 Pbilippicus
1427 5319 1537 5357 non
1575 5304 1679 5358 nisi
1711 5305 1929 5358 duobus
1960 5317 2060 5356 an-

492 5373 579 5444 nis
629 5372 1002 5444 imperaverit.
1057 5371 1293 5444 Emend.
1346 5389 1496 5444 ergo,
1545 5375 1651 5436 ἓως
1703 5373 1798 5428 τοῦ
1839 5375 2058 5444 πρώτου

491 5440 648 5514 ἔτους
670 5460 685 5474 ·
708 5440 806 5498 εἰς
854 5445 1000 5499 enim
1032 5460 1060 5497 a
1093 5443 1337 5499 secundo
1371 5440 1596 5499 secundi
1644 5445 1856 5514 imperii
1885 5440 2061 5499 Iusti-

494 5511 643 5584 niani
699 5528 847 5570 anno
893 5515 958 5570 ad
992 5515 1227 5584 primum
1283 5516 1433 5570 illum
1489 5511 1775 5584 Philippici
1805 5521 2063 5569 constant

499 5581 626 5656 ξιιμιὶ
661 5590 934 5656 quinque;
967 5581 1075 5653 quo
1106 5601 1252 5641 anno
1297 5588 1487 5656 quinto
1539 5581 1814 5656 celebrata
1858 5584 2062 5656 dicitur

483 5645 592 5702 illa
619 5645 878 5709 adversus
907 5645 940 5710 6
973 5645 1239 5726 synodum
1280 5645 1517 5714 ci‘ralica
1555 5655 1820 5727 synodus.
1867 5655 1944 5710 At:
1975 5670 2064 5710 sc-

2163 5017 2337 5091 primo
2377 5019 2470 5091 illo
2503 5027 2802 5091 anno,_elc.
2832 5017 2910 5071 In.

2241 5090 2357 5158 (55)
2391 5089 2633 5143 Conatur
2654 5074 2898 5142 Joannes
2928 5085 3034 5141 CP.
3061 5085 3308 5163 apologia
3351 5098 3446 5163 sua
3483 5076 3544 5163 ad
3569 5074 3679 5163 C39:

2167 5153 2468 5217 stantinum
2535 5173 2729 5228 papam
2775 5173 2895 5212 eam
2943 5172 2972 5210 a
3004 5171 3064 5211 se
3094 5153 3678 5228 'acrreliquisepiscopts

2169 5241 2354 5286 notam
2390 5223 2577 5284 eluere
2598 5223 2622 5292 ς’
2656 5243 2786 5282 usos
2814 5243 2872 5282 se
2915 5227 3222 5282 (economia
3251 5223 3552 5282 ostendens,
3579 5225 3681 5291 Sitti-

2171 5315 2470 5372 pressaque
2500 5300 2809 5372 unins,_ac
2859 5297 3092 5353 duorum
3138 5311 3270 5372 νοω
3319 5295 3680 5372 tyrannuintn:

2173 5361 2423 5432 duxisse,
2483 5380 2541 5424 ut
2595 5379 2650 5423 et
2707 5368 2824 5437 ipse
2884 5365 3305 5437 veramrﬁdem‘
3343 5361 3678 5437 conﬁteretur}

2168 5429 2473 5511 perlectum
2499 5429 2754 5494 nimirum
2784 5438 3062 5511 Christum
3093 5436 3150 5489 in
3197 5435 3384 5511 divina
3405 5440 3456 5486 et
3485 5429 3680 5511 hostili?

2169 5503 2387 5567 natura.
2425 5507 2608 5565 Vidcri
2649 5515 2828 5578 potest
2879 5508 3206 5578 przeclarnm
3250 5506 3352 5558 hoc
3408 5503 3674 5578 nionnotftt‘

2172 5557 2322 5643 ἱίἷιίῖξ
2337 5557 2387 5634 ’Ξ
2433 5557 2608 5634 ista"
2642 5557 2933 5633 Hiemi:
2950 5557 3078 5630 ἷξε
3090 5557 3312 5630 Titiano
3335 5557 3340 5558 ⁷
3360 5571 3482 5643 cod._
3515 5557 3678 5634 produ-

2171 5637 2342 5716 ctum,
2377 5650 2510 5705 nihil
2541 5666 2671 5707 sane
2705 5650 2830 5720 περὶ
2861 5648 3071 5712 νοθείας
3105 5653 3427 5718 suspectum.
3466 5637 3532 5691 In.
