4078 6222
435 235 541 298 737

1707 237 2382 300 CHRONOGRAPHIA.

3589 245 3698 313 133

435 345 818 411 Κυζίκου,καὶ
835 345 1244 416 πατριαρχῆσαι
1275 347 1896 410 Κωνσταντινουπόλεως
1925 347 2019 417 ἐτη

2129 351 2369 405 Andreas
2419 358 2598 404 autem
2651 347 2827 404 Cretae
2884 348 3228 418 metropolita
3283 356 3337 404 et
3387 348 3700 408 Germanus

429 439 756 500 δεκαπέντε,
795 438 992 509 καὶτῷ
1027 436 1094 506 ιγ’
1135 438 1245 491 ἔτει
1279 439 1320 470 ⁸⁸
1344 438 1444 507 τῆς
1488 438 1764 508 βασιλείας
1793 439 2023 500 Λέοντος

431 527 781 599 ἐξορισθῆναι
817 527 881 593 ¹⁹,
927 527 1024 581 καὶ
1056 527 1309 595 γενέσθαι
1351 529 1724 590 Ἀναστάσιον,
1763 527 1860 580 καὶ
1910 544 2019 579 παν

429 617 764 686 τριαρχῆσαι
793 616 888 685 ἐτη
910 616 988 669 κδ’
1008 633 1022 647 ·
1047 618 1142 671 καὶ
1167 619 1284 688 μετ’
1301 618 1463 672 αὑτὸν
1487 619 1898 672 Κωνσταντῖνον
1920 617 2015 686 ἔτη

429 709 661 772 δώδεκα,
701 709 798 763 καὶ
824 709 1075 779 Νικήταν
1115 709 1632 780 τεσσαρεσκαίδεκα,
1663 709 1757 763 καὶ
1806 708 2020 762 Παῦλον

2127 442 2309 514 Cyzici
2354 443 2564 512 pariter
2599 441 2949 512 metmpolita
2977 443 3170 496 insano
3205 441 3280 495 illi
3316 443 3553 497 concilio
3581 460 3700 496 nia-

2128 532 2330 586 nifesto
2387 531 2842 600 subseripserint,
2899 541 3109 586 etcum
3162 532 3420 588 omnibus
3450 531 3700 601 ejusdem

2124 619 2301 673 atatis
2326 619 2599 688 episcopis
2641 619 2975 674 celebratum
3013 619 3282 673 adversus
3316 621 3704 677 monothelitas

2127 711 2355 782 praefato
2384 727 2539 766 more
2599 719 2850 765 sanctum
2885 718 3100 767 sextum
3152 712 3449 766 concilium
3480 714 3706 768 anathe-

433 801 625 864 πέντε,
646 802 741 854 καὶ
767 800 1043 871 Ταράσιον
1071 807 1180 868 κα’,
1212 800 1309 854 καὶ
1353 801 1668 871 Νικηφόρον
1689 797 1740 869 η’
1763 799 1901 871 (36),
1932 799 2026 853 καὶ

2129 814 2274 858 male
2295 803 2759 873 proscripserint;
2798 810 2922 872 post
2952 817 3128 859 annos
3180 811 3293 859 tres
3323 820 3454 859 vero
3486 813 3706 859 mortuo

435 893 692 948 Θεόδοτον
729 898 807 956 ς’,
841 892 936 945 καὶ
965 891 1251 946 ’Λντώνιον
1288 898 1385 956 ις’,
1415 893 1509 945 καὶ
1542 891 1796 962 Ἰωάννην
1830 890 1922 943 τὸν
1941 890 2028 943 λε-

436 987 772 1057 κανόμαντιν
801 985 847 1016 ²⁰
873 985 967 1056 ἐτη
1005 991 1060 1049 ς’
1089 985 1185 1038 καὶ
1213 985 1360 1055 μῆνα
1382 983 1430 1038 α’
1454 984 1523 1038 ’³.

2123 891 2357 958 Joanne,
2414 893 2721 947 Germanus
2765 893 2966 964 Cyzico
3019 895 3325 953 translatus
3368 897 3441 951 sit
3490 895 3705 966 Cpolim

2123 992 2179 1038 et
2235 981 2671 1053 patriarchatum
2736 984 2974 1038 tenuerit
3007 1000 3184 1040 annos
3235 985 3574 1056 quindecim,
3610 1000 3706 1042 ee-

437 1081 674 1149 demque
731 1076 834 1132 sub
863 1077 1208 1146 imperatoris
1258 1075 1459 1131 Leonis
1505 1091 1708 1130 anuum
1737 1076 2009 1132 decimum
2049 1077 2273 1131 tertium
2335 1076 2463 1131 sede
2512 1076 2693 1144 pulso,
2730 1076 3056 1132 Anastasius
3137 1077 3302 1132 fuerit
3393 1078 3706 1137 institutus.

436 1186 492 1230 et
519 1188 692 1227 annos
724 1171 1168 1242 vigintiquatuor
1200 1171 1254 1226 in
1293 1173 1666 1242 patriarcliatu
1717 1173 2091 1228 numeraverit
2131 1188 2146 1224 :
2188 1173 2335 1226 hunc
2378 1172 2775 1226 Constantinus
2831 1172 3107 1241 exceperit
3167 1187 3342 1228 annos
3392 1175 3705 1232 duodecim.

434 1266 634 1321 deinde
659 1263 878 1318 Nicetas
895 1261 1328 1332 quatuordecim,
1346 1278 1468 1316 mox
1491 1262 1694 1318 Paulus
1717 1265 1987 1332 quinque,
2017 1273 2130 1318 tum
2156 1261 2419 1318 Tarasius
2439 1279 2606 1318 unum
2633 1273 2685 1318 ct
2715 1264 2930 1333 viginti,
2953 1263 3287 1333 Nicephorus
3305 1275 3448 1334 octo,
3467 1266 3712 1324 Theodo-

435 1371 525 1417 tus
554 1375 674 1422 sex,
706 1357 977 1412 Antonius
999 1357 1299 1421 sexdecim,
1330 1357 1564 1426 denique
1585 1356 1826 1412 Joannes
1850 1360 2254 1412 lecauomantes
2281 1371 2457 1410 annos
2490 1372 2582 1411 sex
2610 1364 2662 1410 et
2687 1371 2932 1410 mensem
2958 1372 3149 1412 unum.

507 1453 575 1504 Δ.
608 1451 685 1504 M.
717 1447 877 1501 6178.
914 1478 986 1489 —
1031 1447 1468 1502 Ἰουστινιανοῦ
1511 1447 1820 1514 ,βασιλέως
1879 1448 2015 1502 Ῥω-

430 1544 628 1616 μαίων
659 1541 795 1606 ἔτος
810 1537 884 1592 a’.

511 1633 701 1704 Τούτῳ
756 1631 835 1702 τῷ
881 1630 992 1685 ἔτει
1044 1631 1364 1686 ἀποστέλλει
1402 1631 1689 1702 Ἀϐιμέλεχ
1739 1631 1850 1702 (37)
1885 1631 2028 1702 πρὸς

451 1725 834 1784 Ἰουστινιανὺν
861 1723 1155 1795 βεϐαιῶσαι
1185 1724 1284 1795 τὴν
1313 1724 1538 1795 εἰρήνην
1563 1739 1578 1755 ⁸
1607 1724 1704 1777 καὶ
1733 1722 2022 1792 ἑστοιχήθη

437 1823 473 1892 ἡ
507 1821 553 1853 ¹⁹
583 1819 777 1889 εἰρήνη
803 1815 978 1880 οὕτως
1003 1831 1018 1847 ⁸
1056 1816 1143 1870 ῐνα
1171 1818 1199 1870 ὀ
1241 1815 1496 1885 βασιλεὺς
1534 1812 1720 1886 παύσῃ
1748 1815 1807 1867 τὸ
1837 1815 1884 1846 ⁸³
1915 1813 2024 1866 τῶν

440 1909 776 1982 Μαρδαῖτῶν
803 1908 993 1978 τάγμα
1027 1909 1090 1960 ὲκ
1138 1906 1231 1960 τοῦ
1275 1905 1533 1971 Λιϐάνου,
1574 1907 1669 1958 καὶ
1709 1904 2025 1977 διακωλύσῃ

440 2003 539 2063 τὰς
588 1998 890 2069 ἐπιδρομάς
942 1997 1123 2051 αὐτῶν
1147 2014 1163 2030 ⁸
1199 1997 1294 2050 καὶ
1333 1995 1620 2066 ’Δϐιμέλεχ
1657 1994 1803 2066 δώτῃ
1842 1997 1889 2026 ἰ
1913 1997 2028 2057 τοῖς

453 2091 767 2162 Ῥωμαίοις
815 2089 937 2143 καθ’
986 2089 1224 2159 ἑκάστην
1273 2089 1486 2160 ἡμέραν
1534 2087 1846 2156 νομίσματα
1877 2085 2027 2156 χίλια

445 2185 544 2237 καὶ
568 2185 731 2236 ἵππον
756 2183 852 2235 καὶ
881 2181 1067 2236 δοῦλον
1090 2195 1104 2210 ⁸
1132 2183 1227 2235 καὶ
1254 2180 1340 2234 ἴνα
1371 2179 1566 2250 ἔχωσιν
1591 2179 1785 2242 κοινῶς
1813 2179 1858 2210 ³⁸
1887 2177 2029 2231 κατὰ

447 2275 513 2328 τὸ
547 2274 656 2326 ἴσον
681 2272 808 2337 τοὺς
836 2274 1038 2344 φόρους
1083 2272 1181 2342 τῆς
1218 2273 1443 2342 Κύπρου
1473 2273 1569 2324 καὶ
1611 2271 1900 2340 ’Λρμενίας
1925 2269 2024 2321 καὶ

461 2365 717 2436 Ἰϐηρίας.
761 2365 872 2418 Καὶ
930 2363 1176 2434 ἔπεμψεν
1234 2366 1264 2418 ὁ
1325 2363 1580 2434 βασιλεὺς
1622 2361 1833 2414 Παῦλον
1866 2362 1956 2412 τὸν
1984 2359 2029 2391 ³⁸

449 2457 843 2529 μαγιστριανδν
906 2457 1044 2528 πρὸς
1116 2455 1404 2526 ’Δϐιμὲλεχ
1473 2455 1878 2523 ἀσφαλίσασθαι
1961 2453 2030 2505 τὰ

449 2549 804 2619 στοιχηθέντα
827 2568 842 2582 ⁸
872 2550 966 2602 καὶ
998 2548 1219 2616 γέγονεν
1264 2547 1541 2618 ἔγγραφος
1589 2545 1858 2614 ἀσφάλεια
1891 2544 2029 2614 μετὰ

451 2642 766 2713 μαρτύρων.
788 2641 900 2695 Kal
919 2640 1290 2712 φιλοτιμηθεὶς
1309 2643 1336 2694 ὁ
1361 2639 1748 2711 μαγιστριανὸς
1764 2638 2030 2708 ὑπέστρε-

447 2734 570 2800 ψεν.
595 2732 704 2786 Καὶ
740 2732 966 2802 πέμψας
995 2734 1023 2785 ὁ
1049 2731 1301 2801 βασιλεὺς
1327 2729 1696 2802 προσελάϐετο
1717 2729 1842 2791 τοὺς
1875 2729 2029 2796 Map-

449 2822 636 2886 δαῖτας
657 2823 898 2894 χιλιάδας
916 2822 1003 2892 ιβ’,
1029 2823 1126 2893 τὴν
1169 2823 1482 2893 Ῥωμαϊκὴν
1503 2821 1824 2874 δυναστείαν
1845 2822 2029 2889 ἀκρω-

451 2915 738 2984 τηριάσας.
762 2915 938 2968 Πᾶσαι
957 2917 1063 2986 γάρ
1095 2913 1188 2968 νῦν
1213 2914 1530 2985 οἰκούμεναι
1561 2913 1712 2984 παρὰ
1729 2914 1837 2966 τῶν
1863 2911 2027 2981 ’Δρά-

452 2999 670 3068 ϐωνέἰς
699 3005 770 3059 τὰ
797 3005 941 3076 ἄκρα
997 3005 1181 3067 πόλεις
1231 3003 1338 3058 ἀπὸ
1392 3004 1769 3074 Μοψουεστίας
1803 3003 1896 3055 καὶ
1924 3002 2028 3064 ἓως

451 3096 722 3167 τετάρτης
758 3099 802 3130 ³⁷
837 3097 950 3167 (38)
991 3096 1282 3167 ’Δρμενίας
1325 3096 1610 3167 ἀνίσχυροι
1649 3098 1743 3153 καὶ
1780 3097 2028 3168 άοίκητοι

451 3185 747 3256 ἐτύγχανον
786 3185 878 3240 διὰ
936 3185 1036 3256 τὴν
1087 3185 1274 3255 ἔφοδον
1329 3186 1437 3239 τῶν
1489 3186 1837 3257 Μαρδαῖτῶν,
1883 3180 1958 3240 ὦν
1982 3185 2028 3217 ’⁸

454 3279 933 3352 παρασταλῶθτων,
955 3278 1214 3332 πάνδεινα
1229 3277 1377 3333 κακά
1393 3279 1664 3333 πέπονθεν
1691 3280 1726 3349 ἡ
1751 3278 2028 3350 Ῥωμανία

450 3369 559 3424 ὑπὸ
587 3371 698 3424 τῶν
744 3371 991 3442 ’Δράϐων
1021 3372 1183 3441 μέχρι
1213 3371 1307 3424 τοῦ
1339 3370 1456 3427 νῦν.

2191 1449 2259 1503 Α.
2283 1448 2346 1502 C.
2381 1448 2580 1502 678.—
2603 1447 2961 1502 Romanorum
3013 1451 3350 1519 imperatoria
3407 1450 3711 1507 Iustiniani

2060 1527 2103 1585 Β
2135 1556 2305 1594 minus
2363 1541 2584 1608 primus.

2127 1633 2242 1688 Hoc
2295 1647 2440 1686 anno
2497 1631 2812 1687 Abimelecb
2889 1631 3170 1687 ﬁrmandae
3239 1632 3394 1703 pacis
3452 1648 3583 1704 ergo
3634 1635 3703 1690 ad

2125 1725 2496 1782 Iustinianum
2567 1725 2776 1796 legatos
2853 1727 3024 1780 misit.
3099 1723 3195 1779 His
3260 1733 3442 1780 autem
3511 1727 3704 1781 condi-

2126 1817 2370 1872 tionibus
2437 1832 2540 1886 pax
2595 1817 2768 1878 inita,
2815 1825 2874 1869 ut
2943 1816 3242 1885 imperator
3312 1815 3703 1871 Mardaitarum

2128 1924 2320 1980 agmen
2353 1924 2382 1962 e
2401 1906 2611 1962 Libano
2644 1921 3006 1976 prorumpens
3037 1909 3423 1976 comprimeret
3446 1917 3501 1961 et
3531 1909 3707 1977 impe-

2127 2001 2268 2056 diret
2294 2016 2483 2056 eorum
2514 2001 2894 2064 excursiones,
2923 1999 3237 2054 Abimelech
3274 2014 3404 2055 vero
3439 1999 3493 2054 in
3520 1999 3710 2069 singu-

2128 2093 2211 2147 los
2239 2093 2356 2147 dies
2376 2093 2524 2146 mille
2561 2107 2812 2147 nummos
2830 2106 3053 2157 aureos,
3080 2099 3134 2146 et
3160 2107 3380 2162 equum,
3407 2100 3461 2146 et
3489 2107 3708 2146 servum

2131 2184 2448 2253 imperatori
2497 2183 2796 2252 penderet;
2843 2190 2896 2236 et
2929 2189 3156 2252 uterque
3177 2185 3434 2254 princeps
3457 2182 3606 2252 justa
3649 2189 3706 2236 et

2129 2275 2326 2344 aequali
2382 2275 2636 2344 portione
2672 2272 2860 2344 Cypri,
2901 2273 3174 2327 Armeniae
3212 2281 3268 2328 et
3325 2271 3515 2327 lberite
3544 2274 3713 2327 recti-

2131 2367 2274 2436 galia
2311 2365 2456 2420 inter
2489 2381 2549 2419 se
2577 2365 2908 2420 dividerent.
2941 2365 3246 2435 Imperator
3280 2365 3506 2419 Paulum
3541 2365 3714 2436 magi-

2130 2459 2394 2514 strianum
2447 2458 2836 2513 conﬁrmandae
2873 2458 3024 2527 pacis
3077 2472 3244 2512 causa
3295 2457 3361 2510 ad
3393 2456 3714 2512 Abimelech

2130 2551 2421 2620 delegavit,
2451 2552 2749 2621 cautioque
2781 2551 2833 2628 in
2857 2549 3079 2620 scriptis
3097 2564 3279 2604 coram
3317 2549 3549 2605 testibus
3571 2549 3715 2604 facta

2129 2650 2234 2696 est.
2279 2642 2341 2694 Et
2367 2642 2760 2708 magistrianus
2797 2641 3100 2695 honoriﬁce
3132 2649 3394 2708 exceptus
3434 2639 3502 2694 ad
3542 2639 3718 2708 impem

2131 2741 2369 2786 ratorcm
2397 2735 2637 2786 revertit.
2655 2732 2720 2786 Et
2744 2732 2914 2786 misso
2937 2747 2968 2786 ο
2991 2732 3138 2785 dicto
3160 2730 3456 2786 Mardaitas
3475 2731 3541 2784 ad
3573 2730 3716 2784 duo-

2132 2826 2308 2879 decim
2361 2826 2529 2878 millia
2575 2825 2894 2895 imperator,
2945 2823 3248 2877 Romanam
3311 2823 3608 2892 potentiam
3648 2836 3718 2876 eo

2133 2913 2279 2968 facto
2308 2915 2682 2976 mutilaturus,
2713 2929 2741 2968 e
2770 2914 2890 2968 loco
2913 2913 3097 2982 priore
3125 2912 3374 2966 sustulit.
3403 2910 3536 2976 Quae
3566 2911 3714 2964 enim

2133 3005 2384 3059 civitates
2419 3004 2580 3074 303
2631 3005 2685 3058 in
2730 3005 2999 3057 montium
3045 3001 3425 3057 cacuminibus
3460 3001 3578 3055 sita:
3627 2998 3720 3052 in-

2132 3099 2391 3152 coluntur
2453 3099 2522 3150 ab
2573 3095 2855 3150 Arabibus
2901 3109 2932 3146 a
2977 3091 3328 3164 Mopsuestia:
3367 3090 3602 3145 termino
3645 3089 3717 3144 ad

2133 3200 2385 3259 quartam
2414 3203 2590 3258 usque
2609 3186 2945 3249 Armeniam,
2967 3192 3180 3240 cuncta:
3197 3184 3268 3238 ob
3297 3181 3714 3246 Mardaitarum,

2134 3281 2226 3351 qui
2259 3281 2519 3350 deinceps
2540 3279 2776 3350 repressi
2795 3287 2944 3343 sunt,
2967 3275 3327 3332 excursiones
3355 3271 3717 3329 munimentis

2135 3371 2366 3426 inﬁrma:
2389 3381 2444 3425 et
2479 3368 2884 3424 habitatoribus
2919 3381 3105 3422 vacua
3137 3367 3498 3422 exsistebant.
3542 3361 3720 3418 Gene-

451 3480 572 3520 rum
625 3481 759 3522 sane
809 3465 1055 3521 omnium
1092 3466 1434 3522 calamitates
1459 3477 1515 3521 et
1545 3465 1774 3522 adversa
1817 3465 2025 3538 quaevis
2062 3466 2118 3522 in
2151 3466 2456 3522 Romanam
2480 3465 2744 3520 ditionem
2775 3462 2845 3518 ab
2871 3477 2936 3518 ea
2966 3461 3055 3517 die
3085 3461 3140 3516 in
3170 3459 3310 3515 hanc
3376 3472 3552 3528 usque
3617 3453 3718 3509 bo-

451 3573 570 3614 ram
606 3561 844 3613 Arabum
875 3572 1043 3628 opera
1078 3557 1513 3614 inundaverunt.

527 3652 621 3722 Τῷ
649 3651 693 3705 δ’
717 3653 867 3720 αὺτῳ
891 3650 1004 3705 ἔτει
1055 3649 1267 3719 πέμπει
1301 3649 1589 3720 ’Δϐιμέλεχ
1616 3650 1835 3705 Ζίανδον
1855 3653 1903 3685 ⁸⁸
1931 3650 2026 3704 τὸν

461 3743 689 3814 ἀδελφὸν
731 3743 943 3796 Μαυϊου
989 3741 1070 3805 τίς
1120 3739 1358 3811 Περσίδα
1397 3739 1542 3793 κατὰ
1571 3741 1832 3811 Μουχτὰρ
1867 3741 1912 3772 ³⁸
1934 3738 2030 3793 τοῦ

457 3837 695 3908 ψεύστου
752 3835 848 3888 καὶ
895 3834 1188 3905 τυράννου.
1224 3833 1332 3885 Καὶ
1387 3830 1628 3902 ἀνῃρέθη
1677 3833 1899 3895 Ζίανδος
1926 3831 2034 3885 ύπδ

456 3930 738 4001 Μουχτάρ.
773 3929 883 3982 Kal
909 3925 1150 3988 ἀκούσας
1170 3913 1464 3995 Ἀϐιμέλεχ
1489 3923 1712 3996 ἔρχεται
1745 3925 1825 3988 είς
1854 3925 2034 3979 Μεσο-

2205 3646 2319 3701 Hoc
2365 3645 2532 3701 etiam
2591 3660 2738 3700 anno
2791 3641 3105 3699 Abimelecb
3163 3641 3429 3696 Ziandum
3490 3638 3714 3696 fratrem

2134 3737 2325 3792 Μανία
2354 3738 2622 3792 adversus
2652 3738 3012 3807 impostorem
3041 3743 3099 3789 et
3137 3742 3431 3804 tyrannum
3462 3730 3717 3784 Muclitar

2133 3829 2188 3883 in
2218 3827 2502 3884 Persidem
2545 3827 2720 3893 misit,
2754 3825 3006 3881 Mucbtar
3033 3837 3166 3878 vero
3195 3821 3462 3875 Ziandum
3493 3817 3717 3873 interfe-

2136 3922 2234 3976 cit.
2291 3921 2533 3991 Accepto
2577 3919 2776 3975 nuntio
2805 3915 3123 3972 Abimelecb
3175 3915 3232 3969 in
3262 3910 3712 3984 Mesopotamiam

457 4020 750 4092 ποταμίαν,
778 4019 874 4072 καὶ
903 4019 1253 4091 τυραννιῖται
1271 4015 1376 4070 ὑπὸ
1390 4016 1580 4071 Σαῒδου
1600 4030 1615 4046 ⁸
1637 4016 1696 4070 δν
1722 4015 2026 4072 ἐπανελθὼν

2137 4014 2508 4085 progreditur.
2578 4012 2788 4066 Interea
2833 4009 3038 4065 Saidus
3087 4009 3352 4062 adversus
3379 4021 3505 4060 eum
3538 4002 3714 4058 rebel-

453 4113 544 4168 διὰ
561 4112 723 4181 λόγου
745 4111 845 4183 τὴν
859 4109 1151 4181 Δαμασκὸν
1178 4107 1441 4164 πέπεικεν
1469 4105 1680 4172 ἀνοῖξαι
1696 4108 1796 4180 τὴν
1819 4126 2026 4179 προκα-

2139 4109 2299 4172 lavit,
2359 4104 2681 4161 Abimelecli
2741 4102 2940 4159 festine
3001 4114 3289 4171 regressus
3355 4096 3711 4160 Damascum,

455 4203 828 4274 ταληφθεῖσαν
848 4202 941 4257 ὑπ’
964 4202 1152 4268 αὐτοῦ,
1173 4203 1268 4256 καὶ
1292 4201 1432 4274 μετὰ
1452 4201 1612 4254 τοῦτο
1635 4200 1912 4270 δολοφονεῖ
1943 4201 2026 4254 αύ-

2138 4215 2304 4272 quam
2339 4197 2540 4254 Saidus
2565 4196 2670 4253 sibi
2708 4199 3206 4267 praroccupaverat,
3237 4191 3362 4246 data
3395 4187 3714 4243 securitatis

454 4297 568 4351 τόν.
586 4297 954 4358 Ἰουστινιανδς
976 4295 1034 4348 δὲ
1061 4294 1324 4365 νεώτερος
1351 4292 1446 4358 ὣν,
1471 4292 1547 4356 ὡς
1565 4291 1641 4357 ις’
1655 4293 1864 4365 χρόνων
1898 4293 2026 4363 (59),

2133 4293 2242 4349 ﬁde
2270 4292 2473 4364 aperiri
2508 4289 2727 4354 suadet,
2760 4290 2921 4358 cujus
2955 4287 3049 4342 ille
3069 4284 3273 4340 oblitus
3299 4279 3564 4352 perduelli
3587 4279 3716 4334 dolo

456 4394 554 4443 καὶ
613 4388 862 4452 ἀϐούλως
905 4388 975 4440 τὰ
1030 4389 1152 4442 κατ’
1198 4387 1360 4441 αὑτὸν
1405 4386 1660 4453 διοικῶν,
1713 4385 2026 4440 ἀποστέλλει

2135 4394 2367 4440 mortem
2397 4381 2605 4436 intulit.
2645 4379 2992 4435 Justinianus
3021 4389 3187 4446 porro
3220 4388 3344 4428 cum
3371 4372 3561 4441 junior
3611 4369 3714 4424 ad-

457 4482 714 4537 Λεόντιον
734 4482 828 4536 τὸν
885 4480 1192 4553 στρατηγὸν
1239 4480 1332 4532 ἐπὶ
1353 4478 1450 4549 τὴν
1483 4480 1524 4511 ³⁸
1556 4478 1852 4551 ’Δρμενίαν
1893 4478 2026 4550 μετά

2136 4479 2266 4543 huc,
2330 4489 2602 4531 annorum
2666 4471 2924 4527 videlicet
2968 4468 3266 4531 sexdecim,
3312 4465 3629 4528 exsisteret,
3660 4472 3716 4516 et

471 4572 788 4643 Ῥωμαῖκῆς
818 4571 1124 4642 δυνάμεως,
1177 4571 1424 4634 καὶτοὺς
1465 4571 1643 4623 ἐκεῖσε
1680 4570 2026 4642 Σαρακηνοὺς

2138 4570 2257 4627 suis
2281 4567 2613 4623 inconsultis
2674 4561 2990 4633 reipublicae
3038 4559 3256 4629 negotia
3294 4556 3500 4626 qua-vis
3534 4554 3712 4608 admi-

457 4666 699 4730 κτείνας,
730 4664 1028 4718 ύποτάσσει
1067 4661 1361 4734 Ῥωμαίοις
1387 4661 1650 4727 ὡσαύτως
1671 4664 1766 4718 καὶ
1791 4663 2026 4736 Ἰϐηρίαν

2135 4662 2422 4726 nistraret,
2449 4657 2740 4714 Leontium
2769 4654 2968 4710 ducem
2997 4666 3122 4707 cum
3157 4649 3421 4706 Romanis
3454 4647 3632 4720 copiis
3655 4645 3713 4700 in

1728 4777 1964 4834 νΑῐιιΑξ
1997 4775 2404 4834 LECTIONES.

2596 4865 2644 4899 ⁸⁸
2692 4859 3086 4930 λεκανόμαντιν
3145 4857 3212 4920 Α,
3234 4889 3305 4899 -
3333 4857 3540 4930 μάντην
3561 4855 3710 4924 vnlg.

2596 4936 2689 4985 ιΙα.
2763 4934 2810 4966 ⁸⁸
2840 4933 3001 4985 δώσει
3025 4931 3091 4983 Α.
3167 4930 3214 4962 ’⁸
3243 4928 3439 4985 κοινῶς
3457 4928 3522 4985 Α.
3557 4928 3710 4979 κοινὰ

2843 4928 3001 4985 δώσει
3025 4931 3091 4983 Α.
3167 4930 3214 4962 ’⁸
3243 4928 3439 4991 κοινῶς
3457 4928 3522 4992 Α,
3557 4928 3714 4979 κοινά

2843 5002 2888 5035 ⁸⁸
2910 5000 3104 5056 Ζίαδον
3139 5000 3206 5055 Α.
3304 4999 3349 5032 ³⁸
3378 4995 3642 5068 Μουχτὰρ
3664 4995 3712 5049 Δ

534 4876 578 4908 ’⁸
613 4873 723 4928 ἔτει
747 4873 875 4928 add.
918 4889 985 4929 ex
1034 4875 1100 4929 Α.
1202 4873 1247 4904 ¹⁹
1270 4870 1640 4942 ἐξορισθῆναι,
1708 4871 1926 4942 καὶνΑ,
1976 4871 2304 4942 ὲξωσθέντος
2343 4867 2501 4942 _vulg.

461 4949 503 4984 "
539 4943 812 5031 μῆνα..α’¹.
834 4947 1012 5031 μῆνῆς
1042 4947 1086 4998 Α
1119 4942 1157 5031 ".-
1190 4945 1235 4975 ”
1255 4936 1532 5031 vada“
1552 4943 1618 4995 Αο
1648 4942 1706 5031 .²³
1731 4941 1913 5031 1‘36?“
1930 4942 2002 5031 ,ἷδ
2024 4943 2090 5031 A:
2119 4941 2327 5031 παιΞΞη,
2337 4939 2425 5031 “at
2452 4936 2689 5031 τέἔἮὲῖ

461 5005 621 5086 vuig:
685 5016 732 5049 ³⁸
761 5005 855 5068 τ’ὸν
885 5005 1010 5070 add.
1038 5031 1101 5086 ex
1125 5013 1188 5068 A.
1219 5005 1308 5086 “"1
1340 5015 1608 5086 τετάρτης
1636 5012 1703 5077 Δ,
1725 5012 1782 5086 δὲ
1803 5005 1967 5086 τῆξδ¹
1996 5013 2141 5086 νοις.
2217 5011 2263 5044 ⁸³
2281 5005 2368 5067 ’ὧν
2390 5009 2456 5075 A,
2487 5005 2596 5061 τῶν
2617 5005 2766 5075 vulg.

463 5082 688 5158 ubiiue,
719 5086 952 5158 Μουχὰρ
988 5085 1140 5156 vulg.
1214 5083 1258 5116 ³⁸
1291 5083 1387 5136 ἐπὶ
1417 5082 1514 5154 τὴν
1546 5083 1613 5148 A,
1638 5082 1780 5135 κατὰ
1801 5085 1902 5152 τὴν
1929 5083 2080 5154 vulg.

1763 5199 1906 5258 JAC.
1944 5200 2156 5259 GOARl
2196 5197 2427 5256 NOTIE.

537 5323 650 5394 (36)
676 5322 876 5378 Novem
902 5322 1123 5394 scribet
1153 5319 1274 5374 loco
1303 5318 1546 5394 proprio.
1579 5388 1594 5394 _
1668 5387 1684 5394 _
1922 5389 1934 5394 Δ
2150 5320 2295 5394 Rara
2329 5324 2478 5394 certe
2523 5311 2842 5394 huiusmodi
2885 5301 3713 5394 oppida._necquae_facilee§:

538 5373 650 5463 ἰδῆ
676 5373 1502 5465 die—Al)imelech:nom'inibus
1543 5387 1775 5465 plurima
1819 5389 2037 5465 curiose
2147 5373 2499 5465 ctirsionibus
2523 5373 2700 5465 diripi
2723 5373 2939 5465 μυραιιὶ
2959 5373 2976 5434 Ξ
3019 5389 3080 5465 at
3111 5373 3417 5465 LibanoJet
3471 5373 3714 5465 ‘c‘l‘ttsuris

463 5445 1273 5535 exposueruntLennclavius,
1324 5468 1378 5516 et
1404 5445 1681 5514 Abra‘bam
1708 5457 2032 5516 Ecchellen-
2144 5459 2347 5535 vicina,
2368 5445 2810 5535 quaehMarglaiia:
2845 5445 3442 5535 incursarentznrrulgta:
3470 5445 3709 5535 (.3933.

465 5511 864 5604 Efsf'ie'sii‘iii
885 5511 1273 5604 ﬂigi-165i?"
1310 5511 1680 5604 ivi-"nimii
2158 5511 2837 5604 '"(iiﬁl'l'taNicephorum
2879 5521 2973 5590 qui
3019 5519 3181 5604 paulo
3213 5515 3457 5604 inierius
3485 5511 3712 5570 Libani-

537 5591 650 5678 (δῦ)
693 5606 836 5678 Bene
875 5591 1064 5678 Αιιειξι.
1107 5605 1161 5656 in
1187 5600 1699 5678 con/inibus_positw
1751 5601 2026 5678 civitates;
2140 5591 2323 5658 tar'uni
2356 5597 2590 5654 militum
2612 5591 2955 5649 'amotionem
2979 5591 3171 5662 paucis
3210 5591 3482 5643 recenset.

465 5671 575 5733 non
600 5671 744 5748 quod
785 5690 956 5732 novus
1001 5673 1180 5745 interp
1209 5713 1223 5740 ,
1253 5671 1309 5728 in
1339 5673 1593 5727 montium
1639 5671 2022 5730 cacuminibus.
