4078 6222
341 279 440 343 741

1619 270 1716 328 (ΣΗ
1726 264 1976 326 RONOG
1986 264 2293 325 RAPHIA.

3492 251 3600 316 7i2

340 388 492 457 αὐτῷ
517 385 790 456 ἐνέπρησε
833 382 924 437 τὸν
953 377 1101 436 οἷκον
1140 380 1233 435 τοῦ
1266 381 1485 435 εἰδώλου
1527 379 1695 434 αὐτοῦ
1725 381 1823 434 σὺν
1852 377 1928 448 τῷ

2043 387 2086 433 et
2116 377 2247 431 idoli
2285 376 2405 444 ejus
2447 376 2618 431 ardent
2653 375 2775 445 igne
2812 370 3118 436 succendit,
3157 368 3250 425 sed
3275 377 3329 424 et
3391 367 3596 422 idolum

340 478 548 549 εἰδώλῳ
587 478 686 547 τῆς
724 473 1150 544 σεϐασμιότητος
1180 473 1392 526 αὐτῶν·
1423 473 1489 525 δι’
1524 473 1590 542 ἦν
1628 471 1808 524 αἰτίαν
1839 467 1929 522 τὸν

339 571 533 636 Χαγὰν
586 565 894 638 στρατηγὸν
942 564 1039 633 τῆς
1097 563 1357 632 Περσίδος
1409 560 1764 632 προεϐάλετο.
1818 557 1930 610 Καὶ

343 661 593 730 ὑπετάγη
618 658 696 726 τῷ
734 655 1026 725 Ἀϐιμέλεχ
1059 655 1092 724 ἠ
1128 655 1326 725 Περσὶς
1357 654 1452 706 καὶ
1475 654 1509 722 ἡ
1538 648 1932 719 Μεσοποταμία

339 755 437 810 καὶ
467 754 503 822 ἡ
535 748 748 822 μεγάλη
790 747 1017 816 Ἀραϐία
1041 745 1136 799 τοῦ
1171 745 1442 816 Ἐθρίϐουο
1469 745 1566 799 καὶ
1595 745 1645 796 οἱ
1679 739 1932 812 ἐμφύλιοι

343 845 574 914 πόλεμοι
605 841 786 894 αὐτῶν
816 837 1085 893 ἔπαυσαν.

416 1026 483 1079 Α.
515 1023 593 1078 M.
632 1019 794 1076 6182.
841 1048 914 1060 --
956 1015 1147 1087 Τούτῳ
1181 1015 1260 1087 τῷ
1303 1015 1413 1069 ἔτει
1451 1015 1602 1078 τέλος
1638 1015 1794 1084 ἔσχεν
1839 1013 1936 1068 καὶ

347 1117 672 1186 ἀπαλλαγὴν
701 1112 904 1175 παντὸς
935 1111 1175 1181 πολέμου
1202 1111 1234 1179 ὴ
1265 1110 1372 1163 τῶν
1400 1110 1445 1141 ³⁸
1489 1107 1736 1178 Ἀράϐων
1763 1109 1932 1180 ἀρχήο

351 1207 771 1279 καὶεὶρήνευσεν
819 1202 1128 1273 Ἀϐιμέλεχ,
1161 1200 1435 1264 ὑποτάξας
1465 1201 1672 1264 πάντας
1690 1200 1756 1254 ³⁹.

425 1475 615 1547 Τούτῳ
645 1475 726 1546 τῷ
767 1474 878 1528 ἔτει
915 1474 1013 1545 τὴν
1045 1475 1182 1545 πρὸς
1218 1472 1505 1544 Ἀὁιμέλεχ
1536 1474 1759 1545 εἰρήνην
1811 1476 1940 1529 Ἰου-

357 1569 631 1632 στινιανδς
671 1567 731 1633 ἐξ
759 1569 948 1632 ἀνοίας
980 1568 1166 1621 ἔλυσεν
1193 1584 1207 1600 ο
1246 1569 1341 1621 καὶ
1374 1568 1483 1638 γὰρ
1528 1568 1625 1639 τὴν
1677 1570 1940 1639 Κυπρίων

2033 483 2246 524 summa
2282 466 2546 537 religione
2580 466 2648 520 ah
2683 467 2762 521 eis
2803 466 3012 519 cultmn
3038 462 3324 518 exstinxit.
3361 459 3489 514 Eam
3531 460 3602 514 ob

2031 576 2146 615 rem
2202 559 2518 614 Abimelech
2579 559 2801 628 Chagan
2861 556 3063 612 Persize
3111 555 3303 609 ducem
3346 554 3602 614 instituit.

2036 660 2204 722 alque
2247 652 2320 706 ita
2370 649 2584 717 Persia,
2644 649 3060 719 Mesopotamia,
3123 660 3318 714 magna
3376 644 3600 707 Arabia,

2034 760 2157 815 quae
2213 743 2448 808 Ethribi,
2499 741 2812 796 Abimelech
2869 740 3101 808 imperio
3155 740 3603 798 sabsternuntur,

2035 835 2329 905 omniaque
2389 834 2532 888 inter
2587 833 2798 888 Arabes
2850 831 3016 886 variis
3084 830 3337 886 :etatibus
3402 832 3606 900 agitata

2035 926 2175 982 bella
2203 926 2384 980 civilia
2414 939 2722 981 cessavcre.

2105 1019 2171 1074 A.
2210 1019 2272 1074 C.
2308 1016 2672 1079 682.—l~loc
2728 1032 2872 1072 anno
2921 1016 3278 1072 dissidiorum
3344 1014 3503 1070 linem
3556 1021 3609 1068 et

2036 1109 2348 1182 praeliorum
2401 1113 2646 1165 omnium
2699 1112 2904 1166 exitum
2969 1110 3211 1164 Arabum
3268 1109 3610 1180 principatus

2037 1203 2294 1259 obtinuit.
2333 1203 2395 1258 Et
2427 1219 2551 1260 cum
2582 1203 2827 1273 reliquos
2865 1203 3142 1273 principes
3181 1216 3283 1258 suo
3334 1202 3608 1270 subiecis-

2040 1303 2123 1350 set
2158 1296 2391 1365 imperio
2424 1305 2476 1350 et
2505 1299 2739 1366 pepulos
2769 1297 2822 1350 in
2865 1310 3001 1364 pace
3050 1295 3443 1355 continuisset,
3498 1293 3614 1362 ipse

2038 1389 2349 1444 Abimeleeh
2392 1403 2582 1458 pacem
2621 1389 2876 1457 prosequi
2904 1388 3137 1442 sluduit.

2110 1481 2223 1536 lloe
2242 1497 2386 1536 anno
2410 1482 2774 1552 compositam
2809 1496 2932 1535 cum
2962 1477 3280 1534 Abimeleeh
3323 1494 3509 1549 pacem
3545 1493 3609 1532 ex

2043 1573 2208 1628 animi
2242 1574 2522 1629 dementia
2552 1572 2902 1630 Justinianus
2955 1572 3142 1629 solvit.
3199 1571 3365 1642 Cypri
3413 1571 3616 1640 quippe

355 1663 522 1732 νῆσον
553 1662 765 1730 ἀλόγως
807 1661 1117 1731 μετοικίσαι
1163 1660 1276 1730 (45)
1325 1661 1688 1724 ἐσπούδασεν,
1743 1662 1837 1714 καὶ
1877 1660 1940 1714 τὸ

2045 1665 2254 1720 incolas
2311 1664 2367 1718 in
2420 1664 2579 1718 aliam
2633 1667 2914 1735 regionem
2987 1671 3362 1727 transportare
3417 1661 3616 1716 stolide

358 1727 552 1809 σταλδν
601 1727 868 1823 χάραγμα
915 1751 1068 1822 παρὰ
1113 1727 1401 1822 ’Λειμέλεχ
1440 1752 1700 1819 νεοφανὲς
1748 1752 1808 1806 ὃν
1846 1759 1942 1812 καὶ

2046 1758 2305 1827 nulloque
2332 1771 2468 1812 sano
2487 1757 2722 1810 consilio
2763 1757 3061 1811 meditatus
3109 1765 3212 1822 est,
3252 1768 3617 1823 nummosquc

359 1846 630 1918 μηδέποτε
669 1845 892 1913 γεγονὸς
937 1844 998 1897 οὐ
1043 1843 1423 1915 προσεδέξατο.
1475 1843 1689 1912 Πλῆθος
1731 1843 1787 1896 δὲ
1824 1845 1941 1898 Κυ-

357 1939 537 2011 πρίων
565 1936 859 2008 περώντων
898 1935 1318 2005 κατεποντίσθη,
1361 1935 1456 1988 καὶ
1491 1935 1599 1987 ἀπὸ
1632 1936 1944 2006 ἀρρωστίας

357 2031 579 2086 ὤλοντοο
619 2033 714 2084 καὶ
739 2032 795 2090 ,οί
843 2029 1019 2082 λοιποὶ
1049 2029 1398 2099 ἐστράφησαν
1439 2029 1519 2090 εἰς
1554 2027 1799 2098 Κύπρον.
1835 2030 1945 2082 Καὶ

358 2117 601 2186 ἀκούσας
642 2119 818 2174 ταῦτα
876 2119 1167 2190 Ἀϐιμέλεχ
1193 2160 1207 2184 ,
1244 2120 1561 2191 ὑποκριθε“ις
1614 2120 1942 2184 σατανικῶς,

361 2213 662 2286 παρεκάλει
697 2213 772 2284 μὴ
809 2212 1042 2282 λυθῆναι
1077 2211 1177 2282 τὴν
1210 2213 1433 2282 εἰρήνην
1456 2250 1471 2276 ,
1503 2210 1639 2264 ἀλλὰ
1689 2213 1945 2281 δεχθῆναι

362 2307 464 2377 τὴν
492 2304 654 2359 αὐτοῦ
692 2306 958 2376 μονῆταν,
992 2304 1067 2368 ὡς
1095 2302 1205 2356 τῶν
1251 2302 1501 2374 Ἀράϐων
1543 2302 1618 2372 μὴ
1647 2303 1947 2373 καταδεχο-

369 2400 550 2471 μένων
594 2397 688 2467 τὴν
729 2397 840 2450 τῶν
899 2394 1189 2466 Ῥωμαίων
1233 2395 1485 2465 χαραγὴν
1530 2396 1588 2447 ὲν
1636 2396 1750 2457 τοῖς
1796 2393 1948 2458 ἰδίοις

364 2491 719 2561 νομίσμασιν,
759 2491 860 2558 τῆς
904 2488 1072 2558 ὁλκῆς
1117 2485 1213 2540 τοῦ
1263 2485 1467 2557 χρυσοῦ
1522 2485 1805 2556 διδομένης
1856 2487 1948 2539 καὶ

367 2578 497 2646 μιᾶς
529 2577 733 2648 ζημίας
759 2578 872 2639 τοίς
919 2575 1209 2646 Ῥωμαίοις
1241 2575 1534 2646 γινομένης
1562 2575 1607 2607 ⁸⁸
1637 2577 1704 2629 ἐκ
1729 2575 1824 2629 τοῦ
1854 2576 1950 2630 νέα

367 2667 661 2738 χαράσσειν
695 2667 943 2736 ’Δραὸας
977 2667 1110 2738 (46).
1152 2667 1211 2721 '0
1249 2668 1306 2720 δὲ
1332 2668 1432 2736 τὴν
1476 2668 1825 2739 παράκλησιν
1869 2671 1950 2729 εἰς

369 2758 532 2826 φόϐον
562 2759 787 2830 νομίσας
806 2798 822 2822 ,
853 2759 954 2812 οὐκ
994 2759 1289 2829 ἐννοήσας,
1315 2759 1397 2811 δτι
1426 2758 1488 2811 τὸ
1514 2758 1949 2828 σπουδαζόμενον

370 2851 553 2914 αὐτοῖς
572 2846 640 2921 ἦν
665 2849 873 2904 παῦσαι
903 2849 1002 2920 τὴν
1025 2851 1133 2903 τῶν
1157 2849 1488 2922 Μαρδαῖτῶν
1511 2852 1826 2920 ἐπαγωγὴν,
1855 2852 1950 2904 καὶ

371 2942 516 2996 οὕτω
559 2943 648 2996 διὰ
675 2943 1012 3013 δοκουμὲνης
1041 2941 1264 3010 εὐλόγου
1304 2943 1630 3012 προφάσεως
1660 2942 1818 2995 λῦσαι
1850 2943 1950 3015 τὴν

2045 1836 2217 1921 ﬁgura
2252 1857 2505 1904 recenter
2535 1850 2847 1919 excogitata
2877 1857 2930 1903 et
2954 1848 3221 1902 hactenus
3252 1845 3477 1900 omnino
3509 1861 3617 1898 non

2044 1944 2161 1998 visa
2207 1942 2276 1998 ab
2321 1941 2636 1997 Abimeleeh
2682 1941 2949 1996 conﬂatos
2979 1952 3033 1996 et
3069 1941 3123 1995 in
3158 1941 3389 2011 vectigal
3420 1941 3619 1994 missos

2046 2033 2332 2088 admittere
2373 2033 2663 2088 recusavit.
2699 2031 3026 2102 Cypriorum
3057 2031 3291 2086 subinde
3320 2027 3617 2083 multitudo

2047 2126 2262 2196 ingens,
2297 2139 2421 2179 cum
2461 2139 2613 2179 mare
2665 2123 2964 2194 trajiceret,
3012 2124 3299 2179 submersa
3349 2129 3454 2188 est,
3493 2135 3620 2189 pars

2047 2219 2212 2272 etiam
2237 2215 2622 2287 ingruentibus
2655 2215 3094 2286 morbisjactata
3146 2213 3374 2278 interiit,
3425 2210 3618 2280 reliqui

2046 2308 2205 2380 305
2254 2308 2492 2380 Cyprum
2540 2309 2838 2364 redierunt.
2899 2309 3104 2363 llorum
3162 2315 3392 2376 accepto
3425 2304 3620 2359 nuntio

2049 2399 2299 2455 satanica
2343 2398 2563 2453 vafritic
2596 2398 2910 2453 Abimclech
2967 2397 3290 2460 instructus,
3343 2408 3406 2448 ac
3465 2391 3623 2447 dolos

2047 2505 2269 2562 parans,
2304 2506 2492 2561 pacem
2527 2505 2555 2544 a
2585 2489 2899 2546 Justiniano
2944 2501 3218 2556 nusquam
3253 2483 3388 2540 solvi
3427 2499 3620 2553 preca-

2050 2585 2212 2640 batur
2247 2601 2261 2637 :
2293 2583 2568 2639 Arabibus
2599 2584 2826 2652 insuper
2877 2583 3148 2651 sculptam
3193 2595 3221 2633 a
3251 2576 3518 2632 Romanis
3555 2576 3624 2630 li-

2050 2689 2242 2747 guram
2278 2676 2333 2730 in
2365 2683 2630 2731 consueto
2678 2689 3032 2729 nummorum
3095 2687 3322 2726 suorum
3381 2687 3483 2724 usu
3543 2669 3626 2722 vel

2052 2767 2381 2823 conﬂatione
2426 2767 2882 2838 approbantibus,
2931 2765 3206 2821 monetam
3253 2780 3282 2818 a
3328 2779 3388 2818 se
3435 2777 3625 2816 cusam

2051 2860 2266 2914 admitti
2295 2860 2535 2928 regabat,
2567 2859 2800 2927 maxime
2826 2873 2946 2913 cum
2980 2873 3043 2912 ex
3076 2871 3212 2909 nova
3243 2854 3386 2923 apud
3417 2853 3628 2919 Arabes

2053 2951 2270 3020 signata
2310 2949 2556 3004 debitum
2587 2950 2642 3002 in
2681 2949 2915 3018 vectigal
2950 2947 3070 3000 auri
3128 2944 3340 3014 pondus
3396 2942 3628 2996 Romani

371 3032 626 3102 είρὴνην’
667 3031 698 3084 ὃ
732 3031 828 3085 καὶ
868 3031 1107 3097 ἐγένετο.
1152 3032 1262 3084 Καὶ
1301 3031 1627 3084 ἀπέστελλεν
1668 3031 1942 3101 Ἀδιμέλεχ

2055 3032 2369 3110 acciperent
2399 3039 2643 3109 nihilque
2682 3039 2761 3094 eis
2795 3037 2979 3091 damni
3007 3035 3314 3091 accederet.
3363 3031 3454 3087 Ille
3480 3034 3620 3084 Ara-

371 3122 722 3193 οἰκοδομῆσαι
749 3123 841 3176 τὸν
873 3121 969 3176 τοῦ
992 3123 1199 3176 Μακκᾶ
1227 3122 1270 3154 ⁸⁸
1305 3123 1418 3194 (47)
1442 3123 1590 3176 ναόν.
1624 3125 1736 3177 Καὶ
1754 3123 1942 3193 ἠθέλη-

2057 3136 2184 3190 bum
2217 3147 2412 3203 preces
2468 3141 2670 3187 metum
2715 3131 3061 3192 existimans,
3119 3141 3222 3182 nec
3270 3125 3323 3180 id
3379 3125 3461 3182 eis
3509 3141 3632 3182 esse

376 3231 467 3268 σεν
505 3216 707 3286 ἐπᾶραι
733 3215 858 3278 τοὺς
889 3214 1072 3278 κίονας
1110 3215 1207 3284 τῆς
1238 3215 1398 3283 ἁγίας
1425 3213 1804 3284 Γιϐσημανῆς.
1845 3215 1942 3268 Kal

2058 3223 2314 3288 consilio,
2349 3231 2409 3277 ut
2455 3221 2844 3276 Mardaitarum
2883 3219 3144 3274 cohibitis
3175 3216 3633 3288 impressionbus

375 3307 748 3377 παρεκάλεσεν
778 3307 938 3360 αὑτὸν
967 3306 1190 3377 Σέργιος
1221 3323 1305 3369 τις
1332 3304 1471 3376 ἀνὴρ
1505 3306 1942 3376 χριστιανικώτα·

2061 3315 2166 3385 ipsi
2203 3314 2517 3370 verisimilis
2570 3327 2752 3368 causai
2801 3312 3028 3366 obtentu
3088 3325 3277 3380 pacem
3334 3309 3630 3370 solverent,

374 3415 464 3462 τος
497 3400 528 3452 ὁ
554 3397 650 3451 τοῦ
681 3397 942 3468 Μανσοῖῳ
969 3398 1082 3468 (48)
1117 3397 1332 3465 γενικὺς
1363 3398 1657 3468 λογοθέτης
1677 3439 1692 3464 ,
1719 3401 1813 3454 καὶ
1837 3401 1942 3455 Mai

2060 3423 2173 3463 non
2205 3408 2593 3463 animadvertit
2631 3406 2812 3477 :quod
2845 3405 3061 3460 demum
3091 3403 3292 3458 factum
3329 3411 3430 3457 est.
3462 3400 3636 3455 Misit-

376 3491 721 3562 ᾠκειωμένος
750 3492 794 3523 δ’
827 3490 906 3560 τῷ
950 3490 1100 3560 αὑτῷ
1148 3490 1436 3560 Ἀὁιμέλεχ
1467 3492 1561 3544 καὶ
1599 3493 1884 3562 πατρίκιος
1929 3495 1942 3545 ί

2061 3515 2168 3571 quc
2200 3498 2514 3555 Abimelech
2547 3498 2639 3568 qui
2677 3499 2938 3568 templum
2979 3495 3178 3551 Macea:
3223 3498 3634 3556 COIlSll‘uel‘Clll,

378 3582 567 3636 τούτου
590 3581 882 3652 ἐφάμιλλος
903 3582 1012 3635 τῶν
1036 3582 1178 3668 κατά
1197 3581 1294 3651 τὴν
1320 3582 1681 3654 Παλαιστίνην
1703 3585 1938 3655 Χριστια

2058 3592 2282 3662 jamque
2305 3599 2510 3648 sanctae
2535 3589 2930 3646 Gethsemanes
2968 3589 3257 3643 columnas
3309 3587 3504 3638 tollere
3537 3600 3635 3652 pa-

380 3675 488 3727 νῶν
520 3673 768 3744 προῦχων
787 3716 801 3740 ,
834 3675 862 3727 ὁ
891 3673 1123 3745 ἐπίκλην
1173 3673 1404 3737 Κλαισδς
1425 3673 1471 3706 ⁵³
1490 3715 1506 3740 ,
1546 3673 1855 3746 αἰτούμενοι
1886 3676 1942 3745 μ’]

2063 3693 2240 3737 ratum
2277 3682 2522 3751 Sergius,
2554 3683 2640 3736 vir
2672 3681 2983 3736 Christiana
3019 3682 3217 3749 pietate
3272 3677 3630 3746 conspicuus,

383 3765 824 3834 γενέσθαιτοῦτο,
842 3766 977 3819 ἀλλὰ
1001 3765 1068 3819 δι’
1095 3767 1301 3829 ἱκεσίας
1321 3765 1501 3819 αὐτῶν
1521 3767 1706 3819 πεῖσαι
1739 3767 1942 3820 Ἰουστι·

2064 3769 2286 3824 Mansur
2302 3770 2573 3838 logotheta
2591 3771 2862 3839 generalis
2887 3779 2939 3824 et
2959 3769 3062 3838 ipsi
3085 3765 3399 3822 Abimelech
3419 3781 3632 3820 summa

387 3856 572 3911 νιανὸν
617 3857 805 3923 ἄλλους
837 3860 1150 3914 ἀποστεῖλαι
1194 3860 1310 3913 ἀντ’
1370 3857 1583 3912 αὺτῶνο
1632 3859 1771 3929 ὅπερ
1793 3857 1841 3890 ’⁵⁸
1869 3875 1942 3912 κα

2068 3862 2475 3917 necessitudine
2496 3861 2848 3930 coniunctus,
2886 3869 2941 3914 et
2966 3860 3234 3930 patricius
3263 3859 3486 3927 quidam
3514 3857 3637 3924 ejus

386 3949 652 4020 γέγονεν.¹

2067 3955 2298 4024 collega,
2334 3965 2698 4024 cognomento
2723 3953 2950 4018 Clresus,
2983 3952 3417 4005 Christianorum
3453 3950 3507 4002 in
3535 3948 3638 4001 l‘a-

385 4043 604 4098 laestina
637 4043 945 4114 degentium
981 4043 1490 4114 praestantissimus.
1521 4042 1683 4098 ambo
1717 4057 1786 4098 ne
1824 4041 1877 4098 id
1902 4042 2109 4100 faceret
2153 4046 2432 4116 deprecati
2488 4053 2638 4112 sunt,
2721 4044 2950 4115 polliciti
3019 4057 3080 4099 se
3145 4043 3328 4112 potius
3384 4040 3640 4112 precibus

385 4136 504 4192 suis
531 4150 652 4192 cum
684 4135 994 4194 Iustiniano
1016 4145 1261 4202 acturos,
1305 4145 1366 4192 ut
1397 4136 1535 4192 alias
1597 4136 1654 4191 in
1714 4151 1903 4192 earum
1970 4139 2150 4194 locum
2213 4139 2632 4204 transmitteret,
2689 4135 2837 4208 quod
2893 4139 2967 4192 ita
3019 4133 3369 4207 postmodum
3457 4146 3638 4189 aetum

385 4237 489 4285 est.

456 4324 521 4375 Α.
554 4320 624 4376 Μ.
655 4322 814 4378 6185.
843 4352 912 4364 —-
937 4321 1124 4393 Τούτῳ
1163 4320 1240 4393 τῷ
1273 4321 1382 4375 ἔτει
1432 4322 1808 4386 Ἰουστινιανὸς
1861 4322 1941 4377 ἀπ

2138 4325 2203 4379 A.
2230 4321 2293 4378 C.
2329 4321 2455 4376 685.
2486 4351 2558 4361 —
2592 4319 2708 4375 Hoc
2741 4333 2888 4373 anno
2921 4333 2986 4373 ex
3029 4315 3328 4386 deportatis
3361 4315 3414 4369 in
3451 4316 3639 4368 Asiam

390 4415 614 4480 ελέξατο
642 4417 706 4468 ἐκ
736 4415 848 4468 τῶν
883 4413 1336 4486 μετοικισθέντων
1360 4414 1450 4466 ὑπ’
1486 4414 1652 4469 αὐτοῦ
1683 4415 1940 4469 Σκλάὄων

2071 4415 2279 4471 Sclavis
2314 4417 2462 4469 viros
2496 4413 2640 4468 bello
2684 4413 2915 4468 idoneos
2968 4411 3132 4481 elegit
3175 4407 3540 4473 Justinianus,
3587 4419 3643 4462 et

387 4509 484 4560 καὶ
509 4508 836 4578 ἐστράτευσε
857 4507 1101 4578 χιλιάδας
1130 4506 1196 4572 λ’,
1217 4505 1313 4558 καὶ
1361 4503 1588 4569 ὁπλίσας
1635 4506 1833 4570 αὐτοὺς
1865 4509 1942 4559 ἐπι

2071 4508 2124 4562 in
2148 4507 2446 4562 exercitum
2483 4507 2549 4560 ad
2580 4505 2804 4576 triginta
2841 4503 3010 4558 millia
3077 4501 3322 4557 adiectos
3353 4501 3523 4555 armis
3553 4500 3642 4553 in-

389 4599 676 4669 ωνόμασεν
704 4599 900 4662 αὐτοὺς
927 4587 1057 4652 λαδν
1088 4596 1421 4670 περιούσιον,
1437 4596 1673 4670 ἄρχοντά
1692 4614 1754 4650 τε
1784 4597 1942 4651 αὐτῶε

2069 4599 2292 4664 struxit,
2320 4611 2460 4667 quos
2485 4596 2660 4652 aciem
2699 4592 3242 4664 superabundantem
3279 4589 3640 4658 nuncupavit,

389 4689 659 4747 Νέὁουλον
677 4691 934 4762 τοῦνομα.
956 4691 1249 4765 Θαρρήσας
1263 4691 1320 4746 δὲ
1333 4693 1412 4755 είς
1427 4691 1624 4754 αὐτοὺς
1642 4689 1942 4760 γεγράφηκι

2070 4698 2124 4744 et
2150 4704 2340 4744 eorum
2363 4688 2648 4744 ductorem
2677 4685 2966 4742 Nebulum.
3003 4681 3208 4736 Eorum
3250 4682 3435 4737 robori
3465 4681 3644 4735 conli-

1671 4783 1904 4837 VARIAL'
1942 4781 2234 4839 LECTION
2242 4783 2344 4839 ES.

465 4877 508 4909 ⁸⁸
541 4877 648 4932 τῶν
693 4879 818 4932 add.
854 4893 921 4933 ex
949 4879 1014 4932 A.
1091 4878 1135 4912 ³9
1166 4876 1440 4944 ὑποτάξας
1471 4875 1680 4948 πάντας
1705 4875 1771 4942 Α,
1803 4877 1898 4948 ὑπ.
1932 4876 2026 4928 καὶ
2062 4877 2386 4948 εἰρηνεύσας
2432 4875 2639 4948 πάντας
2667 4873 2828 4948 “vulg.

403 4946 699 5018 Ῥωμαίοις
730 4949 1021 5018 γινομένης
1072 4949 1202 5018 add.
1242 4964 1306 5002 ex
1359 4949 1427 5002 A.
1451 5015 1482 5018 η
1520 4948 1561 5018 ’f‘
1596 4947 1770 5012 Μακᾶ
1807 4947 1871 5008 Α,
1901 4948 2068 5016 Μαχά
2098 4944 2182 5014 e,
2209 4948 2399 5002 Μαίκα
2452 4948 2492 5012 Γ,
2524 4945 2700 5014 Μαχῶ
2736 4944 2882 5014 vulg.

391 5015 538 5089 vulg.
611 5020 658 5052 “
681 5015 938 5090 Κλαυσῆς
956 5015 1024 5086 Ᾱ,
1054 5017 1294 5081 Κλαῦσις
1320 5032 1370 5071 a.
1447 5015 1492 5049 ⁸⁵⁸
1524 5016 1660 5089 ὅπερ
1689 5018 1755 5079 A,
1778 5019 1807 5069 ὁ
1833 5018 1979 5088 vulg.

1683 5104 1821 5160 JAC.
1853 5105 2066 5163 GOARI
2095 5108 2330 5166 NOTAE.

466 5201 582 5276 (45),
610 5200 801 5276 Cypro
822 5201 1081 5276 nimirum
1115 5199 1420 5276 communis
1468 5197 1612 5268 juris
1661 5198 1963 5276 exsistente
2070 5204 2250 5276 “(47)
2283 5201 2610 5276 Placet_pr:e
2632 5199 2860 5276 reliquis
2898 5195 3216 5276 Peyreziani
3244 5210 3306 5276 ex
3337 5191 3647 5276 Palnleetio

391 5281 448 5326 et
473 5262 707 5340 utrique
722 5273 954 5341 principi
987 5285 1230 5343 annuum
1258 5262 1857 5343 tributu'mApeudeute.
1898 5282 1964 5323 ex
2068 5262 2276 5339 Μαῖκᾶι,
2314 5287 2418 5343 qua
2460 5262 2659 5343 Mecca
2708 5262 3072 5343 M'ahomet'icp
3109 5267 3364 5343 sepulcro
3416 5262 3645 5343 illustris

393 5331 650 5410 superius
681 5331 865 5398 dietis.
897 5331 970 5396 De
990 5341 1313 5414 Cypriorum
1318 5331 1665 5414 migratione
1689 5336 1963 5394 Constan-
2069 5331 2414 5414 intelligitur.
2441 5342 2684 5395 Arabum
2715 5356 2970 5400 sermone
2997 5331 3189 5392 Maccd
3219 5335 3446 5391 dicitur.
3467 5331 3647 5385 Leua-

393 5409 566 5476 tinus,
600 5413 673 5482 De
706 5416 851 5466 adm.
893 5409 1049 5479 imp.,
1076 5409 1242 5482 capp.
1280 5411 1348 5482 4]
1375 5409 1431 5464 et
1460 5409 1549 5464 48.
1598 5478 1613 5482 Α
1777 5477 1810 5482 __
2068 5409 2313 5470 cuvuu's.

468 5470 603 5558 (46)
634 5481 836 5558 Fuerat
887 5470 1254 5558 hocjinsigne
1306 5479 1539 5558 Romani
1597 5477 1835 5558 imperii.
1905 5487 1964 5533 ut
2141 5486 2252 5558 (48)
2315 5486 2480 5558 Vocis
2535 5483 2969 5558 expositionem_
2999 5477 3210 5558 profert
3247 5470 3648 5558 auctorqipse

394 5543 606 5631 nummi
638 5557 788 5608 aurei
835 5569 944 5631 non
973 5555 1074 5608 alia
1123 5543 1470 5631 signarentur
1507 5543 1763 5631 imagine,
1803 5564 1963 5618 quam
2070 5543 2196 5627 pag.
2235 5543 2360 5615 350,
2388 5543 2637 5615 omcimﬁ
2666 5555 2885 5614 videtur
2919 5543 3019 5607 hic'
3048 5547 3193 5619 apud
3247 5543 3520 5599 Barbaros
3561 5543 3647 5596 in-

395 5622 515 5690 cjus
562 5624 943 5693 imperatoris;
992 5625 1138 5694 quod
1184 5621 1328 5694 l'orte
1368 5622 1461 5690 jus
1507 5621 1856 5677 Justinianus
1907 5630 1966 5676 ut
2071 5621 2279 5684 'diéare.

397 5705 689 5752 assereret.
718 5697 790 5748 ita
823 5693 1219 5766 pacemsolvit.
1250 5693 1540 5750 Counens.

2935 4871 2981 4903 ⁵⁸
3011 4869 3109 4924 καὶ
3141 4870 3502 4941 μιᾶςζημίας
3531 4871 3646 4932 τοῖς

2957 4942 3003 4974 δ’
3033 4940 3380 5012 ᾠκειωμένος
3432 4941 3500 5007 Α,
3535 4943 3643 4995 οίκ.
