4078 6222
395 343 502 408 ’18⁸1
1770 337 2006 397 ἸῚΙΕΟῘ

2108 336 2262 397 ms
3576 331 3679 396 788

402 462 474 517 Ib
500 477 568 517 eo
595 474 655 516 se
685 455 852 525 recipi
886 450 1191 522 deprecati,
1242 448 1531 502 Masalmas
1560 457 1739 501 autem
1772 450 1987 503 intelle-

2108 449 2419 518 Βουλόμενης
2464 448 2653 502 τοῦτον
2704 447 2980 507 δελεάσαι,
3047 446 3142 498 καὶ
3181 446 3499 518 εἰρηνεῦσαι
3557 460 3679 519 μετ’

403 555 539 615 etis,
581 565 719 619 quas
754 550 808 601 in
845 545 1231 613 imperatorem
1282 538 1653 593 Theodosium
1681 541 1790 594 dux
1822 542 1985 593 babe-

2108 541 2280 603 ιὺτοῦ,
2313 543 2407 595 καὶ
2440 539 2508 593 δι’
2535 538 2703 592 αὑτοῦ
2729 539 2831 609 τὴν
2870 537 3185 608 Ῥωμανίαν
3216 539 3507 606 ὑποτάξαι,
3536 542 3686 609 λέγει

401 644 520 702 bat,
556 636 886 699 inimicitiis,
919 649 1044 689 cum
1088 648 1213 688 eum
1264 630 1407 687 dolis
1452 633 1723 697 inescare,
1766 641 1822 687 ct
1858 647 1989 701 pace

2108 635 2309 698 ιὺτοῐςο
2344 633 2459 686 Οὐκ
2488 631 2611 686 ἐστέ
2636 631 2730 685 τοῦ
2764 629 3116 701 στρατηγοῦς
3147 632 3213 684 Οἱ
3241 631 3297 684 δὲ
3341 628 3518 685 εἶπον·
3553 635 3681 692 Ναί,

399 750 529 791 cum
595 747 663 787 eo
716 731 836 784 ficte
894 727 1221 796 composita,
1285 724 1408 795 ejus
1452 738 1623 794 opera
1686 720 1991 776 Bottiaeam

2108 729 2305 782 ῙΙοιεϊτε
2330 726 2381 780 ετ
2403 743 2457 780 τι
2484 727 2631 779 ποιεῖ
2659 725 2902 787 ἐκεῖνοςς
2930 722 3055 777 Ὀτι
3082 723 3209 777 Ναί.
3251 723 3385 776 Τότε
3408 723 3556 792 λέγει
3588 724 3685 781 αὑ-

402 841 618 884 omnem
652 824 915 877 ditionem
966 818 1261 888 subjugare
1315 822 1572 881 tentaret,
1634 814 1992 884 Cappadoces

2108 822 2225 884 τοῖςο
2252 818 2543 873 Ἀπέλθετε
2573 819 2632 870 ἐν
2663 819 2777 879 τοῖς
2805 816 3063 886 κάστροις
3086 814 3242 884 ὑμῶν
3271 815 3407 887 (δε).
3442 819 3534 871 καί
3562 836 3684 872 τινα

403 917 573 991 326
597 918 938 984 interrogat:
993 912 1189 965 Annon
1233 910 1392 965 ducis
1420 918 1604 981 partes
1653 909 1997 964 defenditis?

2108 911 2179 985 μὴ
2221 910 2517 981 φοὸηθῆτε.
2554 909 2665 963 Καὶ
2703 907 3045 979 παρήγγειλε
3075 907 3154 978 τῷ
3182 907 3297 979 λαῷ
3327 910 3372 940 ³⁸
3408 910 3573 963 αὑτοῦ
3611 913 3686 983 μὴ

405 1009 521 1064 Illis
561 1005 995 1062 assentientibus
1023 1000 1291 1062 :Facitis.
1324 1002 1421 1066 ait,
1444 1000 1709 1071 quidquid
1740 1002 1833 1054 ille
1874 1014 1994 1053 mo-

408 1100 576 1155 litur?
611 1097 894 1159 Facimus,
923 1094 1211 1163 inquiunt.
1246 1091 1384 1145 Tum
1422 1094 1535 1157 ille,
1593 1090 1841 1161 Recipite
1874 1105 1992 1152 vos,

408 1192 735 1263 respondet.
800 1190 855 1242 in
911 1195 1096 1241 castra
1149 1193 1358 1247 vestra,
1409 1199 1511 1238 nec
1549 1198 1880 1254 quemquam
1923 1183 1995 1236 ti-

408 1284 683 1342 Iuneritis.
719 1278 798 1335 Ne
829 1293 959 1333 vero
987 1276 1268 1330 exercitus
1306 1290 1373 1329 ex
1424 1276 1623 1345 quavis
1662 1275 1825 1330 ducis
1873 1289 1999 1345 pro-

410 1378 591 1433 vincia
628 1373 868 1445 praedam
910 1377 1101 1440 ageret
1129 1368 1314 1425 edicto
1345 1368 1646 1437 prohibuit.
1681 1367 1779 1422 llis
1802 1354 1998 1438 cognio

410 1473 506 1534 tis,
534 1467 681 1538 quod
714 1481 772 1520 se
826 1462 1218 1533 colloquioque
1248 1460 1481 1515 dimisso
1512 1459 1733 1529 fugerit,
1764 1458 2001 1511 Sulima-

412 1577 541 1616 netu
577 1558 852 1611 hlasalmae
880 1555 1085 1610 litteris
1115 1553 1481 1623 signiﬁcasse,
1514 1550 1623 1605 dux
1661 1551 1997 1620 contempla-

421 1665 534 1717 tus,
572 1651 690 1721 ipse
725 1648 1001 1703 Masalma:
1040 1646 1094 1700 in
1151 1646 1293 1699 hanc
1340 1646 1668 1699 sententiam
1725 1645 1948 1713 scripsit
1984 1661 1998 1697 :

2094 1003 2424 1076 πραιδεῦσαι
2456 1003 2518 1055 ἐν
2560 1001 2763 1064 πάσαις
2807 1004 2928 1064 ταῖς
2990 1001 3282 1072 ἐπαρχίαις
3334 1000 3431 1055 τοῦ
3490 1019 3688 1072 στρατ-

2096 1095 2258 1169 ηγοῦ.
2288 1094 2477 1149 Ταῦτα
2504 1095 2665 1163 γνοὺς
2698 1096 2726 1147 6
2758 1093 3092 1163 στρατηγὸς,
3126 1095 3219 1147 καὶ
3237 1095 3514 1164 ἐννοηθεὶς
3545 1097 3629 1149 ὅτι
3659 1098 3689 1149 6

2096 1189 2403 1260 Σουλεῖμὰν
2449 1188 2602 1258 δηλοῖ
2632 1188 2710 1258 τῷ
2758 1185 3058 1257 Μασαλμᾷ,
3103 1187 3187 1240 ὅτι
3231 1186 3445 1256 ἀφῆκεν
3500 1187 3686 1252 αὑτὸν,

2099 1285 2194 1339 καὶ
2222 1280 2576 1354 ἀνεχώρησεν
2593 1298 2608 1312 ·
2639 1278 2929 1334 ἀπέστειλε
2955 1278 3264 1348 γράμματα
3285 1278 3426 1350 πρὸς
3449 1278 3543 1333 τὸν
3571 1280 3684 1332 Ma.

2102 1375 2318 1445 σαλμᾶν
2355 1373 2683 1443 περιέχοντα
2704 1371 2769 1436 ³³,
2801 1371 2884 1423 ὅτι
2912 1370 3112 1439 Ἐγγύς
3141 1385 3236 1424 σου
3264 1370 3571 1441 ἐϐουλόμην
3601 1370 3691 1424 ἐλ-

2101 1466 2216 1521 θεῖν
2240 1486 2252 1499 ·
2283 1466 2400 1519 ἀλλ’
2426 1468 2454 1518 6
2488 1463 2789 1533 Σουλεῖμὰν
2818 1463 2865 1495 ⁸⁵
2915 1462 3244 1527 ἀπελθόντος
3288 1480 3391 1533 μου
3421 1462 3561 1535 πρὶς
3590 1463 3695 1517 αὑ-

2100 1561 2215 1616 τὸν.
2252 1556 2532 1628 ἠϐουλήθη
2559 1556 2832 1628 κρατῆσαί
2861 1572 2949 1625 με,
2981 1555 3076 1609 καὶ
3098 1554 3194 1609 νῦν
3218 1554 3492 1626 φοϐοῦμαι
3515 1554 3693 1609 ἐλθεῖν

2103 1654 2242 1724 πρὸς
2274 1652 2354 1704 σέ.
2398 1649 2565 1719 Λέγει
2612 1644 2707 1703 οῦν
2740 1649 2769 1702 6
2796 1646 3110 1719 Μασαλμᾶς
3146 1646 3226 1718 τῷ
3275 1647 3553 1720 ἀνθρώπῳ
3594 1648 3693 1703 τοῦ

413 1746 495 1799 Ad
545 1752 599 1798 te
663 1742 850 1795 venire
899 1739 1215 1809 cupientem
1265 1737 1515 1792 Suliman
1573 1737 1876 1801 deterruit;
1932 1735 1997 1789 ad

2108 1745 2454 1817 στρατηγοῦ·
2483 1739 2617 1797 Οἶδα
2660 1743 2742 1796 ὅτι
2790 1741 3052 1811 ἐμπαίζει
3093 1754 3183 1810 μοι
3216 1740 3260 1773 ³⁸
3297 1740 3327 1793 6
3380 1740 3697 1811 στρατηγὸς

413 1854 539 1892 cum
577 1837 780 1905 qu‘ppe
805 1833 945 1887 bona
979 1830 1083 1885 fide
1115 1828 1363 1901 profecto
1399 1844 1598 1882 manus
1633 1828 1857 1897 injicere
1884 1836 2005 1880 ten-

2108 1801 2195 1894 διὰ
2221 1839 2282 1892 τδ
2304 1801 2445 1901 ῦλως
2478 1837 2553 1907 μὴ
2580 1801 2907 1906 πραιδεῦσαι
3023 1801 3122 1897 τὰς
3146 1832 3418 1904 ἐπαρχίας
3439 1801 3695 1888 αὑτοῦ-’ί

416 1931 592 1996 tavit;
656 1941 802 1982 nunc
834 1926 1020 1995 itaque
1052 1923 1118 1979 ad
1175 1930 1229 1979 te
1275 1922 1537 1978 accedere
1586 1936 1792 1976 vereor.
1838 1920 2004 1976 Ducis

416 2021 613 2077 inintio
647 2019 938 2075 Masalmas
988 2014 1289 2086 respondet
1319 2030 1333 2068 :
1370 2013 1569 2069 Ducem
1603 2013 1735 2067 mibi
1775 2012 2006 2067 illudere

417 2130 488 2169 ne
513 2114 567 2168 iu
594 2113 716 2181 ejus
743 2109 1057 2182 provincias
1083 2123 1377 2163 excurram
1406 2115 1594 2163 certus
1627 2122 1772 2160 sum.
1794 2105 1870 2157 Ad
1892 2104 2006 2158 inec

417 2206 581 2261 ducis
642 2203 909 2259 nuntius:
952 2200 1337 2271 Nequaquam,
1372 2198 1467 2253 sed
1533 2200 1758 2252 sincero
1810 2196 2007 2251 mentis

419 2298 704 2369 proposito
728 2295 941 2352 scribit.
974 2293 1131 2348 Tunc
1158 2294 1250 2349 ille
1281 2310 1296 2347 :
1327 2293 1430 2358 Qui
1463 2300 1590 2347 sunt
1613 2292 1668 2345 in
1692 2307 1759 2346 eu
1774 2308 1824 2345 m
1850 2290 2009 2343 Amo-

417 2391 686 2446 riensium
723 2388 987 2444 atfectus?
1023 2387 1171 2441 Dixit
1203 2386 1433 2441 nuntius
1466 2404 1479 2439 :
1512 2385 1678 2456 {Equi
1731 2384 1998 2452 bonique,

418 2482 608 2536 cuncti
644 2481 898 2536 lubentes
933 2480 980 2534 ei
1007 2495 1067 2533 se
1090 2477 1353 2533 subdunt.
1387 2477 1480 2531 llle
1508 2478 1690 2533 subito
1722 2476 1815 2530 ira:
1856 2483 2005 2529 motu

417 2583 735 2642 correptus,
780 2571 1134 2625 contumeliis
1184 2569 1440 2623 nuntium
1505 2569 1821 2637 impetens:
1864 2566 2007 2633 Quid

420 2656 718 2720 mentiris?
765 2663 864 2716 ait.
894 2662 975 2716 Ad
1036 2661 1189 2715 illum
1233 2660 1636 2724 nuntiuszlta,
1682 2668 1740 2713 ut
1772 2659 1907 2723 dixi,
1950 2673 2010 2713 se

420 2772 513 2812 res
537 2755 724 2811 habet.
757 2753 1134 2809 Pmsidiarios
1163 2752 1370 2808 milites
1411 2760 1467 2807 et
1493 2766 1685 2807 eorum
1706 2752 2008 2806 ductorem

425 2848 659 2903 immisit
702 2847 754 2901 in
812 2847 1026 2908 urbem,
1054 2859 1304 2914 quasque
1340 2844 1543 2915 reperit
1592 2844 1816 2898 inutiles
1848 2842 2008 2896 fami-

422 2939 527 2995 lias
556 2939 741 3007 ejecit.
776 2937 1069 2992 hlasalmas
1091 2935 1236 2992 tristi
1263 2952 1329 2991 eo
1369 2936 1566 2990 nuntio
1595 2945 2007 3000 consternatus,

422 3046 551 3085 cum
600 3031 979 3099 indignatione
1018 3030 1275 3083 nuntium
1312 3044 1341 3083 a
1381 3044 1441 3085 se
1469 3030 1696 3083 amovit.
1740 3029 1816 3082 Ea
1853 3044 2009 3082 nam-

2106 1932 2271 1998 Δέγει
2302 1929 2454 1996 αὑτῷ
2481 1930 2510 1982 6
2549 1928 2840 1997 ἄνθρωπος
2881 1925 2977 1980 τοῦ
3022 1925 3369 1996 στρατηγοῦι
3408 1926 3527 1979 Οὐκ
3553 1926 3696 1978 ἐστιν

2104 2023 2279 2086 οὕτως
2299 2039 2314 2053 ’
2346 2022 2462 2075 ἀλλ’
2500 2023 2561 2075 ἐν
2584 2018 2818 2092 ἀληθείᾳ
2844 2036 2927 2073 σοι
2960 2019 3183 2089 γράφει.
3214 2018 3350 2072 Τότε
3375 2018 3559 2089 ἐρωτᾷ
3579 2034 3593 2049 ·
3622 2018 3697 2071 Τὸ

2106 2115 2382 2187 Ἀμώριον
2413 2113 2532 2177 πῶς
2555 2116 2703 2167 ἐστιν
2723 2114 2890 2181 ἐγγὺς
2920 2110 3089 2167 αὑτοῦ
3114 2129 3128 2175 ς
3161 2111 3331 2181 Ἔφψ
3358 2110 3582 2175 Καλῶς.
3602 2110 3699 2164 καὶ

2107 2209 2166 2261 ἐν
2194 2208 2444 2277 ὑποταγῇ
2502 2205 2689 2259 αὑτοῦ.
2735 2204 3012 2269 Ὀξυνϐεὶς
3048 2204 3107 2257 δὲ
3136 2203 3362 2274 ῦϐρισεν
3402 2204 3592 2269 αὑτὸν,
3620 2204 3699 2256 ει-

2107 2300 2259 2354 πώνο
2287 2300 2353 2352 Ti
2382 2298 2554 2369 ψεύδῃ
2582 2298 2857 2363 ςἘκεῖνος
2887 2292 3062 2361 εἶπεν,
3083 2297 3166 2350 ὅτι
3196 2298 3285 2361 Ὡς
3313 2294 3488 2362 εἷπον,
3522 2299 3699 2367 οῦτοις

2108 2393 2279 2457 ἐστὶν,
2317 2392 2411 2445 καὶ
2438 2389 2705 2456 ταξάτους
2736 2389 2928 2442 ἔϐαλεν
2971 2389 3112 2459 μετὰ
3144 2391 3242 2443 καὶ
3261 2392 3612 2460 τουρμάρχου
3640 2393 3699 2444 ἐν

2108 2483 2291 2555 αὐτῷ’
2325 2483 2422 2536 καὶ
2470 2482 2708 2553 ἐξήγαγε
2746 2482 2846 2545 τὰς
2878 2482 3146 2551 περισσᾶς
3188 2482 3467 2552 φαμιλίας.
3502 2482 3696 2553 enim

2108 2574 2204 2629 οῦν
2242 2574 2488 2645 μεγάλην
2536 2573 2830 2643 δεξάμενος
2881 2571 3011 2643 περὶ
3054 2573 3244 2626 τούτου
3293 2575 3320 2625 6
3359 2572 3692 2641 Μασαλμᾶς,

2109 2669 2203 2720 καὶ
2230 2666 2505 2737 θυμωθεὶς
2544 2663 2762 2731 ἐδίωξεν
2801 2664 2983 2717 αὑτόν.
3029 2662 3235 2735 Βουλὴν
3274 2662 3380 2733 γὰρ
3424 2658 3571 2733 εἶχεν
3602 2662 3695 2716 διὰ

2108 2758 2203 2811 τοῦ
2230 2757 2586 2827 καλοκαιρίου
2613 2755 2727 2828 (63)
2754 2755 2944 2809 λαϐεῖν
2966 2755 3119 2817 αὑτὸ,
3138 2755 3240 2817 ,καὶ
3262 2755 3576 2822 ἐκδέξασθαι
3602 2755 3698 2808 τὸν

2108 2848 2325 2912 στόλον,
2361 2850 2457 2901 καὶ
2506 2848 2653 2901 οὕτω
2686 2848 2777 2901 ἐπὶ
2825 2848 2927 2918 τὴν
2952 2847 3140 2901 Ἀσίαν
3192 2847 3478 2901 κατελθεῖν
3507 2847 3551 2880 ³⁷
3606 2847 3701 2899 καὶ

2110 2941 2399 3013 χειμάσαι.
2456 2940 2624 2995 Πάλιν
2679 2936 2773 2994 οὖν
2834 2940 3080 3010 ζητήσας
3129 2939 3223 2993 τὸν
3268 2938 3561 3007 ἄνθρωπον
3605 2938 3698 2991 τοῦ

2114 3033 2450 3105 στρατηγοῦ,
2499 3032 2855 3104 ἐπανακρίνει
2903 3033 3099 3087 αὑτόνζ
3134 3032 3193 3085 '0
3241 3032 3300 3085 δὲ
3350 3034 3491 3101 προς
3534 3032 3698 3085 αὑτδν

428 3140 539 3193 que
578 3133 771 3179 a'state
802 3124 989 3177 urbem
1025 3122 1346 3193 subjugare,
1388 3122 1621 3178 classem
1662 3132 2006 3191 exspectare,

2114 3126 2404 3196 ἐνωμότως
2435 3123 2480 3158 ³⁸
2517 3124 2643 3196 ἔφη,
2675 3125 2760 3178 ὅτι
2804 3124 2992 3177 Πάντα
3024 3122 3167 3194 ἅπερ
3216 3121 3362 3192 λέγω
3409 3140 3494 3176 σοι
3523 3122 3697 3193 ἀληθῆ

425 3225 483 3270 et
515 3232 636 3271 mox
667 3217 720 3269 in
764 3215 949 3268 Asiam
986 3213 1289 3284 profectum
1338 3215 1391 3268 in
1421 3229 1485 3268 ea
1528 3215 1758 3269 hiberna
1793 3221 2005 3283 tempe-

427 3317 573 3364 state
603 3308 805 3363 morari
841 3308 1181 3362 decreverat.
1236 3306 1439 3362 lterum
1475 3308 1640 3378 igitur
1667 3307 1827 3363 ducis
1871 3324 2009 3362 nun-

431 3404 566 3455 lium
601 3402 927 3469 interrogat,
951 3410 1004 3454 et
1036 3401 1351 3455 accuratius
1391 3401 1459 3455 ab
1486 3416 1553 3455 eo
1581 3401 1913 3465 sciscitatur,
1940 3403 2009 3456 ad

428 3510 593 3563 quem
631 3494 725 3547 ille
748 3492 967 3561 juratus
1015 3494 1130 3547 ait:
1167 3492 1299 3558 Quae
1327 3493 1608 3548 enuntiavi
1647 3504 1843 3548 cuncta
1884 3509 2009 3546 vera

432 3596 585 3649 ειιιιι,
617 3588 749 3657 quin
780 3588 946 3641 etiam
977 3587 1128 3640 mille
1162 3585 1487 3656 praesidiarii
1524 3587 1726 3640 milites
1756 3589 1859 3639 sub
1893 3597 2011 3639 tur-

433 3678 652 3731 marclia
677 3679 867 3732 urbem
892 3677 1213 3739 defendunt,
1232 3692 1426 3731 omnes
1454 3693 1583 3731 vero
1611 3679 2010 3747 oppidanorum

434 3770 707 3839 pretiosas
757 3767 1071 3829 facultates,
1103 3775 1157 3821 et
1190 3766 1432 3821 familias
1476 3782 1541 3822 ex
1588 3776 1832 3837 egestate
1870 3784 2013 3821 onus

436 3861 559 3915 urbi
603 3860 871 3915 allaturas
917 3859 1044 3914 inde
1074 3858 1284 3913 eduxit.
1326 3858 1420 3913 llis
1459 3859 1688 3922 auditis,
1723 3860 1790 3913 ad
1817 3864 2009 3915 dueem

434 3953 730 4008 rescribit:
770 3952 981 4008 Accede
1020 3953 1087 4007 ad
1136 3968 1239 4016 me,
1278 3968 1464 4023 pacem
1502 3963 1678 4009 tecum
1733 3956 1907 4017 inibo,
1960 3963 2014 4008 et

435 4061 536 4114 pro
574 4045 841 4099 arbitratu
886 4052 981 4099 tuo
1021 4055 1217 4099 cuncta
1267 4044 1578 4100 conficiam.
1627 4046 1742 4100 Dux
1807 4047 2013 4102 Massa-

437 4139 595 4191 la-um
636 4152 761 4191 eum
806 4136 918 4206 jam
965 4137 1284 4206 pervenisse
1318 4137 1505 4192 animo
1550 4141 1915 4207 perpendens,
1958 4152 2014 4195 et

439 4231 585 4281 intra
639 4228 884 4296 quinque
939 4228 1079 4279 alios
1124 4227 1240 4280 dies
1290 4227 1600 4296 provincias
1638 4245 1834 4283 otunes
1888 4245 2014 4299 per-

436 4322 798 4374 transilurmn
827 4320 1208 4389 praesentiens,
1228 4336 1324 4388 per
1351 4321 1491 4375 duos
1518 4322 1775 4377 consules
1799 4324 1864 4377 ad
1889 4340 2013 4378 cum

439 4416 641 4468 missos
667 4413 942 4483 significat
970 4430 983 4466 :
1011 4413 1235 4466 Litteris
1267 4414 1373 4468 tuis
1413 4416 1671 4484 acceptis,
1691 4415 1757 4469 ad
1800 4424 1852 4468 te
1893 4432 2015 4471 mox

2112 3218 2350 3289 ὑπάρχει
2384 3219 2450 3272 ³⁵.
2496 3216 2657 3271 Ἀλλὰ
2691 3217 2785 3270 καὶ
2826 3216 2985 3287 χίλιοι
3032 3215 3259 3282 ταξάτοι
3298 3217 3399 3270 σὺν
3425 3215 3507 3285 τῷ
3536 3231 3701 3288 τουρο

2116 3310 2304 3383 μάρχῃ
2338 3312 2456 3363 ἐκεῖ
2483 3308 2733 3379 εἰσῆλθον
2759 3327 2773 3340 ·
2809 3310 2989 3362 πᾶσαν
3022 3308 3080 3362 δέ
3118 3307 3358 3379 ὓπαρξιν
3380 3307 3490 3361 τῶν
3520 3309 3698 3363 ἐκεῖσε

2113 3401 2206 3453 καὶ
2232 3401 2330 3463 τὰς
2358 3400 2598 3473 ἀπόρους
2632 3399 2897 3468 φαμιλίας
2924 3397 3194 3468 ἐξήγαγεν
3222 3398 3333 3451 τῶν
3352 3400 3490 3453 ἐκεῖ.
3514 3398 3699 3452 Ταῦτα

2113 3493 2355 3557 ἀκούσας
2386 3494 2587 3564 γράφει
2632 3492 2712 3563 τῷ
2742 3491 3055 3563 στρατηγῷ,
3079 3491 3161 3545 δτι
3195 3490 3348 3545 Ἐλθέ
3379 3491 3545 3559 ἐγγύς
3575 3510 3697 3560 μου,

2114 3588 2209 3638 καὶ
2259 3586 2630 3655 εἰρηνεύσωδθ
2679 3585 2819 3656 μετὰ
2878 3583 2994 3649 σοῦ,
3038 3586 3133 3637 καὶ
3174 3584 3355 3638 πάντα
3398 3585 3479 3647 ὡς
3526 3586 3702 3647 Θέλεις

2115 3680 2272 3731 ποιῶ.
2330 3680 2627 3750 Θεωρήσας
2674 3679 2731 3733 δέ
2780 3682 2809 3732 6
2860 3677 3166 3749 στρατηγὸς
3216 3679 3297 3732 ὃτι
3346 3679 3440 3732 ἐπὶ
3473 3679 3702 3731 Μασσα-

2114 3772 2281 3826 λαιὼν
2312 3772 2355 3805 ⁴¹
2403 3772 2736 3844 ἐπλησίασεν
2766 3771 2905 3843 (δι),
2956 3772 3051 3826 καὶ
3096 3772 3177 3825 ὅτι
3230 3774 3289 3825 ἐν
3319 3773 3510 3836 ἄλλαις
3538 3774 3700 3826 πέντε

2117 3867 2351 3937 ἡμέραις
2368 3868 2706 3937 παρέρχεται
2728 3866 2825 3929 τὰς
2846 3866 3121 3938 ἐπαρχίας
3142 3865 3308 3918 αὑτοῦ
3332 3865 3467 3937 (65),
3492 3867 3701 3935 πέμπει

2117 3960 2252 4027 πρὸς
2280 3958 2443 4012 αὑτὸν
2462 3958 2556 4011 δύο
2580 3958 2824 4021 ὑπάτους
2849 3959 2987 4027 (66),
3015 3959 3113 4013 καὶ
3136 3958 3287 4030 δηλοῖ
3317 3958 3487 4029 αὐτῷ,
3508 3960 3586 4012 ὅτι
3620 3960 3701 4013 Τὰ

2115 4053 2423 4121 γράμματά
2468 4067 2562 4103 σου
2619 4050 2890 4121 ἐδεξάμην
2937 4054 3032 4105 καὶ
3077 4051 3177 4124 τὴν
3225 4051 3550 4121 προαίρεσεν
3606 4069 3700 4103 σου

2117 4143 2467 4214 ἀπεδεξάμην
2500 4144 2570 4208 δ’,
2611 4144 2705 4196 καὶ
2734 4144 2843 4197 ἰδοὺ
2877 4143 3109 4215 ἔρχομαι
3154 4145 3293 4214 πρὸς
3342 4143 3422 4197 σέ.
3450 4144 3595 4196 Ἀλλ’
3625 4144 3702 4206 ὡς

2118 4234 2431 4302 ἐπίστασαι,
2468 4234 2772 4305 στρατηγός
2808 4237 2944 4305 εἰμι,
2978 4237 3073 4289 καὶ
3102 4236 3380 4307 χρήματα,
3412 4234 3506 4289 καὶ
3537 4234 3703 4304 ἄργυ-

2120 4343 2232 4394 ρος,
2257 4327 2350 4378 καὶ
2375 4325 2504 4388 λαός
2533 4341 2624 4394 μοι
2649 4323 2763 4393 ἔχει
2789 4325 3178 4394 ἀκολουθῆσαι.
3210 4324 3434 4394 Πέμψον
3462 4341 3549 4394 μοι
3574 4341 3638 4375 πε
3650 4325 3702 4391 ρὶ

2119 4419 2353 4469 ἑκάστου
2410 4417 2589 4485 λόγον.
2634 4417 2746 4471 Καὶ
2794 4418 2997 4487 εἰμὲν,
3041 4416 3225 4481 milia;
3259 4418 3305 4450 “
3348 4416 3594 4484 ἐπιζητῶ
3644 4415 3703 4479 ἐξ

1680 4508 1916 4563 νΑΙιΙίΕ
1955 4507 2365 4565 LECTIONES.

546 4601 589 4634 ³³
620 4601 709 4673 τὸν
737 4600 862 4653 λαδν
902 4601 940 4652 Α
1002 4600 1039 4664 f,
1072 4601 1163 4673 τοῦ
1197 4602 1326 4654 λαοῦ
1361 4622 1411 4657 a.
1488 4603 1532 4633 ³³
1560 4604 1879 4673 περιέχοντα
1906 4621 2015 4657 oni.
2051 4606 2113 4659 Α.

440 4674 486 4703 ³⁸
511 4672 659 4740 αὑτῷ
682 4673 805 4725 add.
836 4687 896 4721 et
936 4673 996 4724 Α,
1075 4672 1117 4701 ⁸⁷
1145 4673 1423 4725 κατελθεῖν
1441 4673 1483 4725 Α
1503 4691 1528 4723 a
1558 4712 1571 4731 ,
1594 4672 1767 4725 ἐλθεῖν
1793 4677 1935 4741 vuig.

2016 4674 2062 4704 ³³
2094 4675 2378 4743 ἐνωμότως
2406 4676 2468 4739 Α,
2490 4676 2643 4741 ὲνομ.
2685 4678 2830 4743 vulg.

443 4741 652 4812 ρηνεὺω
684 4744 746 4796 Λ.
814 4743 855 4773 ⁸¹
876 4741 1196 4797 Μασαλαὶυν
1222 4743 1287 4806 Α,
1315 4744 1667 4797 Ματσαλαῖον
1686 4762 1737 4799 a.
1801 4745 1845 4776 δ’
1878 4747 1971 4798 καὶ
1996 4744 2094 4815 τὴν
2115 4741 2214 4815 πρέ
2240 4762 2332 4798 σου
2361 4747 2709 4816 ἁπεὸεξάμην
2729 4741 2856 4801 add.
2878 4761 2940 4802 ex
2958 4748 3024 4801 Α.

2220 4604 2266 4634 ³³
2298 4621 2422 4673 περ.
2456 4606 2538 4658 ὅτι
2586 4604 2886 4673 Σουλεῖμὲιν
2933 4621 3043 4658 om.
3082 4620 3132 4658 a.
3224 4605 3268 4636 "
3301 4604 3417 4671 μοι]
3473 4622 3539 4673 με
3588 4603 3697 4659 Af.

2909 4676 2954 4705 "
2982 4673 3239 4745 ὑπάρχει]
3264 4677 3401 4728 εἰσὶν
3430 4676 3495 4727 Α.
3556 4677 3600 4706 ⁸⁸
3620 4678 3701 4726 εἰ·

3106 4735 3350 4808 δί’καοὼς
3370 4747 3435 4805 Δ,
3455 4746 3530 4809 ὡς
3550 4748 3698 4816 vulg.

1748 4860 1886 4915 JAC.
1932 4858 2143 4915 GOARI
2186 4860 2419 4915 ΝΟΤίΕ.

514 4949 623 5019 (62)
648 4948 880 5019 lnterpr.
916 4970 927 5004 :
966 4950 1193 5021 Recipite
1228 4969 1313 5007 vos
1356 4953 1411 5006 in
1438 4962 1619 5006 castra
1668 4962 1858 5007 restra.
1901 4952 2007 5006 Μει-
2036 4953 2088 5013 D
2115 4970 2216 5020 quo
2255 4952 2439 5005 Massa
2465 4950 2566 5005 Leo
2608 4952 3107 5022 appropinquasset.
3141 4949 3405 5008 Miseelia,
3459 4960 3693 5003 contem-

437 5020 533 5073 lim
564 5036 684 5089 ego,
716 5022 785 5073 ad
827 5022 1041 5090 oppida,
1078 5020 1137 5075 ac
1162 5024 1314 5077 urbes
1344 5034 1560 5077 vestras.
1587 5024 1666 5078 Ad
1690 5026 1839 5078 cives
1864 5026 2009 5079 enim
2118 5024 2475 5093 platusigitur
2503 5035 2698 5090 prwtor
2719 5024 2857 5093 quod
2884 5020 3168 5077 Masalma:
3203 5025 3698 5090 appropinquasset.

437 5105 625 5163 seruio
657 5098 762 5149 est,
789 5108 901 5146 non
936 5093 1002 5146 ad
1038 5094 1273 5154 milites;
1320 5104 1379 5148 ut
1412 5097 1562 5148 nulla
1597 5096 1739 5148 forte
1770 5096 1804 5147 ii
1838 5106 2015 5148 castra
2122 5095 2433 5163 Legendqu
2466 5094 2650 5161 itaque
2679 5095 2760 5147 ὅτι
2794 5097 2885 5147 ἐπὶ
2917 5094 3229 5163 Μασαλμᾶν
3264 5093 3583 5160 ἐπλησίασε.

441 5162 706 5215 baberent
747 5162 801 5234 in
833 5164 1158 5234 provincia;
1215 5163 1311 5217 sed
1356 5180 1504 5234 agris
1561 5165 1679 5219 suis
1709 5180 1773 5218 ac
1802 5165 2018 5234 Oppidis

438 5234 721 5296 timentes,
762 5233 841 5286 sic
904 5233 1175 5303 legatione
1213 5234 1538 5288 studuerant
1580 5236 1793 5304 pnedas
1833 5233 1901 5289 ab
1937 5237 2019 5289 eis

438 5318 502 5354 ac.
534 5304 851 5357 vastitatem
912 5305 1209 5371 depellere,
1246 5313 1305 5355 ut
1326 5305 1406 5366 τὸ,
1444 5316 1645 5367 castra,
1681 5306 1811 5374 ipsae
1856 5308 2020 5361 urch

436 5375 571 5433 sint,
610 5374 941 5446 ac_oppida;
975 5390 1077 5428 vox
1107 5374 1318 5438 durior,
1368 5377 1469 5430 etsi
1509 5376 1839 5446 indulgenda
1876 5378 2022 5431 Ana-

438 5446 631 5500 stasio,
666 5444 962 5500 ctutum-'15.

514 5515 626 5578 (65)
658 5514 872 5578 lisias,
897 5517 1022 5570 anni
1087 5524 1385 5585 tempestas
1426 5516 1845 5585 jucundissimri.
1879 5518 2025 5573 Cena

442 5586 724 5658 stantiuus
757 5586 835 5658 De
873 5589 1075 5640 admiu.
1108 5589 1315 5656 imperii
1336 5627 1350 5647 .
1393 5588 1533 5641 ὥστε
1572 5591 1717 5658 μόνῳ
1748 5588 1827 5656 τῷ
1858 5588 2019 5640 καλο-

444 5656 643 5727 ξωιιρὶῳ
676 5655 894 5723 βλέπειν
928 5660 1017 5709 τὸν
1038 5655 1208 5727 ἥλιον,
1244 5658 1375 5712 adeo
1412 5670 1467 5711 ut
1498 5655 1615 5713 sola
1650 5655 1834 5712 (estote
1850 5659 2015 5713 sulem

440 5721 1051 5792 Imligant—conspicuam.

514 5791 630 5862 (66)
658 5791 980 5851 Anastasius
1007 5798 1201 5863 reddit,
1227 5798 1607 5865 contemplatus
1633 5801 1789 5871 igitur
1819 5812 2015 5869 pra'tor

2193 5160 2307 5235 (65)
2344 5163 2498 5217 Intra
2524 5160 2658 5235 idies
2685 5166 2910 5235 quinque
2946 5166 3093 5218 illius
3126 5160 3413 5229 provinciis
3449 5177 3700 5235 excessu-

2126 5233 2297 5300 ruin,’
2330 5236 2476 5304 quod
2522 5234 2631 5289 Leo
2676 5233 2897 5302 injectis
2942 5236 3008 5291 iis
3064 5236 3233 5304 moris
3294 5233 3697 5303 negotiabaiur.

2125 5307 2280 5375 Quod
2315 5303 2365 5359 iu
2399 5307 2540 5360 notis
2565 5308 2784 5359 emend.
2836 5316 2986 5373 putat
3023 5306 3080 5359 P.
3119 5303 3284 5370 Goar,
3330 5304 3411 5355 ὅτι
3454 5304 3545 5355 ἐπὶ
3574 5306 3699 5359 Μι-

2133 5378 2345 5447 σαλμᾶν
2378 5376 2697 5443 ἐπλησίασε,
2737 5375 2871 5430 nihil
2919 5378 3155 5431 cohaeret
3186 5393 3198 5427 :
3239 5390 3337 5429 nec
3371 5374 3572 5447 alioqui
3609 5376 3702 5428 illa

2132 5446 2628 5503 νοτΜασσαλαιών
2660 5446 2759 5500 loci
2789 5449 3008 5518 propria
3060 5448 3146 5500 hic
3183 5455 3421 5518 tantqu
3454 5446 3556 5518 loci
3598 5461 3696 5499 ex-

2130 5529 2261 5573 stat.
2288 5518 2462 5570 llabet
2488 5519 2631 5571 enim
2664 5526 2717 5572 et
2758 5513 3152 5586 Metapbrastes
3181 5517 3235 5569 in
3256 5518 3365 5568 vita
3390 5513 3447 5567 S.
3472 5513 3693 5578 Niceno,

2129 5590 2270 5658 apud
2304 5605 2465 5658 quem
2490 5590 2607 5656 ejus
2632 5589 2808 5642 exsilii
2844 5593 2992 5643 locus
3018 5598 3122 5643 est.
3158 5587 3450 5658 Cousaris.

2198 5658 2309 5729 (66,)
2345 5657 2528 5727 Neque
2578 5659 2876 5728 προὸόλους
2933 5660 3193 5713 consules
3246 5673 3369 5710 cum
3412 5656 3707 5729 Anastasio

2125 5728 2477 5798 interpretor.
2502 5746 2676 5797 neque
2705 5729 3097 5799 ἐξοχωτάτους.
3114 5743 3382 5799 supremos
3407 5728 3543 5780 viros
3568 5728 3705 5782 :sed

2124 5799 2498 5854 caduceatores
2527 5801 2731 5870 potius,
2777 5798 2870 5855 aut
2901 5802 3051 5871 pacis
3094 5798 3316 5871 agendae
3357 5809 3700 5868 sequesttos.
