4060 6226
354 370 465 437 873

1656 355 2011 418 CIIRUNOG
2025 356 2252 415 RAPIII
2267 359 2331 418 A.

3517 347 3626 414 δτι

360 478 533 535 ὲθνῶν
549 473 796 546 χιλιάδας
829 476 874 527 κ’
897 473 964 536 ⁸⁸,
999 473 1092 525 καὶ
1135 470 1356 535 τούτους
1387 471 1465 534 είς
1512 469 1580 525 τά
1606 469 1942 544 ὀχυρώματα

2081 469 2352 522 ietnarum
2404 467 2686 522 nationum
2738 464 2929 536 viginti
2965 462 3206 522 millibus
3251 465 3307 519 in
3355 462 3620 519 auxilium

360 573 590 640 στήσας,
624 565 963 637 ἠσφαλίσατο
999 563 1213 620 ἑαυτόν.
1265 563 1324 617 '0
1379 563 1435 617 δὲ
1484 561 1736 633 βασιλεὺς
1777 562 1947 616 ἐλθὼν

359 661 696 733 ἡπλίκευσεν
718 660 799 722 είς
825 657 918 711 τὸν
952 655 1177 727 κάμπον
1208 653 1492 726 Ἀγχιάλου
1514 671 1530 687 ο
1562 654 1657 708 καὶ
1677 657 1742 725 τῇ
1773 652 1815 706 λ’
1853 653 1947 708 τοῦ

373 751 600 807 Ἰουνίου
659 749 830 821 μηνὸς
877 750 978 821 τῆς
1027 747 1076 802 α’
1110 748 1439 811 ίνδικτιῶνος
1487 747 1625 820 (57),
1655 748 1840 820 ἡμέρα
1885 753 1948 812 ε’,

361 847 540 918 ἐφάνη
568 841 842 913 Τελέτζης
869 840 1008 912 μετὰ
1056 841 1297 912 πλήθους
1327 839 1496 895 ὲθνῶν
1520 840 1834 912 ἐρχόμενος,
1858 840 1953 895 καὶ

367 935 742 1008 συμϐαλόντες
788 934 1027 1004 πόλεμον
1059 933 1354 987 κόπτουσιν
1375 932 1638 1003 ἀλλήλους
1668 933 1760 986 ἐπὶ
1794 932 1950 996 πολὺ,

366 1030 466 1085 καὶ
488 1028 717 1100 τραπεὶς
751 1026 1023 1095 Τελέτζης
1057 1025 1280 1096 ἔφυγεν.
1331 1024 1632 1096 Ἐκράτησε
1653 1024 1765 1096 6ὲὴ
1805 1025 1951 1095 μάχη

370 1123 482 1176 ἀπὸ
507 1122 653 1194 ὥρας
676 1117 714 1173 ε’
747 1120 862 1191 (58)
886 1120 993 1183 ἓως
1017 1119 1137 1190 ὀψὲ,
1177 1120 1274 1174 καὶ
1303 1117 1473 1172 πολλὰ
1502 1117 1683 1190 πλήθη
1714 1119 1954 1186 Βουλγά-

375 1233 486 1287 ρων
509 1211 889 1284 ἀνηλώθησαν,
930 1211 1118 1266 πολλοὶ
1171 1212 1228 1266 δὲ
1260 1211 1654 1284 ἐχειρώθησαν,
1690 1210 1844 1265 ἄλλοι
1899 1211 1956 1265 δὲ

370 1309 466 1361 καὶ
521 1305 961 1377 πῳσερῤύησαν.
1013 1305 1072 1359 Ὀ
1105 1304 1164 1358 δὲ
1214 1303 1471 1375 βασιλεὺς
1521 1303 1712 1376 ἀρθεὶς
1749 1305 1841 1356 ἐπὶ
1885 1306 1954 1376 τῇ

367 1397 590 1466 τοιαύτῃ
621 1397 769 1467 νίκῃ,
795 1395 1196 1467 ἐθριάμϐευσεν
1232 1393 1439 1466 ταύτην
1464 1394 1559 1448 ἐπὶ
1597 1395 1699 1465 τῆς
1728 1395 1956 1460 πόλεως,

371 1487 779 1560 ἀρματωμὲνος
805 1489 902 1541 σὺν
933 1487 1010 1558 τῷ
1039 1486 1256 1559 στρατῷ
1295 1486 1576 1553 εἰσελθὼν,
1605 1486 1960 1560 εὐφημούμε-

369 1599 461 1644 νος
494 1579 600 1633 ὑπὸ
627 1577 740 1632 τῶν
770 1579 961 1650 δήμων
1001 1580 1096 1633 καὶ
1127 1578 1578 1651 ξυλοπανδούροις
1619 1579 1803 1652 σύρων
1831 1579 1959 1644 τοὺς

370 1671 740 1744 χειρωθέντας
791 1670 1134 1742 Βουλγάρους
1159 1712 1176 1738 ,
1214 1671 1309 1737 οὒς
1361 1672 1560 1737 ἔξωθεν
1601 1671 1703 1742 τῆς
1736 1671 1960 1743 Χρυσῆς

370 1763 582 1832 nam;
638 1761 1026 1833 ἀποτμηθῆναι
1083 1763 1370 1816 ἐκέλευσεν
1403 1763 1508 1817 ὑπὸ
1561 1763 1672 1816 τῶν
1702 1763 1958 1817 πολιτῶν.

376 1857 481 1911 Τὸν
503 1856 562 1910 δὲ
588 1854 857 1927 Τελέτζην
891 1855 1282 1919 στασιάσαντες
1301 1855 1351 1908 οἱ
1385 1853 1686 1926 Βούλγαροι
1708 1853 1963 1908 ἀπέκτει-

376 1964 476 2002 ναν
520 1947 618 2000 σὺν
647 1948 760 2009 τοῖς
789 1945 1050 2016 ἄρχουσιν
1092 1945 1283 2012 αὐτοῦ,
1340 1946 1436 1998 καὶ
1465 1944 1698 2016 ἔστησαν
1735 1943 1964 1998 Σαϐῖνον

374 2039 627 2110 γαμϐρὸν
658 2039 794 2093 ὂντα
818 2039 1130 2112 Κορμεσίου
1163 2038 1256 2092 τοῦ
1313 2039 1482 2094 πάλαι
1533 2039 1726 2105 κυρίου
1760 2039 1961 2094 αὐτῶν.

375 2129 486 2184 Τοῦ
514 2129 571 2182 δὲ
599 2128 826 2183 Σαϐίνου
849 2129 1053 2192 εὐθέως
1083 2128 1508 2193 ἀποστείλαντος
1533 2127 1669 2200 πρὸς
1692 2129 1783 2182 τὸν
1815 2129 1966 2199 βασι-

377 2223 499 2290 λέα,
537 2224 636 2276 xa‘t
683 2221 976 2294 ζητοῦντος
1027 2220 1256 2292 ποιῆσαι
1293 2221 1538 2293 είρήνην,
1573 2220 1879 2291 κομμένδον
1913 2222 1958 2253 ⁸⁸

381 2316 707 2382 ποιήσαντες
762 2312 812 2364 οἱ
861 2310 1162 2383 Βούλγαροι
1227 2310 1569 2381 ἀντέστησαν
1616 2309 1698 2380 τῷ
1752 2309 1965 2380 Σαϐίνῳ

378 2403 652 2477 στερρῶς,
683 2403 957 2473 λέγοντες,
985 2404 1068 2458 ὃτι
1099 2402 1202 2457 Διά
1229 2401 1348 2457 σοῦ
1376 2403 1718 2473 Βουλταρία
1753 2402 1966 2473 μέλλει

2055 559 2248 615 accitis
2273 568 2327 614 et
2349 573 2446 629 per
2479 559 2690 613 munita
2717 559 2834 614 loca
2865 557 3196 620 distributis,
3228 555 3347 626 ipse
3381 555 3633 625 pt'azsidio

2053 668 2111 709 se
2139 652 2381 707 inclusit.
2409 650 2709 721 Imperator
2740 664 2868 705 vero
2901 650 2955 703 in
2984 648 3233 703 Anchiali
3253 647 3400 716 agris
3421 656 3628 704 castra-

2054 752 2290 800 mctatus
2334 751 2435 797 est.
2483 741 2653 796 Porro
2690 739 2954 810 .luuiidie
2989 739 3292 810 trigesimo,
3336 737 3637 794 indictione

2055 837 2253 908 prima,
2284 835 2417 892 feria
2445 834 2803 890 hebdomadis
2844 833 3036 904 quinta
3056 873 3070 898 ,
3103 831 3348 888 Taletses
3374 848 3498 888 cum
3529 848 3636 887 nu—

2059 945 2272 985 merosa
2299 927 2715 984 auxiliariorum
2747 925 3098 981 multitudine
3128 923 3382 997 progredi
3413 923 3633 980 tandem

2057 1022 2211 1077 visus
2259 1032 2385 1087 est,
2439 1027 2805 1087 consertaque
2862 1033 3074 1088 pugna,
3127 1025 3320 1072 mutua
3353 1016 3638 1087 utriusque

2057 1113 2232 1183 partis
2256 1112 2429 1167 cmdes
2455 1111 2646 1182 ingens
2677 1110 2845 1172 edita,
2882 1109 3128 1180 fusisque
3157 1109 3375 1164 demum
3402 1107 3637 1164 Teletsis

2057 1208 2230 1278 copiis
2265 1210 2384 1277 ipse
2433 1205 2620 1278 fugam
2667 1205 2915 1276 arripuit.
2974 1204 3310 1275 Duravitque
3359 1218 3539 1274 pugna
3570 1203 3639 1259 ab

2061 1301 2195 1355 hora
2223 1300 2415 1371 quinta
2446 1315 2621 1371 usque
2646 1300 2711 1353 ad
2735 1312 3042 1367 vesperam,
3068 1306 3123 1351 et
3147 1283 3420 1352 maximus
3444 1296 3640 1366 Bulga-

2061 1409 2244 1448 rorum
2281 1407 2544 1448 numerus
2573 1391 2875 1448 certamine
2905 1391 2997 1446 illo
3021 1390 3250 1456 deletus,
3283 1388 3435 1444 multi
3469 1389 3636 1459 capti,

2061 1487 2149 1542 alii
2175 1487 2318 1541 ultro
2352 1487 2419 1541 ad
2461 1487 2742 1542 Romanos
2784 1485 3125 1542 defecerunt.
3177 1483 3479 1554 Imperator
3509 1498 3640 1555 pro-

2061 1595 2220 1651 spero
2255 1579 2504 1634 victoriae
2538 1595 2798 1635 successu
2821 1578 3017 1642 elatus,
3041 1578 3211 1633 armis
3237 1575 3496 1633 omnibus
3516 1591 3640 1632 cum

2064 1681 2179 1749 toto
2210 1671 2456 1728 exercitu
2489 1671 2814 1738 instructus,
2847 1671 3037 1726 urbem
3069 1668 3403 1738 triumphum
3436 1668 3644 1722 ducens

2064 1765 2347 1836 ingressus
2374 1773 2477 1830 est,
2507 1764 2757 1835 laetisque
2802 1763 2972 1820 totius
3013 1761 3254 1818 civitatis
3285 1761 3512 1816 vocibus
3544 1774 3644 1814 ex-

2065 1867 2279 1930 ceptus,
2307 1857 2572 1928 Bulgaros
2605 1857 2748 1912 bello
2777 1863 2965 1926 captos
3002 1852 3394 1925 xylopanduris
3433 1851 3646 1907 vinctos

2067 1957 2122 2012 in
2151 1970 2274 2010 eam
2308 1954 2536 2020 invexit,
2561 1968 2766 2024 eosque
2793 1952 3013 2008 demum
3045 1964 3199 2006 extra
3236 1950 3482 2022 Chrysen
3516 1962 3646 2020 por-

2065 2056 2177 2102 tam
2205 2061 2236 2101 a
2267 2045 2481 2102 civibus
2511 2046 2688 2115 capite
2719 2044 2964 2099 truncari
2990 2042 3176 2108 jussit.
3206 2040 3421 2113 Bulgari
3461 2048 3644 2095 autem

2068 2136 2339 2191 seditione
2372 2135 2426 2190 in
2464 2132 2737 2190 Teletsem
2775 2145 2923 2189 mota
2961 2132 3143 2204 ipsum
3179 2146 3244 2187 ac
3274 2139 3503 2188 cunctos
3526 2128 3647 2200 ejus

2069 2244 2327 2300 proceres
2371 2228 2638 2284 dederunt
2687 2226 2831 2292 neci,
2885 2225 3152 2283 Sabinum
3201 2241 3330 2280 vero
3382 2221 3648 2281 Cormesii

2071 2321 2345 2392 quondam
2382 2321 2644 2393 principis
2683 2335 2946 2392 generum
2987 2319 3398 2376 constituerunt
3425 2317 3646 2374 ducem.

2073 2413 2210 2469 Cum
2244 2430 2377 2470 vero
2406 2411 2646 2469 Sabinus
2674 2413 2884 2485 legatos
2916 2411 2982 2468 de
3014 2427 3147 2482 pace
3166 2411 3231 2466 ad
3260 2411 3647 2481 imperatorem

375 2495 752 2551 δουλοῦσθαι
797 2494 924 2561 τοῖς
964 2495 1291 2564 Ῥωμαίοις.
1333 2494 1584 2558 Στάσεως
1636 2494 1694 2547 δὲ
1741 2493 1965 2566 γενομέ-

2073 2503 2361 2560 conl‘estim
2398 2505 2750 2570 destinasset,
2781 2503 3000 2574 Bulgari
3043 2501 3284 2559 comitiis
3311 2501 3512 2557 habitis
3551 2499 3652 2556 $.1-

381 2606 503 2659 νης,
541 2587 734 2659 φεύγει
757 2587 982 2651 Σαϐῖνος
1005 2589 1064 2641 ὲν
1105 2586 1184 2658 τῷ
1212 2587 1434 2659 κάστρῳ
1464 2587 1849 2660 Μεσημϐρίας,
1874 2589 1968 2641 καὶ

2075 2598 2202 2652 hino
2242 2597 2594 2669 pertinaciter
2633 2611 2694 2653 se
2717 2604 3114 2668 opposuerunt,
3153 2593 3489 2650 clamantes:
3519 2591 3652 2646 Bul-

383 2674 701 2747 προσερρύη
757 2674 836 2746 τῷ
866 2674 1095 2746 βασιλεῖ.
1159 2675 1434 2746 Ἔστησαν
1481 2675 1539 2729 δὲ
1571 2678 1622 2730 oi
1668 2676 1968 2749 Βούλγαροι

2075 2690 2232 2761 garia
2286 2690 2365 2744 tui
2413 2706 2578 2746 causa
2622 2688 2982 2744 Romanorum
3027 2687 3279 2757 potestati
3326 2683 3653 2756 subjicienda

383 2769 575 2841 ἕτερον
598 2767 790 2840 κύριον
816 2767 1041 2838 ὀνόματι
1069 2768 1319 2838 Παγανόν
1341 2767 1477 2841 (59).

2077 2791 2178 2836 est.
2221 2783 2400 2838 Aucto
2427 2781 2648 2838 demum
2676 2781 2941 2847 tumultu,
2975 2778 3215 2835 Sabinus
3241 2779 3294 2832 in
3320 2775 3655 2833 Mesembria:

384 2863 701 2934 praesidium
741 2864 868 2930 luga
906 2878 966 2918 se
998 2863 1281 2931 subducit,
1321 2871 1376 2920 et
1411 2864 1540 2921 inde
1565 2865 1632 2921 ad
1669 2866 2049 2938 imperatorem
2099 2893 2158 2934 se
2204 2878 2439 2935 confert.
2475 2878 2657 2934 Alium
2699 2891 2830 2933 vero
2867 2875 3150 2932 dominum
3207 2873 3430 2929 nomine
3488 2872 3653 2943 [νεεδ.

390 2973 521 3014 num
557 2957 776 3028 Bulgari
799 2965 1146 3013 creaverunt.

456 3055 524 3108 Δ.
577 3053 649 3108 Μ.
697 3053 857 3109 6255.
901 3083 972 3092 -
1003 3051 1190 3124 Τούτῳ
1243 3053 1324 3126 τῷ
1375 3053 1484 3109 ἔτει
1515 3055 1756 3128 άντῆραν
1798 3060 1848 3111 οἱ
1879 3060 1968 3130 τῆς

2143 3065 2209 3121 Α.
2247 3062 2305 3120 C.
2486 3092 2559 3102 —
2596 3061 2712 3117 Hoc
2751 3074 2898 3115 anno
2929 3057 3265 3114 habitatores
3307 3054 3510 3112 deserti
3549 3054 3654 3110 Ba-

391 3149 604 3217 ὲρήμου
654 3144 874 3200 καὶτοῦ
921 3144 1186 3217 Βαραθὼν
1217 3147 1263 3178 ⁸³
1292 3147 1405 3220 (60)
1457 3147 1537 3220 τῷ
1592 3149 1849 3222 Ἀϐδελλᾷ
1889 3150 1968 3206 δύ(

2083 3154 2438 3223 tathunisque
2467 3152 2658 3208 incolae
2702 3150 2898 3206 fratres
2935 3151 3043 3205 duo
3083 3149 3138 3204 in
3167 3147 3450 3204 Abdellam
3479 3146 3658 3230 rebel-

388 3241 632 3309 ἀδελφοὶ,
659 3239 752 3303 οὓς
781 3240 1108 3304 ἀποστείλας
1143 3241 1354 3295 ἀνεῖλεν
1382 3242 1480 3297 σὺν
1524 3243 1762 3314 χιλιάσιν
1788 3245 1968 3317 ὁγδοή-

2083 3247 2283 3301 lionem
2321 3244 2700 3300 excitaverunt
2722 3283 2736 3309 ,
2771 3257 2912 3312 quos
2938 3240 3028 3296 ille
3058 3239 3229 3296 misso
3257 3236 3501 3294 exercitu
3531 3253 3657 3292 cum

388 3349 559 3387 κοντα
590 3331 842 3404 στρατοῦ.
879 3332 969 3403 Τῷ
1005 3333 1052 3387 δ’
1090 3332 1238 3405 αύτῷ
1260 3333 1370 3388 ἔτει
1399 3335 1624 3406 ἐξῆλθον
1656 3337 1889 3409 Τοῦρκοι
1912 3338 1976 3391 ἐκ

390 3425 500 3480 τῶν
533 3425 804 3481 Κασπίων
828 3423 1033 3491 πυλῶν,
1063 3425 1160 3479 καὶ
1179 3425 1390 3480 ἀνεῖλον
1421 3427 1652 3490 πολλοὺς
1673 3430 1751 3492 είς
1781 3429 1971 3501 Ἀρμε.

387 3519 535 3586 νίαν,
571 3519 667 3571 καὶ
696 3518 888 3572 ἔλαϐον
913 3518 1290 3589 αίχμαλωσίαν
1316 3519 1540 3592 πολλὴν,
1568 3521 1662 3574 καὶ
1709 3522 1977 3594 ὑπέστρε-

389 3612 523 3679 ψαν.
559 3611 786 3679 Κοσμᾶς
801 3609 859 3664 δέ
886 3628 970 3675 τις
987 3611 1284 3676 ἐπίσκοπος
1332 3611 1684 3681 Ἐπιφανείας
1711 3613 1813 3683 τῆς
1837 3613 1980 3666 κατὰ

408 3699 716 3768 Ἀπάμειαν
759 3700 857 3768 τῆς
905 3700 1124 3771 Συρίας,
1171 3702 1506 3773 Κωμανίτης
1563 3703 1974 3773 ἐπιλεγόμενος,

398 3785 512 3838 τῶν
539 3786 768 3839 πολιτῶν
795 3785 1146 3858 Ἐπιφανείας
1171 3789 1309 3861 πρὸς
1334 3790 1612 3858 Θεόδωρον
1633 3792 1980 3864 πατριάρχην

413 3877 744 3948 Ἀντιοχείας
766 3877 875 3951 (61)
904 3879 1166 3952 ἔγκλησιν
1187 3883 1574 3954 ποιησαμένων
1597 3885 1738 3939 κατὰ
1761 3885 1856 3938 τοῦ
1886 3885 1982 3939 αύ-

395 3969 495 4023 τοῦ
551 3971 748 4041 Κοσμᾶ
799 3972 928 4044 περὶ
987 3973 1269 4041 μειώσεως
1322 3973 1514 4044 ιερῶν,
1557 3975 1654 4030 καὶ
1706 3976 1871 4030 αὐτοῦ
1906 3978 1980 4048 μὴ

392 4062 696 4134 δυναμένου
747 4063 922 4118 ταῦτα
964 4065 1255 4136 συστῆσαι,
1303 4053 1518 4140 ἀπέστη
1549 4069 1648 4141 τῆς
1701 4068 1982 4140 όρθοδόξου

395 4155 654 4218 πίστεως,
705 4158 800 4210 καὶ
831 4157 1090 4229 ὁμόφρων
1129 4159 1228 4229 τῆς
1257 4161 1522 4232 αἱρέσεως
1569 4161 1982 4216 Κωνσταντίνου

395 4247 540 4298 κατά
571 4246 681 4299 τῶν
718 4247 892 4315 ἁγίων
930 4251 1155 4304 εἰκόνων
1181 4249 1427 4320 γέγονεν.
1469 4253 1566 4306 Ὃν
1610 4255 1764 4324 κοινῇ
1790 4251 1985 4324 γνώμῃ

395 4337 674 4408 Θεόδωρος
693 4338 723 4392 ό
752 4340 1100 4412 πατριάρχης
1123 4343 1480 4415 ’Δντιοχείας,
1509 4346 1606 4398 καὶ
1641 4345 1916 4416 Θεόδωρος
1956 4348 1985 4398 ὁ

407 4427 820 4500 Ἰεροσολύμων,
854 4431 953 4485 καὶ
997 4421 1225 4505 Κοσιίᾶς
1253 4437 1282 4489 ὁ
1309 4435 1717 4508 Ἀλεξανδρείας
1749 4437 1844 4490 σὺν
1872 4437 1984 4500 τοῖς

399 4520 494 4573 ὑπ’
520 4521 719 4585 αὐτοὺς
749 4525 1070 4591 ἐπισκόποις
1108 4530 1175 4598 τῇ
1200 4527 1384 4600 ἡμέρᾳ
1403 4529 1506 4598 τῆς
1527 4527 1692 4597 ἁγίας
1720 4529 1987 4599 Πεντηκυυ

2079 3339 2362 3410 copiarum
2403 3338 2678 3410 octoginta
2708 3335 2954 3392 millibus
2988 3333 3274 3391 exstinxit.
3315 3329 3433 3389 I-Ioc
3461 3330 3655 3388 eodem

2079 3445 2227 3485 anno
2261 3430 2424 3485 Turci
2481 3428 2699 3500 Caspiis
2750 3430 2924 3498 portis
2975 3427 3214 3496 egressi,
3257 3422 3509 3495 plurimis
3564 3436 3661 3492 per

2078 3521 2390 3577 Armeniam
2427 3521 2649 3585 occisis,
2682 3519 3022 3590 captivorum
3055 3518 3394 3588 collegerunt
3425 3523 3658 3575 turmas.

2079 3624 2134 3670 et
2171 3616 2367 3669 domos
2416 3613 2774 3683 repetierunt.
2825 3608 3000 3665 Porro
3039 3609 3262 3679 quidam
3319 3605 3657 3676 Epiphaniae,

2081 3721 2204 3776 quae
2235 3706 2300 3760 ad
2330 3706 2627 3776 Apameam
2653 3703 2825 3774 Syriae
2855 3702 3032 3772 posita
3072 3708 3158 3756 est
3181 3738 3196 3764 ,
3225 3698 3534 3768 episcopus,
3564 3711 3663 3752 co-

2083 3805 2378 3869 gnomento
2409 3795 2745 3860 Comanites,
2783 3791 3104 3864 Epiphaniae
3139 3789 3372 3856 civibus,
3401 3787 3545 3860 quod
3573 3804 3664 3843 su-

2082 3903 2174 3942 cra
2204 3901 2330 3942 vasa
2365 3885 2732 3948 distraxisset,
2783 3881 2925 3954 apud
2972 3879 3325 3937 Theodorum
3361 3878 3664 3935 Antiochiae

2085 3979 2450 4051 patriarcham
2489 3977 2652 4050 365
2696 3974 3108 4032 accusationem
3161 3988 3378 4045 passus,
3426 3971 3660 4043 pretium

2083 4089 2277 4130 eorum
2330 4071 2658 4129 restituendi
2709 4070 3007 4141 impotens,
3060 4077 3222 4124 recta:
3266 4065 3388 4121 tidei
3419 4065 3666 4121 desertor

2086 4165 2290 4228 Iactus.
2320 4164 2375 4219 in
2403 4163 2746 4220 Constantini
2781 4161 3112 4219 sententiam
3145 4161 3409 4217 adversus
3447 4168 3665 4216 sanctas

2088 4257 2355 4329 imagines
2383 4257 2675 4313 excitatam
2701 4257 2817 4328 ipse
2841 4255 3132 4312 contraria:
3150 4252 3663 4312 consciustransiit.

2090 4351 2223 4405 Eum
2272 4349 2663 4405 communibus
2710 4348 2938 4404 calculis
2985 4346 3306 4404 Theodorus
3340 4344 3664 4406 Antiochim,

2089 4441 2412 4498 Theodorus
2449 4441 2587 4496 alter
2612 4439 3141 4512 Hierosolymorum,
3173 4439 3402 4494 Costnas
3428 4438 3666 4493 Alexan-

2090 4536 2220 4591 dria:
2276 4535 2604 4607 patriarchae
2651 4549 2775 4590 cum
2836 4531 3198 4602 sttﬂ‘raganeis
3252 4529 3524 4601 episcopis
3582 4527 3668 4583 die

401 4610 536 4681 στῆς
564 4614 708 4683 μετὰ
736 4614 837 4687 τὴν
870 4617 1177 4686 ἀνάγνωσιν
1202 4620 1296 4674 τοῦ
1331 4599 1486 4690 ἀγίου
1509 4621 1842 4690 Εύαγγελίου
1861 4621 1965 4692 όμο

2096 4635 2302 4682 sancta:
2329 4625 2684 4683 Pentecostes
2733 4599 3070 4681 sacrosancti
3110 4599 3388 4692 Evangelii
3435 4599 3670 4676 lectione

399 4703 615 4846 ξρόνως
643 4707 1067 4780 ἀνεθεμάτισαν,
1089 4711 1322 4777 ἕκαστος
1350 4713 1494 4769 κατά
1511 4713 1611 4785 τὴν
1649 4713 1845 4767 ἑαυτοῦ
1890 4715 1988 4768 πό-

437 4814 507 4846 ιν.

437 4814 507 4851 ιν.

477 4889 571 4962 Τῷ
593 4891 640 4946 δ’
665 4892 818 4966 αύτῷ
845 4893 957 4949 ἔτει
985 4897 1083 4950 ἀπ’
1105 4896 1279 4968 ἀρχῆς
1315 4897 1410 4953 τοῦ
1458 4899 1788 4971 Ὀκτωϐρίου
1817 4898 1986 4971 μηνὸς

402 4979 627 5049 γέγονεν
673 4985 840 5056 κρύος
889 4989 1032 5059 μέγα
1067 4990 1162 5042 καὶ
1197 4990 1558 5060 πικρότατον,
1621 4993 1682 5046 ού
1725 4992 1867 5047 κατά
1889 4991 1990 5064 τὴν

399 5073 677 5148 ἡμετέραν
707 5079 811 5150 γῆν
847 5081 1032 5152 μόνον,
1072 5082 1207 5136 ἀλλά
1252 5083 1344 5137 καὶ
1376 5086 1516 5139 κατά
1545 5085 1646 5156 τὴν
1700 5085 1991 5156 Ἀνατολὴν

2085 4730 2326 4791 peracta,
2352 4720 2407 4774 in
2441 4721 2663 4790 propria
2689 4718 2819 4774 sede
2841 4715 3042 4786 singuli
3075 4713 3440 4772 concordibus
3469 4712 3670 4770 animis

2084 4829 2149 4867 ac
2179 4810 2408 4868 vocibus
2437 4809 2773 4867 anathemati
2808 4808 3114 4878 subjecere.

2159 4904 2361 4962 Eodem
2402 4905 2607 4976 pariter
2636 4919 2782 4958 anno
2809 4917 2840 4957 a
2888 4903 3096 4959 mensis
3137 4899 3398 4960 Octobris
3441 4897 3671 4957 exordio

2091 4996 2264 5069 I‘rigus
2291 4997 2486 5067 ingens
2517 5005 2574 5051 et
2605 4994 2973 5064 asperrimum
3018 5009 3128 5050 non
3160 4993 3214 5049 in
3249 4993 3353 5049 hac
3383 4993 3550 5048 modo
3580 5005 3670 5044 re-

2091 5091 2274 5163 gione,
2305 5091 2399 5146 sed
2430 5097 2484 5146 et
2513 5103 2611 5159 per
2631 5084 2936 5152 Orientem,
2966 5087 3413 5160 Septentrionem
3435 5092 3489 5141 et
3514 5081 3673 5140 Occi-

1659 5197 1896 5254 vanm:
1947 5180 2353 5255 Lec'rtovss.

473 5283 521 5317 "
547 5284 619 5359 κ’]
648 5286 742 5354 κς¹
773 5305 828 5357 a,
861 5288 915 5358 ς’
947 5290 989 5348 ι.
1064 5293 1105 5325 ’⁸
1147 5291 1276 5348 fort.
1309 5292 1609 5364 κομϐἑντον
1632 5291 1736 5347 cl'r.
1779 5309 1831 5362 p.
1862 5292 1968 5347 262

2073 5293 2111 5324 ’³
2135 5292 2435 5366 Βασραοὼν
2465 5293 2506 5348 ί.

1665 5408 1810 5466 με.
1837 5409 2050 5466 GOARI
2091 5409 2329 5467 ΝΟΤᾸΕ.

473 5528 589 5605 (57)
613 5530 900 5605 ‘Conclnit
941 5515 1310 5605 Niceplrorus,
1341 5533 1516 5588 ταῦτα
1571 5530 1983 5603 κατεπράττετο

400 5600 683 5676 κατά-τὴν
704 5603 932 5676 πρώτην
959 5600 1292 5676 ίνϐικτιῶνα.

473 5670 586 5749 (ἕξ)
622 5670 707 5749 Ab
739 5670 1084 5749 ὁξοτίοεοὶε·

470 5743 589 5815 ($9)
619 5745 985 5815 Nicephorus.
1013 5745 1263 5800 Βαῖανόν.

475 5803 587 5886 (σο)
621 5803 788 5872 Βπιῖ.
815 5803 1134 5887 Βασρσθών,
1157 5817 1452 5886 quiforsatt
1487 5835 1611 5893 pag.
1636 5817 1741 5874 ὅ(ῖὸ
1773 5814 1988 5887 Βάτρα-

725 5915 995 5977 ΡΑτιιοι.
1029 5913 1144 5975 (in.
1179 5912 1392 5976 CVIII.

2096 5549 2208 5596 σος.
2245 5531 2502 5658 Bagaso:
2529 5533 2674 5604 apud
2705 5533 3081 5589 Anastasinm.

2167 5604 2280 5658 (6|)
2360 5607 2690 5658 atriarcham
2711 5605 2931 5658 nomine
2961 5601 3081 5656 Ther

2167 5604 2280 5673 (6|)
2315 5599 2690 5660 Patriarcham
2711 5605 2931 5659 nomine
2961 5599 3310 5673 Theodorum
3342 5605 3670 5673 ante_anno_s

2094 5664 2191 5729 sex
2217 5664 2274 5729 in
2307 5677 2562 5731 exsilium
2612 5677 2849 5745 ejectum
2878 5675 3136 5745 Iegimus._
3159 5672 3240 5725 An
3275 5670 3346 5722 ita
3376 5667 3489 5722 sedi
3521 5664 3674 5720 restl-

2095 5755 2272 5851 huius,
2416 5746 2516 5805 hoc
2546 5743 2691 5803 anno
2714 5743 2969 5803 Costnatn
2997 5743 3345 5799 anathemate
3385 5745 3675 5798 percutere

2093 5824 2363 5886 potuerit?

3159 5906 3239 5970 28
