4060 6226
357 247 465 314 889

1653 257 2008 318 CIIRONOG
2024 259 2118 317 HA
2128 259 2304 318 PHIA
2317 306 2333 323 .

3503 266 3624 331 890

353 379 486 418 num
563 361 922 419 Orientalium
1015 365 1264 433 themati,
1351 368 1519 424 alium
1598 367 1913 425 Michaelem
1984 369 2537 427 Lachanodraconcm
2625 371 3046 441 Thracensium,
3111 375 3430 437 Buccllariis
3513 383 3627 445 Ma.

353 466 533 512 uetcm
596 460 913 528 quemdam,
979 477 1050 520 ex
1108 465 1331 521 nomine
1405 463 1644 520 vesania:
1713 463 1931 520 dantem
1969 477 2313 536 argumenta,
2368 465 2630 536 praefecit.
2692 466 2830 533 Quis
2890 485 3020 525 vero
3107 472 3300 532 horum
3400 481 3611 534 scelera

348 553 660 610 enarrando
692 554 828 612 satis
856 557 982 621 erit,
1014 573 1137 628 qua:
1167 560 1363 628 partim
1391 559 1512 616 suis
1554 559 1692 616 locis
1720 575 1750 615 a
1785 561 1945 616 nobis
1984 563 2463 632 perstringeutur?
2525 578 2653 617 nam
2748 565 2794 618 si
2854 566 3040 620 omnia
3101 568 3436 638 singulatim,
3497 591 3621 643 quae

349 651 455 721 ipsi
525 665 736 706 morem
812 649 1130 722 imperatori
1201 667 1449 724 gerentes
1491 656 1852 720 admiserunt,
1909 656 2412 721 conscriberentur,
2481 657 2675 722 libros,
2735 659 2826 727 qui
2887 659 2954 714 de
3041 675 3104 714 ea
3168 677 3226 716 re
3295 666 3623 733 compilandi

348 751 556 805 essent,
591 741 857 798 mundum
886 743 1064 814 ipsum
1094 745 1181 799 vix
1215 759 1373 815 posse
1411 761 1628 817 capere,
1655 755 1715 802 ut
1756 746 1974 816 proprie
2015 762 2138 801 cum
2161 748 2493 818 evangelista
2527 750 2744 817 loquar,
2781 766 2887 804 non
2918 752 3178 806 arbitror.

419 841 486 894 Α.
521 838 599 894 Μ.
656 837 820 894 6259.
863 867 936 882 -
971 838 1200 910 Ῥώμης
1236 841 1569 898 ἐπισκόπου
1620 840 1923 912 Στεφάνου

2103 843 2168 897 Α.
2193 841 2256 898 C.
2285 843 2408 897 759.
2441 873 2510 885 -
2537 841 2718 896 Romm
2744 843 2972 913 episcopi
3006 842 3266 912 Stephani
3298 863 3470 900 annus
3502 849 3616 916 pri-

347 934 482 999 ἔτος
537 929 612 986 α’.

420 1026 608 1097 Τούτῳ
637 1027 715 1096 τῷ
738 1023 849 1079 ἔτει
877 1025 1008 1098 μηνὶ
1042 1023 1360 1095 Ὀκτωϐρίῳ
1392 1029 1468 1090 ς’,
1494 1022 1828 1088 ίνδικτιῶνος
1847 1031 1925 1090 ς’,

351 1120 495 1191 ἤχθη
527 1119 939 1182 Κωνσταντῖνος
979 1117 1008 1170 ό
1044 1113 1398 1186 ψευδώνυμος
1437 1116 1786 1189 πατριάρχης
1819 1117 1929 1170 ἀπὸ

349 1215 454 1282 τῆς
485 1208 793 1280 Πριγκίπου
819 1209 983 1279 νήσου
1004 1224 1018 1238 ·
1055 1209 1150 1260 καὶ
1185 1207 1392 1277 ἐδειρεν
1426 1208 1589 1261 αὑτὸν
1615 1210 1643 1262 ὁ
1663 1208 1927 1279 τύραννος

349 1299 792 1362 Κωνσταντῖνος,
843 1297 921 1361 ὡς
976 1296 1053 1368 μὴ
1104 1295 1310 1367 ίσχύειν
1363 1298 1407 1330 ⁸⁵
1459 1298 1625 1352 αὑτὸν
1688 1298 1925 1368 βαδίσαι.

356 1392 646 1447 Ἐκέλευσε
675 1391 734 1444 δὲ
779 1389 944 1444 αὐτὸν
998 1390 1080 1453 είς
1127 1392 1348 1461 φορεῖον
1403 1390 1794 1462 βασταχθῆναι,
1830 1390 1927 1444 καὶ

347 1483 660 1538 ἀπελθόντα
682 1481 913 1537 καθίσαι
944 1483 1002 1534 ὲν
1032 1483 1098 1552 τῇ
1128 1481 1381 1553 σολαίᾳ⁶⁶
1405 1480 1522 1553 (98)
1538 1482 1635 1552 τῆς
1665 1481 1932 1551 Μεγάλης

361 1575 714 1647 Ἐκκλησίας.
734 1575 845 1629 Καὶ
892 1574 1201 1645 ἀσηκρῆτις
1241 1568 1310 1645 ἦν
1341 1574 1437 1628 σὺν
1461 1573 1611 1644 αὐτῷ
1641 1574 1926 1645 βαστάζων

348 1669 517 1739 τόμον
544 1669 775 1738 χάρτου,
802 1668 860 1722 ὲν
889 1659 935 1735 ᾦ
967 1663 1040 1738 ἦν
1063 1665 1427 1736 γεγραμμένα
1446 1666 1516 1720 τά
1542 1665 1736 1721 τούτου
1753 1668 1922 1724 αἴτια.

349 1761 556 1821 Παντὸς
591 1761 649 1814 δὲ
675 1760 772 1814 τοῦ
799 1757 930 1812 λαοῦ
971 1759 1070 1826 τῆς
1098 1758 1303 1821 πόλεως
1334 1759 1399 1813 ὲκ
1425 1759 1690 1830 διαταγῆς
1719 1760 1928 1830 βασιλι-

348 1855 454 1925 κῆς
484 1856 668 1909 ἐκεῖσε
719 1852 1106 1924 ἀθροισθέντος
1141 1852 1232 1906 καὶ
1274 1851 1531 1923 ὁρῶντος,
1581 1854 1924 1922 ύπανεγινώ-

347 1963 509 2000 σκετο
539 1947 569 2000 ό
616 1948 826 2019 χάρτης
854 1951 936 2012 είς
976 1950 1216 2020 ἐπήκοον
1255 1949 1462 2014 παντὸς
1497 1949 1594 2004 τοῦ
1624 1950 1780 2006 λαοῦ.
1814 1952 1924 2004 Καὶ

343 2037 467 2092 καθ’
493 2037 726 2093 ἕκαστον
750 2039 793 2072 ⁸⁷
827 2039 1122 2108 κεφάλαιον
1156 2039 1348 2094 ἐπαιεν
1389 2041 1433 2074 ⁸⁸
1463 2041 1630 2095 αὑτοῦ
1659 2041 1720 2094 τὸ
1747 2039 1923 2111 πρόσ-

341 2147 492 2184 ωπον
543 2130 572 2183 ό
601 2131 927 2202 ἀπικρῆτις,
957 2131 1053 2186 τοῦ
1089 2132 1429 2204 πατριάρχου
1459 2131 1702 2203 Νικήτου
1740 2133 1799 2186 ὲν
1844 2131 1922 2202 τῷ

2050 950 2183 988 ιιιιε.
3493 982 3495 985 .

2099 1024 2213 1082 Hoc
2243 1040 2389 1080 anno
2425 1026 2634 1082 mensis
2664 1025 2918 1082 Octobris
2951 1027 3040 1083 die
3086 1038 3263 1092 sexto,
3308 1029 3615 1087 indictione

2025 1127 2200 1184 sexta,
2252 1118 2652 1174 Constantinus
2706 1117 2826 1174 falsi
2885 1121 3125 1176 nominis
3178 1123 3494 1191 patriarcha
3547 1141 3614 1180 ex

2026 1210 2204 1266 insula
2246 1211 2514 1281 Principis
2585 1212 2641 1266 in
2667 1265 2682 1276 _
2705 1212 2897 1266 urbem
2931 1215 3161 1278 accitus,
3195 1224 3274 1268 tot
3323 1217 3549 1272 verbera
3589 1235 3616 1272 a

2029 1313 2262 1374 tyranno
2286 1303 2649 1357 Constantino
2685 1304 2828 1368 tulit,
2863 1313 2922 1358 ut
2952 1305 3184 1374 pedibus
3215 1308 3328 1362 suis
3360 1294 3621 1379 progredi

2029 1415 2140 1454 non
2195 1400 2422 1456 valeret.
2459 1400 2595 1455 Eum
2657 1402 2844 1471 itaque
2901 1401 3092 1457 lectica
3150 1403 3357 1468 eﬂ'erri,
3390 1411 3445 1458 et
3495 1421 3526 1457 a
3562 1419 3622 1458 se

2025 1491 2328 1560 digressum
2359 1491 2414 1545 in
2451 1492 2699 1547 ecclesiae
2717 1492 2925 1563 Magna:
2953 1494 3101 1548 solea
3135 1494 3420 1550 considere
3429 1494 3619 1564 jussit.

2001 1583 2234 1637 ‘Aderat
2293 1597 2458 1653 porro
2511 1599 2657 1638 unus
2695 1583 3312 1653 asecrelislprteferens
3350 1585 3618 1648 libellum,

2025 1687 2135 1741 quo
2182 1673 2371 1727 munia
2423 1673 2844 1728 accusationum
2899 1674 3078 1743 capita
3119 1673 3394 1744 descripta
3441 1683 3618 1729 erant-

2023 1765 2302 1821 Universo
2357 1775 2539 1820 autem
2597 1765 2750 1821 urbis
2797 1766 2997 1836 populo
3060 1766 3411 1836 imperatoris
3456 1765 3614 1834 jussu

2025 1862 2354 1924 congregato
2381 1863 2430 1908 et
2462 1863 2765 1921 spectante,
2799 1854 2853 1909 in
2889 1855 3136 1910 omnium
3169 1857 3358 1910 auditu
3399 1856 3617 1910 libellus

2025 1947 2118 2000 ille
2143 1945 2358 2016 publice
2385 1947 2743 2012 recitabatur,
2778 1955 2833 2002 et
2861 1945 2928 2000 ad
2958 1947 3168 2017 singula
3199 1949 3376 2017 capita
3423 1946 3616 2002 faciem

2023 2040 2145 2108 ejus
2204 2037 2463 2094 asecretis
2526 2038 2887 2108 percutiehat,
2946 2040 3258 2110 patriarcha
3311 2040 3500 2095 Niceta
3559 2049 3616 2094 tn

2026 2133 2207 2188 throni
2240 2148 2503 2188 consessu
2527 2133 2754 2188 sedente
2789 2147 2854 2188 ac
2883 2133 3067 2188 omnia
3113 2133 3514 2202 prospiciente;
3539 2133 3617 2186 Eo

346 2217 627 2289 συνθρόνῳ
863 2195 1236 2292 καθεζομένου
1301 2195 1398 2276 καὶ
1454 2195 1793 2294 θεωροῦντος
1851 2195 1917 2277 ⁶⁹..

2025 2226 2220 2280 deinde
2246 2226 2299 2280 in
2327 2225 2615 2280 ambonem
2648 2234 2860 2292 cvecto,
2891 2235 2948 2280 et
2995 2233 3147 2280 recto
3179 2225 3232 2279 in
3266 2225 3432 2294 pedes
3486 2239 3619 2278 con-

349 2310 504 2364 Μετὰ
527 2311 583 2365 δὲ
599 2310 757 2366 τοῦτο
778 2312 1215 2378 ἀναϐιϐάσαντες
1237 2314 1404 2368 αὐτὸν
1434 2315 1480 2347 7°
1510 2315 1570 2370 ὲν
1597 2313 1678 2386 τῷ
1703 2314 1925 2385 ἄμϐωνι

342 2402 439 2457 καὶ
485 2403 788 2474 στήσαντες
816 2402 1026 2475 ὄρθιον,
1059 2404 1253 2460 ἔλαϐεν
1283 2405 1534 2475 Νικήτας
1566 2406 1660 2460 τὸν
1688 2405 1920 2477 χάρτην,

342 2495 438 2549 καὶ
473 2494 806 2559 ἀποστείλας
854 2495 1210 2562 ἐπισκόπους,
1253 2497 1348 2551 καὶ
1386 2496 1570 2552 λαϐὼν
1598 2497 1661 2551 τὸ
1702 2497 1922 2568 ὼμοςρό-

347 2603 460 2657 ριον
485 2585 564 2657 (1)
594 2585 762 2639 αὐτοῦ
788 2587 1184 2658 ὰνεθεμάτισεν
1205 2587 1390 2654 αὐτὸν,
1417 2589 1514 2643 καὶ
1541 2590 1921 2661 ἐπονομάσαν-

338 2693 429 2740 τες
473 2676 762 2747 Σκοτιόψιν
802 2677 1046 2742 ἐξέωσαν
1080 2678 1244 2732 αὐτὸν
1281 2679 1664 2748 όπισθοφανῶς
1696 2682 1795 2750 τῆς
1831 2682 1918 2734 ὲκ-

339 2767 598 2840 κλησίας.
626 2769 705 2840 Τῇ
729 2770 786 2823 δὲ
814 2769 944 2840 ἑξῆς
971 2770 1155 2842 ἡμέρᾳ
1186 2770 1551 2842 ἱπποδρομίας
1588 2771 1758 2844 οὔσης
1800 2773 1918 2842 ἐψί-

342 2859 526 2914 λωσαν
575 2858 744 2914 αὑτοῦ
770 2860 870 2932 τὴν
916 2860 1064 2930 ὄψιν,
1113 2861 1207 2915 καὶ
1244 2861 1574 2933 ἐγύμνωσαν
1625 2863 1792 2917 αὐτοῦ
1820 2864 1921 2934 τὴν

337 2952 591 3022 γενειάδα
607 2952 704 3006 καὶ
725 2953 824 3016 τὰς
841 2953 942 3023 τῆς
963 2953 1204 3024 κεφαλῆς
1224 2955 1414 3025 τρίχας
1429 2956 1525 3009 καὶ
1545 2955 1657 3009 τῶν
1677 2955 1917 3027 ὀφρύων.

339 3045 450 3098 Καὶ
496 3044 819 3108 ἐνδύσαντες
848 3045 1013 3099 αὐτὸν
1044 3045 1269 3118 σηρικὸν
1298 3045 1394 3100 καὶ
1423 3047 1770 3118 ἀμανίκωτον
1797 3063 1923 3100 κον-

337 3135 429 3191 τδν
456 3137 502 3170 ’ί
534 3136 610 3207 (9)
658 3137 926 3191 ἐκάθισαν
954 3138 1118 3192 αὑτὸν
1176 3139 1270 3192 ἐπὶ
1313 3138 1435 3193 ὄνου
1484 3138 1917 3209 σαγματωμένου

338 3229 723 3301 ὲξανάστροφα
785 3228 1098 3300 κρατοῦντα
1165 3228 1266 3301 τὴν
1325 3230 1496 3298 οὐρὰν
1557 3229 1748 3285 αὐτοῦ.
1809 3230 1919 3284 Καὶ

341 3322 645 3394 ἐξήνεγκαν
712 3321 802 3376 διὰ
827 3322 924 3376 τού
964 3321 1214 3378 διιππίου
1245 3325 1294 3356 ’³
1322 3325 1404 3386 είς
1429 3322 1494 3378 τὸ
1538 3323 1916 3397 ἱπποδρόμιον,

337 3405 436 3468 τού
461 3413 596 3469 λαοῦ
629 3415 832 3478 παντὸς
861 3413 957 3467 καὶ
983 3412 1081 3468 τοῦ
1130 3413 1309 3485 δήμου
1335 3415 1780 3479 ἀνασκάπτοντος
1823 3417 1920 3470 καὶ

2025 2320 2242 2381 Stituto,
2276 2318 2516 2373 libellum
2541 2318 2761 2385 accepit
2795 2318 3036 2381 Nieetas,
3070 2334 3196 2372 mox
3244 2318 3502 2386 episcopo
3547 2318 3616 2371 ad

2021 2427 2147 2466 cum
2185 2410 2394 2474 misso,
2443 2419 2498 2465 et
2553 2410 2901 2464 anathemate
2948 2410 3002 2463 in
3051 2425 3176 2463 eum
3231 2406 3614 2477 pronuntiato,

2022 2503 2250 2574 pallium
2283 2501 2646 2566 sustulerunt,
2683 2501 3127 2571 Scotiopsimque
3161 2500 3364 2568 saepius
3406 2501 3607 2552 vocita-

2025 2603 2139 2648 tum
2194 2596 2513 2664 retrogrado
2564 2607 2727 2664 passu
2763 2593 2832 2647 ab
2857 2592 3088 2648 ecclesia
3137 2591 3421 2656 jusserunt
3451 2604 3615 2644 exce-

2021 2687 2170 2741 dere.
2199 2686 2464 2756 Sequenti
2500 2699 2635 2740 vero
2669 2685 2790 2740 luce
2827 2685 2971 2741 ludis
3002 2685 3165 2754 372
3196 2683 3252 2737 in
3279 2683 3431 2738 circo
3473 2681 3618 2736 cele-

2023 2779 2216 2842 bratis,
2253 2778 2571 2833 universam
2612 2778 2736 2848 ejus
2769 2777 2962 2833 faciem
3002 2777 3328 2846 depilantes,
3359 2773 3614 2835 barbam.

2021 2869 2311 2941 supercilia
2369 2880 2536 2940 atque
2597 2870 2923 2940 capillitium
2977 2870 3269 2932 abrasere,
3319 2877 3373 2923 et
3431 2866 3617 2921 serico

2021 2961 2168 3015 brevi
2191 2968 2246 3014 ct
2269 2961 2389 3015 sine
2421 2959 2652 3015 manicis
2683 2961 3008 3014 vestimento
3032 2958 3284 3012 indutum
3313 2957 3368 3011 in
3396 2956 3614 3011 asinum

2023 3051 2243 3106 clitellis
2284 3049 2641 3114 instructum,
2674 3047 2811 3104 facie
2841 3059 2990 3104 retro
3019 3063 3199 3112 versa,
3231 3046 3370 3102 adeo
3405 3055 3464 3100 ut
3492 3061 3613 3100 ma-

2023 3143 2187 3198 nibus
2237 3141 2470 3197 caudam
2524 3147 2753 3204 teneret,
2786 3141 3120 3210 imposuere.
3147 3147 3314 3208 atque
3353 3153 3448 3209 per
3469 3136 3615 3206 diip-

2022 3234 2172 3304 pium
2204 3233 2257 3287 in
2288 3231 2494 3288 circum
2524 3233 2856 3303 produxere,
2890 3229 3046 3300 plebe
3076 3229 3336 3284 universa
3369 3227 3615 3298 ipsisque
3698 3244 3700 3247 '

2021 3323 2351 3380 factionibus
2379 3337 2506 3378 cum
2526 3321 2811 3389 ,couviciis
2849 3329 3014 3390 atque
3046 3319 3224 3389 sputis
3255 3331 3562 3387 prosequen
3586 3345 3613 3358 -

2021 3418 2188 3474 tibus.
2221 3412 2622 3471 Constantinus
2655 3427 2788 3468 vero
2820 3411 2939 3482 ejus
2984 3426 3152 3481 nepos
3183 3409 3427 3481 praecisis
3459 3408 3614 3462 ποτίκ-

338 3504 684 3575 ὲμπτύοντος
706 3503 891 3562 αὐτόν.
927 3503 1134 3574 Ἔσυρε
1159 3504 1217 3559 δὲ
1246 3504 1336 3560 τὸν
1357 3505 1477 3560 όνον
1502 3507 1918 3571 Κωνσταντῖνος

2023 3509 2124 3563 bus
2178 3505 2442 3562 deformis
2502 3505 2717 3560 asinum
2775 3504 3044 3559 trahebat.
3105 3503 3242 3558 Cum
3300 3509 3483 3556 autem
3546 3499 3614 3553 a.l

337 3599 367 3652 ό
396 3597 442 3628 ⁷³
462 3596 683 3668 ἀνεψιὸς
704 3594 874 3651 αὑτοῦ
898 3596 1160 3668 ῥινοκοπη
1169 3596 1350 3668 μένος.
1380 3597 1659 3662 Ἐλθόντος
1676 3599 1734 3654 δὲ
1751 3600 1916 3655 αὐτοῦ

339 3691 399 3742 ὲν
428 3689 542 3753 τοῖς
565 3688 780 3761 δήμοις,
819 3687 1093 3757 κατῆλθον
1121 3688 1215 3742 καὶ
1246 3687 1574 3754 ἐνέπτυσαν,
1622 3692 1716 3746 καὶ
1768 3692 1916 3744 κόνιν
1968 3746 1973 3751 ,

343 3779 680 3852 ὲπέρῤιπτον
711 3780 795 3834 ἐπ’
830 3779 1016 3835 αὐτόν.
1058 3778 1416 3848 Ἐνὲγκαντες
1443 3780 1501 3835 δὲ
1540 3780 1703 3836 αὐτὸν
1731 3783 1811 3845 είς
1855 3781 1918 3835 τὸ

344 3874 533 3944 στάμα
558 3869 663 3945 (3),
691 3871 921 3946 ἔρριψαν
957 3871 1123 3927 αὐτὸν
1145 3871 1213 3926 ὲκ
1229 3870 1324 3926 τοῦ
1348 3871 1494 3940 ϐνου,
1519 3872 1615 3928 καὶ
1631 3872 1913 3942 ἆπὰτησαν

2026 3597 2327 3654 factionum
2374 3597 2554 3652 locum
2603 3593 2843 3658 devenit,
2870 3602 2984 3647 tum
3028 3606 3221 3647 omnes
3273 3589 3452 3661 sputis
3486 3603 3613 3643 eum

2025 3693 2206 3748 denuo
2231 3703 2555 3760 respergere
2583 3695 2639 3742 et
2666 3687 2942 3756 pulverem
2972 3684 3027 3738 in
3057 3699 3184 3738 eum
3222 3683 3507 3752 projicere.
3532 3679 3614 3732 Ad

2026 3784 2205 3838 locum
2235 3780 2432 3836 deinde
2461 3792 2574 3848 quo
2608 3777 2920 3832 consistunt
2948 3775 3074 3844 equi
3109 3772 3431 3835 adductum,
3457 3769 3616 3822 asino

2026 3874 2359 3948 przecipitem
2411 3871 2880 3936 deturbaverunt,
2923 3865 3152 3938 ejusque
3198 3863 3420 3933 demum
3471 3860 3614 3916 collo

1645 3984 1878 4041 VARI/8
1943 3982 2349 4042 LECTIONES.

436 4096 485 4130 ⁸⁵
517 4096 722 4169 ίσχύειν
743 4095 806 4159 Α,
818 4095 1088 4169 ρύνασθαι
1112 4097 1270 4169 ivulg.
1365 4098 1414 4130 “
1436 4096 1645 4169 σωλαίᾳ
1670 4098 1733 4151 Α.

335 4240 464 4295 add.
507 4254 574 4298 es
603 4238 670 4294 Α.

1812 4097 1858 4129 ⁸⁷
1892 4097 2013 4150 καθ’
2035 4097 2267 4150 ἕκαστον
2302 4094 2366 4158 Δ,
2416 4091 2542 4146 καθ’
2599 4091 2658 4145 ἓν
2709 4090 2863 4159 vulg.

335 4169 484 4238 vnlg.
561 4153 970 4240 “Dempéﬁvro;
999 4169 1065 4234 A,
1099 4153 1335 4238 ὁρῶντος
1365 4168 1516 4240 vulg.
1584 4153 1814 4222 ⁷⁶αύτὸν
1843 4167 1968 4222 add.
2003 4183 2067 4224 ex
2098 4167 2164 4221 Α.
2240 4166 2284 4197 ⁷⁸
2307 4153 2496 4218 κονδδν
2526 4167 2592 4219 A.
2703 4163 2748 4197 ⁷³
2805 4153 2896 4216 διὰ
2927 4159 3021 4214 τοῦ
3081 4159 3272 4237 ἱππίου
3322 4161 3390 4212 Α.

2975 4089 3021 4122 ⁸⁸
3053 4088 3243 4142 ἔπαιεν
3281 4087 3348 4153 Α,
3381 4087 3610 4140 ἔπαισεν

3503 4158 3605 4210 ⁸186

1680 4324 1819 4380 JAC.
1851 4324 2062 4381 GOARl
2099 4323 2333 4381 ΝΟΤᾸΞ.

407 4445 524 4517 (98)
565 4443 740 4517 Quam
770 4443 940 4517 variis
965 4441 1142 4517 modis
1168 4441 1394 4517 Graecus
1413 4443 1912 4517 calcasset-ibatur,

337 4520 396 4574 in
433 4512 823 4586 Eucliologicis
848 4514 1180 4586 expgsitum.
1219 4512 1318 4568 Hic
1343 4525 1539 4583 praeter
1568 4514 1779 4586 litteras
1819 4531 1914 4584 ge-

337 4605 442 4645 nus
471 4583 928 4658 quoque'mutat.
951 4583 1144 4638 Soleas
1178 4599 1344 4653 porro
1382 4586 1448 4637 ad
1489 4585 1630 4658 sacri
1664 4583 1913 4639 tribuim-

337 4659 405 4713 lis
452 4655 616 4728 septa
646 4655 848 4728 gradus
875 4663 958 4710 est
990 4664 1360 4728 transversam
1392 4655 1689 4728 ecclesiam
1729 4671 1864 4728 occu
1886 4680 1908 4698 ς

337 4725 529 4797 ρσηε;’
573 4742 638 4780 ac
688 4726 734 4780 si
789 4725 844 4797 in
901 4735 1151 4797 extrema
1205 4725 1566 4797 ecclesiarum
1619 4725 1746 4779 navi
1803 4740 1913 4794 prae

337 4793 531 4853 altaris
575 4804 629 4852 et
659 4795 802 4852 sacri
848 4795 988 4866 septi
1030 4793 1252 4866 foribus
1283 4795 1506 4866 gradus,
1539 4811 1650 4863 quo
1691 4797 1745 4849 in
1783 4793 1910 4850 eum

2023 4460 2114 4499 seu
2144 4442 2616 4514 degradationem,
2643 4457 2808 4514 quam
2840 4447 2894 4497 et
2912 4441 3104 4514 mortis
3121 4453 3281 4514 pmna
3301 4444 3490 4494 secuta
3513 4437 3606 4492 sit.

2023 4511 2313 4569 Percussio
2343 4514 2436 4567 illa
2480 4513 2533 4566 in
2565 4511 2757 4568 faciem
2789 4513 2908 4582 ipso
2943 4512 3131 4567 libello
3161 4511 3349 4582 fiebat,
3380 4518 3609 4582 eratque

2021 4585 2074 4640 id
2117 4587 2285 4640 moris
2315 4585 2367 4638 in
2396 4583 2643 4653 iudiciis.
2680 4582 2772 4638 Sic
2813 4578 2884 4638 'et
2937 4581 3348 4653 Heracliuuiin
3388 4578 3608 4653 Crispo.

2019 4671 2116 4710 seu
2178 4655 2369 4711 Prisco
2397 4648 2619 4710 'fecisse
2668 4655 2839 4710 babes
2892 4651 3037 4721 apud
3103 4650 3164 4704 S.
3209 4648 3608 4719 Nicephorum.

2019 4729 2454 4862 ωέἲειὲέιίιηο
2517 4793 2688 4850 fuisse
2739 4791 2989 4848 casulam
3049 4789 3493 4862 sacerdotalem,
3523 4785 3610 4841 vel

339 4867 787 4946 ascenderemus,
846 4858 1184 4946 occurreret.
1237 4858 1407 4920 ls'est
1457 4858 1818 4946 diacpno‘rum
1858 4874 1910 4919 et
1947 4893 1988 4946 ο
2020 4858 2244 4946 saccum
2274 4865 2718 4946 pattjarchalem,
2754 4861 3108 4946 conciliando
3135 4858 3438 4946 opprobrio
3483 4859 3610 4946 bre-

341 4939 608 4994 lcctorum
641 4937 823 4998 sedes.
856 4945 910 4992 et
937 4951 1006 4992 ex
1053 4949 1120 4990 eo
1149 4945 1407 5006 tanquam
1435 4951 1465 4989 e
1498 4936 1635 5006 solio
1684 4937 1772 5003 (ex
1802 4951 1912 5005 quo

340 5009 482 5064 facta
531 5007 847 5078 appellatio)
901 5020 1059 5078 sacra
1088 5004 1405 5078 coimn'nnio
1435 5004 1719 5061 etChristi
1767 5004 1914 5078 regis

337 5094 540 5148 corpus
572 5075 627 5132 in
668 5078 927 5149 populum
962 5075 1332 5149 distribuitur.
1389 5077 1443 5149 ln
1466 5091 1542 5149 eo
1577 5086 1732 5131 stans
1768 5075 1914 5130 Con-

338 5145 642 5216 stantinus,
669 5145 932 5218 tanquam
970 5148 1022 5200 in
1047 5145 1194 5218 edito
1217 5147 1497 5218 epiprobrii
1520 5161 1916 5218 pmnarinnque

339 5219 446 5275 sibi
491 5216 819 5274 inﬂictaruiu
861 5216 1236 5288 spectaculum
1265 5217 1593 5271 Christianae
1636 5216 1776 5287 plebi
1814 5232 1914 5270 ex-

341 5289 540 5344 hibuit.
575 5286 921 5348 Anastasius.
955 5289 1008 5341 in
1042 5286 1277 5341 ecclesia:
1301 5288 1522 5356 gremio.

414 5361 528 5430 (99)
562 5360 760 5414 Sedem
793 5360 1053 5430 episcOpo
1093 5359 1148 5411 in
1205 5359 1437 5430 ecclesia
1490 5357 1802 5420 editiorem,
1846 5370 1909 5408 ex

338 5428 445 5499 qua
484 5432 744 5500 populum
774 5428 992 5484 omnem
1035 5428 1090 5484 in
1141 5429 1379 5500 ecclesia
1413 5436 1747 5500 prospectat,
1789 5436 1843 5481 et
1883 5442 1911 5478 a

338 5498 566 5556 dextris
604 5500 958 5569 sinistrisque
1005 5498 1323 5554 sacerdotes
1372 5499 1544 5569 habet
1574 5511 1911 5558 assessores,

341 5569 635 5644 σύνθρονον
679 5567 958 5644 existima.
1017 5569 1434 5642 Eucliologiuni.
1507 5567 1910 5623 Concessionem

340 5641 522 5712 posuit
553 5641 897 5697 Anastasius.

412 5713 487 5785 (I)
537 5712 660 5767 llaec
693 5719 778 5770 est
813 5727 974 5780 quam
1007 5710 1405 5782 depositionem
1451 5709 1649 5765 rcalem
1688 5715 1904 5774 vocant,

2020 4927 2321 4991 vissimain.
2369 4934 2444 4988 Ea
2500 4937 2644 4990 enim
2692 4927 3302 5003 οειάμανίκωτοςζ’ἱι1
3350 4939 3436 4984 est
3477 4927 3609 4982 ἄνευ

2021 5007 2306 5072 μανικίων,
2342 5005 2595 5066 manicis,
2641 5010 2700 5057 ut
2730 5011 2902 5057 totum
2935 5003 3220 5056 involvens
3253 5015 3482 5072 corpus,
3519 5014 3612 5053 ca-

2018 5071 2120 5132 ret.
2156 5075 2382 5140 Κοντός,
2420 5091 2526 5129 non
2559 5083 2774 5146 contam
2797 5073 3002 5146 modo,
3060 5071 3345 5146 sed_brevi
3378 5084 3608 5146 quoque

2017 5137 2378 5217 respondere
2407 5146 2527 5217 lege
2581 5145 2726 5216 apud
2794 5143 3117 5200 Meursium.
3163 5141 3239 5198 De
3280 5137 3444 5198 sacco
3485 5137 3608 5193 vide

2017 5216 2410 5293 Euc_liologica.
2469 5216 2484 5293 '_
2907 5285 2938 5293 η
3109 5282 3120 5293 ,
3327 5279 3388 5293 .-
3465 5277 3478 5290 .

2092 5287 2172 5356 (5)
2229 5282 2576 5351 Anastasius,
2632 5294 2687 5341 et
2737 5284 3000 5348 Miscella,
3049 5282 3120 5337 ad
3190 5282 3594 5356 consistorium.

2022 5353 2260 5427 Optime.
2295 5356 2439 5411 Circi
2473 5367 2654 5411 tamen
2681 5356 2927 5424 intellige
2955 5363 3153 5427 metam
3181 5360 3236 5406 et
3271 5353 3472 5427 locum,
3501 5360 3609 5416 quo

2021 5417 2480 5499 cquicurrusque
2511 5435 2735 5498 peracto
2757 5417 2924 5499 cursu
2960 5417 3602 5499 consistniit.._lliiic_re-

2019 5489 2232 5554 centius
2285 5489 2525 5554 verbum'
2576 5495 2881 5568 σταματῶ,
2928 5503 2991 5568 et
3050 5489 3391 5568 σταματίςω,
3453 5489 3607 5568 sisto,

2020 5569 2270 5630 consisto,
2331 5577 2599 5636 exspecto.
2644 5558 2870 5635 Στάμαν
2928 5565 3072 5632 leges
3123 5558 3264 5630 apud
3303 5558 3604 5613 )lcursiunt

2019 5640 2300 5693 stationem
2344 5639 2489 5694 haud
2524 5639 2701 5708 inepte
2735 5638 3210 5704 interpretantem.
