4060 6226
378 319 507 399 937'
1687 325 2375 390 cnnonoenarma.
3546 334 3653 397 938

383 445 480 515 τῆς
521 438 616 496 τοῦ
645 437 883 510 πονηροῦ
902 437 1149 493 διαϐόλου
1182 438 1541 510 πανουργίαςί
1578 437 1694 504 πῶς
1727 440 1816 492 διὰ
1848 438 1976 492 πολ-

2084 448 2313 509 acccpto
2337 438 2674 509 reliquorum
2711 436 3010 495 thematum
3037 449 3252 509 turmae,
3274 444 3514 514 propriis
3565 448 3669 505 du-

381 536 488 590 λῶν
518 533 811 606 μεθοδειῶν
837 533 882 566 ³⁸
909 531 1129 585 σπεύδει
1149 531 1414 586 ἀπολέσαι
1438 531 1499 584 τὸ
1526 531 1636 584 τῶν
1661 529 1759 585 ἀνθ
1769 531 1968 602 ρώπων

2084 532 2240 603 cibus
2307 531 2529 602 fugatis,
2577 533 3008 588 Constantinum
3058 533 3444 604 imperatorem
3493 540 3672 596 solum

389 627 571 698 γένος
603 627 652 680 οἱ
684 625 793 696 γὰρ
815 625 924 696 πρὸ
952 624 1253 679 δεκαπέντε
1278 623 1487 695 χρόνων
1531 623 1833 690 ὀμόσαντες
1877 622 1968 678 τὸν

2084 623 2194 694 pari
2229 624 2490 695 suﬁ‘ragio
2523 625 2977 694 praedicaverunt.
3041 625 3086 681 O
3133 627 3332 682 diaboli
3372 645 3498 685 vere
3556 647 3679 689 ma-

380 718 613 791 φοϐερὺν
663 718 874 771 ἐκεῖνον
933 717 1120 788 ὅρκον,
1161 717 1255 769 καὶ
1306 715 1560 787 ἐγγραφα
1619 715 1967 784 ποιήσαντες,

382 812 475 866 καὶ
499 813 556 864 ἐν
578 809 659 881 τῷ
690 808 834 879 ἁγίῳ
863 809 1070 880 βήματι
1097 808 1449 879 ἀποθέμενοι,
1472 808 1636 861 πάλιν
1659 806 1877 878 ὤμνυον
1901 808 1969 878 τῇ

383 905 592 977 Εἰρήνῃ
627 903 704 974 μὴ
754 901 1142 972 βασιλευθῆναι
1179 900 1286 953 ὑπὸ
1324 900 1421 954 τοῦ
1464 898 1580 953 υίοῦ
1611 899 1783 968 αὐτῆς
1814 899 1872 953 ἐν
1902 901 1968 970 τῇ

383 993 498 1066 ζωῇ
528 993 719 1062 αὐτῆς.
748 991 859 1045 Καὶ
895 990 1052 1054 αῦθις
1095 989 1289 1044 τούτου
1333 990 1380 1022 ⁸⁸
1405 989 1789 1061 ἐπιλαθόμενοι
1818 989 1973 1043 Κων-

385 1088 664 1140 σταντῖνον
689 1083 1070 1154 αὐτοκράτορα
1088 1082 1463 1153 ἀνευφήμουν,
1511 1081 1588 1154 μὴ
1615 1081 1975 1152 ἐννοήσαντες

383 1177 437 1230 οἱ
451 1176 698 1240 τάλανες,
722 1174 805 1226 ὃτι
830 1173 933 1232 οὐκ
950 1171 1058 1225 ἔδει
1082 1171 1427 1242 ἀντωμοσίαν
1454 1171 1702 1243 ποιῆσαι.
1731 1171 1972 1243 Ἀνάγκη

384 1268 496 1338 γὰρ
525 1269 672 1320 πᾶσα
696 1267 764 1336 τῇ
795 1263 1110 1336 ἀντωμοσία
1128 1263 1228 1335 τὴν
1247 1263 1532 1335 ἐπιορκίαν
1550 1263 1971 1334 παρακολουθῆ-

385 1377 499 1424 σαι,
529 1357 788 1429 ἐπιορκία
830 1355 888 1408 δέ
919 1354 1054 1408 Θεοῦ
1083 1353 1334 1426 ἄρνησις.
1390 1354 1764 1425 Συναχθέντες
1809 1354 1868 1408 δέ
1895 1353 1974 1424 τῷ

395 1450 716 1522 ὀκτωϐρίῳ
736 1451 869 1522 μηνὶ
881 1449 982 1520 τῆς
998 1448 1604 1519 τεσσαρεσκαιδεκάτης
1644 1447 1975 1511 ίνδικτιῶνος

385 1545 434 1599 οἱ
465 1545 574 1597 τῶν
627 1541 880 1612 θεμάτων
929 1541 988 1594 ἐν
1032 1542 1102 1613 τῇ
1137 1539 1362 1612 Ἀτρῴᾳ
1392 1540 1503 1612 (73)
1555 1539 1902 1612 ἐπεξήτησαν
1930 1538 1974 1581 ³³

385 1636 588 1698 πάντες
620 1636 775 1705 κοινῇ
800 1630 995 1705 γνώμῃ
1023 1633 1434 1686 Κωνσταντῖνον
1463 1631 1690 1704 βασιλέα
1733 1630 1979 1685 εἰκοστὸν

385 1731 593 1798 ἄγοντα
637 1726 792 1790 ἐτοςο
849 1724 1153 1795 φοϐηθεῖσα
1190 1724 1247 1778 δέ
1282 1723 1490 1796 Εἰρήνη
1523 1725 1583 1778 τὸ
1612 1726 1842 1796 ὅρμημα
1884 1721 1979 1777 τοῦ

385 1821 518 1877 λαοῦ
547 1819 819 1874 ἀπέλυσεν
849 1817 1036 1872 αὐτόν.
1089 1816 1257 1871 Αὐτοὶ
1288 1817 1347 1871 δὲ
1375 1816 1564 1871 τοῦτον
1603 1816 1981 1888 αὐτοκράτορα

384 1915 671 1985 ἐκύρωσαν
717 1913 838 1984 μὲν,
870 1909 1224 1982 ἀπεκήρυξαν
1271 1911 1329 1965 δὲ
1366 1911 1470 1983 τὴν
1510 1911 1704 1966 τούτου
1741 1909 1979 1982 μητέρα.

401 2001 754 2057 Ἀπέστειλεν
780 2001 839 2056 δέ
871 2002 900 2054 ὁ
921 2000 1181 2070 βασιλεὺς
1211 1999 1414 2064 εὐθέως
1438 1999 1660 2072 Μιχαὴλ
1690 1998 1978 2070 τδνΛαχα-

385 2094 718 2165 νοδράκοντα
769 2092 866 2146 καὶ
929 2091 1187 2163 Ἰωάννην
1232 2092 1325 2145 τὸν
1373 2091 1609 2164 βάγυλον
1660 2090 1824 2145 αὐτοῦ
1875 2092 1973 2144 καὶ

387 2185 905 2260 πρωτοσπαθάριον,
958 2185 1054 2238 καὶ
1112 2185 1357 2255 ὥρκισαν
1401 2186 1528 2248 τοὺς
1583 2185 1984 2257 Ἀρμενιακοὺς

385 2281 484 2334 τοῦ
515 2281 591 2351 μὴ
619 2277 874 2343 δέξασθαι
904 2278 1144 2350 Εἰρήνην
1173 2277 1272 2349 τὴν
1299 2279 1513 2350 μητέρα
1542 2277 1714 2332 αὐτοῦ
1751 2278 1833 2340 είς
1881 2278 1982 2347 βα-

390 2371 636 2425 σίλισσαν
655 2389 669 2401 ο
695 2371 787 2424 τὸν
809 2371 866 2424 δὲ
904 2369 1146 2436 Ἀλέξιον
1175 2371 1528 2442 ἐπεκύρωσεν
1553 2369 1856 2441 στρατηγὸν
1885 2370 1983 2424 αὖ·

389 2464 519 2520 τῶν.
555 2463 664 2517 Καὶ
692 2463 1009 2518 ἐπανελθὼν
1056 2464 1086 2515 ὁ
1114 2463 1371 2534 βασιλεὺς
1419 2467 1476 2518 ἐν
1504 2464 1549 2496 ³⁸
1580 2467 1644 2535 τῇ
1697 2462 1850 2516 πόλει
1900 2461 1981 2533 τῷ

389 2555 717 2627 Δεκεμϐρίῳ
783 2557 943 2628 μηνὶ,
995 2555 1180 2628 δείρας
1214 2555 1309 2610 καὶ
1366 2556 1670 2628 κουρεύσας
1722 2553 1983 2628 ἐξώρισεν

395 2648 733 2719 Σταυράκιον
766 2647 846 2711 είς
875 2646 936 2700 τὸ
957 2645 1098 2716 θὲμα
1119 2645 1228 2700 τῶν
1263 2645 1640 2717 Ἀρμενιακῶν
1666 2644 1806 2721 πρὸς
1841 2644 1981 2716 πλη-

397 2739 657 2810 ροφορίαν
684 2740 888 2793 αὐτῶν.
923 2737 1216 2810 Ἐξὼρισεν
1244 2738 1300 2792 δὲ
1325 2738 1420 2791 καὶ
1441 2738 1650 2792 Ἀέτιον
1675 2739 1772 2794 τὸν
1793 2737 1980 2793 εὐνοῦ-

392 2849 488 2902 χον
511 2831 605 2884 καὶ
640 2829 1130 2904 πρωτοσπαθάριον
1156 2831 1248 2883 καὶ
1273 2829 1589 2902 ἐπιστήθιον
1616 2828 1732 2903 (74)
1763 2820 1979 2902 ἀὐτῆς,

396 2923 492 2975 καὶ
524 2921 731 2984 πάντας
761 2921 888 2984 τοὺς
921 2921 1231 2985 οἱκειακοὺς
1267 2921 1440 2995 αὐτῆς
1472 2923 1764 2996 εὐνούχους
1787 2941 1798 2951 ”
1851 2922 1982 2977 ταύ-

393 3032 496 3085 την
519 3014 576 3068 δὲ
605 3013 747 3084 μετὰ
773 3012 876 3084 τῆς
900 3014 1169 3079 ἀπαθείας
1194 3013 1366 3085 αὐτῆς
1406 2995 1667 3071 ἐκάθισεν
1693 3017 1750 3069 ἐν
1771 3013 1849 3086 τῷ
1875 3032 1982 3070 πα-

2076 713 2212 782 Iigni
2260 715 2595 770 versutiam!
2653 730 2818 785 quam
2881 716 3048 771 variis
3129 717 3340 774 artibus
3389 718 3678 777 hominum

2077 820 2249 876 genus
2278 805 2504 876 perdere
2536 807 2796 860 molitur?
2829 805 2999 862 Iidem
3033 823 3165 864 sane
3209 810 3299 880 qui
3331 823 3457 868 ante
3505 829 3680 872 annos

2078 895 2391 967 quindecim
2422 897 2704 952 tremendo
2738 896 2830 952 illo
2845 896 3229 968 jurejurando,
3260 903 3482 969 scriptis
3511 906 3678 963 etiam

2077 987 2496 1058 consignato,et
2524 988 2591 1042 ad
2621 1003 2842 1044 sacrum
2876 991 3116 1046 tribunal
3148 993 3415 1063 deposito,
3443 1011 3502 1052 se
3518 997 3679 1052 ﬁdem

2077 1088 2396 1135 servaturos
2443 1080 2808 1136 Constantino
2840 1082 3272 1154 obstrinxerant,
3309 1102 3456 1142 nunc
3500 1087 3678 1156 lrene,

2076 1171 2320 1242 quandiu
2352 1172 2516 1228 fuerit
2547 1173 2603 1227 in
2648 1173 2807 1239 vivis,
2835 1175 2969 1244 'ejus
3005 1175 3115 1229 ﬁlio
3161 1192 3442 1245 nunquam
3505 1178 3680 1248 subji-

2076 1263 2320 1332 ciendos,
2351 1280 2452 1321 nec
2511 1264 2606 1320 ﬁlii
2657 1265 2948 1336 imperium
3002 1283 3263 1337 passuros
3304 1271 3422 1339 pari
3483 1286 3677 1326 sacra.

2077 1365 2263 1410 mento
2285 1365 2685 1427 protestantur.
2717 1358 2845 1414 Mox
2901 1359 3077 1414 ultimi
3132 1359 3496 1431 jurisjurandi
3547 1362 3675 1420 facti

2078 1449 2430 1507 immemores
2457 1452 2651 1507 iterum
2680 1451 3104 1509 Constantinum
3133 1469 3230 1510 ceu
3288 1455 3676 1525 imperatorem

2081 1539 2280 1599 faustis
2311 1553 2724 1615 prosequuntur
2772 1545 3284 1612 acclamationibus,
3318 1560 3419 1601 nec
3448 1548 3680 1617 sejure-

2079 1633 2321 1704 jurando
2375 1636 2524 1692 aliud
2583 1646 2987 1693 sacramentum
3033 1653 3310 1708 opponere
3364 1639 3676 1696 advertunt.

2085 1727 2374 1784 Contraria
2412 1731 2614 1802 quippe
2641 1731 3001 1802 jurejurando
3037 1730 3432 1787 afﬁrmantibus
3489 1733 3676 1803 periu-

2087 1817 2230 1872 rium
2275 1820 2566 1876 admittere
2635 1823 2862 1878 omnino
2932 1838 3158 1879 necesse
3207 1832 3312 1880 est.
3367 1823 3677 1895 Perjurium

2084 1919 2265 1965 autem
2295 1911 2344 1964 si
2397 1909 2710 1979 admiseris,
2765 1912 2948 1983 ipsum
3002 1912 3172 1968 Deum
3217 1929 3409 1984 negas.
3452 1913 3677 1971 Octobri

2085 2016 2250 2072 porro
2301 2017 2490 2058 mense
2544 2004 2844 2060 indictione
2917 2013 3114 2076 quarta
3170 2006 3381 2062 decima
3433 2007 3678 2079 legiones

2087 2095 2387 2151 thematum
2415 2105 2625 2152 cuncto:
2649 2098 2792 2167 apud
2831 2097 3058 2154 Atroam
3090 2099 3332 2156 collecta:
3360 2099 3680 2157 Constanti-

2085 2203 2240 2255 num,
2297 2187 2621 2244 vicesimum
2655 2198 2789 2244 tunc
2809 2205 3016 2244 annum
3049 2199 3322 2261 agentem,
3349 2191 3528 2246 solum
3577 2191 3681 2245 im-

2084 2289 2392 2349 peratorem
2427 2281 2654 2351 agnosci
2699 2281 3140 2352 postulaverunt.
3173 2283 3356 2350 Quare
3403 2281 3681 2338 exercitus

2087 2372 2349 2442 impetum
2397 2371 2554 2428 Irene
2603 2371 2910 2428 formidans
2971 2374 3140 2428 filium
3167 2375 3382 2429 tandem
3443 2373 3678 2429 dimisit.

2083 2461 2448 2519 Constantino
2495 2463 2550 2517 in
2601 2465 2816 2534 imperii
2872 2465 3002 2520 sede
3049 2465 3398 2532 conﬁrmato,
3441 2473 3678 2520 matrem

2085 2554 2236 2609 omni
2263 2560 2534 2624 potestate
2560 2555 2762 2611 milites
2801 2556 3145 2611 abdicarunt.
3193 2555 3498 2627 Imperator
3545 2556 3680 2614 sub-

2099 2645 2229 2700 inde
2273 2644 2591 2701 Michaelem
2652 2645 3219 2712 Lachanodraconem
3282 2657 3338 2703 et
3410 2645 3678 2703 Joannem

2082 2738 2324 2808 bajulum
2365 2753 2525 2794 suum
2549 2746 2602 2792 et
2639 2741 3141 2809 protospatharium
3205 2739 3376 2805 misit,
3430 2740 3524 2811 qui
3574 2743 3682 2795 Ar-

2083 2831 2465 2885 meniacorum
2501 2829 2663 2885 ﬁdem
2690 2842 2916 2902 accepto
2948 2832 3017 2887 ab
3043 2832 3124 2887 eis
3187 2843 3533 2888 sacramento
3583 2833 3682 2888 de-

2090 2921 2357 2990 vinceret,
2399 2938 2468 2978 ne
2501 2933 2735 2978 matrem
2761 2925 2998 2994 amplius
3055 2925 3460 2996 imperatricem
3506 2941 3681 2996 agno-

2083 3021 2322 3079 scerent,
2391 3015 2762 3085 Alexiumque
2810 3031 3005 3072 eorum
3061 3018 3256 3072 ducem
3307 3018 3679 3088 conﬁrmavit,

396 3109 563 3182 λατίῳ
585 3107 678 3162 τοῦ
723 3107 1062 3178 Ἐλευθερίου
1091 3107 1227 3176 (75),
1276 3107 1305 3160 ὃ
1334 3105 1475 3176 αὐτὴ
1499 3105 1877 3180 ᾠκοδόμησεν,
1921 3109 1979 3163 ἐν

2084 3105 2268 3163 Mense
2313 3122 2444 3162 vero
2491 3107 2659 3182 395.
2719 3107 3001 3166 Decembri
3073 3112 3126 3166 in
3187 3111 3379 3167 urbem
3423 3126 3682 3167 reversus

393 3194 440 3268 ᾧ
486 3202 580 3254 καὶ
635 3199 680 3232 ³⁸
733 3199 803 3254 τὰ
857 3199 1089 3253 πλεῖστα
1150 3198 1413 3269 χρήματα
1442 3192 1512 3268 ἦν
1561 3197 1982 3270 κατακρύψασα.

407 3293 656 3359 Ἐγένετο
684 3292 742 3347 δὲ
781 3291 859 3363 τῷ
889 3291 1038 3361 αὑτῷ
1071 3291 1203 3361 μηνὶ
1232 3289 1602 3362 ἐμπυρισμὸς,
1639 3292 1735 3345 κα)¹
1773 3292 1911 3364 ἐκάη
1947 3294 1978 3346 ὁ

395 3387 668 3454 τρίκλινος
690 3383 786 3437 τοῦ
818 3383 1234 3454 πατριαρχείου,
1273 3382 1303 3436 ὁ
1341 3381 1638 3453 λεγόμενος
1665 3383 1981 3456 Θωμαῖτης,

396 3478 491 3532 καὶ
525 3478 587 3531 τὸ
621 3474 998 3546 κοιαιστὼριον
1028 3475 1122 3528 καὶ
1151 3473 1311 3528 ἄλλαι
1349 3474 1519 3528 οἰκίαι
1547 3474 1742 3529 πολλαὶ
1759 3476 1862 3541 ἕως
1886 3475 1981 3531 τοῦ
2011 3510 2016 3515 ι

395 3571 613 3627 Μιλίου.
642 3570 735 3643 Τῷ
765 3569 825 3623 δὲ
853 3568 1155 3642 Ἀπριλλίῳ
1199 3568 1333 3640 μηνὶ
1365 3568 1802 3640 ἐπιστρατεύσας
1823 3571 1984 3625 Κων-

400 3668 680 3729 σταντίνος
706 3664 850 3718 κατὰ
873 3662 1222 3734 Βουλγάρων,
1255 3657 1420 3734 ἦλθεν
1448 3663 1530 3726 είς
1563 3663 1624 3716 τδ
1658 3662 1987 3734 ἐπιλεγόμε-

401 3757 539 3811 νονΙΜ
569 3756 850 3828 Προϐάτου
873 3755 986 3826 (76)
1005 3755 1262 3827 κάστρον,
1291 3754 1372 3818 είς
1391 3753 1453 3807 τὸ
1470 3753 1564 3807 τοῦ
1586 3754 1775 3824 ’Δγίου
1804 3757 1844 3808 Γ
1846 3772 1984 3828 εωρ-

399 3849 521 3918 γίου
557 3850 785 3920 ρυάκεν·
842 3849 939 3904 καὶ
997 3849 1337 3920 συναντήσας
1380 3846 1662 3920 Καρδάμῳ
1712 3847 1790 3916 τῷ
1831 3848 1988 3920 κυρῷ

398 3940 756 4012 Βουλγαρίας,
821 3939 1027 4012 μικροῦ
1078 3939 1318 4010 πολέμου
1354 3939 1482 4010 περὶ
1520 3937 1564 3970 ⁸¹
1603 3939 1702 4012 τὴν
1746 3940 1985 4011 ἑσπέραν

395 4033 706 4104 γεγονότος,
755 4032 1228 4102 δειλανδρίσαντες
1279 4031 1323 4064 ⁸³
1362 4031 1413 4086 oi
1475 4031 1739 4104 Ῥωμαῖοι
1769 4031 1858 4085 διὰ
1882 4035 1980 4101 τῆς

396 4121 590 4187 νυκτὸς
617 4123 842 4193 ἔφυγον,
873 4122 966 4176 καὶ
988 4121 1336 4192 ὑπέστρεψαν
1357 4120 1561 4189 ἀδόξως
1578 4136 1593 4151 ο
1627 4122 1722 4176 καὶ
1746 4123 1795 4176 oi
1817 4121 1985 4176 Βούλ-

394 4233 556 4289 γαροι
583 4216 912 4289 φοϐηθέντες
947 4215 1316 4288 ὑπέστρεψαν.

2091 3199 2389 3270 imperator
2442 3198 2794 3257 Stauracium
2827 3218 3033 3259 casum
3089 3213 3145 3260 et
3183 3205 3395 3277 capillis
3460 3215 3678 3260 tonsum

2090 3292 2148 3346 in
2202 3292 2658 3348 Armeniacorum
2718 3295 3080 3365 provinciam,
3138 3312 3248 3368 quo
3303 3298 3476 3369 magis
3545 3297 3683 3367 ipsis

2088 3395 2303 3458 gratum
2341 3386 2564 3456 faceret,
2590 3390 2808 3446 Aetium
2853 3406 3072 3462 quoque
3101 3393 3419 3448 eunuchum
3473 3391 3681 3458 Irenes,

2087 3480 2595 3551 protospatharium
2627 3485 2710 3549 {et
2769 3483 3051 3550 intimum,
3103 3485 3454 3555 reliquosque
3491 3498 3682 3540 omnes

2090 3573 2378 3629 eunuchos
2424 3573 2547 3644 ejus
2610 3574 2947 3632 domesticos
3001 3577 3284 3648 relegavit,
3318 3579 3494 3648 ipsam
3551 3592 3682 3633 vero

2089 3671 2324 3717 matrem
2355 3662 2408 3718 in
2447 3663 2672 3733 palatio,
2695 3665 2841 3734 quod
2876 3666 2944 3720 ad
2975 3664 3353 3722 Eleuther-ium
3378 3676 3680 3731 struxerat,

2095 3753 2152 3806 in
2182 3768 2293 3823 quo
2319 3768 2574 3822 magnam
2604 3768 2772 3824 opum
2806 3755 2916 3809 vim
2947 3765 3290 3825 reposuerat,
3329 3770 3580 3811 securam
3627 3769 3684 3810 et

2095 3843 2439 3899 commodam
2480 3844 2644 3898 vitam
2671 3859 2832 3914 agere
2885 3847 3162 3917 praecepit.
3195 3847 3462 3902 Caeterum
3488 3847 3678 3902 eodem

2091 3949 2281 3990 mense
2335 3935 2564 4006 contigit
2613 3935 2949 4001 incendium,
2983 3951 3094 4006 quo
3137 3937 3458 4007 patriarchil
3506 3937 3682 3994 tricli-

2087 4028 2263 4096 nium,
2287 4026 2604 4084 Thomaites
2633 4014 2861 4096 dictum,
2885 4031 3261 4099 quaestorium,
3284 4040 3338 4086 et
3369 4031 3435 4088 ad
3470 4030 3678 4086 Milium

2094 4135 2270 4190 usque
2337 4120 2522 4191 plures
2577 4121 2721 4177 aedes
2793 4120 3194 4194 conﬁagarunt.
3250 4123 3437 4181 Mense
3496 4135 3678 4181 autem

2087 4213 2259 4284 Aprili
2289 4214 2591 4285 imperator
2620 4216 2970 4287 expeditione
3001 4217 3056 4272 in
3102 4217 3368 4290 Bulgaros
3399 4228 3676 4290 suscepta,

393 4310 463 4365 ad
520 4317 790 4375 castrum,
855 4310 1000 4382 quod
1059 4308 1282 4364 Probati
1335 4309 1560 4377 dicitur,
1584 4309 1740 4381 juxta
1817 4310 1992 4365 sancti
2028 4308 2246 4378 Georgii
2279 4309 2458 4364 rivum
2488 4309 2660 4378 venit,
2701 4310 2794 4366 ubi
2832 4325 2957 4366 cum
3009 4311 3063 4367 in
3133 4310 3461 4368 Cardamum
3547 4311 3678 4366 Bul-

1732 4404 1972 4460 VARIIE
2005 4403 2412 4461 LECTIONES.

468 4501 512 4534 ³³
543 4498 836 4567 μεθοδειῶν
864 4501 929 4564 Α,
970 4497 1232 4569 μεθοδιῶν
1254 4498 1398 4570 vulg.

398 4572 442 4603 ³⁸
459 4575 516 4626 ἐν
533 4573 656 4624 add.
689 4588 751 4624 ex
785 4572 848 4626 A.

395 4643 656 4713 λανδρήσ.
679 4643 824 4713 vulg.

1473 4497 1517 4529 ³⁸
1548 4497 1739 4551 τούτου
1799 4500 1865 4565 Α,
1919 4497 2082 4552 τοῦτο
2135 4496 2283 4568 vulg.

959 4570 1002 4602 3’
1026 4570 1119 4622 καὶ
1171 4570 1300 4624 add.
1337 4569 1400 4624 ελ
1434 4574 1496 4623 Α.
1578 4569 1622 4600 ⁸⁸³
1654 4569 1862 4636 ἐπιλεγ,
1886 4572 1952 4632 Α,
1977 4569 2094 4638 λεγ.
2132 4570 2274 4641 vulg.

2393 4499 2436 4531 ³⁷
2500 4499 2852 4570 ἐπεζήτησαν
2903 4498 2971 4566 Α,
3025 4500 3461 4570 ἐπιζητήσαντες
3523 4498 3672 4570 vnlg.

2359 4571 2401 4602 δι
2433 4569 2814 4642 momina
2833 4571 2979 4640 vulg.
3047 4571 3090 4604 "
3112 4569 3439 4641 δειλανδρίσ.
3470 4570 3537 4634 A,
3566 4569 3676 4622 δει-

1727 4707 1866 4764 JAC.
1906 4707 2119 4764 GOAIII
2155 4709 2384 4767 ΝΟΤᾹΞ.

470 4803 579 4874 (75)
619 4803 852 4860 Fallitur
897 4803 1162 4866 Ortelius,
1197 4802 1309 4874 ubi,
1341 4800 1586 4856 Thraciae
1627 4801 1808 4856 locum
1859 4801 1974 4856 exi-
2013 4808 2058 4865 υ
2089 4807 2376 4858 exstruxit.
2413 4803 2689 4874 Edi/iciis
2717 4813 2892 4858 autem
2934 4801 3302 4873 promovendis
3351 4801 3557 4874 aderat_
3578 4817 3676 4869 pa-

397 4873 627 4929 stitnat:
671 4877 738 4930 ad
768 4876 1159 4930 Armeniorum
1199 4873 1482 4942 regionem
1522 4880 1774 4942 spectare
1816 4887 1978 4926 mon-

396 4956 574 5000 strant
605 4949 766 5000 verba
801 4946 1055 5016 superius
1089 4944 1286 5014 posita,
1319 4943 1620 5016 κατέλαϐον
1653 4944 1703 4994 oi
1741 4943 1978 5012 ὁρκίζον·

393 5033 484 5080 τες
507 5019 586 5079 εἰς
609 5016 670 5068 τὸ
707 5016 848 5085 θέμα
872 5013 992 5068 ’τῶν
1038 5013 1439 5085 Ἀρμενιακῶν.

466 5087 581 5156 (74)
621 5082 876 5140 Ιηιίηιιιηι
911 5087 1072 5139 vertit
1104 5082 1469 5156 'Anastasius.
1505 5087 1543 5138 Α
1576 5085 1838 5156 secretis
1863 5082 1978 5136 exi-

393 5151 584 5221 stimo,
622 5158 704 5210 vel
730 5172 854 5212 eum
892 5156 1043 5226 cujus
1089 5155 1254 5208 ductu
1305 5155 1624 5224 imperatria:
1653 5151 1976 5217 antbularet,

391 5237 447 5282 et
481 5228 570 5280 cui
604 5228 932 5282 inniteretur
959 5245 971 5280 :
1002 5227 1244 5281 cviratus
1275 5227 1420 5279 enim
1448 5226 1704 5280 refertur.

465 5298 581 5368 (75)
639 5295 755 5352 Una
807 5313 932 5352 eum
987 5298 1122 5351 urbe
1155 5311 1183 5348 a
1231 5295 1599 5350 Constantino
1651 5299 1980 5368 instaurata,

390 5364 698 5422 Eleutherii
733 5370 996 5438 palatium
1055 5375 1110 5422 et
1149 5375 1338 5436 portus
1384 5368 1626 5438 condita.
1680 5364 1729 5419 Is
1777 5365 1978 5438 ctenim

390 5432 756 5494 aediﬁciorum
795 5441 1078 5507 ἐπεικτής,
1117 5432 1316 5504 operas
1344 5437 1591 5504 urgebat,
1645 5438 1797 5488 aiunt
1828 5432 1980 5507 Qrig.

391 5507 506 5563 ΟΡ.
539 5525 558 5562 :
597 5507 946 5578 To‘rltttéva
996 5505 1091 5562 τοῦ
1148 5507 1494 5577 Ἐλευθερίου
1545 5510 1574 5560 ὁ
1620 5507 1796 5578 μέγας
1829 5505 1984 5578 Κωνς

392 5581 674 5642 σταντῖνος
707 5573 943 5642 ἐκτίσεν,
975 5579 1068 5631 ὅτε
1107 5578 1204 5631 καὶ
1232 5573 1332 5648 τὴν
1376 5573 1554 5648 πόλιν.
1590 5573 1898 5648 ιίαρίστατο
1925 5573 1982 5648 et

390 5650 474 5721 είς
499 5649 562 5721 τὸ
593 5650 813 5721 κτίσμα
830 5648 1184 5721 Ἐλευθέριος
1215 5645 1526 5721 πατρίκιος.
1552 5645 1769 5721 ’ξιστα-το
1801 5646 1868 5721 δὲ¹
1903 5645 1984 5721 εἰς

390 5719 485 5774 τὸν
504 5719 701 5790 λιμένα
724 5715 896 5786 στήλη
925 5715 1271 5791 μαρμάρινος
1303 5715 1663 5791 Ἐλευθερίου.
1690 5715 1984 5791 Eleutherii

389 5786 604 5860 portum
632 5804 691 5842 eo
721 5786 949 5856 tempore
968 5786 1068 5860 quo
1102 5786 1308 5857 urbem,
1330 5786 1714 5846 Constantinus
1751 5786 1982 5858 Magnus

646 5885 928 5946 Ρλτιιοι.
964 5885 1083 5945 Gn.
1118 5884 1312 5946 CVIII

2092 4877 2278 4929 tricius
2313 4871 2676 4931 Eleutherius.
2700 4874 2762 4928 In
2790 4871 2971 4929 eodem
3001 4886 3157 4943 portu
3189 4889 3485 4927 marmorea
3510 4871 3676 4927 Eleu-

2091 4947 2248 4999 therii
2279 4956 2460 5000 statua
2493 4954 2666 5000 erecta
2697 4945 2822 5013 fuit.
2852 4943 3114 4999 Vocabuli
3158 4946 3545 5014 παραστάτης,
3572 4961 3676 5014 πα·

2091 5021 2403 5081 ραστατεῖν,
2431 5025 2485 5088 et
2511 5014 2880 5088 παρίστασθαι
2903 5013 3270 5088 signiﬁcantia
3303 5030 3366 5088 ex
3407 5030 3531 5084 pag.
3567 5013 3675 5088 huc

2091 5089 2425 5142 revocanda.
2457 5086 2533 5142 De
2565 5083 2745 5142 statua
2778 5083 2980 5141 eadem
3003 5085 3153 5156 Orig.
3182 5084 3290 5141 ΟΡ.
3337 5083 3490 5140 locus
3532 5083 3674 5137 alius

2089 5158 2614 5228 hicelucidandusr:
2667 5157 2904 5221 Ἵστατο,
2956 5158 3236 5228 inquiunt,
3278 5156 3375 5209 καὶ
3426 5156 3592 5228 orig/.1)
3636 5156 3669 5221 ὴ

2087 5226 2289 5311 λιθίνηὶ
2318 5227 2661 5311 Ἐλευθερίου
2697 5225 3047 5311 άσηκιρήτου
3076 5228 3318 5311 φέρουσα
3486 5225 3672 5311 ﬁnitimo

2087 5292 2386 5372 καπούλ-ιον
2406 5338 2421 5363 ,
2455 5292 2578 5372 Δκα)Ἴ
2633 5292 2915 5372 πτύον
2941 5301 3007 5367 τῇ
3059 5292 3204 5372 χέιιρι
3230 5296 3542 5372 ’άμφότερα
3577 5292 3674 5372 θλί-

2088 5367 2213 5443 θινα
2235 5361 2580 5443 ’,βιειὶιίιειςὶἱ
2609 5386 2642 5423 a
2671 5369 2884 5424 secretis
2916 5361 3099 5443 statuo
3131 5361 3339 5443 lapideo
3369 5371 3541 5443 εζεεια
3569 5361 3670 5441 Ῐιξίε

2087 5437 2323 5507 ferendis
2364 5440 2611 5514 oneribus
2644 5451 2881 5507 spartam
2926 5437 3267 5514 dossuariant
3411 5435 3667 5513 [crumen],

2087 5504 2248 5563 manu
2289 5525 2409 5566 vero
2441 5504 2690 5564 batillum
2723 5525 2929 5580 gerens,
2965 5517 3189 5575 utraque
3223 5504 3433 5571 lapidea
3457 5517 3476 5556 :
3511 5504 3671 5571 quasi

2086 5594 2377 5650 operarum
2409 5581 2582 5636 labori
2616 5581 2885 5646 intentus,
2915 5590 3146 5633 onerum
3179 5587 3401 5645 quoque
3441 5585 3674 5629 consors

2093 5651 2269 5706 ﬁeret.

2167 5721 2279 5795 (76)
2318 5721 2624 5796 Πρόϐατον,
2657 5719 2956 5795 προϐάτου,
2983 5716 3115 5774 dicit
3138 5716 3415 5774 recentior
3438 5710 3670 5770 Gracia.

3191 5870 3264 5936 30
