  <div class='ocr_page' id='page_1' title='image "/cluster/home/n/w/nwhite01/storage/ocr_20150623/108/hvd.32044073502320/481.png"; bbox 0 0 4060 6226; ppageno 0'>
   <div class='ocr_carea' id='block_1_1' title="bbox 398 898 444 926">
    <p class='ocr_par' dir='ltr' id='par_1_1' title="bbox 398 898 444 926">
     <span class='ocr_line' id='line_1_1' title="bbox 398 898 444 926; baseline 0 0"><span class='ocrx_word' id='word_1_1' title='bbox 398 898 444 926; x_wconf 62' lang='lat'><strong>’1</strong></span> 
     </span>
    </p>
   </div>
   <div class='ocr_carea' id='block_1_2' title="bbox 473 285 601 365">
    <p class='ocr_par' dir='ltr' id='par_1_2' title="bbox 473 285 601 365">
     <span class='ocr_line' id='line_1_2' title="bbox 473 285 601 365; baseline 0 -1"><span class='ocrx_word' id='word_1_2' title='bbox 473 285 601 365; x_wconf 77' lang='lat'><strong>&#39;951</strong></span> 
     </span>
    </p>
   </div>
   <div class='ocr_carea' id='block_1_3' title="bbox 1836 287 2322 348">
    <p class='ocr_par' dir='ltr' id='par_1_3' title="bbox 1836 287 2322 348">
     <span class='ocr_line' id='line_1_3' title="bbox 1836 287 2322 348; baseline -0.004 0"><span class='ocrx_word' id='word_1_3' title='bbox 1836 287 2322 348; x_wconf 80' lang='lat' dir='ltr'><strong>TIIEOPHANIS</strong></span> 
     </span>
    </p>
   </div>
   <div class='ocr_carea' id='block_1_4' title="bbox 3667 283 3783 348">
    <p class='ocr_par' dir='ltr' id='par_1_4' title="bbox 3667 283 3783 348">
     <span class='ocr_line' id='line_1_4' title="bbox 3667 283 3783 348; baseline 0 0"><span class='ocrx_word' id='word_1_4' title='bbox 3667 283 3783 348; x_wconf 80' lang='lat'><strong>952</strong></span> 
     </span>
    </p>
   </div>
   <div class='ocr_carea' id='block_1_5' title="bbox 495 401 2097 484">
    <p class='ocr_par' dir='ltr' id='par_1_5' title="bbox 495 402 2084 484">
     <span class='ocr_line' id='line_1_5' title="bbox 495 402 2084 484; baseline -0.006 -16"><span class='ocrx_word' id='word_1_5' title='bbox 495 413 693 484; x_wconf 88' lang='lat' dir='ltr'><strong>quinto</strong></span> <span class='ocrx_word' id='word_1_6' title='bbox 741 411 794 465; x_wconf 93' lang='lat' dir='ltr'><strong>in</strong></span> <span class='ocrx_word' id='word_1_7' title='bbox 823 407 1010 462; x_wconf 89' lang='lat' dir='ltr'><strong>urbem</strong></span> <span class='ocrx_word' id='word_1_8' title='bbox 1065 417 1284 459; x_wconf 90' lang='lat' dir='ltr'><strong>summo</strong></span> <span class='ocrx_word' id='word_1_9' title='bbox 1319 417 1479 458; x_wconf 89' lang='lat' dir='ltr'><strong>mane</strong></span> <span class='ocrx_word' id='word_1_10' title='bbox 1519 402 1836 470; x_wconf 86' lang='lat' dir='ltr'><strong>deductum,</strong></span> <span class='ocrx_word' id='word_1_11' title='bbox 1871 405 1924 459; x_wconf 93' lang='lat' dir='ltr'><strong>in</strong></span> <span class='ocrx_word' id='word_1_12' title='bbox 1951 419 2084 475; x_wconf 86' lang='lat' dir='ltr'><strong>por-</strong></span> 
     </span>
    </p>
   </div>
   <div class='ocr_carea' id='block_1_6' title="bbox 2207 401 3792 484">
    <p class='ocr_par' dir='ltr' id='par_1_6' title="bbox 2207 401 3792 476">
     <span class='ocr_line' id='line_1_6' title="bbox 2207 401 3792 476; baseline 0.002 -21"><span class='ocrx_word' id='word_1_13' title='bbox 2207 401 2383 474; x_wconf 66' lang='grc' dir='ltr'>Γνὼμῃ</span> <span class='ocrx_word' id='word_1_14' title='bbox 2407 403 2507 473; x_wconf 72' lang='grc' dir='ltr'>τῆς</span> <span class='ocrx_word' id='word_1_15' title='bbox 2540 401 2747 474; x_wconf 79' lang='grc' dir='ltr'>μητρὸς</span> <span class='ocrx_word' id='word_1_16' title='bbox 2778 401 2942 457; x_wconf 83' lang='grc' dir='ltr'>αὐτοῦ</span> <span class='ocrx_word' id='word_1_17' title='bbox 2972 405 3066 459; x_wconf 66' lang='grc' dir='ltr'><strong>καὶ</strong></span> <span class='ocrx_word' id='word_1_18' title='bbox 3097 405 3206 458; x_wconf 83' lang='grc' dir='ltr'><strong>τῶν</strong></span> <span class='ocrx_word' id='word_1_19' title='bbox 3230 403 3555 476; x_wconf 85' lang='grc' dir='ltr'>συμϐούλων</span> <span class='ocrx_word' id='word_1_20' title='bbox 3580 402 3792 473; x_wconf 80' lang='grc' dir='ltr'>αὐτῆς.</span> 
     </span>
    </p>
   </div>
   <div class='ocr_carea' id='block_1_7' title="bbox 500 495 2077 576">
    <p class='ocr_par' dir='ltr' id='par_1_7' title="bbox 500 495 2077 576">
     <span class='ocr_line' id='line_1_7' title="bbox 500 495 2077 576; baseline -0.006 -17"><span class='ocrx_word' id='word_1_21' title='bbox 500 509 692 576; x_wconf 85' lang='lat' dir='ltr'><strong>phyra,</strong></span> <span class='ocrx_word' id='word_1_22' title='bbox 733 516 839 571; x_wconf 88' lang='lat' dir='ltr'><strong>qua</strong></span> <span class='ocrx_word' id='word_1_23' title='bbox 896 497 1134 567; x_wconf 85' lang='lat' dir='ltr'><strong>primum</strong></span> <span class='ocrx_word' id='word_1_24' title='bbox 1182 495 1240 549; x_wconf 89' lang='lat' dir='ltr'><strong>in</strong></span> <span class='ocrx_word' id='word_1_25' title='bbox 1290 496 1468 549; x_wconf 82' lang='lat' dir='ltr'><strong>lucem</strong></span> <span class='ocrx_word' id='word_1_26' title='bbox 1509 495 1732 566; x_wconf 90' lang='lat' dir='ltr'><strong>prodiit,</strong></span> <span class='ocrx_word' id='word_1_27' title='bbox 1769 495 2077 561; x_wconf 80' lang='lat' dir='ltr'><strong>includunt,</strong></span> 
     </span>
    </p>
   </div>
   <div class='ocr_carea' id='block_1_8' title="bbox 2199 495 3795 568">
    <p class='ocr_par' dir='ltr' id='par_1_8' title="bbox 2199 495 3795 568">
     <span class='ocr_line' id='line_1_8' title="bbox 2199 495 3795 568; baseline -0.002 -18"><span class='ocrx_word' id='word_1_28' title='bbox 2199 495 2524 566; x_wconf 82' lang='grc' dir='ltr'>Ἐσκοτίσθη</span> <span class='ocrx_word' id='word_1_29' title='bbox 2559 495 2616 550; x_wconf 85' lang='grc' dir='ltr'>δὲ</span> <span class='ocrx_word' id='word_1_30' title='bbox 2643 498 2672 548; x_wconf 84' lang='grc' dir='ltr'><strong>ὁ</strong></span> <span class='ocrx_word' id='word_1_31' title='bbox 2699 495 2852 566; x_wconf 76' lang='grc' dir='ltr'>ἥλιος</span> <span class='ocrx_word' id='word_1_32' title='bbox 2877 496 2972 549; x_wconf 72' lang='grc' dir='ltr'><strong>ἐπὶ</strong></span> <span class='ocrx_word' id='word_1_33' title='bbox 3000 497 3218 568; x_wconf 81' lang='grc' dir='ltr'>ἡμέρας</span> <span class='ocrx_word' id='word_1_34' title='bbox 3249 496 3314 561; x_wconf 74' lang='grc' dir='ltr'><strong>ιζ’</strong></span> <span class='ocrx_word' id='word_1_35' title='bbox 3349 497 3447 550; x_wconf 76' lang='grc' dir='ltr'>καὶ</span> <span class='ocrx_word' id='word_1_36' title='bbox 3475 496 3580 548; x_wconf 81' lang='grc' dir='ltr'>οὐκ</span> <span class='ocrx_word' id='word_1_37' title='bbox 3609 495 3795 548; x_wconf 73' lang='grc' dir='ltr'>ἔδωκε</span> 
     </span>
    </p>
   </div>
   <div class='ocr_carea' id='block_1_9' title="bbox 497 585 2097 660">
    <p class='ocr_par' dir='ltr' id='par_1_9' title="bbox 497 587 2081 660">
     <span class='ocr_line' id='line_1_9' title="bbox 497 587 2081 660; baseline -0.004 -12"><span class='ocrx_word' id='word_1_38' title='bbox 497 608 552 650; x_wconf 78' lang='lat' dir='ltr'><strong>et</strong></span> <span class='ocrx_word' id='word_1_39' title='bbox 604 598 747 648; x_wconf 80' lang='lat' dir='ltr'><strong>circa</strong></span> <span class='ocrx_word' id='word_1_40' title='bbox 805 589 971 660; x_wconf 76' lang='lat'><strong><em>399</em></strong></span> <span class='ocrx_word' id='word_1_41' title='bbox 1018 589 1207 642; x_wconf 89' lang='lat' dir='ltr'><strong>horam</strong></span> <span class='ocrx_word' id='word_1_42' title='bbox 1269 601 1475 642; x_wconf 91' lang='lat' dir='ltr'><strong>nonam</strong></span> <span class='ocrx_word' id='word_1_43' title='bbox 1533 596 1682 642; x_wconf 91' lang='lat' dir='ltr'><strong>tanta</strong></span> <span class='ocrx_word' id='word_1_44' title='bbox 1737 587 2081 642; x_wconf 70' lang='lat' dir='ltr'><strong>inmanitate</strong></span> 
     </span>
    </p>
   </div>
   <div class='ocr_carea' id='block_1_10' title="bbox 2207 585 3798 660">
    <p class='ocr_par' dir='ltr' id='par_1_10' title="bbox 2207 585 3798 653">
     <span class='ocr_line' id='line_1_10' title="bbox 2207 585 3798 653; baseline 0 -13"><span class='ocrx_word' id='word_1_45' title='bbox 2207 587 2284 653; x_wconf 72' lang='grc' dir='ltr'>τὰς</span> <span class='ocrx_word' id='word_1_46' title='bbox 2315 588 2543 653; x_wconf 85' lang='grc' dir='ltr'>ἀκτῖνας</span> <span class='ocrx_word' id='word_1_47' title='bbox 2571 586 2764 653; x_wconf 70' lang='grc' dir='ltr'>αὖτοῦ,</span> <span class='ocrx_word' id='word_1_48' title='bbox 2809 587 2953 640; x_wconf 79' lang='grc' dir='ltr'>ὥστε</span> <span class='ocrx_word' id='word_1_49' title='bbox 3006 588 3316 644; x_wconf 81' lang='grc' dir='ltr'>πλανᾶσθαι</span> <span class='ocrx_word' id='word_1_50' title='bbox 3355 587 3425 641; x_wconf 80' lang='grc' dir='ltr'>τὰ</span> <span class='ocrx_word' id='word_1_51' title='bbox 3468 585 3635 641; x_wconf 82' lang='grc' dir='ltr'>πλοῖα</span> <span class='ocrx_word' id='word_1_52' title='bbox 3689 590 3798 640; x_wconf 78' lang='grc' dir='ltr'>καὶ</span> 
     </span>
    </p>
   </div>
   <div class='ocr_carea' id='block_1_11' title="bbox 495 675 2097 750">
    <p class='ocr_par' dir='ltr' id='par_1_11' title="bbox 495 678 2076 742">
     <span class='ocr_line' id='line_1_11' title="bbox 495 678 2076 742; baseline -0.007 -1"><span class='ocrx_word' id='word_1_53' title='bbox 495 688 568 742; x_wconf 84' lang='lat' dir='ltr'><strong>illi</strong></span> <span class='ocrx_word' id='word_1_54' title='bbox 621 683 810 737; x_wconf 87' lang='lat' dir='ltr'><strong>oculos</strong></span> <span class='ocrx_word' id='word_1_55' title='bbox 862 678 1160 736; x_wconf 87' lang='lat' dir='ltr'><strong>confodere</strong></span> <span class='ocrx_word' id='word_1_56' title='bbox 1199 693 1269 734; x_wconf 80' lang='lat' dir='ltr'><strong>ex</strong></span> <span class='ocrx_word' id='word_1_57' title='bbox 1317 679 1508 733; x_wconf 92' lang='lat' dir='ltr'><strong>matris</strong></span> <span class='ocrx_word' id='word_1_58' title='bbox 1535 689 1588 731; x_wconf 88' lang='lat' dir='ltr'><strong>et</strong></span> <span class='ocrx_word' id='word_1_59' title='bbox 1638 678 2076 733; x_wconf 87' lang='lat' dir='ltr'><strong>consiliariorum</strong></span> 
     </span>
    </p>
   </div>
   <div class='ocr_carea' id='block_1_12' title="bbox 2207 675 3799 750">
    <p class='ocr_par' dir='ltr' id='par_1_12' title="bbox 2207 675 3799 750">
     <span class='ocr_line' id='line_1_12' title="bbox 2207 675 3799 750; baseline -0.001 -19"><span class='ocrx_word' id='word_1_60' title='bbox 2207 676 2475 750; x_wconf 68' lang='lat' dir='ltr'><strong>pépeoOat,</strong></span> <span class='ocrx_word' id='word_1_61' title='bbox 2509 677 2605 730; x_wconf 77' lang='grc' dir='ltr'>καὶ</span> <span class='ocrx_word' id='word_1_62' title='bbox 2632 675 2844 741; x_wconf 77' lang='grc' dir='ltr'>πάντας</span> <span class='ocrx_word' id='word_1_63' title='bbox 2870 677 3052 747; x_wconf 82' lang='grc' dir='ltr'>λέγειν</span> <span class='ocrx_word' id='word_1_64' title='bbox 3094 680 3190 735; x_wconf 76' lang='grc' dir='ltr'>καὶ</span> <span class='ocrx_word' id='word_1_65' title='bbox 3229 679 3539 750; x_wconf 80' lang='grc' dir='ltr'>ὁμολογεῖν,</span> <span class='ocrx_word' id='word_1_66' title='bbox 3578 679 3666 731; x_wconf 79' lang='grc' dir='ltr'>ὅτι</span> <span class='ocrx_word' id='word_1_67' title='bbox 3701 678 3799 731; x_wconf 71' lang='grc' dir='ltr'>διὰ</span> 
     </span>
    </p>
   </div>
   <div class='ocr_carea' id='block_1_13' title="bbox 491 765 2097 843">
    <p class='ocr_par' dir='ltr' id='par_1_13' title="bbox 491 766 2081 843">
     <span class='ocr_line' id='line_1_13' title="bbox 491 766 2081 843; baseline -0.003 -17"><span class='ocrx_word' id='word_1_68' title='bbox 491 774 612 843; x_wconf 81' lang='lat' dir='ltr'><strong>ejus</strong></span> <span class='ocrx_word' id='word_1_69' title='bbox 642 773 939 832; x_wconf 90' lang='lat' dir='ltr'><strong>sententia,</strong></span> <span class='ocrx_word' id='word_1_70' title='bbox 987 777 1046 822; x_wconf 91' lang='lat' dir='ltr'><strong>ut</strong></span> <span class='ocrx_word' id='word_1_71' title='bbox 1074 783 1209 838; x_wconf 81' lang='lat' dir='ltr'><strong>pene</strong></span> <span class='ocrx_word' id='word_1_72' title='bbox 1248 779 1476 824; x_wconf 88' lang='lat' dir='ltr'><strong>mortem</strong></span> <span class='ocrx_word' id='word_1_73' title='bbox 1507 768 1793 823; x_wconf 82' lang='lat' dir='ltr'><strong>inferrent.</strong></span> <span class='ocrx_word' id='word_1_74' title='bbox 1826 766 1916 821; x_wconf 91' lang='lat' dir='ltr'><strong>Sol</strong></span> <span class='ocrx_word' id='word_1_75' title='bbox 1951 777 2081 821; x_wconf 90' lang='lat' dir='ltr'><strong>tunc</strong></span> 
     </span>
    </p>
   </div>
   <div class='ocr_carea' id='block_1_14' title="bbox 2207 765 3798 843">
    <p class='ocr_par' dir='ltr' id='par_1_14' title="bbox 2207 765 3798 840">
     <span class='ocr_line' id='line_1_14' title="bbox 2207 765 3798 840; baseline 0.005 -26"><span class='ocrx_word' id='word_1_76' title='bbox 2207 769 2284 839; x_wconf 68' lang='grc' dir='ltr'><strong>τὴν</strong></span> <span class='ocrx_word' id='word_1_77' title='bbox 2321 766 2414 821; x_wconf 82' lang='grc' dir='ltr'><strong>τοῦ</strong></span> <span class='ocrx_word' id='word_1_78' title='bbox 2452 769 2498 799; x_wconf 68' lang='grc'><strong>⁸⁸</strong></span> <span class='ocrx_word' id='word_1_79' title='bbox 2547 765 2816 837; x_wconf 78' lang='grc' dir='ltr'>βασιλέως</span> <span class='ocrx_word' id='word_1_80' title='bbox 2855 766 3137 836; x_wconf 82' lang='grc' dir='ltr'><strong>τύφλωσιν</strong></span> <span class='ocrx_word' id='word_1_81' title='bbox 3169 771 3198 822; x_wconf 83' lang='grc' dir='ltr'><strong>ὁ</strong></span> <span class='ocrx_word' id='word_1_82' title='bbox 3226 769 3379 840; x_wconf 74' lang='grc' dir='ltr'>ἥλιος</span> <span class='ocrx_word' id='word_1_83' title='bbox 3408 768 3511 831; x_wconf 78' lang='grc' dir='ltr'>τὰς</span> <span class='ocrx_word' id='word_1_84' title='bbox 3555 769 3798 830; x_wconf 80' lang='grc' dir='ltr'>ἀκτῖνας</span> 
     </span>
    </p>
   </div>
   <div class='ocr_carea' id='block_1_15' title="bbox 493 856 2097 936">
    <p class='ocr_par' dir='ltr' id='par_1_15' title="bbox 493 861 2080 936">
     <span class='ocr_line' id='line_1_15' title="bbox 493 861 2080 936; baseline -0.002 -18"><span class='ocrx_word' id='word_1_85' title='bbox 493 881 586 936; x_wconf 86' lang='lat' dir='ltr'><strong>per</strong></span> <span class='ocrx_word' id='word_1_86' title='bbox 617 863 734 919; x_wconf 90' lang='lat' dir='ltr'><strong>dies</strong></span> <span class='ocrx_word' id='word_1_87' title='bbox 769 862 1156 932; x_wconf 81' lang='lat' dir='ltr'><strong>septemdecim</strong></span> <span class='ocrx_word' id='word_1_88' title='bbox 1205 863 1351 916; x_wconf 89' lang='lat' dir='ltr'><strong>nttlla</strong></span> <span class='ocrx_word' id='word_1_89' title='bbox 1404 861 1680 915; x_wconf 87' lang='lat' dir='ltr'><strong>radiorum</strong></span> <span class='ocrx_word' id='word_1_90' title='bbox 1725 861 1928 916; x_wconf 89' lang='lat' dir='ltr'><strong>emissa</strong></span> <span class='ocrx_word' id='word_1_91' title='bbox 1961 861 2080 915; x_wconf 88' lang='lat' dir='ltr'><strong>lucc</strong></span> 
     </span>
    </p>
   </div>
   <div class='ocr_carea' id='block_1_16' title="bbox 2207 856 3810 936">
    <p class='ocr_par' dir='ltr' id='par_1_16' title="bbox 2207 856 3810 932">
     <span class='ocr_line' id='line_1_16' title="bbox 2207 856 3810 932; baseline -0.001 -20"><span class='ocrx_word' id='word_1_92' title='bbox 2207 860 2460 914; x_wconf 80' lang='grc' dir='ltr'>ιπέθετο·</span> <span class='ocrx_word' id='word_1_93' title='bbox 2509 858 2606 912; x_wconf 69' lang='grc' dir='ltr'><strong>κα)⁸</strong></span> <span class='ocrx_word' id='word_1_94' title='bbox 2653 856 2829 923; x_wconf 75' lang='grc' dir='ltr'>οὕτως</span> <span class='ocrx_word' id='word_1_95' title='bbox 2867 863 3064 932; x_wconf 87' lang='grc' dir='ltr'>κρατεῖ</span> <span class='ocrx_word' id='word_1_96' title='bbox 3111 862 3320 932; x_wconf 83' lang='grc' dir='ltr'><strong>Εἰρήνη</strong></span> <span class='ocrx_word' id='word_1_97' title='bbox 3369 862 3404 930; x_wconf 80' lang='grc' dir='ltr'><strong>ἡ</strong></span> <span class='ocrx_word' id='word_1_98' title='bbox 3452 862 3644 932; x_wconf 78' lang='grc' dir='ltr'>μήτηρ</span> <span class='ocrx_word' id='word_1_99' title='bbox 3692 861 3810 916; x_wconf 72' lang='grc' dir='ltr'>αὑ--</span> 
     </span>
    </p>
   </div>
   <div class='ocr_carea' id='block_1_17' title="bbox 431 951 2302 1022">
    <p class='ocr_par' dir='ltr' id='par_1_17' title="bbox 431 951 2302 1022">
     <span class='ocr_line' id='line_1_17' title="bbox 431 951 2302 1022; baseline -0.002 -10"><span class='ocrx_word' id='word_1_100' title='bbox 431 1015 436 1020; x_wconf 69' lang='grc'><strong>,</strong></span> <span class='ocrx_word' id='word_1_101' title='bbox 493 959 567 1014; x_wconf 88' lang='lat' dir='ltr'><strong>ita</strong></span> <span class='ocrx_word' id='word_1_102' title='bbox 610 957 941 1011; x_wconf 89' lang='lat' dir='ltr'><strong>obscuratus</strong></span> <span class='ocrx_word' id='word_1_103' title='bbox 991 963 1094 1019; x_wconf 89' lang='lat' dir='ltr'><strong>est,</strong></span> <span class='ocrx_word' id='word_1_104' title='bbox 1147 963 1204 1005; x_wconf 92' lang='lat' dir='ltr'><strong>ut</strong></span> <span class='ocrx_word' id='word_1_105' title='bbox 1252 953 1488 1006; x_wconf 82' lang='lat' dir='ltr'><strong>errantia</strong></span> <span class='ocrx_word' id='word_1_106' title='bbox 1537 967 1630 1022; x_wconf 86' lang='lat' dir='ltr'><strong>per</strong></span> <span class='ocrx_word' id='word_1_107' title='bbox 1675 967 1827 1006; x_wconf 89' lang='lat' dir='ltr'><strong>mare</strong></span> <span class='ocrx_word' id='word_1_108' title='bbox 1860 951 2076 1022; x_wconf 81' lang='lat' dir='ltr'><strong>navigia</strong></span> <span class='ocrx_word' id='word_1_109' title='bbox 2185 953 2302 1008; x_wconf 83' lang='grc' dir='ltr'>τοῦ.</span> 
     </span>
    </p>
   </div>
   <div class='ocr_carea' id='block_1_18' title="bbox 493 1045 3798 1122">
    <p class='ocr_par' dir='ltr' id='par_1_18' title="bbox 493 1045 3798 1122">
     <span class='ocr_line' id='line_1_18' title="bbox 493 1045 3798 1122; baseline -0.001 -14"><span class='ocrx_word' id='word_1_110' title='bbox 493 1062 694 1108; x_wconf 85' lang='lat' dir='ltr'><strong>temere</strong></span> <span class='ocrx_word' id='word_1_111' title='bbox 758 1046 1266 1112; x_wconf 88' lang='lat' dir='ltr'><strong>circumferrentur,</strong></span> <span class='ocrx_word' id='word_1_112' title='bbox 1317 1060 1619 1115; x_wconf 87' lang='lat' dir='ltr'><strong>omnesque</strong></span> <span class='ocrx_word' id='word_1_113' title='bbox 1664 1045 1842 1115; x_wconf 83' lang='lat' dir='ltr'><strong>palam</strong></span> <span class='ocrx_word' id='word_1_114' title='bbox 1899 1056 2232 1113; x_wconf 81' lang='lat' dir='ltr'><strong>assererem,</strong></span> <span class='ocrx_word' id='word_1_115' title='bbox 2288 1050 2358 1104; x_wconf 85' lang='lat' dir='ltr'><strong>oh</strong></span> <span class='ocrx_word' id='word_1_116' title='bbox 2429 1051 2777 1122; x_wconf 84' lang='lat' dir='ltr'><strong>imperatoris</strong></span> <span class='ocrx_word' id='word_1_117' title='bbox 2823 1051 3243 1109; x_wconf 64' lang='lat' dir='ltr'><strong>excaecationcm</strong></span> <span class='ocrx_word' id='word_1_118' title='bbox 3298 1051 3472 1108; x_wconf 89' lang='lat' dir='ltr'><strong>solem</strong></span> <span class='ocrx_word' id='word_1_119' title='bbox 3543 1066 3608 1106; x_wconf 89' lang='lat' dir='ltr'><strong>se</strong></span> <span class='ocrx_word' id='word_1_120' title='bbox 3675 1049 3798 1106; x_wconf 88' lang='lat' dir='ltr'><strong>suis</strong></span> 
     </span>
    </p>
   </div>
   <div class='ocr_carea' id='block_1_19' title="bbox 495 1141 2369 1211">
    <p class='ocr_par' dir='ltr' id='par_1_19' title="bbox 495 1141 2369 1211">
     <span class='ocr_line' id='line_1_19' title="bbox 495 1141 2369 1211; baseline 0.001 -11"><span class='ocrx_word' id='word_1_121' title='bbox 495 1146 665 1202; x_wconf 89' lang='lat' dir='ltr'><strong>radiis</strong></span> <span class='ocrx_word' id='word_1_122' title='bbox 723 1143 1030 1199; x_wconf 89' lang='lat' dir='ltr'><strong>abdicasse.</strong></span> <span class='ocrx_word' id='word_1_123' title='bbox 1087 1141 1161 1196; x_wconf 89' lang='lat' dir='ltr'><strong>lta</strong></span> <span class='ocrx_word' id='word_1_124' title='bbox 1223 1149 1394 1194; x_wconf 85' lang='lat' dir='ltr'><strong>mater</strong></span> <span class='ocrx_word' id='word_1_125' title='bbox 1430 1142 1547 1211; x_wconf 87' lang='lat' dir='ltr'><strong>ejus</strong></span> <span class='ocrx_word' id='word_1_126' title='bbox 1596 1141 1749 1197; x_wconf 89' lang='lat' dir='ltr'><strong>lrene</strong></span> <span class='ocrx_word' id='word_1_127' title='bbox 1780 1142 2070 1211; x_wconf 90' lang='lat' dir='ltr'><strong>imperium</strong></span> <span class='ocrx_word' id='word_1_128' title='bbox 2107 1145 2369 1202; x_wconf 87' lang='lat' dir='ltr'><strong>obtinuit.</strong></span> 
     </span>
    </p>
   </div>
   <div class='ocr_carea' id='block_1_20' title="bbox 569 1232 2080 1304">
    <p class='ocr_par' dir='ltr' id='par_1_20' title="bbox 569 1232 2080 1304">
     <span class='ocr_line' id='line_1_20' title="bbox 569 1232 2080 1304; baseline -0.003 -11"><span class='ocrx_word' id='word_1_129' title='bbox 569 1238 773 1294; x_wconf 86' lang='lat' dir='ltr'><strong>Eodem</strong></span> <span class='ocrx_word' id='word_1_130' title='bbox 807 1236 971 1290; x_wconf 89' lang='lat' dir='ltr'><strong>etiam</strong></span> <span class='ocrx_word' id='word_1_131' title='bbox 1023 1249 1168 1288; x_wconf 88' lang='lat' dir='ltr'><strong>anno</strong></span> <span class='ocrx_word' id='word_1_132' title='bbox 1217 1232 1360 1288; x_wconf 85' lang='lat' dir='ltr'><strong>beati</strong></span> <span class='ocrx_word' id='word_1_133' title='bbox 1398 1233 1622 1287; x_wconf 86' lang='lat' dir='ltr'><strong>Adriani</strong></span> <span class='ocrx_word' id='word_1_134' title='bbox 1664 1249 1817 1304; x_wconf 76' lang='lat' dir='ltr'><strong>papa:</strong></span> <span class='ocrx_word' id='word_1_135' title='bbox 1852 1233 2080 1290; x_wconf 80' lang='lat' dir='ltr'><strong>Romani</strong></span> 
     </span>
    </p>
   </div>
   <div class='ocr_carea' id='block_1_21' title="bbox 2259 1239 3802 1312">
    <p class='ocr_par' dir='ltr' id='par_1_21' title="bbox 2259 1239 3802 1312">
     <span class='ocr_line' id='line_1_21' title="bbox 2259 1239 3802 1312; baseline 0.001 -20"><span class='ocrx_word' id='word_1_136' title='bbox 2259 1239 2349 1311; x_wconf 83' lang='grc' dir='ltr'>Τῷ</span> <span class='ocrx_word' id='word_1_137' title='bbox 2379 1240 2426 1292; x_wconf 87' lang='grc' dir='ltr'>δ’</span> <span class='ocrx_word' id='word_1_138' title='bbox 2470 1239 2621 1310; x_wconf 75' lang='grc' dir='ltr'>αὐτῷ</span> <span class='ocrx_word' id='word_1_139' title='bbox 2653 1239 2764 1294; x_wconf 77' lang='grc' dir='ltr'>ἔτει</span> <span class='ocrx_word' id='word_1_140' title='bbox 2799 1239 2897 1294; x_wconf 70' lang='grc' dir='ltr'>καὶ</span> <span class='ocrx_word' id='word_1_141' title='bbox 2928 1241 2978 1294; x_wconf 76' lang='lat' dir='ltr'><strong>oi</strong></span> <span class='ocrx_word' id='word_1_142' title='bbox 3021 1241 3081 1293; x_wconf 81' lang='grc' dir='ltr'>ἐν</span> <span class='ocrx_word' id='word_1_143' title='bbox 3105 1243 3173 1312; x_wconf 79' lang='grc' dir='ltr'>τῇ</span> <span class='ocrx_word' id='word_1_144' title='bbox 3209 1239 3399 1312; x_wconf 80' lang='grc' dir='ltr'><strong>Ῥώμῃ</strong></span> <span class='ocrx_word' id='word_1_145' title='bbox 3420 1241 3467 1273; x_wconf 81' lang='grc'><strong>⁹⁰</strong></span> <span class='ocrx_word' id='word_1_146' title='bbox 3497 1243 3802 1309; x_wconf 78' lang='grc' dir='ltr'><strong>συγγενεῖς</strong></span> 
     </span>
    </p>
   </div>
   <div class='ocr_carea' id='block_1_22' title="bbox 496 1325 2097 1403">
    <p class='ocr_par' dir='ltr' id='par_1_22' title="bbox 496 1325 2085 1396">
     <span class='ocr_line' id='line_1_22' title="bbox 496 1325 2085 1396; baseline -0.003 -9"><span class='ocrx_word' id='word_1_147' title='bbox 496 1333 685 1388; x_wconf 84' lang='lat' dir='ltr'><strong>allincs</strong></span> <span class='ocrx_word' id='word_1_148' title='bbox 733 1329 969 1384; x_wconf 89' lang='lat' dir='ltr'><strong>tumultu</strong></span> <span class='ocrx_word' id='word_1_149' title='bbox 1002 1327 1056 1381; x_wconf 92' lang='lat' dir='ltr'><strong>in</strong></span> <span class='ocrx_word' id='word_1_150' title='bbox 1104 1325 1340 1381; x_wconf 89' lang='lat' dir='ltr'><strong>Leonem</strong></span> <span class='ocrx_word' id='word_1_151' title='bbox 1381 1340 1577 1396; x_wconf 87' lang='lat' dir='ltr'><strong>papam</strong></span> <span class='ocrx_word' id='word_1_152' title='bbox 1617 1326 1876 1391; x_wconf 86' lang='lat' dir='ltr'><strong>excitato,</strong></span> <span class='ocrx_word' id='word_1_153' title='bbox 1909 1329 2085 1383; x_wconf 91' lang='lat' dir='ltr'><strong>oculis</strong></span> 
     </span>
    </p>
   </div>
   <div class='ocr_carea' id='block_1_23' title="bbox 2207 1325 3800 1403">
    <p class='ocr_par' dir='ltr' id='par_1_23' title="bbox 2207 1331 3800 1403">
     <span class='ocr_line' id='line_1_23' title="bbox 2207 1331 3800 1403; baseline 0.001 -19"><span class='ocrx_word' id='word_1_154' title='bbox 2207 1331 2280 1384; x_wconf 66' lang='grc' dir='ltr'>ποῦ</span> <span class='ocrx_word' id='word_1_155' title='bbox 2300 1331 2576 1402; x_wconf 77' lang='grc' dir='ltr'><strong>μακαρίου</strong></span> <span class='ocrx_word' id='word_1_156' title='bbox 2595 1331 2754 1385; x_wconf 85' lang='grc' dir='ltr'>πάπα</span> <span class='ocrx_word' id='word_1_157' title='bbox 2767 1331 3054 1403; x_wconf 75' lang='grc' dir='ltr'>Ἀδριανοῦ</span> <span class='ocrx_word' id='word_1_158' title='bbox 3075 1333 3512 1401; x_wconf 77' lang='grc' dir='ltr'>συγκινήσαντες</span> <span class='ocrx_word' id='word_1_159' title='bbox 3527 1331 3625 1384; x_wconf 73' lang='grc' dir='ltr'>τὸν</span> <span class='ocrx_word' id='word_1_160' title='bbox 3637 1331 3800 1397; x_wconf 71' lang='grc' dir='ltr'>λαὸν,</span> 
     </span>
    </p>
   </div>
   <div class='ocr_carea' id='block_1_24' title="bbox 495 1415 2097 1494">
    <p class='ocr_par' dir='ltr' id='par_1_24' title="bbox 495 1420 2082 1482">
     <span class='ocr_line' id='line_1_24' title="bbox 495 1420 2082 1482; baseline -0.003 -1"><span class='ocrx_word' id='word_1_161' title='bbox 495 1441 621 1482; x_wconf 86' lang='lat' dir='ltr'><strong>eum</strong></span> <span class='ocrx_word' id='word_1_162' title='bbox 675 1424 1065 1479; x_wconf 84' lang='lat' dir='ltr'><strong>tnultaverunt.</strong></span> <span class='ocrx_word' id='word_1_163' title='bbox 1132 1420 1336 1476; x_wconf 77' lang='lat' dir='ltr'><strong>Verum</strong></span> <span class='ocrx_word' id='word_1_164' title='bbox 1389 1435 1514 1475; x_wconf 90' lang='lat' dir='ltr'><strong>cum</strong></span> <span class='ocrx_word' id='word_1_165' title='bbox 1561 1421 1810 1475; x_wconf 87' lang='lat' dir='ltr'><strong>homines</strong></span> <span class='ocrx_word' id='word_1_166' title='bbox 1863 1420 1929 1474; x_wconf 89' lang='lat' dir='ltr'><strong>ad</strong></span> <span class='ocrx_word' id='word_1_167' title='bbox 1959 1438 2082 1476; x_wconf 90' lang='lat' dir='ltr'><strong>eum</strong></span> 
     </span>
    </p>
   </div>
   <div class='ocr_carea' id='block_1_25' title="bbox 2207 1415 3802 1494">
    <p class='ocr_par' dir='ltr' id='par_1_25' title="bbox 2207 1415 3802 1494">
     <span class='ocr_line' id='line_1_25' title="bbox 2207 1415 3802 1494; baseline 0.001 -19"><span class='ocrx_word' id='word_1_168' title='bbox 2207 1423 2523 1477; x_wconf 64' lang='grc' dir='ltr'>μστασίασαν</span> <span class='ocrx_word' id='word_1_169' title='bbox 2546 1423 2691 1478; x_wconf 82' lang='grc' dir='ltr'>κατὰ</span> <span class='ocrx_word' id='word_1_170' title='bbox 2712 1415 2941 1488; x_wconf 81' lang='grc' dir='ltr'>Λέοντος</span> <span class='ocrx_word' id='word_1_171' title='bbox 2967 1423 3064 1478; x_wconf 83' lang='grc' dir='ltr'><strong>τοῦ</strong></span> <span class='ocrx_word' id='word_1_172' title='bbox 3087 1425 3266 1488; x_wconf 84' lang='grc' dir='ltr'>πὰπα,</span> <span class='ocrx_word' id='word_1_173' title='bbox 3286 1424 3383 1478; x_wconf 74' lang='grc' dir='ltr'>καὶ</span> <span class='ocrx_word' id='word_1_174' title='bbox 3407 1425 3802 1494; x_wconf 84' lang='grc' dir='ltr'>κρατήσαντες</span> 
     </span>
    </p>
   </div>
   <div class='ocr_carea' id='block_1_26' title="bbox 497 1511 2087 1583">
    <p class='ocr_par' dir='ltr' id='par_1_26' title="bbox 497 1511 2087 1583">
     <span class='ocr_line' id='line_1_26' title="bbox 497 1511 2087 1583; baseline -0.003 -12"><span class='ocrx_word' id='word_1_175' title='bbox 497 1513 883 1572; x_wconf 78' lang='lat' dir='ltr'><strong>excmcandum</strong></span> <span class='ocrx_word' id='word_1_176' title='bbox 918 1513 1179 1582; x_wconf 84' lang='lat' dir='ltr'><strong>deputati,</strong></span> <span class='ocrx_word' id='word_1_177' title='bbox 1209 1511 1587 1567; x_wconf 75' lang='lat' dir='ltr'><strong>misericordia</strong></span> <span class='ocrx_word' id='word_1_178' title='bbox 1620 1512 1791 1577; x_wconf 89' lang='lat' dir='ltr'><strong>ducti,</strong></span> <span class='ocrx_word' id='word_1_179' title='bbox 1825 1513 1875 1567; x_wconf 90' lang='lat' dir='ltr'><strong>ei</strong></span> <span class='ocrx_word' id='word_1_180' title='bbox 1903 1528 2087 1583; x_wconf 90' lang='lat' dir='ltr'><strong>peper-</strong></span> 
     </span>
    </p>
   </div>
   <div class='ocr_carea' id='block_1_27' title="bbox 495 1604 2085 1677">
    <p class='ocr_par' dir='ltr' id='par_1_27' title="bbox 495 1604 2085 1677">
     <span class='ocr_line' id='line_1_27' title="bbox 495 1604 2085 1677; baseline -0.004 -12"><span class='ocrx_word' id='word_1_181' title='bbox 495 1609 701 1666; x_wconf 86' lang='lat' dir='ltr'><strong>cissent</strong></span> <span class='ocrx_word' id='word_1_182' title='bbox 731 1608 1102 1677; x_wconf 88' lang='lat' dir='ltr'><strong>aliquatenus,</strong></span> <span class='ocrx_word' id='word_1_183' title='bbox 1153 1604 1299 1659; x_wconf 86' lang='lat' dir='ltr'><strong>haud</strong></span> <span class='ocrx_word' id='word_1_184' title='bbox 1329 1604 1377 1659; x_wconf 91' lang='lat' dir='ltr'><strong>ei</strong></span> <span class='ocrx_word' id='word_1_185' title='bbox 1407 1604 1625 1674; x_wconf 89' lang='lat' dir='ltr'><strong>penitus</strong></span> <span class='ocrx_word' id='word_1_186' title='bbox 1676 1605 1965 1660; x_wconf 90' lang='lat' dir='ltr'><strong>oculorum</strong></span> <span class='ocrx_word' id='word_1_187' title='bbox 1998 1606 2085 1659; x_wconf 94' lang='lat' dir='ltr'><strong>lu-</strong></span> 
     </span>
    </p>
   </div>
   <div class='ocr_carea' id='block_1_28' title="bbox 2189 1510 3804 1585">
    <p class='ocr_par' dir='ltr' id='par_1_28' title="bbox 2189 1510 3804 1585">
     <span class='ocr_line' id='line_1_28' title="bbox 2189 1510 3804 1585; baseline 0.002 -21"><span class='ocrx_word' id='word_1_188' title='bbox 2189 1510 2509 1579; x_wconf 75' lang='grc' dir='ltr'>ὲτύφλωσαν</span> <span class='ocrx_word' id='word_1_189' title='bbox 2565 1512 2764 1566; x_wconf 82' lang='grc' dir='ltr'>αὐτόν·</span> <span class='ocrx_word' id='word_1_190' title='bbox 2817 1513 2881 1567; x_wconf 89' lang='grc' dir='ltr'><strong>ού</strong></span> <span class='ocrx_word' id='word_1_191' title='bbox 2947 1514 3134 1584; x_wconf 77' lang='grc' dir='ltr'>μέντοι</span> <span class='ocrx_word' id='word_1_192' title='bbox 3183 1513 3532 1585; x_wconf 76' lang='grc' dir='ltr'>ἠδυνήθησαν</span> <span class='ocrx_word' id='word_1_193' title='bbox 3591 1515 3804 1579; x_wconf 82' lang='grc' dir='ltr'>τελέως</span> 
     </span>
    </p>
   </div>
   <div class='ocr_carea' id='block_1_29' title="bbox 2193 1603 3802 1679">
    <p class='ocr_par' dir='ltr' id='par_1_29' title="bbox 2193 1603 3802 1679">
     <span class='ocr_line' id='line_1_29' title="bbox 2193 1603 3802 1679; baseline 0.004 -23"><span class='ocrx_word' id='word_1_194' title='bbox 2193 1604 2382 1658; x_wconf 83' lang='grc' dir='ltr'>σϐέσαι</span> <span class='ocrx_word' id='word_1_195' title='bbox 2415 1605 2478 1658; x_wconf 87' lang='grc' dir='ltr'><strong>τδ</strong></span> <span class='ocrx_word' id='word_1_196' title='bbox 2513 1603 2629 1675; x_wconf 85' lang='grc' dir='ltr'><strong>φῶς</strong></span> <span class='ocrx_word' id='word_1_197' title='bbox 2658 1606 2850 1673; x_wconf 75' lang='grc' dir='ltr'>αὑτοῦ,</span> <span class='ocrx_word' id='word_1_198' title='bbox 2877 1606 2989 1660; x_wconf 81' lang='grc' dir='ltr'><strong>τῶν</strong></span> <span class='ocrx_word' id='word_1_199' title='bbox 3017 1607 3420 1677; x_wconf 83' lang='grc' dir='ltr'>τυφλωσάντων</span> <span class='ocrx_word' id='word_1_200' title='bbox 3459 1607 3630 1660; x_wconf 72' lang='grc' dir='ltr'>αὐτὸν</span> <span class='ocrx_word' id='word_1_201' title='bbox 3672 1608 3802 1679; x_wconf 77' lang='grc' dir='ltr'>φιλ-</span> 
     </span>
    </p>
   </div>
   <div class='ocr_carea' id='block_1_30' title="bbox 498 1695 2097 1770">
    <p class='ocr_par' dir='ltr' id='par_1_30' title="bbox 498 1696 2079 1757">
     <span class='ocr_line' id='line_1_30' title="bbox 498 1696 2079 1757; baseline -0.003 0"><span class='ocrx_word' id='word_1_202' title='bbox 498 1718 624 1757; x_wconf 88' lang='lat' dir='ltr'><strong>mcn</strong></span> <span class='ocrx_word' id='word_1_203' title='bbox 692 1700 1028 1756; x_wconf 82' lang='lat' dir='ltr'><strong>exstinctum</strong></span> <span class='ocrx_word' id='word_1_204' title='bbox 1077 1707 1186 1756; x_wconf 89' lang='lat' dir='ltr'><strong>est.</strong></span> <span class='ocrx_word' id='word_1_205' title='bbox 1237 1696 1350 1752; x_wconf 86' lang='lat' dir='ltr'><strong>Leo</strong></span> <span class='ocrx_word' id='word_1_206' title='bbox 1407 1696 1640 1754; x_wconf 88' lang='lat' dir='ltr'><strong>subinde</strong></span> <span class='ocrx_word' id='word_1_207' title='bbox 1694 1698 1760 1752; x_wconf 85' lang='lat' dir='ltr'><strong>ad</strong></span> <span class='ocrx_word' id='word_1_208' title='bbox 1820 1697 2079 1753; x_wconf 87' lang='lat' dir='ltr'><strong>Carolum</strong></span> 
     </span>
    </p>
   </div>
   <div class='ocr_carea' id='block_1_31' title="bbox 2207 1695 3802 1770">
    <p class='ocr_par' dir='ltr' id='par_1_31' title="bbox 2207 1695 3802 1770">
     <span class='ocr_line' id='line_1_31' title="bbox 2207 1695 3802 1770; baseline 0.003 -20"><span class='ocrx_word' id='word_1_209' title='bbox 2207 1695 2500 1768; x_wconf 78' lang='grc' dir='ltr'>ινθρώπων</span> <span class='ocrx_word' id='word_1_210' title='bbox 2540 1697 2731 1765; x_wconf 75' lang='grc' dir='ltr'>ὄντων,</span> <span class='ocrx_word' id='word_1_211' title='bbox 2771 1699 2868 1754; x_wconf 74' lang='grc' dir='ltr'>καὶ</span> <span class='ocrx_word' id='word_1_212' title='bbox 2911 1699 3263 1770; x_wconf 80' lang='grc' dir='ltr'>φεισαμένων</span> <span class='ocrx_word' id='word_1_213' title='bbox 3307 1699 3482 1754; x_wconf 80' lang='grc' dir='ltr'>αὐτοῦ</span> <span class='ocrx_word' id='word_1_214' title='bbox 3510 1700 3584 1756; x_wconf 81' lang='grc'><strong>⁹¹.</strong></span> <span class='ocrx_word' id='word_1_215' title='bbox 3630 1700 3697 1754; x_wconf 87' lang='lat'><strong>&#39;0</strong></span> <span class='ocrx_word' id='word_1_216' title='bbox 3741 1701 3802 1754; x_wconf 81' lang='grc' dir='ltr'>δὲ</span> 
     </span>
    </p>
   </div>
   <div class='ocr_carea' id='block_1_32' title="bbox 499 1788 2097 1866">
    <p class='ocr_par' dir='ltr' id='par_1_32' title="bbox 499 1788 2095 1862">
     <span class='ocr_line' id='line_1_32' title="bbox 499 1788 2095 1862; baseline -0.002 -13"><span class='ocrx_word' id='word_1_217' title='bbox 499 1794 836 1850; x_wconf 82' lang='lat' dir='ltr'><strong>Francorum</strong></span> <span class='ocrx_word' id='word_1_218' title='bbox 890 1805 1070 1862; x_wconf 84' lang='lat' dir='ltr'><strong>regem</strong></span> <span class='ocrx_word' id='word_1_219' title='bbox 1125 1788 1414 1860; x_wconf 76' lang='lat' dir='ltr'><strong>confugit:</strong></span> <span class='ocrx_word' id='word_1_220' title='bbox 1455 1805 1548 1844; x_wconf 82' lang='lat' dir='ltr'><strong>rex</strong></span> <span class='ocrx_word' id='word_1_221' title='bbox 1594 1789 1713 1859; x_wconf 86' lang='lat' dir='ltr'><strong>ejus</strong></span> <span class='ocrx_word' id='word_1_222' title='bbox 1747 1789 2095 1846; x_wconf 78' lang='lat' dir='ltr'><strong>adversarios</strong></span> 
     </span>
    </p>
   </div>
   <div class='ocr_carea' id='block_1_33' title="bbox 2207 1788 3803 1866">
    <p class='ocr_par' dir='ltr' id='par_1_33' title="bbox 2207 1790 3803 1866">
     <span class='ocr_line' id='line_1_33' title="bbox 2207 1790 3803 1866; baseline 0.002 -22"><span class='ocrx_word' id='word_1_223' title='bbox 2207 1790 2534 1862; x_wconf 81' lang='grc' dir='ltr'>προσφυγὼν</span> <span class='ocrx_word' id='word_1_224' title='bbox 2574 1791 2652 1862; x_wconf 83' lang='grc' dir='ltr'><strong>τῷ</strong></span> <span class='ocrx_word' id='word_1_225' title='bbox 2695 1793 2825 1864; x_wconf 75' lang='grc' dir='ltr'>ρηγὶ</span> <span class='ocrx_word' id='word_1_226' title='bbox 2854 1792 2966 1846; x_wconf 85' lang='grc' dir='ltr'><strong>τῶν</strong></span> <span class='ocrx_word' id='word_1_227' title='bbox 3003 1793 3276 1866; x_wconf 72' lang='grc' dir='ltr'>Φράγγων</span> <span class='ocrx_word' id='word_1_228' title='bbox 3313 1794 3616 1864; x_wconf 83' lang='grc' dir='ltr'>Καρούλῳ,</span> <span class='ocrx_word' id='word_1_229' title='bbox 3650 1794 3803 1865; x_wconf 73' lang='grc' dir='ltr'>ἠμύ-</span> 
     </span>
    </p>
   </div>
   <div class='ocr_carea' id='block_1_34' title="bbox 498 1882 2096 1960">
    <p class='ocr_par' dir='ltr' id='par_1_34' title="bbox 498 1882 2096 1960">
     <span class='ocr_line' id='line_1_34' title="bbox 498 1882 2096 1960; baseline -0.003 -18"><span class='ocrx_word' id='word_1_230' title='bbox 498 1889 742 1960; x_wconf 89' lang='lat' dir='ltr'><strong>graviter</strong></span> <span class='ocrx_word' id='word_1_231' title='bbox 769 1886 916 1940; x_wconf 89' lang='lat' dir='ltr'><strong>ultus</strong></span> <span class='ocrx_word' id='word_1_232' title='bbox 949 1884 1002 1938; x_wconf 92' lang='lat' dir='ltr'><strong>in</strong></span> <span class='ocrx_word' id='word_1_233' title='bbox 1029 1882 1305 1953; x_wconf 87' lang='lat' dir='ltr'><strong>propriam</strong></span> <span class='ocrx_word' id='word_1_234' title='bbox 1342 1882 1526 1937; x_wconf 86' lang='lat' dir='ltr'><strong>sedem</strong></span> <span class='ocrx_word' id='word_1_235' title='bbox 1552 1898 1676 1938; x_wconf 87' lang='lat' dir='ltr'><strong>eum</strong></span> <span class='ocrx_word' id='word_1_236' title='bbox 1707 1883 1903 1938; x_wconf 87' lang='lat' dir='ltr'><strong>iterum</strong></span> <span class='ocrx_word' id='word_1_237' title='bbox 1937 1884 2096 1939; x_wconf 88' lang='lat' dir='ltr'><strong>resti-</strong></span> 
     </span>
    </p>
   </div>
   <div class='ocr_carea' id='block_1_35' title="bbox 500 1975 2092 2046">
    <p class='ocr_par' dir='ltr' id='par_1_35' title="bbox 500 1975 2092 2046">
     <span class='ocr_line' id='line_1_35' title="bbox 500 1975 2092 2046; baseline -0.001 -14"><span class='ocrx_word' id='word_1_238' title='bbox 500 1980 624 2046; x_wconf 86' lang='lat' dir='ltr'><strong>tuit,</strong></span> <span class='ocrx_word' id='word_1_239' title='bbox 688 1986 744 2033; x_wconf 89' lang='lat' dir='ltr'><strong>et</strong></span> <span class='ocrx_word' id='word_1_240' title='bbox 775 1976 881 2033; x_wconf 88' lang='lat' dir='ltr'><strong>sub</strong></span> <span class='ocrx_word' id='word_1_241' title='bbox 929 1975 980 2029; x_wconf 87' lang='lat' dir='ltr'><strong>id</strong></span> <span class='ocrx_word' id='word_1_242' title='bbox 1040 1984 1254 2044; x_wconf 86' lang='lat' dir='ltr'><strong>tempus</strong></span> <span class='ocrx_word' id='word_1_243' title='bbox 1309 1975 1544 2044; x_wconf 88' lang='lat' dir='ltr'><strong>primum</strong></span> <span class='ocrx_word' id='word_1_244' title='bbox 1606 1989 1670 2030; x_wconf 91' lang='lat' dir='ltr'><strong>ac</strong></span> <span class='ocrx_word' id='word_1_245' title='bbox 1723 1975 1980 2045; x_wconf 82' lang='lat' dir='ltr'><strong>deinceps</strong></span> <span class='ocrx_word' id='word_1_246' title='bbox 2037 1976 2092 2030; x_wconf 90' lang='lat' dir='ltr'><strong>in</strong></span> 
     </span>
    </p>
   </div>
   <div class='ocr_carea' id='block_1_36' title="bbox 499 2065 2094 2138">
    <p class='ocr_par' dir='ltr' id='par_1_36' title="bbox 499 2065 2094 2138">
     <span class='ocr_line' id='line_1_36' title="bbox 499 2065 2094 2138; baseline -0.001 -12"><span class='ocrx_word' id='word_1_247' title='bbox 499 2069 839 2126; x_wconf 83' lang='lat' dir='ltr'><strong>Francorum</strong></span> <span class='ocrx_word' id='word_1_248' title='bbox 903 2075 1226 2138; x_wconf 88' lang='lat' dir='ltr'><strong>potestatem</strong></span> <span class='ocrx_word' id='word_1_249' title='bbox 1262 2065 1433 2121; x_wconf 79' lang='lat' dir='ltr'><strong>Roma</strong></span> <span class='ocrx_word' id='word_1_250' title='bbox 1484 2066 1668 2122; x_wconf 86' lang='lat' dir='ltr'><strong>cessit.</strong></span> <span class='ocrx_word' id='word_1_251' title='bbox 1732 2066 1840 2122; x_wconf 90' lang='lat' dir='ltr'><strong>Leo</strong></span> <span class='ocrx_word' id='word_1_252' title='bbox 1893 2068 2094 2124; x_wconf 86' lang='lat' dir='ltr'><strong>Carolo</strong></span> 
     </span>
    </p>
   </div>
   <div class='ocr_carea' id='block_1_37' title="bbox 499 2159 2094 2236">
    <p class='ocr_par' dir='ltr' id='par_1_37' title="bbox 499 2159 2094 2236">
     <span class='ocr_line' id='line_1_37' title="bbox 499 2159 2094 2236; baseline -0.002 -14"><span class='ocrx_word' id='word_1_253' title='bbox 499 2165 612 2236; x_wconf 86' lang='lat' dir='ltr'><strong>regi</strong></span> <span class='ocrx_word' id='word_1_254' title='bbox 663 2163 839 2220; x_wconf 90' lang='lat' dir='ltr'><strong>vicem</strong></span> <span class='ocrx_word' id='word_1_255' title='bbox 889 2161 1183 2233; x_wconf 78' lang='lat' dir='ltr'><strong>relaturus,</strong></span> <span class='ocrx_word' id='word_1_256' title='bbox 1220 2175 1346 2214; x_wconf 90' lang='lat' dir='ltr'><strong>eum</strong></span> <span class='ocrx_word' id='word_1_257' title='bbox 1370 2159 1549 2230; x_wconf 89' lang='lat' dir='ltr'><strong>capite</strong></span> <span class='ocrx_word' id='word_1_258' title='bbox 1598 2161 1666 2216; x_wconf 90' lang='lat' dir='ltr'><strong>ad</strong></span> <span class='ocrx_word' id='word_1_259' title='bbox 1734 2161 2094 2234; x_wconf 78' lang='lat' dir='ltr'><strong>intosusqne</strong></span> 
     </span>
    </p>
   </div>
   <div class='ocr_carea' id='block_1_38' title="bbox 499 2251 2095 2330">
    <p class='ocr_par' dir='ltr' id='par_1_38' title="bbox 499 2251 2095 2330">
     <span class='ocr_line' id='line_1_38' title="bbox 499 2251 2095 2330; baseline -0.004 -16"><span class='ocrx_word' id='word_1_260' title='bbox 499 2257 666 2330; x_wconf 87' lang='lat' dir='ltr'><strong>pedes</strong></span> <span class='ocrx_word' id='word_1_261' title='bbox 692 2255 817 2312; x_wconf 91' lang='lat' dir='ltr'><strong>oleo</strong></span> <span class='ocrx_word' id='word_1_262' title='bbox 853 2261 1180 2326; x_wconf 87' lang='lat' dir='ltr'><strong>perunctum</strong></span> <span class='ocrx_word' id='word_1_263' title='bbox 1235 2251 1291 2307; x_wconf 91' lang='lat' dir='ltr'><strong>in</strong></span> <span class='ocrx_word' id='word_1_264' title='bbox 1327 2252 1502 2308; x_wconf 84' lang='lat' dir='ltr'><strong>sancti</strong></span> <span class='ocrx_word' id='word_1_265' title='bbox 1559 2251 1806 2323; x_wconf 86' lang='lat' dir='ltr'><strong>Apostoli</strong></span> <span class='ocrx_word' id='word_1_266' title='bbox 1838 2253 1954 2309; x_wconf 66' lang='lat' dir='ltr'><strong>aede</strong></span> <span class='ocrx_word' id='word_1_267' title='bbox 1991 2254 2095 2309; x_wconf 92' lang='lat' dir='ltr'><strong>im-</strong></span> 
     </span>
    </p>
   </div>
   <div class='ocr_carea' id='block_1_39' title="bbox 500 2345 2094 2421">
    <p class='ocr_par' dir='ltr' id='par_1_39' title="bbox 500 2345 2094 2421">
     <span class='ocr_line' id='line_1_39' title="bbox 500 2345 2094 2421; baseline -0.002 -16"><span class='ocrx_word' id='word_1_268' title='bbox 500 2358 811 2421; x_wconf 88' lang='lat' dir='ltr'><strong>peratorem</strong></span> <span class='ocrx_word' id='word_1_269' title='bbox 864 2347 1164 2402; x_wconf 83' lang='lat' dir='ltr'><strong>salutatum</strong></span> <span class='ocrx_word' id='word_1_270' title='bbox 1212 2362 1415 2403; x_wconf 89' lang='lat' dir='ltr'><strong>corona</strong></span> <span class='ocrx_word' id='word_1_271' title='bbox 1458 2345 1762 2414; x_wconf 85' lang='lat' dir='ltr'><strong>redimivit,</strong></span> <span class='ocrx_word' id='word_1_272' title='bbox 1793 2347 2094 2419; x_wconf 88' lang='lat' dir='ltr'><strong>imperato-</strong></span> 
     </span>
    </p>
   </div>
   <div class='ocr_carea' id='block_1_40' title="bbox 501 2440 2094 2513">
    <p class='ocr_par' dir='ltr' id='par_1_40' title="bbox 501 2440 2094 2513">
     <span class='ocr_line' id='line_1_40' title="bbox 501 2440 2094 2513; baseline 0.003 -19"><span class='ocrx_word' id='word_1_273' title='bbox 501 2447 583 2500; x_wconf 75' lang='lat' dir='ltr'><strong>ria</strong></span> <span class='ocrx_word' id='word_1_274' title='bbox 632 2452 783 2502; x_wconf 82' lang='lat' dir='ltr'><strong>veste</strong></span> <span class='ocrx_word' id='word_1_275' title='bbox 827 2440 1237 2507; x_wconf 87' lang='lat' dir='ltr'><strong>circumdedit,</strong></span> <span class='ocrx_word' id='word_1_276' title='bbox 1264 2449 1321 2496; x_wconf 89' lang='lat' dir='ltr'><strong>et</strong></span> <span class='ocrx_word' id='word_1_277' title='bbox 1369 2442 1566 2513; x_wconf 87' lang='lat' dir='ltr'><strong>capitis</strong></span> <span class='ocrx_word' id='word_1_278' title='bbox 1593 2452 1918 2498; x_wconf 88' lang='lat' dir='ltr'><strong>ornamenta</strong></span> <span class='ocrx_word' id='word_1_279' title='bbox 1960 2457 2094 2498; x_wconf 86' lang='lat' dir='ltr'><strong>con-</strong></span> 
     </span>
    </p>
   </div>
   <div class='ocr_carea' id='block_1_41' title="bbox 504 2531 2092 2605">
    <p class='ocr_par' dir='ltr' id='par_1_41' title="bbox 504 2531 2092 2605">
     <span class='ocr_line' id='line_1_41' title="bbox 504 2531 2092 2605; baseline -0.003 -13"><span class='ocrx_word' id='word_1_280' title='bbox 504 2537 648 2605; x_wconf 92' lang='lat' dir='ltr'><strong>tulit,</strong></span> <span class='ocrx_word' id='word_1_281' title='bbox 687 2534 897 2592; x_wconf 83' lang='lat' dir='ltr'><strong>mensis</strong></span> <span class='ocrx_word' id='word_1_282' title='bbox 957 2531 1273 2589; x_wconf 88' lang='lat' dir='ltr'><strong>Decembris</strong></span> <span class='ocrx_word' id='word_1_283' title='bbox 1313 2533 1403 2588; x_wconf 89' lang='lat' dir='ltr'><strong>die</strong></span> <span class='ocrx_word' id='word_1_284' title='bbox 1462 2533 1724 2590; x_wconf 87' lang='lat' dir='ltr'><strong>vicesimo</strong></span> <span class='ocrx_word' id='word_1_285' title='bbox 1756 2534 1970 2605; x_wconf 84' lang='lat' dir='ltr'><strong>quinto,</strong></span> <span class='ocrx_word' id='word_1_286' title='bbox 2004 2534 2092 2589; x_wconf 91' lang='lat' dir='ltr'><strong>in-</strong></span> 
     </span>
    </p>
   </div>
   <div class='ocr_carea' id='block_1_42' title="bbox 503 2629 948 2687">
    <p class='ocr_par' dir='ltr' id='par_1_42' title="bbox 503 2629 948 2687">
     <span class='ocr_line' id='line_1_42' title="bbox 503 2629 948 2687; baseline -0.013 -1"><span class='ocrx_word' id='word_1_287' title='bbox 503 2629 744 2687; x_wconf 87' lang='lat' dir='ltr'><strong>dictione</strong></span> <span class='ocrx_word' id='word_1_288' title='bbox 779 2642 948 2682; x_wconf 92' lang='lat' dir='ltr'><strong>nona.</strong></span> 
     </span>
    </p>
   </div>
   <div class='ocr_carea' id='block_1_43' title="bbox 574 2715 2094 2785">
    <p class='ocr_par' dir='ltr' id='par_1_43' title="bbox 574 2715 2094 2785">
     <span class='ocr_line' id='line_1_43' title="bbox 574 2715 2094 2785; baseline -0.004 -7"><span class='ocrx_word' id='word_1_289' title='bbox 574 2725 642 2781; x_wconf 76' lang='grc' dir='ltr'><strong>Δ.</strong></span> <span class='ocrx_word' id='word_1_290' title='bbox 675 2722 738 2778; x_wconf 90' lang='lat' dir='ltr'><strong>C.</strong></span> <span class='ocrx_word' id='word_1_291' title='bbox 767 2720 892 2775; x_wconf 88' lang='lat'><strong>790.</strong></span> <span class='ocrx_word' id='word_1_292' title='bbox 927 2749 1000 2760; x_wconf 90' lang='lat'><strong>--</strong></span> <span class='ocrx_word' id='word_1_293' title='bbox 1029 2717 1387 2772; x_wconf 83' lang='lat' dir='ltr'><strong>Romanorum</strong></span> <span class='ocrx_word' id='word_1_294' title='bbox 1416 2717 1770 2785; x_wconf 81' lang='lat' dir='ltr'><strong>imperalricis</strong></span> <span class='ocrx_word' id='word_1_295' title='bbox 1800 2715 1974 2773; x_wconf 80' lang='lat' dir='ltr'><strong>Irena:</strong></span> <span class='ocrx_word' id='word_1_296' title='bbox 2001 2717 2094 2772; x_wconf 84' lang='lat' dir='ltr'><strong>de-</strong></span> 
     </span>
    </p>
   </div>
   <div class='ocr_carea' id='block_1_44' title="bbox 505 2813 1075 2882">
    <p class='ocr_par' dir='ltr' id='par_1_44' title="bbox 505 2813 1075 2882">
     <span class='ocr_line' id='line_1_44' title="bbox 505 2813 1075 2882; baseline -0.011 -11"><span class='ocrx_word' id='word_1_297' title='bbox 505 2831 610 2871; x_wconf 86' lang='lat' dir='ltr'><strong>nuo</strong></span> <span class='ocrx_word' id='word_1_298' title='bbox 646 2830 816 2869; x_wconf 77' lang='lat' dir='ltr'><strong>annus</strong></span> <span class='ocrx_word' id='word_1_299' title='bbox 849 2813 1075 2882; x_wconf 76' lang='lat' dir='ltr'><strong>primus.</strong></span> 
     </span>
    </p>
   </div>
   <div class='ocr_carea' id='block_1_45' title="bbox 576 2900 2095 2975">
    <p class='ocr_par' dir='ltr' id='par_1_45' title="bbox 576 2900 2095 2975">
     <span class='ocr_line' id='line_1_45' title="bbox 576 2900 2095 2975; baseline -0.003 -12"><span class='ocrx_word' id='word_1_300' title='bbox 576 2905 691 2963; x_wconf 84' lang='lat' dir='ltr'><strong>Hoc</strong></span> <span class='ocrx_word' id='word_1_301' title='bbox 718 2921 863 2962; x_wconf 90' lang='lat' dir='ltr'><strong>anno</strong></span> <span class='ocrx_word' id='word_1_302' title='bbox 887 2903 1204 2975; x_wconf 79' lang='lat' dir='ltr'><strong>imperatrix</strong></span> <span class='ocrx_word' id='word_1_303' title='bbox 1239 2900 1398 2958; x_wconf 89' lang='lat' dir='ltr'><strong>lrene</strong></span> <span class='ocrx_word' id='word_1_304' title='bbox 1429 2901 1659 2973; x_wconf 86' lang='lat' dir='ltr'><strong>imperio</strong></span> <span class='ocrx_word' id='word_1_305' title='bbox 1689 2901 1885 2973; x_wconf 90' lang='lat' dir='ltr'><strong>potita,</strong></span> <span class='ocrx_word' id='word_1_306' title='bbox 1924 2901 2095 2959; x_wconf 90' lang='lat' dir='ltr'><strong>Doro-</strong></span> 
     </span>
    </p>
   </div>
   <div class='ocr_carea' id='block_1_46' title="bbox 503 2994 2091 3069">
    <p class='ocr_par' dir='ltr' id='par_1_46' title="bbox 503 2994 2091 3069">
     <span class='ocr_line' id='line_1_46' title="bbox 503 2994 2091 3069; baseline -0.003 -15"><span class='ocrx_word' id='word_1_307' title='bbox 503 2999 713 3064; x_wconf 87' lang='lat' dir='ltr'><strong>theum,</strong></span> <span class='ocrx_word' id='word_1_308' title='bbox 747 2995 1150 3069; x_wconf 87' lang='lat' dir='ltr'><strong>Chrysopoleos</strong></span> <span class='ocrx_word' id='word_1_309' title='bbox 1181 2994 1556 3066; x_wconf 73' lang='lat' dir='ltr'><strong>przepositum,</strong></span> <span class='ocrx_word' id='word_1_310' title='bbox 1582 2995 1648 3059; x_wconf 72' lang='lat' dir='ltr'><strong>et;</strong></span> <span class='ocrx_word' id='word_1_311' title='bbox 1668 2994 2091 3051; x_wconf 88' lang='lat' dir='ltr'><strong>Constantinum</strong></span> 
     </span>
    </p>
   </div>
   <div class='ocr_carea' id='block_1_47' title="bbox 507 3086 2160 3167">
    <p class='ocr_par' dir='ltr' id='par_1_47' title="bbox 507 3086 2160 3167">
     <span class='ocr_line' id='line_1_47' title="bbox 507 3086 2160 3167; baseline -0.001 -23"><span class='ocrx_word' id='word_1_312' title='bbox 507 3091 716 3162; x_wconf 76' lang='lat' dir='ltr'><strong>Magna:</strong></span> <span class='ocrx_word' id='word_1_313' title='bbox 787 3088 1034 3144; x_wconf 76' lang='lat' dir='ltr'><strong>ecclesiae</strong></span> <span class='ocrx_word' id='word_1_314' title='bbox 1095 3086 1598 3157; x_wconf 85' lang='lat' dir='ltr'><strong>chartophylacem,</strong></span> <span class='ocrx_word' id='word_1_315' title='bbox 1654 3087 1720 3141; x_wconf 89' lang='lat' dir='ltr'><strong>ad</strong></span> <span class='ocrx_word' id='word_1_316' title='bbox 1775 3086 2160 3167; x_wconf 73' lang='lat' dir='ltr'><strong>Abimelechc</strong></span> 
     </span>
    </p>
   </div>
   <div class='ocr_carea' id='block_1_48' title="bbox 503 3179 2094 3252">
    <p class='ocr_par' dir='ltr' id='par_1_48' title="bbox 503 3179 2094 3252">
     <span class='ocr_line' id='line_1_48' title="bbox 503 3179 2094 3252; baseline -0.002 -14"><span class='ocrx_word' id='word_1_317' title='bbox 503 3181 864 3252; x_wconf 68' lang='lat' dir='ltr'><strong>Cappadocia</strong></span> <span class='ocrx_word' id='word_1_318' title='bbox 879 3190 935 3235; x_wconf 88' lang='lat' dir='ltr'><strong>et</strong></span> <span class='ocrx_word' id='word_1_319' title='bbox 963 3179 1190 3234; x_wconf 75' lang='lat' dir='ltr'><strong>Galatia:</strong></span> <span class='ocrx_word' id='word_1_320' title='bbox 1212 3179 1526 3247; x_wconf 85' lang='lat' dir='ltr'><strong>provincias</strong></span> <span class='ocrx_word' id='word_1_321' title='bbox 1543 3179 1820 3234; x_wconf 82' lang='lat' dir='ltr'><strong>hostiliter</strong></span> <span class='ocrx_word' id='word_1_322' title='bbox 1847 3181 2094 3250; x_wconf 83' lang='lat' dir='ltr'><strong>depopu-</strong></span> 
     </span>
    </p>
   </div>
   <div class='ocr_carea' id='block_1_49' title="bbox 507 3269 2093 3341">
    <p class='ocr_par' dir='ltr' id='par_1_49' title="bbox 507 3269 2093 3341">
     <span class='ocr_line' id='line_1_49' title="bbox 507 3269 2093 3341; baseline -0.001 -13"><span class='ocrx_word' id='word_1_323' title='bbox 507 3277 731 3341; x_wconf 89' lang='lat' dir='ltr'><strong>lantem,</strong></span> <span class='ocrx_word' id='word_1_324' title='bbox 760 3272 830 3326; x_wconf 92' lang='lat' dir='ltr'><strong>de</strong></span> <span class='ocrx_word' id='word_1_325' title='bbox 859 3286 991 3341; x_wconf 89' lang='lat' dir='ltr'><strong>pace</strong></span> <span class='ocrx_word' id='word_1_326' title='bbox 1011 3285 1135 3326; x_wconf 90' lang='lat' dir='ltr'><strong>cum</strong></span> <span class='ocrx_word' id='word_1_327' title='bbox 1163 3285 1231 3326; x_wconf 87' lang='lat' dir='ltr'><strong>eo</strong></span> <span class='ocrx_word' id='word_1_328' title='bbox 1263 3270 1642 3340; x_wconf 88' lang='lat' dir='ltr'><strong>componenda</strong></span> <span class='ocrx_word' id='word_1_329' title='bbox 1671 3269 1878 3340; x_wconf 77' lang='lat' dir='ltr'><strong>legatos</strong></span> <span class='ocrx_word' id='word_1_330' title='bbox 1910 3271 2093 3327; x_wconf 90' lang='lat' dir='ltr'><strong>misit:</strong></span> 
     </span>
    </p>
   </div>
   <div class='ocr_carea' id='block_1_50' title="bbox 505 3361 2097 3432">
    <p class='ocr_par' dir='ltr' id='par_1_50' title="bbox 505 3361 2097 3432">
     <span class='ocr_line' id='line_1_50' title="bbox 505 3361 2097 3432; baseline -0.001 -10"><span class='ocrx_word' id='word_1_331' title='bbox 505 3365 603 3422; x_wconf 85' lang='lat' dir='ltr'><strong>sed</strong></span> <span class='ocrx_word' id='word_1_332' title='bbox 651 3365 929 3420; x_wconf 84' lang='lat' dir='ltr'><strong>incassum</strong></span> <span class='ocrx_word' id='word_1_333' title='bbox 969 3361 1154 3418; x_wconf 88' lang='lat' dir='ltr'><strong>abiere</strong></span> <span class='ocrx_word' id='word_1_334' title='bbox 1181 3362 1250 3417; x_wconf 90' lang='lat' dir='ltr'><strong>de</strong></span> <span class='ocrx_word' id='word_1_335' title='bbox 1292 3377 1427 3432; x_wconf 87' lang='lat' dir='ltr'><strong>pace</strong></span> <span class='ocrx_word' id='word_1_336' title='bbox 1465 3370 1752 3418; x_wconf 85' lang='lat' dir='ltr'><strong>tractatus.</strong></span> <span class='ocrx_word' id='word_1_337' title='bbox 1801 3361 2097 3420; x_wconf 85' lang='lat' dir='ltr'><strong>Novembri</strong></span> 
     </span>
    </p>
   </div>
   <div class='ocr_carea' id='block_1_51' title="bbox 506 3453 2098 3526">
    <p class='ocr_par' dir='ltr' id='par_1_51' title="bbox 506 3453 2098 3526">
     <span class='ocr_line' id='line_1_51' title="bbox 506 3453 2098 3526; baseline -0.001 -12"><span class='ocrx_word' id='word_1_338' title='bbox 506 3471 698 3514; x_wconf 86' lang='lat' dir='ltr'><strong>mense</strong></span> <span class='ocrx_word' id='word_1_339' title='bbox 723 3455 971 3511; x_wconf 91' lang='lat' dir='ltr'><strong>nonnulli</strong></span> <span class='ocrx_word' id='word_1_340' title='bbox 1007 3469 1192 3510; x_wconf 88' lang='lat' dir='ltr'><strong>rerum</strong></span> <span class='ocrx_word' id='word_1_341' title='bbox 1239 3453 1618 3510; x_wconf 82' lang='lat' dir='ltr'><strong>novandarum</strong></span> <span class='ocrx_word' id='word_1_342' title='bbox 1645 3457 1850 3526; x_wconf 90' lang='lat' dir='ltr'><strong>cupidi,</strong></span> <span class='ocrx_word' id='word_1_343' title='bbox 1875 3456 1972 3512; x_wconf 85' lang='lat' dir='ltr'><strong>ﬁlii</strong></span> <span class='ocrx_word' id='word_1_344' title='bbox 2003 3456 2098 3513; x_wconf 85' lang='lat' dir='ltr'><strong>Dei</strong></span> 
     </span>
    </p>
   </div>
   <div class='ocr_carea' id='block_1_52' title="bbox 506 3547 2096 3620">
    <p class='ocr_par' dir='ltr' id='par_1_52' title="bbox 506 3547 2096 3620">
     <span class='ocr_line' id='line_1_52' title="bbox 506 3547 2096 3620; baseline -0.001 -12"><span class='ocrx_word' id='word_1_345' title='bbox 506 3551 687 3608; x_wconf 82' lang='lat' dir='ltr'><strong>hostis</strong></span> <span class='ocrx_word' id='word_1_346' title='bbox 724 3547 1073 3606; x_wconf 81' lang='lat' dir='ltr'><strong>Constantini</strong></span> <span class='ocrx_word' id='word_1_347' title='bbox 1116 3549 1185 3604; x_wconf 87' lang='lat' dir='ltr'><strong>ad</strong></span> <span class='ocrx_word' id='word_1_348' title='bbox 1233 3549 1522 3620; x_wconf 71' lang='lat' dir='ltr'><strong>Therapiat</strong></span> <span class='ocrx_word' id='word_1_349' title='bbox 1557 3548 1823 3619; x_wconf 87' lang='lat' dir='ltr'><strong>palatium</strong></span> <span class='ocrx_word' id='word_1_350' title='bbox 1858 3550 1963 3606; x_wconf 92' lang='lat' dir='ltr'><strong>sub</strong></span> <span class='ocrx_word' id='word_1_351' title='bbox 1993 3565 2096 3607; x_wconf 89' lang='lat' dir='ltr'><strong>cu-</strong></span> 
     </span>
    </p>
   </div>
   <div class='ocr_carea' id='block_1_53' title="bbox 423 3638 2096 3712">
    <p class='ocr_par' dir='ltr' id='par_1_53' title="bbox 423 3638 2096 3712">
     <span class='ocr_line' id='line_1_53' title="bbox 423 3638 2096 3712; baseline -0.002 -13"><span class='ocrx_word' id='word_1_352' title='bbox 423 3655 446 3670; x_wconf 78' lang='lat'><strong>‘</strong></span> <span class='ocrx_word' id='word_1_353' title='bbox 506 3643 683 3701; x_wconf 83' lang='lat' dir='ltr'><strong>stodia</strong></span> <span class='ocrx_word' id='word_1_354' title='bbox 706 3641 938 3705; x_wconf 84' lang='lat' dir='ltr'><strong>detenti,</strong></span> <span class='ocrx_word' id='word_1_355' title='bbox 961 3639 1029 3695; x_wconf 91' lang='lat' dir='ltr'><strong>ad</strong></span> <span class='ocrx_word' id='word_1_356' title='bbox 1059 3638 1321 3710; x_wconf 79' lang='lat' dir='ltr'><strong>Magnam</strong></span> <span class='ocrx_word' id='word_1_357' title='bbox 1349 3640 1636 3697; x_wconf 89' lang='lat' dir='ltr'><strong>ecclesiam</strong></span> <span class='ocrx_word' id='word_1_358' title='bbox 1662 3647 1721 3696; x_wconf 91' lang='lat' dir='ltr'><strong>ut</strong></span> <span class='ocrx_word' id='word_1_359' title='bbox 1747 3641 2096 3712; x_wconf 75' lang='lat' dir='ltr'><strong>confugiant,</strong></span> 
     </span>
    </p>
   </div>
   <div class='ocr_carea' id='block_1_54' title="bbox 506 3729 2095 3804">
    <p class='ocr_par' dir='ltr' id='par_1_54' title="bbox 506 3729 2095 3804">
     <span class='ocr_line' id='line_1_54' title="bbox 506 3729 2095 3804; baseline -0.001 -15"><span class='ocrx_word' id='word_1_360' title='bbox 506 3735 695 3804; x_wconf 80' lang='lat' dir='ltr'><strong>ibique</strong></span> <span class='ocrx_word' id='word_1_361' title='bbox 748 3731 984 3802; x_wconf 72' lang='lat' dir='ltr'><strong>propriae</strong></span> <span class='ocrx_word' id='word_1_362' title='bbox 1035 3729 1348 3786; x_wconf 83' lang='lat' dir='ltr'><strong>securitatis</strong></span> <span class='ocrx_word' id='word_1_363' title='bbox 1389 3729 1443 3784; x_wconf 92' lang='lat' dir='ltr'><strong>in</strong></span> <span class='ocrx_word' id='word_1_364' title='bbox 1494 3729 1738 3786; x_wconf 84' lang='lat' dir='ltr'><strong>futurum</strong></span> <span class='ocrx_word' id='word_1_365' title='bbox 1781 3733 2095 3788; x_wconf 89' lang='lat' dir='ltr'><strong>cautionem</strong></span> 
     </span>
    </p>
   </div>
   <div class='ocr_carea' id='block_1_55' title="bbox 508 3819 2095 3896">
    <p class='ocr_par' dir='ltr' id='par_1_55' title="bbox 508 3819 2095 3896">
     <span class='ocr_line' id='line_1_55' title="bbox 508 3819 2095 3896; baseline -0.001 -15"><span class='ocrx_word' id='word_1_366' title='bbox 508 3832 715 3896; x_wconf 86' lang='lat' dir='ltr'><strong>petant,</strong></span> <span class='ocrx_word' id='word_1_367' title='bbox 763 3832 824 3879; x_wconf 89' lang='lat' dir='ltr'><strong>ut</strong></span> <span class='ocrx_word' id='word_1_368' title='bbox 855 3821 1108 3879; x_wconf 89' lang='lat' dir='ltr'><strong>videlicet</strong></span> <span class='ocrx_word' id='word_1_369' title='bbox 1145 3819 1310 3891; x_wconf 86' lang='lat' dir='ltr'><strong>hujus</strong></span> <span class='ocrx_word' id='word_1_370' title='bbox 1349 3821 1428 3876; x_wconf 87' lang='lat' dir='ltr'><strong>rei</strong></span> <span class='ocrx_word' id='word_1_371' title='bbox 1479 3821 1709 3878; x_wconf 89' lang='lat' dir='ltr'><strong>obtentu</strong></span> <span class='ocrx_word' id='word_1_372' title='bbox 1751 3823 1990 3893; x_wconf 87' lang='lat' dir='ltr'><strong>aliquem</strong></span> <span class='ocrx_word' id='word_1_373' title='bbox 2027 3838 2095 3880; x_wconf 81' lang='lat' dir='ltr'><strong>ex</strong></span> 
     </span>
    </p>
   </div>
   <div class='ocr_carea' id='block_1_56' title="bbox 507 3913 2099 3988">
    <p class='ocr_par' dir='ltr' id='par_1_56' title="bbox 507 3913 2099 3988">
     <span class='ocr_line' id='line_1_56' title="bbox 507 3913 2099 3988; baseline -0.001 -15"><span class='ocrx_word' id='word_1_374' title='bbox 507 3919 590 3973; x_wconf 87' lang='lat' dir='ltr'><strong>eis</strong></span> <span class='ocrx_word' id='word_1_375' title='bbox 621 3917 1007 3988; x_wconf 84' lang='lat' dir='ltr'><strong>imperatorem</strong></span> <span class='ocrx_word' id='word_1_376' title='bbox 1050 3913 1288 3984; x_wconf 84' lang='lat' dir='ltr'><strong>populus</strong></span> <span class='ocrx_word' id='word_1_377' title='bbox 1325 3913 1615 3979; x_wconf 88' lang='lat' dir='ltr'><strong>salutaret,</strong></span> <span class='ocrx_word' id='word_1_378' title='bbox 1653 3923 1908 3971; x_wconf 87' lang='lat' dir='ltr'><strong>auctores</strong></span> <span class='ocrx_word' id='word_1_379' title='bbox 1943 3915 2099 3974; x_wconf 87' lang='lat' dir='ltr'><strong>fiunt.</strong></span> 
     </span>
    </p>
   </div>
   <div class='ocr_carea' id='block_1_57' title="bbox 509 4007 2098 4083">
    <p class='ocr_par' dir='ltr' id='par_1_57' title="bbox 509 4007 2098 4083">
     <span class='ocr_line' id='line_1_57' title="bbox 509 4007 2098 4083; baseline -0.001 -17"><span class='ocrx_word' id='word_1_380' title='bbox 509 4011 722 4083; x_wconf 86' lang='lat' dir='ltr'><strong>Populo</strong></span> <span class='ocrx_word' id='word_1_381' title='bbox 773 4009 940 4082; x_wconf 88' lang='lat' dir='ltr'><strong>igitur</strong></span> <span class='ocrx_word' id='word_1_382' title='bbox 975 4007 1260 4064; x_wconf 85' lang='lat' dir='ltr'><strong>turmatim</strong></span> <span class='ocrx_word' id='word_1_383' title='bbox 1313 4007 1380 4062; x_wconf 91' lang='lat' dir='ltr'><strong>ad</strong></span> <span class='ocrx_word' id='word_1_384' title='bbox 1416 4007 1708 4063; x_wconf 85' lang='lat' dir='ltr'><strong>ecclesiam</strong></span> <span class='ocrx_word' id='word_1_385' title='bbox 1745 4007 2057 4064; x_wconf 83' lang='lat' dir='ltr'><strong>confluente</strong></span> <span class='ocrx_word' id='word_1_386' title='bbox 2081 4050 2098 4076; x_wconf 89' lang='lat'><strong>,</strong></span> 
     </span>
    </p>
   </div>
   <div class='ocr_carea' id='block_1_58' title="bbox 507 4097 2104 4169">
    <p class='ocr_par' dir='ltr' id='par_1_58' title="bbox 507 4097 2104 4169">
     <span class='ocr_line' id='line_1_58' title="bbox 507 4097 2104 4169; baseline -0.001 -12"><span class='ocrx_word' id='word_1_387' title='bbox 507 4101 700 4158; x_wconf 67' lang='lat' dir='ltr'><strong>Aetius</strong></span> <span class='ocrx_word' id='word_1_388' title='bbox 751 4099 1042 4156; x_wconf 88' lang='lat' dir='ltr'><strong>eunuchus</strong></span> <span class='ocrx_word' id='word_1_389' title='bbox 1078 4098 1382 4169; x_wconf 85' lang='lat' dir='ltr'><strong>ingressus,</strong></span> <span class='ocrx_word' id='word_1_390' title='bbox 1427 4097 1535 4154; x_wconf 80' lang='lat' dir='ltr'><strong>ﬁde</strong></span> <span class='ocrx_word' id='word_1_391' title='bbox 1583 4098 1720 4169; x_wconf 88' lang='lat' dir='ltr'><strong>ipsis</strong></span> <span class='ocrx_word' id='word_1_392' title='bbox 1761 4099 1912 4161; x_wconf 88' lang='lat' dir='ltr'><strong>data.</strong></span> <span class='ocrx_word' id='word_1_393' title='bbox 1954 4098 2104 4156; x_wconf 85' lang='lat' dir='ltr'><strong>nullo</strong></span> 
     </span>
    </p>
   </div>
   <div class='ocr_carea' id='block_1_59' title="bbox 513 4189 2104 4260">
    <p class='ocr_par' dir='ltr' id='par_1_59' title="bbox 513 4189 2104 4260">
     <span class='ocr_line' id='line_1_59' title="bbox 513 4189 2104 4260; baseline 0.001 -14"><span class='ocrx_word' id='word_1_394' title='bbox 513 4191 878 4248; x_wconf 85' lang='lat' dir='ltr'><strong>incolumitati</strong></span> <span class='ocrx_word' id='word_1_395' title='bbox 931 4205 1120 4245; x_wconf 89' lang='lat' dir='ltr'><strong>eorum</strong></span> <span class='ocrx_word' id='word_1_396' title='bbox 1180 4189 1519 4260; x_wconf 83' lang='lat' dir='ltr'><strong>providente,</strong></span> <span class='ocrx_word' id='word_1_397' title='bbox 1571 4189 1718 4259; x_wconf 84' lang='lat' dir='ltr'><strong>ipsos</strong></span> <span class='ocrx_word' id='word_1_398' title='bbox 1776 4189 1988 4257; x_wconf 80' lang='lat' dir='ltr'><strong>eduxit,</strong></span> <span class='ocrx_word' id='word_1_399' title='bbox 2048 4201 2104 4247; x_wconf 89' lang='lat' dir='ltr'><strong>et</strong></span> 
     </span>
    </p>
   </div>
   <div class='ocr_carea' id='block_1_60' title="bbox 513 4280 2105 4352">
    <p class='ocr_par' dir='ltr' id='par_1_60' title="bbox 513 4280 2105 4352">
     <span class='ocr_line' id='line_1_60' title="bbox 513 4280 2105 4352; baseline 0.001 -13"><span class='ocrx_word' id='word_1_400' title='bbox 513 4286 761 4340; x_wconf 82' lang='lat' dir='ltr'><strong>Athenas</strong></span> <span class='ocrx_word' id='word_1_401' title='bbox 793 4283 1011 4341; x_wconf 78' lang='lat' dir='ltr'><strong>exsules</strong></span> <span class='ocrx_word' id='word_1_402' title='bbox 1038 4282 1314 4352; x_wconf 89' lang='lat' dir='ltr'><strong>deportari</strong></span> <span class='ocrx_word' id='word_1_403' title='bbox 1351 4282 1654 4337; x_wconf 90' lang='lat' dir='ltr'><strong>commisit.</strong></span> <span class='ocrx_word' id='word_1_404' title='bbox 1690 4280 1962 4338; x_wconf 66' lang='lat' dir='ltr'><strong>Caeterum</strong></span> <span class='ocrx_word' id='word_1_405' title='bbox 1995 4284 2105 4339; x_wconf 91' lang='lat' dir='ltr'><strong>duo</strong></span> 
     </span>
    </p>
   </div>
   <div class='ocr_carea' id='block_1_61' title="bbox 2197 1881 3801 1957">
    <p class='ocr_par' dir='ltr' id='par_1_61' title="bbox 2197 1881 3801 1957">
     <span class='ocr_line' id='line_1_61' title="bbox 2197 1881 3801 1957; baseline 0.002 -23"><span class='ocrx_word' id='word_1_406' title='bbox 2197 1897 2326 1934; x_wconf 84' lang='grc' dir='ltr'>νατο</span> <span class='ocrx_word' id='word_1_407' title='bbox 2347 1882 2474 1945; x_wconf 76' lang='grc' dir='ltr'>τοὺς</span> <span class='ocrx_word' id='word_1_408' title='bbox 2507 1881 2739 1953; x_wconf 79' lang='grc' dir='ltr'>ἐχθροὺς</span> <span class='ocrx_word' id='word_1_409' title='bbox 2773 1882 2940 1936; x_wconf 85' lang='grc' dir='ltr'>αύτοῦ</span> <span class='ocrx_word' id='word_1_410' title='bbox 2961 1885 3010 1917; x_wconf 77' lang='grc'><strong><em>⁸³</em></strong></span> <span class='ocrx_word' id='word_1_411' title='bbox 3037 1883 3278 1957; x_wconf 80' lang='grc' dir='ltr'>πικρῶς,</span> <span class='ocrx_word' id='word_1_412' title='bbox 3319 1884 3416 1938; x_wconf 76' lang='grc' dir='ltr'>καὶ</span> <span class='ocrx_word' id='word_1_413' title='bbox 3446 1885 3617 1940; x_wconf 81' lang='grc' dir='ltr'>πάλιν</span> <span class='ocrx_word' id='word_1_414' title='bbox 3648 1886 3801 1940; x_wconf 81' lang='grc' dir='ltr'>ἀπο-</span> 
     </span>
    </p>
   </div>
   <div class='ocr_carea' id='block_1_62' title="bbox 2197 1975 3801 2051">
    <p class='ocr_par' dir='ltr' id='par_1_62' title="bbox 2197 1975 3801 2051">
     <span class='ocr_line' id='line_1_62' title="bbox 2197 1975 3801 2051; baseline 0.004 -23"><span class='ocrx_word' id='word_1_415' title='bbox 2197 1975 2538 2047; x_wconf 78' lang='grc' dir='ltr'><strong>κατέστησεν</strong></span> <span class='ocrx_word' id='word_1_416' title='bbox 2565 1977 2613 2010; x_wconf 81' lang='lat'><strong>&quot;</strong></span> <span class='ocrx_word' id='word_1_417' title='bbox 2641 1976 2806 2030; x_wconf 76' lang='grc' dir='ltr'>αὐτὸν</span> <span class='ocrx_word' id='word_1_418' title='bbox 2836 1979 2918 2043; x_wconf 86' lang='grc' dir='ltr'><strong>εἰς</strong></span> <span class='ocrx_word' id='word_1_419' title='bbox 2951 1977 3045 2033; x_wconf 82' lang='grc' dir='ltr'>τὸν</span> <span class='ocrx_word' id='word_1_420' title='bbox 3075 1979 3208 2033; x_wconf 75' lang='grc' dir='ltr'>ἴδιον</span> <span class='ocrx_word' id='word_1_421' title='bbox 3238 1978 3452 2050; x_wconf 79' lang='grc' dir='ltr'>θρόνον,</span> <span class='ocrx_word' id='word_1_422' title='bbox 3480 1979 3801 2051; x_wconf 71' lang='grc' dir='ltr'><strong>γενομένης</strong></span> 
     </span>
    </p>
   </div>
   <div class='ocr_carea' id='block_1_63' title="bbox 2195 2066 3803 2143">
    <p class='ocr_par' dir='ltr' id='par_1_63' title="bbox 2195 2066 3803 2143">
     <span class='ocr_line' id='line_1_63' title="bbox 2195 2066 3803 2143; baseline 0.003 -24"><span class='ocrx_word' id='word_1_423' title='bbox 2195 2069 2296 2138; x_wconf 79' lang='grc' dir='ltr'>τῆς</span> <span class='ocrx_word' id='word_1_424' title='bbox 2328 2066 2552 2138; x_wconf 84' lang='grc' dir='ltr'><strong>Ῥώμης</strong></span> <span class='ocrx_word' id='word_1_425' title='bbox 2578 2067 2674 2121; x_wconf 82' lang='grc' dir='ltr'><strong>ἀπ’</strong></span> <span class='ocrx_word' id='word_1_426' title='bbox 2719 2069 2936 2123; x_wconf 79' lang='grc' dir='ltr'>ἐκείνου</span> <span class='ocrx_word' id='word_1_427' title='bbox 2967 2069 3064 2124; x_wconf 81' lang='grc' dir='ltr'>τοῦ</span> <span class='ocrx_word' id='word_1_428' title='bbox 3089 2069 3135 2103; x_wconf 62' lang='grc'><strong>⁸⁵</strong></span> <span class='ocrx_word' id='word_1_429' title='bbox 3167 2070 3365 2141; x_wconf 80' lang='grc' dir='ltr'>καιροῦ</span> <span class='ocrx_word' id='word_1_430' title='bbox 3396 2071 3504 2124; x_wconf 82' lang='grc' dir='ltr'><strong>ὑπὸ</strong></span> <span class='ocrx_word' id='word_1_431' title='bbox 3547 2071 3654 2143; x_wconf 79' lang='grc' dir='ltr'><strong>τὴν</strong></span> <span class='ocrx_word' id='word_1_432' title='bbox 3705 2073 3803 2139; x_wconf 71' lang='grc' dir='ltr'><strong>ἐξ·</strong></span> 
     </span>
    </p>
   </div>
   <div class='ocr_carea' id='block_1_64' title="bbox 2195 2159 3802 2235">
    <p class='ocr_par' dir='ltr' id='par_1_64' title="bbox 2195 2159 3802 2235">
     <span class='ocr_line' id='line_1_64' title="bbox 2195 2159 3802 2235; baseline 0.004 -23"><span class='ocrx_word' id='word_1_433' title='bbox 2195 2159 2388 2213; x_wconf 82' lang='grc' dir='ltr'>ουσίαν</span> <span class='ocrx_word' id='word_1_434' title='bbox 2427 2159 2536 2213; x_wconf 85' lang='grc' dir='ltr'><strong>τῶν</strong></span> <span class='ocrx_word' id='word_1_435' title='bbox 2578 2160 2870 2232; x_wconf 76' lang='grc' dir='ltr'>Φράγγων.</span> <span class='ocrx_word' id='word_1_436' title='bbox 2915 2162 2975 2217; x_wconf 85' lang='lat'><strong>&#39;0</strong></span> <span class='ocrx_word' id='word_1_437' title='bbox 3024 2163 3083 2217; x_wconf 74' lang='grc' dir='ltr'>δὲ</span> <span class='ocrx_word' id='word_1_438' title='bbox 3121 2163 3215 2218; x_wconf 65' lang='grc' dir='ltr'><strong>τὸν</strong></span> <span class='ocrx_word' id='word_1_439' title='bbox 3245 2163 3532 2234; x_wconf 82' lang='grc' dir='ltr'>Κάρουλον</span> <span class='ocrx_word' id='word_1_440' title='bbox 3561 2164 3802 2235; x_wconf 71' lang='grc' dir='ltr'>ἀμειϐό-</span> 
     </span>
    </p>
   </div>
   <div class='ocr_carea' id='block_1_65' title="bbox 2200 2252 3802 2328">
    <p class='ocr_par' dir='ltr' id='par_1_65' title="bbox 2200 2252 3802 2328">
     <span class='ocr_line' id='line_1_65' title="bbox 2200 2252 3802 2328; baseline 0.003 -22"><span class='ocrx_word' id='word_1_441' title='bbox 2200 2270 2380 2324; x_wconf 87' lang='grc' dir='ltr'>μενος,</span> <span class='ocrx_word' id='word_1_442' title='bbox 2423 2252 2650 2323; x_wconf 78' lang='grc' dir='ltr'>ἔστεψεν</span> <span class='ocrx_word' id='word_1_443' title='bbox 2701 2255 2866 2310; x_wconf 76' lang='grc' dir='ltr'>αὐτὸν</span> <span class='ocrx_word' id='word_1_444' title='bbox 2903 2257 2985 2320; x_wconf 81' lang='grc' dir='ltr'><strong>είς</strong></span> <span class='ocrx_word' id='word_1_445' title='bbox 3023 2255 3250 2327; x_wconf 70' lang='grc' dir='ltr'>βασιλέα</span> <span class='ocrx_word' id='word_1_446' title='bbox 3289 2257 3584 2328; x_wconf 85' lang='grc' dir='ltr'>Ῥωμαίων</span> <span class='ocrx_word' id='word_1_447' title='bbox 3627 2259 3690 2311; x_wconf 72' lang='grc' dir='ltr'>ὲν</span> <span class='ocrx_word' id='word_1_448' title='bbox 3718 2257 3802 2328; x_wconf 80' lang='grc' dir='ltr'><strong>τῷ</strong></span> 
     </span>
    </p>
   </div>
   <div class='ocr_carea' id='block_1_66' title="bbox 2197 2343 3802 2422">
    <p class='ocr_par' dir='ltr' id='par_1_66' title="bbox 2197 2343 3802 2422">
     <span class='ocr_line' id='line_1_66' title="bbox 2197 2343 3802 2422; baseline 0.004 -25"><span class='ocrx_word' id='word_1_449' title='bbox 2197 2343 2310 2415; x_wconf 80' lang='grc' dir='ltr'><strong>ναῷ</strong></span> <span class='ocrx_word' id='word_1_450' title='bbox 2361 2345 2456 2398; x_wconf 84' lang='grc' dir='ltr'>τοῦ</span> <span class='ocrx_word' id='word_1_451' title='bbox 2499 2346 2657 2413; x_wconf 77' lang='grc' dir='ltr'>ἁγίου</span> <span class='ocrx_word' id='word_1_452' title='bbox 2723 2346 3057 2401; x_wconf 81' lang='grc' dir='ltr'>Ἀποστόλου</span> <span class='ocrx_word' id='word_1_453' title='bbox 3107 2347 3339 2418; x_wconf 78' lang='grc' dir='ltr'>Πέτρου,</span> <span class='ocrx_word' id='word_1_454' title='bbox 3386 2350 3590 2419; x_wconf 79' lang='grc' dir='ltr'>χρίσας</span> <span class='ocrx_word' id='word_1_455' title='bbox 3627 2350 3802 2422; x_wconf 77' lang='grc' dir='ltr'>ἐλαίῳ</span> 
     </span>
    </p>
   </div>
   <div class='ocr_carea' id='block_1_67' title="bbox 2197 2436 3800 2513">
    <p class='ocr_par' dir='ltr' id='par_1_67' title="bbox 2197 2436 3800 2513">
     <span class='ocr_line' id='line_1_67' title="bbox 2197 2436 3800 2513; baseline 0.004 -23"><span class='ocrx_word' id='word_1_456' title='bbox 2197 2436 2308 2491; x_wconf 85' lang='grc' dir='ltr'><strong>ἀπὸ</strong></span> <span class='ocrx_word' id='word_1_457' title='bbox 2337 2437 2583 2509; x_wconf 73' lang='grc' dir='ltr'>κεφαλῆς</span> <span class='ocrx_word' id='word_1_458' title='bbox 2615 2439 2662 2471; x_wconf 81' lang='grc'><strong>’⁸</strong></span> <span class='ocrx_word' id='word_1_459' title='bbox 2692 2439 2800 2502; x_wconf 68' lang='grc' dir='ltr'>ἕως</span> <span class='ocrx_word' id='word_1_460' title='bbox 2833 2439 3012 2494; x_wconf 83' lang='grc' dir='ltr'>ποδῶν</span> <span class='ocrx_word' id='word_1_461' title='bbox 3041 2439 3179 2512; x_wconf 84' lang='grc'><strong>(99),</strong></span> <span class='ocrx_word' id='word_1_462' title='bbox 3215 2442 3312 2495; x_wconf 70' lang='grc' dir='ltr'>καὶ</span> <span class='ocrx_word' id='word_1_463' title='bbox 3343 2442 3666 2513; x_wconf 82' lang='grc' dir='ltr'>περιϐαλὼν</span> <span class='ocrx_word' id='word_1_464' title='bbox 3696 2443 3800 2513; x_wconf 73' lang='grc' dir='ltr'><strong>βα-</strong></span> 
     </span>
    </p>
   </div>
   <div class='ocr_carea' id='block_1_68' title="bbox 2199 2529 3801 2606">
    <p class='ocr_par' dir='ltr' id='par_1_68' title="bbox 2199 2529 3801 2606">
     <span class='ocr_line' id='line_1_68' title="bbox 2199 2529 3801 2606; baseline 0.004 -24"><span class='ocrx_word' id='word_1_465' title='bbox 2199 2529 2416 2600; x_wconf 76' lang='grc' dir='ltr'>σιλικὴν</span> <span class='ocrx_word' id='word_1_466' title='bbox 2446 2529 2651 2600; x_wconf 74' lang='grc' dir='ltr'>ἐσθῆτα</span> <span class='ocrx_word' id='word_1_467' title='bbox 2683 2530 2780 2584; x_wconf 79' lang='grc' dir='ltr'>καὶ</span> <span class='ocrx_word' id='word_1_468' title='bbox 2825 2531 3047 2602; x_wconf 82' lang='grc' dir='ltr'>στέφος,</span> <span class='ocrx_word' id='word_1_469' title='bbox 3089 2532 3222 2604; x_wconf 68' lang='grc' dir='ltr'>μηνὶ</span> <span class='ocrx_word' id='word_1_470' title='bbox 3258 2533 3585 2606; x_wconf 82' lang='grc' dir='ltr'>Δεκεμϐρίῳ</span> <span class='ocrx_word' id='word_1_471' title='bbox 3607 2535 3657 2568; x_wconf 84' lang='grc'><strong><em>⁹⁶</em></strong></span> <span class='ocrx_word' id='word_1_472' title='bbox 3692 2541 3801 2603; x_wconf 78' lang='grc' dir='ltr'>κε’,</span> 
     </span>
    </p>
   </div>
   <div class='ocr_carea' id='block_1_69' title="bbox 2201 2621 2856 2693">
    <p class='ocr_par' dir='ltr' id='par_1_69' title="bbox 2201 2621 2856 2693">
     <span class='ocr_line' id='line_1_69' title="bbox 2201 2621 2856 2693; baseline 0.005 -19"><span class='ocrx_word' id='word_1_473' title='bbox 2201 2621 2499 2677; x_wconf 83' lang='grc' dir='ltr'>ίνδικτιῶνι</span> <span class='ocrx_word' id='word_1_474' title='bbox 2526 2622 2725 2693; x_wconf 76' lang='grc' dir='ltr'>ὲννάτῃ</span> <span class='ocrx_word' id='word_1_475' title='bbox 2755 2622 2801 2692; x_wconf 80' lang='grc'><strong>(1</strong></span> <span class='ocrx_word' id='word_1_476' title='bbox 2815 2622 2856 2685; x_wconf 92' lang='grc'><strong>).</strong></span> 
     </span>
    </p>
   </div>
   <div class='ocr_carea' id='block_1_70' title="bbox 2266 2711 3802 2791">
    <p class='ocr_par' dir='ltr' id='par_1_70' title="bbox 2266 2711 3802 2791">
     <span class='ocr_line' id='line_1_70' title="bbox 2266 2711 3802 2791; baseline 0.005 -23"><span class='ocrx_word' id='word_1_477' title='bbox 2266 2714 2332 2768; x_wconf 76' lang='grc' dir='ltr'><strong>Δ.</strong></span> <span class='ocrx_word' id='word_1_478' title='bbox 2375 2711 2446 2767; x_wconf 83' lang='lat' dir='ltr'><strong>M.</strong></span> <span class='ocrx_word' id='word_1_479' title='bbox 2472 2713 2636 2770; x_wconf 71' lang='grc'>6200.</span> <span class='ocrx_word' id='word_1_480' title='bbox 2664 2744 2734 2754; x_wconf 89' lang='grc'><strong><em>-</em></strong></span> <span class='ocrx_word' id='word_1_481' title='bbox 2771 2713 3076 2786; x_wconf 75' lang='grc' dir='ltr'>Ῥωμαίων</span> <span class='ocrx_word' id='word_1_482' title='bbox 3101 2715 3496 2786; x_wconf 72' lang='grc' dir='ltr'>βασιλίσσης</span> <span class='ocrx_word' id='word_1_483' title='bbox 3529 2719 3802 2791; x_wconf 70' lang='grc' dir='ltr'>Εἰρήνης</span> 
     </span>
    </p>
   </div>
   <div class='ocr_carea' id='block_1_71' title="bbox 2195 2802 2643 2870">
    <p class='ocr_par' dir='ltr' id='par_1_71' title="bbox 2195 2802 2643 2870">
     <span class='ocr_line' id='line_1_71' title="bbox 2195 2802 2643 2870; baseline 0.004 -12"><span class='ocrx_word' id='word_1_484' title='bbox 2195 2802 2385 2858; x_wconf 74' lang='grc' dir='ltr'>πάλιν</span> <span class='ocrx_word' id='word_1_485' title='bbox 2412 2803 2548 2870; x_wconf 74' lang='grc' dir='ltr'>ἔτος</span> <span class='ocrx_word' id='word_1_486' title='bbox 2569 2803 2643 2860; x_wconf 84' lang='grc' dir='ltr'><strong>α’.</strong></span> 
     </span>
    </p>
   </div>
   <div class='ocr_carea' id='block_1_72' title="bbox 2269 2895 3798 2974">
    <p class='ocr_par' dir='ltr' id='par_1_72' title="bbox 2269 2895 3798 2974">
     <span class='ocr_line' id='line_1_72' title="bbox 2269 2895 3798 2974; baseline 0.005 -26"><span class='ocrx_word' id='word_1_487' title='bbox 2269 2895 2458 2968; x_wconf 81' lang='grc' dir='ltr'>Τούτῳ</span> <span class='ocrx_word' id='word_1_488' title='bbox 2488 2897 2566 2967; x_wconf 81' lang='grc' dir='ltr'><strong>τῷ</strong></span> <span class='ocrx_word' id='word_1_489' title='bbox 2596 2897 2710 2952; x_wconf 80' lang='grc' dir='ltr'>ἔτει</span> <span class='ocrx_word' id='word_1_490' title='bbox 2745 2898 3073 2970; x_wconf 81' lang='grc' dir='ltr'>κρατήσασα</span> <span class='ocrx_word' id='word_1_491' title='bbox 3113 2901 3323 2974; x_wconf 75' lang='grc' dir='ltr'>Εἰρήνη</span> <span class='ocrx_word' id='word_1_492' title='bbox 3345 2901 3450 2973; x_wconf 73' lang='grc' dir='ltr'>τὴν</span> <span class='ocrx_word' id='word_1_493' title='bbox 3487 2901 3798 2970; x_wconf 83' lang='grc' dir='ltr'>βασιλείαν,</span> 
     </span>
    </p>
   </div>
   <div class='ocr_carea' id='block_1_73' title="bbox 2196 2989 3801 3065">
    <p class='ocr_par' dir='ltr' id='par_1_73' title="bbox 2196 2989 3801 3065">
     <span class='ocr_line' id='line_1_73' title="bbox 2196 2989 3801 3065; baseline 0.004 -23"><span class='ocrx_word' id='word_1_494' title='bbox 2196 2989 2514 3058; x_wconf 82' lang='grc' dir='ltr'>παραυτίκα</span> <span class='ocrx_word' id='word_1_495' title='bbox 2540 2990 2861 3045; x_wconf 81' lang='grc' dir='ltr'>ἀποστέλλει</span> <span class='ocrx_word' id='word_1_496' title='bbox 2879 2990 3160 3062; x_wconf 79' lang='grc' dir='ltr'>Δωρόθεον</span> <span class='ocrx_word' id='word_1_497' title='bbox 3189 2993 3282 3046; x_wconf 78' lang='grc' dir='ltr'><strong>τὸν</strong></span> <span class='ocrx_word' id='word_1_498' title='bbox 3306 2993 3624 3064; x_wconf 80' lang='grc' dir='ltr'>ἡγούμενον</span> <span class='ocrx_word' id='word_1_499' title='bbox 3647 2995 3801 3065; x_wconf 61' lang='lat' dir='ltr'><strong>X99-</strong></span> 
     </span>
    </p>
   </div>
   <div class='ocr_carea' id='block_1_74' title="bbox 2197 3080 3800 3155">
    <p class='ocr_par' dir='ltr' id='par_1_74' title="bbox 2197 3080 3800 3155">
     <span class='ocr_line' id='line_1_74' title="bbox 2197 3080 3800 3155; baseline 0.002 -21"><span class='ocrx_word' id='word_1_500' title='bbox 2197 3080 2469 3144; x_wconf 78' lang='grc' dir='ltr'>σοπὸλεως</span> <span class='ocrx_word' id='word_1_501' title='bbox 2508 3081 2606 3135; x_wconf 73' lang='grc' dir='ltr'>καὶ</span> <span class='ocrx_word' id='word_1_502' title='bbox 2653 3083 3066 3138; x_wconf 82' lang='grc' dir='ltr'>Κωνσταντϊνον</span> <span class='ocrx_word' id='word_1_503' title='bbox 3095 3083 3491 3155; x_wconf 82' lang='grc' dir='ltr'>χαρτοφύλακα</span> <span class='ocrx_word' id='word_1_504' title='bbox 3533 3086 3638 3154; x_wconf 85' lang='grc' dir='ltr'>τῆς</span> <span class='ocrx_word' id='word_1_505' title='bbox 3674 3085 3800 3140; x_wconf 79' lang='lat' dir='ltr'><strong>Ms-</strong></span> 
     </span>
    </p>
   </div>
   <div class='ocr_carea' id='block_1_75' title="bbox 2199 3174 3801 3250">
    <p class='ocr_par' dir='ltr' id='par_1_75' title="bbox 2199 3174 3801 3250">
     <span class='ocr_line' id='line_1_75' title="bbox 2199 3174 3801 3250; baseline 0.004 -22"><span class='ocrx_word' id='word_1_506' title='bbox 2199 3175 2375 3244; x_wconf 76' lang='grc' dir='ltr'>γάλης</span> <span class='ocrx_word' id='word_1_507' title='bbox 2427 3174 2755 3246; x_wconf 84' lang='grc' dir='ltr'>Ἐκκλησίας</span> <span class='ocrx_word' id='word_1_508' title='bbox 2802 3177 2941 3247; x_wconf 75' lang='grc' dir='ltr'>πρὸς</span> <span class='ocrx_word' id='word_1_509' title='bbox 3017 3177 3309 3249; x_wconf 80' lang='grc' dir='ltr'>’Λϐιμέλεχ</span> <span class='ocrx_word' id='word_1_510' title='bbox 3357 3180 3687 3250; x_wconf 79' lang='grc' dir='ltr'>ληϊζόμενον</span> <span class='ocrx_word' id='word_1_511' title='bbox 3728 3180 3801 3236; x_wconf 75' lang='grc' dir='ltr'>τὰ</span> 
     </span>
    </p>
   </div>
   <div class='ocr_carea' id='block_1_76' title="bbox 2204 3267 3802 3344">
    <p class='ocr_par' dir='ltr' id='par_1_76' title="bbox 2204 3267 3802 3344">
     <span class='ocr_line' id='line_1_76' title="bbox 2204 3267 3802 3344; baseline 0.004 -24"><span class='ocrx_word' id='word_1_512' title='bbox 2204 3268 2348 3339; x_wconf 83' lang='grc' dir='ltr'>μέρη</span> <span class='ocrx_word' id='word_1_513' title='bbox 2409 3267 2805 3332; x_wconf 78' lang='grc' dir='ltr'>Καππαδοκίας</span> <span class='ocrx_word' id='word_1_514' title='bbox 2866 3269 2964 3322; x_wconf 74' lang='grc' dir='ltr'>καὶ</span> <span class='ocrx_word' id='word_1_515' title='bbox 3012 3270 3309 3336; x_wconf 84' lang='grc' dir='ltr'>Γαλατίας,</span> <span class='ocrx_word' id='word_1_516' title='bbox 3373 3273 3802 3344; x_wconf 77' lang='grc' dir='ltr'>πρεσϐευομὲνη</span> 
     </span>
    </p>
   </div>
   <div class='ocr_carea' id='block_1_77' title="bbox 2203 3359 3802 3438">
    <p class='ocr_par' dir='ltr' id='par_1_77' title="bbox 2203 3359 3802 3438">
     <span class='ocr_line' id='line_1_77' title="bbox 2203 3359 3802 3438; baseline 0.004 -26"><span class='ocrx_word' id='word_1_517' title='bbox 2203 3359 2338 3432; x_wconf 84' lang='grc' dir='ltr'><strong>περί</strong></span> <span class='ocrx_word' id='word_1_518' title='bbox 2375 3361 2600 3433; x_wconf 67' lang='grc' dir='ltr'>εἰρήνης</span> <span class='ocrx_word' id='word_1_519' title='bbox 2619 3377 2632 3391; x_wconf 75' lang='grc' dir='ltr'><strong>ο</strong></span> <span class='ocrx_word' id='word_1_520' title='bbox 2661 3362 2724 3415; x_wconf 83' lang='grc' dir='ltr'>οὐ</span> <span class='ocrx_word' id='word_1_521' title='bbox 2756 3361 2982 3431; x_wconf 81' lang='grc' dir='ltr'>γέγονεν</span> <span class='ocrx_word' id='word_1_522' title='bbox 3014 3361 3094 3429; x_wconf 79' lang='grc' dir='ltr'>δὲ,</span> <span class='ocrx_word' id='word_1_523' title='bbox 3127 3362 3223 3416; x_wconf 78' lang='grc' dir='ltr'>καὶ</span> <span class='ocrx_word' id='word_1_524' title='bbox 3245 3363 3289 3395; x_wconf 77' lang='grc'><strong>⁸⁷</strong></span> <span class='ocrx_word' id='word_1_525' title='bbox 3322 3363 3401 3434; x_wconf 81' lang='grc' dir='ltr'>τῷ</span> <span class='ocrx_word' id='word_1_526' title='bbox 3431 3365 3802 3438; x_wconf 68' lang='grc' dir='ltr'><strong>Νοεμϐρίῳο⁸</strong></span> 
     </span>
    </p>
   </div>
   <div class='ocr_carea' id='block_1_78' title="bbox 2208 3451 3803 3527">
    <p class='ocr_par' dir='ltr' id='par_1_78' title="bbox 2208 3451 3803 3527">
     <span class='ocr_line' id='line_1_78' title="bbox 2208 3451 3803 3527; baseline 0.004 -24"><span class='ocrx_word' id='word_1_527' title='bbox 2208 3451 2339 3522; x_wconf 71' lang='grc' dir='ltr'>μηνὶ</span> <span class='ocrx_word' id='word_1_528' title='bbox 2376 3454 2523 3516; x_wconf 82' lang='grc' dir='ltr'>τινὲς</span> <span class='ocrx_word' id='word_1_529' title='bbox 2553 3454 2908 3525; x_wconf 70' lang='grc' dir='ltr'>νεωτερισταὶ</span> <span class='ocrx_word' id='word_1_530' title='bbox 2934 3455 3366 3527; x_wconf 83' lang='grc' dir='ltr'>φρουρουμένοις</span> <span class='ocrx_word' id='word_1_531' title='bbox 3394 3459 3508 3520; x_wconf 81' lang='grc' dir='ltr'>τοῖς</span> <span class='ocrx_word' id='word_1_532' title='bbox 3535 3458 3676 3522; x_wconf 75' lang='grc' dir='ltr'>υἱοῖς</span> <span class='ocrx_word' id='word_1_533' title='bbox 3704 3456 3803 3512; x_wconf 77' lang='grc' dir='ltr'><strong>τοῦ</strong></span> 
     </span>
    </p>
   </div>
   <div class='ocr_carea' id='block_1_79' title="bbox 2207 3543 3800 3619">
    <p class='ocr_par' dir='ltr' id='par_1_79' title="bbox 2207 3543 3800 3619">
     <span class='ocr_line' id='line_1_79' title="bbox 2207 3543 3800 3619; baseline 0.003 -22"><span class='ocrx_word' id='word_1_534' title='bbox 2207 3543 2482 3614; x_wconf 81' lang='grc' dir='ltr'>θεομάχου</span> <span class='ocrx_word' id='word_1_535' title='bbox 2512 3544 2929 3599; x_wconf 81' lang='grc' dir='ltr'>Κωνσταντίνου</span> <span class='ocrx_word' id='word_1_536' title='bbox 2965 3546 3024 3598; x_wconf 83' lang='grc' dir='ltr'>ὲν</span> <span class='ocrx_word' id='word_1_537' title='bbox 3057 3545 3136 3616; x_wconf 82' lang='grc' dir='ltr'><strong>τῷ</strong></span> <span class='ocrx_word' id='word_1_538' title='bbox 3171 3545 3424 3618; x_wconf 82' lang='grc' dir='ltr'>παλατίῳ</span> <span class='ocrx_word' id='word_1_539' title='bbox 3461 3546 3577 3600; x_wconf 83' lang='grc' dir='ltr'><strong>τῶν</strong></span> <span class='ocrx_word' id='word_1_540' title='bbox 3617 3547 3800 3619; x_wconf 81' lang='grc' dir='ltr'>Θερα-</span> 
     </span>
    </p>
   </div>
   <div class='ocr_carea' id='block_1_80' title="bbox 2207 3635 3802 3711">
    <p class='ocr_par' dir='ltr' id='par_1_80' title="bbox 2207 3635 3802 3711">
     <span class='ocr_line' id='line_1_80' title="bbox 2207 3635 3802 3711; baseline 0.003 -22"><span class='ocrx_word' id='word_1_541' title='bbox 2207 3635 2391 3701; x_wconf 88' lang='grc' dir='ltr'>πείας,</span> <span class='ocrx_word' id='word_1_542' title='bbox 2433 3636 2718 3691; x_wconf 73' lang='grc' dir='ltr'>πείθουσιν</span> <span class='ocrx_word' id='word_1_543' title='bbox 2761 3637 2962 3702; x_wconf 79' lang='grc' dir='ltr'>αὐτοὺς</span> <span class='ocrx_word' id='word_1_544' title='bbox 2992 3639 3038 3672; x_wconf 84' lang='grc'><strong>⁹⁹</strong></span> <span class='ocrx_word' id='word_1_545' title='bbox 3069 3640 3415 3709; x_wconf 81' lang='grc' dir='ltr'>προσφυγεῖν</span> <span class='ocrx_word' id='word_1_546' title='bbox 3450 3641 3520 3710; x_wconf 80' lang='grc' dir='ltr'>τῇ</span> <span class='ocrx_word' id='word_1_547' title='bbox 3569 3639 3802 3711; x_wconf 79' lang='grc' dir='ltr'>Μεγάλῃ</span> 
     </span>
    </p>
   </div>
   <div class='ocr_carea' id='block_1_81' title="bbox 2203 3729 3803 3803">
    <p class='ocr_par' dir='ltr' id='par_1_81' title="bbox 2203 3729 3803 3803">
     <span class='ocr_line' id='line_1_81' title="bbox 2203 3729 3803 3803; baseline 0.002 -21"><span class='ocrx_word' id='word_1_548' title='bbox 2203 3729 2506 3802; x_wconf 76' lang='grc' dir='ltr'>Ἐκκλησία</span> <span class='ocrx_word' id='word_1_549' title='bbox 2543 3732 2583 3794; x_wconf 76' lang='grc'>⁸,</span> <span class='ocrx_word' id='word_1_550' title='bbox 2644 3732 2740 3784; x_wconf 70' lang='grc' dir='ltr'>καὶ</span> <span class='ocrx_word' id='word_1_551' title='bbox 2771 3731 2934 3802; x_wconf 70' lang='grc' dir='ltr'>δῆθεν</span> <span class='ocrx_word' id='word_1_552' title='bbox 2981 3731 3312 3802; x_wconf 73' lang='grc' dir='ltr'>αἰτήσασθαι</span> <span class='ocrx_word' id='word_1_553' title='bbox 3360 3732 3673 3802; x_wconf 74' lang='grc' dir='ltr'>ἀσφάλειαν</span> <span class='ocrx_word' id='word_1_554' title='bbox 3703 3735 3803 3803; x_wconf 77' lang='grc' dir='ltr'>τῆς</span> 
     </span>
    </p>
   </div>
   <div class='ocr_carea' id='block_1_82' title="bbox 2207 3820 3802 3897">
    <p class='ocr_par' dir='ltr' id='par_1_82' title="bbox 2207 3820 3802 3897">
     <span class='ocr_line' id='line_1_82' title="bbox 2207 3820 3802 3897; baseline 0.004 -23"><span class='ocrx_word' id='word_1_555' title='bbox 2207 3820 2352 3891; x_wconf 81' lang='grc' dir='ltr'>μετὰ</span> <span class='ocrx_word' id='word_1_556' title='bbox 2377 3821 2554 3876; x_wconf 79' lang='grc' dir='ltr'>ταῦτα</span> <span class='ocrx_word' id='word_1_557' title='bbox 2589 3822 2887 3887; x_wconf 82' lang='grc' dir='ltr'>ἀϐλαϐείας</span> <span class='ocrx_word' id='word_1_558' title='bbox 2917 3823 3120 3888; x_wconf 86' lang='grc' dir='ltr'>αύτῶν,</span> <span class='ocrx_word' id='word_1_559' title='bbox 3149 3824 3225 3888; x_wconf 83' lang='grc' dir='ltr'>ὡς</span> <span class='ocrx_word' id='word_1_560' title='bbox 3253 3825 3343 3878; x_wconf 81' lang='grc' dir='ltr'><strong>διὰ</strong></span> <span class='ocrx_word' id='word_1_561' title='bbox 3374 3823 3639 3897; x_wconf 79' lang='grc' dir='ltr'>τοιαύτης</span> <span class='ocrx_word' id='word_1_562' title='bbox 3668 3843 3802 3895; x_wconf 82' lang='grc' dir='ltr'>προ-</span> 
     </span>
    </p>
   </div>
   <div class='ocr_carea' id='block_1_83' title="bbox 2207 3913 3800 3988">
    <p class='ocr_par' dir='ltr' id='par_1_83' title="bbox 2207 3913 3800 3988">
     <span class='ocr_line' id='line_1_83' title="bbox 2207 3913 3800 3988; baseline 0.004 -22"><span class='ocrx_word' id='word_1_563' title='bbox 2207 3913 2426 3982; x_wconf 85' lang='grc' dir='ltr'>φάσεως</span> <span class='ocrx_word' id='word_1_564' title='bbox 2451 3914 2818 3986; x_wconf 82' lang='grc' dir='ltr'>ἀναγορεῦσαι</span> <span class='ocrx_word' id='word_1_565' title='bbox 2841 3917 2902 3980; x_wconf 79' lang='grc' dir='ltr'><strong>ἐξ</strong></span> <span class='ocrx_word' id='word_1_566' title='bbox 2923 3917 3106 3970; x_wconf 80' lang='grc' dir='ltr'>αὐτῶν</span> <span class='ocrx_word' id='word_1_567' title='bbox 3127 3919 3148 3948; x_wconf 83' lang='grc'>¹</span> <span class='ocrx_word' id='word_1_568' title='bbox 3171 3917 3418 3988; x_wconf 78' lang='grc' dir='ltr'>βασιλέα.</span> <span class='ocrx_word' id='word_1_569' title='bbox 3454 3919 3570 3972; x_wconf 73' lang='grc' dir='ltr'><strong>Καὶ</strong></span> <span class='ocrx_word' id='word_1_570' title='bbox 3601 3918 3800 3972; x_wconf 81' lang='grc' dir='ltr'>πολλοῦ</span> 
     </span>
    </p>
   </div>
   <div class='ocr_carea' id='block_1_84' title="bbox 2205 4005 3804 4081">
    <p class='ocr_par' dir='ltr' id='par_1_84' title="bbox 2205 4005 3804 4081">
     <span class='ocr_line' id='line_1_84' title="bbox 2205 4005 3804 4081; baseline 0.005 -23"><span class='ocrx_word' id='word_1_571' title='bbox 2205 4005 2339 4059; x_wconf 81' lang='grc' dir='ltr'>λαοῦ</span> <span class='ocrx_word' id='word_1_572' title='bbox 2364 4009 2423 4060; x_wconf 82' lang='grc' dir='ltr'>ὲν</span> <span class='ocrx_word' id='word_1_573' title='bbox 2444 4009 2510 4078; x_wconf 78' lang='grc' dir='ltr'>τῇ</span> <span class='ocrx_word' id='word_1_574' title='bbox 2536 4006 2805 4080; x_wconf 76' lang='grc' dir='ltr'>ἐκκλησία</span> <span class='ocrx_word' id='word_1_575' title='bbox 2821 4009 3288 4081; x_wconf 80' lang='grc' dir='ltr'>προσδραμόντος,</span> <span class='ocrx_word' id='word_1_576' title='bbox 3305 4011 3569 4065; x_wconf 68' lang='grc' dir='ltr'>εἰσελθὼν</span> <span class='ocrx_word' id='word_1_577' title='bbox 3595 4012 3804 4076; x_wconf 73' lang='grc' dir='ltr'>’Δέτιος</span> 
     </span>
    </p>
   </div>
   <div class='ocr_carea' id='block_1_85' title="bbox 2205 4099 3805 4176">
    <p class='ocr_par' dir='ltr' id='par_1_85' title="bbox 2205 4099 3805 4176">
     <span class='ocr_line' id='line_1_85' title="bbox 2205 4099 3805 4176; baseline 0.004 -24"><span class='ocrx_word' id='word_1_578' title='bbox 2205 4099 2234 4152; x_wconf 81' lang='grc' dir='ltr'>ὁ</span> <span class='ocrx_word' id='word_1_579' title='bbox 2259 4099 2516 4170; x_wconf 80' lang='grc' dir='ltr'>εὐνοῦχος</span> <span class='ocrx_word' id='word_1_580' title='bbox 2536 4101 2826 4172; x_wconf 79' lang='grc' dir='ltr'>πατρίκιος</span> <span class='ocrx_word' id='word_1_581' title='bbox 2859 4101 3132 4174; x_wconf 75' lang='grc' dir='ltr'>ἐξήγαγεν</span> <span class='ocrx_word' id='word_1_582' title='bbox 3153 4103 3374 4169; x_wconf 80' lang='grc' dir='ltr'>αὐτοὺς,</span> <span class='ocrx_word' id='word_1_583' title='bbox 3395 4104 3540 4174; x_wconf 86' lang='grc' dir='ltr'>λόγῳ</span> <span class='ocrx_word' id='word_1_584' title='bbox 3573 4104 3805 4176; x_wconf 76' lang='grc' dir='ltr'>μηδενὸς</span> 
     </span>
    </p>
   </div>
   <div class='ocr_carea' id='block_1_86' title="bbox 2207 4192 3804 4266">
    <p class='ocr_par' dir='ltr' id='par_1_86' title="bbox 2207 4192 3804 4266">
     <span class='ocr_line' id='line_1_86' title="bbox 2207 4192 3804 4266; baseline 0.003 -21"><span class='ocrx_word' id='word_1_585' title='bbox 2207 4192 2390 4258; x_wconf 84' lang='grc' dir='ltr'>αὐτοῖς</span> <span class='ocrx_word' id='word_1_586' title='bbox 2423 4192 2779 4266; x_wconf 87' lang='grc' dir='ltr'>προσχόντος,</span> <span class='ocrx_word' id='word_1_587' title='bbox 2799 4194 2897 4248; x_wconf 72' lang='grc' dir='ltr'>καὶ</span> <span class='ocrx_word' id='word_1_588' title='bbox 2918 4194 3179 4266; x_wconf 69' lang='grc' dir='ltr'>ἐξώρισεν</span> <span class='ocrx_word' id='word_1_589' title='bbox 3208 4194 3407 4260; x_wconf 73' lang='grc' dir='ltr'>αὐτοὺς</span> <span class='ocrx_word' id='word_1_590' title='bbox 3431 4196 3515 4260; x_wconf 80' lang='grc' dir='ltr'><strong>είς</strong></span> <span class='ocrx_word' id='word_1_591' title='bbox 3537 4195 3804 4266; x_wconf 79' lang='grc' dir='ltr'>Ἀθήνας.</span> 
     </span>
    </p>
   </div>
   <div class='ocr_carea' id='block_1_87' title="bbox 2209 4284 3804 4362">
    <p class='ocr_par' dir='ltr' id='par_1_87' title="bbox 2209 4284 3804 4362">
     <span class='ocr_line' id='line_1_87' title="bbox 2209 4284 3804 4362; baseline 0.002 -22"><span class='ocrx_word' id='word_1_592' title='bbox 2209 4286 2274 4340; x_wconf 82' lang='grc' dir='ltr'><strong>Οί</strong></span> <span class='ocrx_word' id='word_1_593' title='bbox 2311 4285 2368 4340; x_wconf 76' lang='grc' dir='ltr'>δὲ</span> <span class='ocrx_word' id='word_1_594' title='bbox 2410 4284 2505 4340; x_wconf 87' lang='grc' dir='ltr'><strong>δύο</strong></span> <span class='ocrx_word' id='word_1_595' title='bbox 2542 4285 2846 4359; x_wconf 77' lang='grc' dir='ltr'>πατρίκιοι,</span> <span class='ocrx_word' id='word_1_596' title='bbox 2881 4287 2911 4342; x_wconf 85' lang='grc' dir='ltr'><strong>ὂ</strong></span> <span class='ocrx_word' id='word_1_597' title='bbox 2943 4303 3003 4343; x_wconf 78' lang='grc' dir='ltr'><strong>τε</strong></span> <span class='ocrx_word' id='word_1_598' title='bbox 3035 4287 3377 4362; x_wconf 87' lang='grc' dir='ltr'>Σταυράκιος</span> <span class='ocrx_word' id='word_1_599' title='bbox 3424 4290 3525 4343; x_wconf 71' lang='grc' dir='ltr'>καὶ</span> <span class='ocrx_word' id='word_1_600' title='bbox 3567 4287 3804 4355; x_wconf 77' lang='grc' dir='ltr'>’Δέτιος,</span> 
     </span>
    </p>
   </div>
   <div class='ocr_carea' id='block_1_88' title="bbox 1764 4396 2470 4460">
    <p class='ocr_par' dir='ltr' id='par_1_88' title="bbox 1764 4396 2470 4460">
     <span class='ocr_line' id='line_1_88' title="bbox 1764 4396 2470 4460; baseline 0.014 -10"><span class='ocrx_word' id='word_1_601' title='bbox 1764 4419 1770 4426; x_wconf 88' lang='grc'><strong>·</strong></span> <span class='ocrx_word' id='word_1_602' title='bbox 1794 4396 2031 4454; x_wconf 75' lang='lat' dir='ltr'><strong>VARUE</strong></span> <span class='ocrx_word' id='word_1_603' title='bbox 2058 4399 2470 4460; x_wconf 82' lang='lat' dir='ltr'><strong>LECTIONES.</strong></span> 
     </span>
    </p>
   </div>
   <div class='ocr_carea' id='block_1_89' title="bbox 625 4488 2345 4566">
    <p class='ocr_par' dir='ltr' id='par_1_89' title="bbox 625 4488 2345 4566">
     <span class='ocr_line' id='line_1_89' title="bbox 625 4488 2345 4566; baseline 0.012 -39"><span class='ocrx_word' id='word_1_604' title='bbox 625 4494 671 4527; x_wconf 72' lang='lat' dir='ltr'><strong>ss</strong></span> <span class='ocrx_word' id='word_1_605' title='bbox 698 4491 792 4547; x_wconf 69' lang='grc' dir='ltr'><strong>τοῦ</strong></span> <span class='ocrx_word' id='word_1_606' title='bbox 815 4491 939 4566; x_wconf 50' lang='grc' dir='ltr'><strong>ωδ,</strong></span> <span class='ocrx_word' id='word_1_607' title='bbox 979 4505 1045 4566; x_wconf 53' lang='grc' dir='ltr'><em>ᾳ</em></span> <span class='ocrx_word' id='word_1_608' title='bbox 1081 4489 1150 4544; x_wconf 70' lang='grc' dir='ltr'>Α,</span> <span class='ocrx_word' id='word_1_609' title='bbox 1198 4490 1274 4566; x_wconf 26' lang='grc' dir='ltr'><strong>μου</strong></span> <span class='ocrx_word' id='word_1_610' title='bbox 1307 4491 1366 4543; x_wconf 77' lang='grc' dir='ltr'>ὲν</span> <span class='ocrx_word' id='word_1_611' title='bbox 1388 4491 1456 4566; x_wconf 32' lang='grc' dir='ltr'><strong>τιῇ</strong></span> <span class='ocrx_word' id='word_1_612' title='bbox 1498 4488 1688 4566; x_wconf 67' lang='grc' dir='ltr'>Ῥωμῃ</span> <span class='ocrx_word' id='word_1_613' title='bbox 1714 4491 1781 4566; x_wconf 85' lang='lat' dir='ltr'><strong>A_,</strong></span> <span class='ocrx_word' id='word_1_614' title='bbox 1809 4491 1912 4566; x_wconf 73' lang='grc' dir='ltr'>τῇς</span> <span class='ocrx_word' id='word_1_615' title='bbox 1949 4490 2169 4563; x_wconf 84' lang='grc' dir='ltr'>Ῥώμης</span> <span class='ocrx_word' id='word_1_616' title='bbox 2197 4495 2345 4566; x_wconf 82' lang='lat' dir='ltr'><strong>vulg.</strong></span> 
     </span>
    </p>
   </div>
   <div class='ocr_carea' id='block_1_90' title="bbox 515 4560 1490 4630">
    <p class='ocr_par' dir='ltr' id='par_1_90' title="bbox 515 4560 1490 4630">
     <span class='ocr_line' id='line_1_90' title="bbox 515 4560 1490 4630; baseline -0.008 -10"><span class='ocrx_word' id='word_1_617' title='bbox 515 4568 564 4601; x_wconf 81' lang='lat'><strong>”</strong></span> <span class='ocrx_word' id='word_1_618' title='bbox 605 4564 944 4620; x_wconf 78' lang='grc' dir='ltr'>ἀποκατέστ.</span> <span class='ocrx_word' id='word_1_619' title='bbox 973 4560 1040 4627; x_wconf 84' lang='lat' dir='ltr'><strong>A&#39;,</strong></span> <span class='ocrx_word' id='word_1_620' title='bbox 1077 4560 1301 4614; x_wconf 68' lang='grc' dir='ltr'>κατέστ.</span> <span class='ocrx_word' id='word_1_621' title='bbox 1341 4562 1490 4630; x_wconf 86' lang='lat' dir='ltr'><strong>vulg.</strong></span> 
     </span>
    </p>
   </div>
   <div class='ocr_carea' id='block_1_91' title="bbox 2420 4494 3808 4567">
    <p class='ocr_par' dir='ltr' id='par_1_91' title="bbox 2420 4494 3808 4567">
     <span class='ocr_line' id='line_1_91' title="bbox 2420 4494 3808 4567; baseline 0.003 -19"><span class='ocrx_word' id='word_1_622' title='bbox 2420 4496 2465 4529; x_wconf 84' lang='grc'><strong>⁹¹</strong></span> <span class='ocrx_word' id='word_1_623' title='bbox 2486 4495 2652 4550; x_wconf 79' lang='grc' dir='ltr'>αὐτοῦ</span> <span class='ocrx_word' id='word_1_624' title='bbox 2689 4496 2756 4561; x_wconf 80' lang='grc' dir='ltr'>Α,</span> <span class='ocrx_word' id='word_1_625' title='bbox 2786 4494 2936 4567; x_wconf 84' lang='grc' dir='ltr'><strong>αύτῷ</strong></span> <span class='ocrx_word' id='word_1_626' title='bbox 2976 4499 3122 4567; x_wconf 83' lang='lat' dir='ltr'><strong>vulg.</strong></span> <span class='ocrx_word' id='word_1_627' title='bbox 3200 4498 3246 4530; x_wconf 85' lang='lat'><strong>”</strong></span> <span class='ocrx_word' id='word_1_628' title='bbox 3278 4497 3444 4551; x_wconf 78' lang='grc' dir='ltr'>αὐτοῦ</span> <span class='ocrx_word' id='word_1_629' title='bbox 3473 4496 3608 4552; x_wconf 84' lang='lat' dir='ltr'><strong>add.</strong></span> <span class='ocrx_word' id='word_1_630' title='bbox 3642 4512 3713 4552; x_wconf 78' lang='lat' dir='ltr'><strong>ex</strong></span> <span class='ocrx_word' id='word_1_631' title='bbox 3742 4497 3808 4552; x_wconf 84' lang='grc' dir='ltr'><strong>Α.</strong></span> 
     </span>
    </p>
   </div>
   <div class='ocr_carea' id='block_1_92' title="bbox 1596 4549 3807 4640">
    <p class='ocr_par' dir='ltr' id='par_1_92' title="bbox 1596 4549 3807 4640">
     <span class='ocr_line' id='line_1_92' title="bbox 1596 4549 3807 4640; baseline 0.002 -26"><span class='ocrx_word' id='word_1_632' title='bbox 1596 4549 1643 4640; x_wconf 60' lang='lat'><strong>9}</strong></span> <span class='ocrx_word' id='word_1_633' title='bbox 1660 4549 1779 4640; x_wconf 42' lang='lat' dir='ltr'><strong>gos</strong></span> <span class='ocrx_word' id='word_1_634' title='bbox 1803 4549 1941 4640; x_wconf 48' lang='lat' dir='ltr'><strong>augt.</strong></span> <span class='ocrx_word' id='word_1_635' title='bbox 1960 4549 2135 4640; x_wconf 49' lang='lat' dir='ltr'><strong>ex}:</strong></span> <span class='ocrx_word' id='word_1_636' title='bbox 2147 4549 2252 4640; x_wconf 43' lang='grc' dir='ltr'>’μοι</span> <span class='ocrx_word' id='word_1_637' title='bbox 2273 4549 2382 4640; x_wconf 57' lang='lat' dir='ltr'><strong>giers</strong></span> <span class='ocrx_word' id='word_1_638' title='bbox 2410 4572 2538 4640; x_wconf 82' lang='grc' dir='ltr'>κεφ.</span> <span class='ocrx_word' id='word_1_639' title='bbox 2568 4549 2639 4640; x_wconf 66' lang='grc' dir='ltr'><strong>Α,</strong></span> <span class='ocrx_word' id='word_1_640' title='bbox 2665 4549 2774 4640; x_wconf 57' lang='grc' dir='ltr'><strong>ἀπὶ</strong></span> <span class='ocrx_word' id='word_1_641' title='bbox 2792 4549 2893 4640; x_wconf 77' lang='grc' dir='ltr'>τῆς</span> <span class='ocrx_word' id='word_1_642' title='bbox 2908 4549 2974 4622; x_wconf 83' lang='grc' dir='ltr'><strong>’κ.</strong></span> <span class='ocrx_word' id='word_1_643' title='bbox 2989 4549 3150 4640; x_wconf 44' lang='lat' dir='ltr'><strong>illi}.</strong></span> <span class='ocrx_word' id='word_1_644' title='bbox 3186 4549 3441 4640; x_wconf 49' lang='lat' dir='ltr'><strong>__«&quot;,;gyt</strong></span> <span class='ocrx_word' id='word_1_645' title='bbox 3465 4549 3606 4640; x_wconf 62' lang='grc' dir='ltr'><strong>Δέδξζ</strong></span> <span class='ocrx_word' id='word_1_646' title='bbox 3629 4549 3807 4638; x_wconf 65' lang='grc' dir='ltr'><strong>Ᾱξ</strong></span> 
     </span>
    </p>
   </div>
   <div class='ocr_carea' id='block_1_93' title="bbox 515 4607 3809 4712">
    <p class='ocr_par' dir='ltr' id='par_1_93' title="bbox 515 4607 3809 4712">
     <span class='ocr_line' id='line_1_93' title="bbox 515 4607 3809 4712; baseline 0.002 -21"><span class='ocrx_word' id='word_1_647' title='bbox 515 4607 944 4712; x_wconf 38' lang='lat' dir='ltr'><strong>“exacta</strong></span> <span class='ocrx_word' id='word_1_648' title='bbox 966 4607 1063 4712; x_wconf 63' lang='grc' dir='ltr'>ξιέι</span> <span class='ocrx_word' id='word_1_649' title='bbox 1079 4607 1311 4688; x_wconf 57' lang='lat' dir='ltr'><strong>satis</strong></span> <span class='ocrx_word' id='word_1_650' title='bbox 1671 4607 2129 4706; x_wconf 43' lang='lat' dir='ltr'><strong>essetam.&quot;</strong></span> <span class='ocrx_word' id='word_1_651' title='bbox 2156 4635 2201 4668; x_wconf 77' lang='grc' dir='ltr'><strong>υ</strong></span> <span class='ocrx_word' id='word_1_652' title='bbox 2231 4607 2538 4705; x_wconf 52' lang='lat' dir='ltr'><strong>assa?</strong></span> <span class='ocrx_word' id='word_1_653' title='bbox 2565 4607 2974 4709; x_wconf 45' lang='lat' dir='ltr'><strong>assault.”</strong></span> <span class='ocrx_word' id='word_1_654' title='bbox 2992 4607 3026 4671; x_wconf 71' lang='grc' dir='ltr'>ι’</span> <span class='ocrx_word' id='word_1_655' title='bbox 3040 4607 3278 4712; x_wconf 54' lang='lat' dir='ltr'><strong>eam</strong></span> 
     </span>
    </p>
   </div>
   <div class='ocr_carea' id='block_1_94' title="bbox 515 4703 1028 4763">
    <p class='ocr_par' dir='ltr' id='par_1_94' title="bbox 515 4703 1028 4763">
     <span class='ocr_line' id='line_1_94' title="bbox 515 4703 1028 4763; baseline -0.01 -1"><span class='ocrx_word' id='word_1_656' title='bbox 515 4705 697 4762; x_wconf 72' lang='grc' dir='ltr'>αὐτῶν</span> <span class='ocrx_word' id='word_1_657' title='bbox 723 4703 846 4763; x_wconf 74' lang='lat' dir='ltr'><strong>add.</strong></span> <span class='ocrx_word' id='word_1_658' title='bbox 870 4718 934 4760; x_wconf 81' lang='lat' dir='ltr'><strong>ex</strong></span> <span class='ocrx_word' id='word_1_659' title='bbox 961 4703 1028 4758; x_wconf 87' lang='lat' dir='ltr'><strong>A.</strong></span> 
     </span>
    </p>
   </div>
   <div class='ocr_carea' id='block_1_95' title="bbox 1794 4813 2452 4874">
    <p class='ocr_par' dir='ltr' id='par_1_95' title="bbox 1794 4813 2452 4874">
     <span class='ocr_line' id='line_1_95' title="bbox 1794 4813 2452 4874; baseline -0.002 -2"><span class='ocrx_word' id='word_1_660' title='bbox 1794 4816 1937 4874; x_wconf 82' lang='lat' dir='ltr'><strong>JAC.</strong></span> <span class='ocrx_word' id='word_1_661' title='bbox 1969 4815 2182 4874; x_wconf 82' lang='lat' dir='ltr'><strong>GOARI</strong></span> <span class='ocrx_word' id='word_1_662' title='bbox 2221 4813 2452 4874; x_wconf 56' lang='lat' dir='ltr'><strong>NOTAE.</strong></span> 
     </span>
    </p>
   </div>
   <div class='ocr_carea' id='block_1_96' title="bbox 589 4939 3807 5012">
    <p class='ocr_par' dir='ltr' id='par_1_96' title="bbox 589 4939 3807 5012">
     <span class='ocr_line' id='line_1_96' title="bbox 589 4939 3807 5012; baseline 0.001 -15"><span class='ocrx_word' id='word_1_663' title='bbox 589 4941 702 5012; x_wconf 87' lang='lat'><strong>(99)</strong></span> <span class='ocrx_word' id='word_1_664' title='bbox 739 4941 894 5008; x_wconf 86' lang='lat' dir='ltr'><strong>Quod</strong></span> <span class='ocrx_word' id='word_1_665' title='bbox 951 4941 1006 4996; x_wconf 92' lang='lat' dir='ltr'><strong>in</strong></span> <span class='ocrx_word' id='word_1_666' title='bbox 1063 4941 1478 4997; x_wconf 84' lang='lat' dir='ltr'><strong>confirmatione</strong></span> <span class='ocrx_word' id='word_1_667' title='bbox 1535 4949 1707 4996; x_wconf 89' lang='lat' dir='ltr'><strong>totum</strong></span> <span class='ocrx_word' id='word_1_668' title='bbox 1759 4955 1962 5010; x_wconf 87' lang='lat' dir='ltr'><strong>corpus</strong></span> <span class='ocrx_word' id='word_1_669' title='bbox 1997 4957 2100 4996; x_wconf 85' lang='lat' dir='ltr'><strong>un-</strong></span> <span class='ocrx_word' id='word_1_670' title='bbox 2134 4946 2181 5004; x_wconf 83' lang='grc' dir='ltr'>ι)</span> <span class='ocrx_word' id='word_1_671' title='bbox 2207 4941 2478 5012; x_wconf 88' lang='lat' dir='ltr'><strong>scriptum</strong></span> <span class='ocrx_word' id='word_1_672' title='bbox 2509 4939 2878 5012; x_wconf 73' lang='lat' dir='ltr'><strong>manifestius,</strong></span> <span class='ocrx_word' id='word_1_673' title='bbox 2917 4956 3084 5009; x_wconf 91' lang='lat' dir='ltr'><strong>quam</strong></span> <span class='ocrx_word' id='word_1_674' title='bbox 3116 4939 3373 4998; x_wconf 87' lang='lat' dir='ltr'><strong>Carolum</strong></span> <span class='ocrx_word' id='word_1_675' title='bbox 3395 4941 3614 5010; x_wconf 87' lang='lat' dir='ltr'><strong>imperii</strong></span> <span class='ocrx_word' id='word_1_676' title='bbox 3645 4961 3807 5000; x_wconf 89' lang='lat' dir='ltr'><strong>coro-</strong></span> 
     </span>
    </p>
   </div>
   <div class='ocr_carea' id='block_1_97' title="bbox 518 5011 2105 5086">
    <p class='ocr_par' dir='ltr' id='par_1_97' title="bbox 518 5011 2105 5086">
     <span class='ocr_line' id='line_1_97' title="bbox 518 5011 2105 5086; baseline -0.003 -16"><span class='ocrx_word' id='word_1_677' title='bbox 518 5011 722 5086; x_wconf 82' lang='lat' dir='ltr'><strong>guento</strong></span> <span class='ocrx_word' id='word_1_678' title='bbox 784 5026 946 5067; x_wconf 83' lang='lat' dir='ltr'><strong>sacro</strong></span> <span class='ocrx_word' id='word_1_679' title='bbox 1009 5012 1310 5086; x_wconf 88' lang='lat' dir='ltr'><strong>delibutum</strong></span> <span class='ocrx_word' id='word_1_680' title='bbox 1365 5011 1541 5067; x_wconf 73' lang='lat' dir='ltr'><strong>Graeci</strong></span> <span class='ocrx_word' id='word_1_681' title='bbox 1587 5013 1784 5086; x_wconf 75' lang='lat' dir='ltr'><strong>velint,</strong></span> <span class='ocrx_word' id='word_1_682' title='bbox 1842 5011 1926 5066; x_wconf 89' lang='lat' dir='ltr'><strong>vel</strong></span> <span class='ocrx_word' id='word_1_683' title='bbox 1961 5013 2105 5086; x_wconf 80' lang='lat' dir='ltr'><strong>quod</strong></span> 
     </span>
    </p>
   </div>
   <div class='ocr_carea' id='block_1_98' title="bbox 517 5083 2105 5152">
    <p class='ocr_par' dir='ltr' id='par_1_98' title="bbox 517 5083 2105 5152">
     <span class='ocr_line' id='line_1_98' title="bbox 517 5083 2105 5152; baseline -0.003 -12"><span class='ocrx_word' id='word_1_684' title='bbox 517 5083 696 5140; x_wconf 87' lang='lat' dir='ltr'><strong>Latini</strong></span> <span class='ocrx_word' id='word_1_685' title='bbox 757 5096 947 5152; x_wconf 88' lang='lat' dir='ltr'><strong>regum</strong></span> <span class='ocrx_word' id='word_1_686' title='bbox 976 5097 1205 5137; x_wconf 88' lang='lat' dir='ltr'><strong>suorum</strong></span> <span class='ocrx_word' id='word_1_687' title='bbox 1243 5084 1400 5152; x_wconf 91' lang='lat' dir='ltr'><strong>plura</strong></span> <span class='ocrx_word' id='word_1_688' title='bbox 1437 5084 1706 5149; x_wconf 82' lang='lat' dir='ltr'><strong>membra,</strong></span> <span class='ocrx_word' id='word_1_689' title='bbox 1747 5090 1914 5152; x_wconf 88' lang='lat' dir='ltr'><strong>caput</strong></span> <span class='ocrx_word' id='word_1_690' title='bbox 1940 5083 2105 5136; x_wconf 90' lang='lat' dir='ltr'><strong>nimi-</strong></span> 
     </span>
    </p>
   </div>
   <div class='ocr_carea' id='block_1_99' title="bbox 516 5153 2111 5224">
    <p class='ocr_par' dir='ltr' id='par_1_99' title="bbox 516 5153 2111 5224">
     <span class='ocr_line' id='line_1_99' title="bbox 516 5153 2111 5224; baseline -0.003 -13"><span class='ocrx_word' id='word_1_691' title='bbox 516 5171 664 5220; x_wconf 87' lang='lat' dir='ltr'><strong>rum,</strong></span> <span class='ocrx_word' id='word_1_692' title='bbox 691 5164 901 5224; x_wconf 88' lang='lat' dir='ltr'><strong>pectus,</strong></span> <span class='ocrx_word' id='word_1_693' title='bbox 933 5153 1209 5224; x_wconf 81' lang='lat' dir='ltr'><strong>scapulas,</strong></span> <span class='ocrx_word' id='word_1_694' title='bbox 1244 5153 1505 5224; x_wconf 70' lang='lat' dir='ltr'><strong>brachia,</strong></span> <span class='ocrx_word' id='word_1_695' title='bbox 1549 5169 1715 5223; x_wconf 86' lang='lat' dir='ltr'><strong>quam</strong></span> <span class='ocrx_word' id='word_1_696' title='bbox 1773 5155 1875 5224; x_wconf 90' lang='lat' dir='ltr'><strong>ipsi</strong></span> <span class='ocrx_word' id='word_1_697' title='bbox 1905 5161 2111 5222; x_wconf 86' lang='lat' dir='ltr'><strong>ungant</strong></span> 
     </span>
    </p>
   </div>
   <div class='ocr_carea' id='block_1_100' title="bbox 515 5221 2110 5298">
    <p class='ocr_par' dir='ltr' id='par_1_100' title="bbox 515 5221 2110 5298">
     <span class='ocr_line' id='line_1_100' title="bbox 515 5221 2110 5298; baseline -0.002 -16"><span class='ocrx_word' id='word_1_698' title='bbox 515 5221 982 5298; x_wconf 77' lang='lat' dir='ltr'><strong>imperatoribus;</strong></span> <span class='ocrx_word' id='word_1_699' title='bbox 1017 5221 1198 5278; x_wconf 90' lang='lat' dir='ltr'><strong>Caroli</strong></span> <span class='ocrx_word' id='word_1_700' title='bbox 1243 5221 1541 5298; x_wconf 75' lang='lat' dir='ltr'><strong>M.___t_01um</strong></span> <span class='ocrx_word' id='word_1_701' title='bbox 1573 5221 1882 5298; x_wconf 34' lang='lat' dir='ltr'><strong>corpus)“</strong></span> <span class='ocrx_word' id='word_1_702' title='bbox 1909 5221 2110 5298; x_wconf 72' lang='lat' dir='ltr'><strong>vertice</strong></span> 
     </span>
    </p>
   </div>
   <div class='ocr_carea' id='block_1_101' title="bbox 514 5293 2111 5368">
    <p class='ocr_par' dir='ltr' id='par_1_101' title="bbox 514 5293 2111 5368">
     <span class='ocr_line' id='line_1_101' title="bbox 514 5293 2111 5368; baseline -0.003 -15"><span class='ocrx_word' id='word_1_703' title='bbox 514 5293 782 5368; x_wconf 57' lang='lat' dir='ltr'><strong>ad&#39;pedes</strong></span> <span class='ocrx_word' id='word_1_704' title='bbox 816 5295 1078 5351; x_wconf 89' lang='lat' dir='ltr'><strong>unctione</strong></span> <span class='ocrx_word' id='word_1_705' title='bbox 1105 5308 1261 5349; x_wconf 88' lang='lat' dir='ltr'><strong>sacra</strong></span> <span class='ocrx_word' id='word_1_706' title='bbox 1318 5293 1515 5349; x_wconf 91' lang='lat' dir='ltr'><strong>illitum</strong></span> <span class='ocrx_word' id='word_1_707' title='bbox 1569 5293 1793 5366; x_wconf 86' lang='lat' dir='ltr'><strong>scripsit</strong></span> <span class='ocrx_word' id='word_1_708' title='bbox 1821 5294 2111 5366; x_wconf 79' lang='lat' dir='ltr'><strong>Theopha-</strong></span> 
     </span>
    </p>
   </div>
   <div class='ocr_carea' id='block_1_102' title="bbox 514 5386 634 5425">
    <p class='ocr_par' dir='ltr' id='par_1_102' title="bbox 514 5386 634 5425">
     <span class='ocr_line' id='line_1_102' title="bbox 514 5386 634 5425; baseline 0.008 -1"><span class='ocrx_word' id='word_1_709' title='bbox 514 5386 634 5425; x_wconf 59' lang='lat' dir='ltr'><strong>DIES.</strong></span> 
     </span>
    </p>
   </div>
   <div class='ocr_carea' id='block_1_103' title="bbox 591 5437 2108 5510">
    <p class='ocr_par' dir='ltr' id='par_1_103' title="bbox 591 5437 2108 5510">
     <span class='ocr_line' id='line_1_103' title="bbox 591 5437 2108 5510; baseline -0.001 -16"><span class='ocrx_word' id='word_1_710' title='bbox 591 5441 668 5510; x_wconf 85' lang='lat' dir='ltr'><strong>(l)</strong></span> <span class='ocrx_word' id='word_1_711' title='bbox 691 5439 1069 5510; x_wconf 51' lang='lat' dir='ltr'><strong>Theophanes,</strong></span> <span class='ocrx_word' id='word_1_712' title='bbox 1101 5446 1162 5491; x_wconf 90' lang='lat' dir='ltr'><strong>ut</strong></span> <span class='ocrx_word' id='word_1_713' title='bbox 1188 5437 1450 5510; x_wconf 81' lang='lat' dir='ltr'><strong>scriptum</strong></span> <span class='ocrx_word' id='word_1_714' title='bbox 1502 5437 1721 5508; x_wconf 83' lang='lat' dir='ltr'><strong>reliquit</strong></span> <span class='ocrx_word' id='word_1_715' title='bbox 1743 5437 2010 5510; x_wconf 90' lang='lat' dir='ltr'><strong>Baronius</strong></span> <span class='ocrx_word' id='word_1_716' title='bbox 2028 5437 2108 5510; x_wconf 85' lang='lat' dir='ltr'><strong>_ad</strong></span> 
     </span>
    </p>
   </div>
   <div class='ocr_carea' id='block_1_104' title="bbox 517 5507 2111 5571">
    <p class='ocr_par' dir='ltr' id='par_1_104' title="bbox 517 5507 2111 5571">
     <span class='ocr_line' id='line_1_104' title="bbox 517 5507 2111 5571; baseline -0.002 -7"><span class='ocrx_word' id='word_1_717' title='bbox 517 5507 724 5564; x_wconf 85' lang='lat' dir='ltr'><strong>annum</strong></span> <span class='ocrx_word' id='word_1_718' title='bbox 759 5507 974 5564; x_wconf 85' lang='lat' dir='ltr'><strong>Domini</strong></span> <span class='ocrx_word' id='word_1_719' title='bbox 1015 5509 1138 5571; x_wconf 83' lang='lat'><strong>800,</strong></span> <span class='ocrx_word' id='word_1_720' title='bbox 1178 5507 1330 5562; x_wconf 56' lang='lat' dir='ltr'><strong>num}</strong></span> <span class='ocrx_word' id='word_1_721' title='bbox 1363 5507 1417 5566; x_wconf 83' lang='lat'><strong>6.</strong></span> <span class='ocrx_word' id='word_1_722' title='bbox 1453 5521 1764 5563; x_wconf 81' lang='lat' dir='ltr'><strong>coronatum</strong></span> <span class='ocrx_word' id='word_1_723' title='bbox 1809 5509 1974 5561; x_wconf 84' lang='lat' dir='ltr'><strong>tradit</strong></span> <span class='ocrx_word' id='word_1_724' title='bbox 2011 5508 2111 5563; x_wconf 90' lang='lat' dir='ltr'><strong>Ca-</strong></span> 
     </span>
    </p>
   </div>
   <div class='ocr_carea' id='block_1_105' title="bbox 519 5577 2108 5649">
    <p class='ocr_par' dir='ltr' id='par_1_105' title="bbox 519 5577 2108 5649">
     <span class='ocr_line' id='line_1_105' title="bbox 519 5577 2108 5649; baseline 0 -18"><span class='ocrx_word' id='word_1_725' title='bbox 519 5581 693 5633; x_wconf 81' lang='lat' dir='ltr'><strong>rolnm</strong></span> <span class='ocrx_word' id='word_1_726' title='bbox 719 5599 751 5634; x_wconf 90' lang='lat' dir='ltr'><strong>a</strong></span> <span class='ocrx_word' id='word_1_727' title='bbox 777 5580 1013 5635; x_wconf 87' lang='lat' dir='ltr'><strong>Romano</strong></span> <span class='ocrx_word' id='word_1_728' title='bbox 1056 5581 1299 5649; x_wconf 79' lang='lat' dir='ltr'><strong>pontiﬁce</strong></span> <span class='ocrx_word' id='word_1_729' title='bbox 1328 5577 1590 5634; x_wconf 74' lang='lat' dir='ltr'><strong>Kalendis</strong></span> <span class='ocrx_word' id='word_1_730' title='bbox 1643 5577 1918 5644; x_wconf 81' lang='lat' dir='ltr'><strong>Januarii,</strong></span> <span class='ocrx_word' id='word_1_731' title='bbox 1965 5580 2108 5631; x_wconf 80' lang='lat' dir='ltr'><strong>indi-</strong></span> 
     </span>
    </p>
   </div>
   <div class='ocr_carea' id='block_1_106' title="bbox 521 5649 2106 5704">
    <p class='ocr_par' dir='ltr' id='par_1_106' title="bbox 521 5649 2106 5704">
     <span class='ocr_line' id='line_1_106' title="bbox 521 5649 2106 5704; baseline 0.003 -5"><span class='ocrx_word' id='word_1_732' title='bbox 521 5650 711 5704; x_wconf 79' lang='lat' dir='ltr'><strong>ctionis</strong></span> <span class='ocrx_word' id='word_1_733' title='bbox 734 5667 906 5704; x_wconf 78' lang='lat' dir='ltr'><strong>name.</strong></span> <span class='ocrx_word' id='word_1_734' title='bbox 965 5651 1152 5704; x_wconf 77' lang='lat' dir='ltr'><strong>Verum</strong></span> <span class='ocrx_word' id='word_1_735' title='bbox 1177 5667 1352 5704; x_wconf 83' lang='lat' dir='ltr'><strong>errore</strong></span> <span class='ocrx_word' id='word_1_736' title='bbox 1379 5651 1582 5702; x_wconf 82' lang='lat' dir='ltr'><strong>labitur</strong></span> <span class='ocrx_word' id='word_1_737' title='bbox 1619 5649 1830 5704; x_wconf 80' lang='lat' dir='ltr'><strong>Latinis</strong></span> <span class='ocrx_word' id='word_1_738' title='bbox 1861 5650 2106 5704; x_wconf 79' lang='lat' dir='ltr'><strong>omnibus</strong></span> 
     </span>
    </p>
   </div>
   <div class='ocr_carea' id='block_1_107' title="bbox 519 5718 2102 5789">
    <p class='ocr_par' dir='ltr' id='par_1_107' title="bbox 519 5718 2102 5789">
     <span class='ocr_line' id='line_1_107' title="bbox 519 5718 2102 5789; baseline 0.004 -22"><span class='ocrx_word' id='word_1_739' title='bbox 519 5718 938 5773; x_wconf 79' lang='lat' dir='ltr'><strong>adversantibus.</strong></span> <span class='ocrx_word' id='word_1_740' title='bbox 1007 5721 1131 5775; x_wconf 72' lang='lat' dir='ltr'><strong>llmc</strong></span> <span class='ocrx_word' id='word_1_741' title='bbox 1156 5723 1245 5774; x_wconf 85' lang='lat' dir='ltr'><strong>ille</strong></span> <span class='ocrx_word' id='word_1_742' title='bbox 1267 5722 1412 5774; x_wconf 88' lang='lat' dir='ltr'><strong>circa</strong></span> <span class='ocrx_word' id='word_1_743' title='bbox 1443 5720 1792 5789; x_wconf 80' lang='lat' dir='ltr'><strong>Theophanis</strong></span> <span class='ocrx_word' id='word_1_744' title='bbox 1815 5720 2102 5777; x_wconf 86' lang='lat' dir='ltr'><strong>lectionem</strong></span> 
     </span>
    </p>
   </div>
   <div class='ocr_carea' id='block_1_108' title="bbox 523 5788 2101 5862">
    <p class='ocr_par' dir='ltr' id='par_1_108' title="bbox 523 5788 2101 5862">
     <span class='ocr_line' id='line_1_108' title="bbox 523 5788 2101 5862; baseline 0.003 -21"><span class='ocrx_word' id='word_1_745' title='bbox 523 5788 771 5842; x_wconf 86' lang='lat' dir='ltr'><strong>nonnihil</strong></span> <span class='ocrx_word' id='word_1_746' title='bbox 811 5791 1071 5844; x_wconf 84' lang='lat' dir='ltr'><strong>oscitans.</strong></span> <span class='ocrx_word' id='word_1_747' title='bbox 1145 5791 1286 5856; x_wconf 77' lang='lat' dir='ltr'><strong>Quid</strong></span> <span class='ocrx_word' id='word_1_748' title='bbox 1322 5790 1466 5845; x_wconf 87' lang='lat' dir='ltr'><strong>enim</strong></span> <span class='ocrx_word' id='word_1_749' title='bbox 1521 5788 1665 5860; x_wconf 82' lang='lat' dir='ltr'><strong>apud</strong></span> <span class='ocrx_word' id='word_1_750' title='bbox 1714 5789 2101 5862; x_wconf 78' lang='lat' dir='ltr'><strong>Theophanem</strong></span> 
     </span>
    </p>
   </div>
   <div class='ocr_carea' id='block_1_109' title="bbox 2207 5010 3808 5087">
    <p class='ocr_par' dir='ltr' id='par_1_109' title="bbox 2207 5010 3808 5087">
     <span class='ocr_line' id='line_1_109' title="bbox 2207 5010 3808 5087; baseline 0.004 -21"><span class='ocrx_word' id='word_1_751' title='bbox 2207 5010 2336 5087; x_wconf 83' lang='lat' dir='ltr'><strong>nam</strong></span> <span class='ocrx_word' id='word_1_752' title='bbox 2363 5010 2418 5066; x_wconf 85' lang='lat' dir='ltr'><strong>cl</strong></span> <span class='ocrx_word' id='word_1_753' title='bbox 2449 5012 2782 5087; x_wconf 69' lang='lat' dir='ltr'><strong>unctionem</strong></span> <span class='ocrx_word' id='word_1_754' title='bbox 2808 5011 2888 5087; x_wconf 62' lang='grc' dir='ltr'>τῷ</span> <span class='ocrx_word' id='word_1_755' title='bbox 2917 5012 3242 5087; x_wconf 66' lang='grc' dir='ltr'>Δεκεμϐρίῳ</span> <span class='ocrx_word' id='word_1_756' title='bbox 3260 5019 3338 5087; x_wconf 82' lang='grc' dir='ltr'>κε’</span> <span class='ocrx_word' id='word_1_757' title='bbox 3373 5026 3427 5087; x_wconf 71' lang='lat' dir='ltr'><strong>et</strong></span> <span class='ocrx_word' id='word_1_758' title='bbox 3466 5029 3531 5068; x_wconf 80' lang='lat' dir='ltr'><strong>ex</strong></span> <span class='ocrx_word' id='word_1_759' title='bbox 3573 5031 3643 5087; x_wconf 87' lang='lat' dir='ltr'><strong>eo</strong></span> <span class='ocrx_word' id='word_1_760' title='bbox 3663 5018 3808 5087; x_wconf 83' lang='lat' dir='ltr'><strong>apud</strong></span> 
     </span>
    </p>
   </div>
   <div class='ocr_carea' id='block_1_110' title="bbox 2208 5030 3807 5144">
    <p class='ocr_par' dir='ltr' id='par_1_110' title="bbox 2208 5030 3807 5144">
     <span class='ocr_line' id='line_1_110' title="bbox 2208 5030 3807 5137; baseline 0.004 -71"><span class='ocrx_word' id='word_1_761' title='bbox 2208 5030 2335 5066; x_wconf 89' lang='lat' dir='ltr'><strong>nam</strong></span> <span class='ocrx_word' id='word_1_762' title='bbox 2363 5030 2418 5066; x_wconf 89' lang='lat' dir='ltr'><strong>et</strong></span> <span class='ocrx_word' id='word_1_763' title='bbox 2463 5030 2782 5066; x_wconf 78' lang='lat' dir='ltr'><strong>unctionem</strong></span> <span class='ocrx_word' id='word_1_764' title='bbox 2808 5030 2888 5082; x_wconf 84' lang='grc' dir='ltr'><strong>τῳ</strong></span> <span class='ocrx_word' id='word_1_765' title='bbox 2917 5030 3242 5137; x_wconf 65' lang='grc' dir='ltr'>Δεκεμοιριῳ</span> <span class='ocrx_word' id='word_1_766' title='bbox 3260 5030 3336 5066; x_wconf 86' lang='grc' dir='ltr'>κε’</span> <span class='ocrx_word' id='word_1_767' title='bbox 3373 5030 3427 5069; x_wconf 90' lang='lat' dir='ltr'><strong>et</strong></span> <span class='ocrx_word' id='word_1_768' title='bbox 3466 5030 3531 5068; x_wconf 83' lang='lat' dir='ltr'><strong>ex</strong></span> <span class='ocrx_word' id='word_1_769' title='bbox 3573 5031 3643 5070; x_wconf 88' lang='lat' dir='ltr'><strong>eo</strong></span> <span class='ocrx_word' id='word_1_770' title='bbox 3663 5030 3807 5087; x_wconf 78' lang='lat' dir='ltr'><strong>apud</strong></span> 
     </span>
     <span class='ocr_line' id='line_1_111' title="bbox 2208 5081 3807 5144; baseline 0.004 -7"><span class='ocrx_word' id='word_1_771' title='bbox 2208 5083 2562 5138; x_wconf 80' lang='lat' dir='ltr'><strong>Anastasium</strong></span> <span class='ocrx_word' id='word_1_772' title='bbox 2592 5096 2647 5137; x_wconf 89' lang='lat' dir='ltr'><strong>et</strong></span> <span class='ocrx_word' id='word_1_773' title='bbox 2672 5081 2969 5137; x_wconf 76' lang='lat' dir='ltr'><strong>Miscellam</strong></span> <span class='ocrx_word' id='word_1_774' title='bbox 3000 5098 3094 5138; x_wconf 88' lang='lat' dir='ltr'><strong>vut</strong></span> <span class='ocrx_word' id='word_1_775' title='bbox 3170 5085 3350 5140; x_wconf 89' lang='lat' dir='ltr'><strong>alend.</strong></span> <span class='ocrx_word' id='word_1_776' title='bbox 3378 5083 3634 5140; x_wconf 81' lang='lat' dir='ltr'><strong>Januarii</strong></span> <span class='ocrx_word' id='word_1_777' title='bbox 3678 5104 3807 5144; x_wconf 82' lang='lat' dir='ltr'><strong>sus-</strong></span> 
     </span>
    </p>
   </div>
   <div class='ocr_carea' id='block_1_111' title="bbox 2209 5152 3810 5226">
    <p class='ocr_par' dir='ltr' id='par_1_111' title="bbox 2209 5152 3810 5226">
     <span class='ocr_line' id='line_1_112' title="bbox 2209 5152 3810 5226; baseline 0.004 -20"><span class='ocrx_word' id='word_1_778' title='bbox 2209 5154 2422 5226; x_wconf 85' lang='lat' dir='ltr'><strong>cepisse</strong></span> <span class='ocrx_word' id='word_1_779' title='bbox 2448 5153 2470 5206; x_wconf 89' lang='lat'><strong>?</strong></span> <span class='ocrx_word' id='word_1_780' title='bbox 2499 5154 2569 5208; x_wconf 80' lang='lat' dir='ltr'><strong>At</strong></span> <span class='ocrx_word' id='word_1_781' title='bbox 2592 5153 2638 5209; x_wconf 90' lang='lat' dir='ltr'><strong>si</strong></span> <span class='ocrx_word' id='word_1_782' title='bbox 2686 5153 2945 5226; x_wconf 79' lang='lat' dir='ltr'><strong>collatum</strong></span> <span class='ocrx_word' id='word_1_783' title='bbox 2985 5152 3186 5210; x_wconf 85' lang='lat' dir='ltr'><strong>Carolo</strong></span> <span class='ocrx_word' id='word_1_784' title='bbox 3217 5155 3527 5226; x_wconf 68' lang='lat' dir='ltr'><strong>imperium</strong></span> <span class='ocrx_word' id='word_1_785' title='bbox 3563 5157 3696 5212; x_wconf 76' lang='lat' dir='ltr'><strong>velit</strong></span> <span class='ocrx_word' id='word_1_786' title='bbox 3722 5159 3810 5212; x_wconf 83' lang='lat' dir='ltr'><strong>in—</strong></span> 
     </span>
    </p>
   </div>
   <div class='ocr_carea' id='block_1_112' title="bbox 2209 5223 3810 5293">
    <p class='ocr_par' dir='ltr' id='par_1_112' title="bbox 2209 5223 3810 5293">
     <span class='ocr_line' id='line_1_113' title="bbox 2209 5223 3810 5293; baseline 0.004 -15"><span class='ocrx_word' id='word_1_787' title='bbox 2209 5223 2449 5280; x_wconf 89' lang='lat' dir='ltr'><strong>dictione</strong></span> <span class='ocrx_word' id='word_1_788' title='bbox 2466 5233 2680 5288; x_wconf 87' lang='lat' dir='ltr'><strong>octava,</strong></span> <span class='ocrx_word' id='word_1_789' title='bbox 2705 5224 2853 5293; x_wconf 91' lang='lat' dir='ltr'><strong>quod</strong></span> <span class='ocrx_word' id='word_1_790' title='bbox 2883 5240 3064 5280; x_wconf 89' lang='lat' dir='ltr'><strong>annus</strong></span> <span class='ocrx_word' id='word_1_791' title='bbox 3090 5223 3351 5280; x_wconf 83' lang='lat' dir='ltr'><strong>nimiruin</strong></span> <span class='ocrx_word' id='word_1_792' title='bbox 3381 5241 3413 5281; x_wconf 88' lang='lat' dir='ltr'><strong>a</strong></span> <span class='ocrx_word' id='word_1_793' title='bbox 3467 5224 3678 5282; x_wconf 87' lang='lat' dir='ltr'><strong>Christi</strong></span> <span class='ocrx_word' id='word_1_794' title='bbox 3709 5244 3810 5284; x_wconf 83' lang='lat' dir='ltr'><strong>na-</strong></span> 
     </span>
    </p>
   </div>
   <div class='ocr_carea' id='block_1_113' title="bbox 2209 5294 3811 5366">
    <p class='ocr_par' dir='ltr' id='par_1_113' title="bbox 2209 5294 3811 5366">
     <span class='ocr_line' id='line_1_114' title="bbox 2209 5294 3811 5366; baseline 0.004 -18"><span class='ocrx_word' id='word_1_795' title='bbox 2209 5295 2301 5366; x_wconf 92' lang='lat' dir='ltr'><strong>tali</strong></span> <span class='ocrx_word' id='word_1_796' title='bbox 2359 5294 2864 5366; x_wconf 88' lang='lat' dir='ltr'><strong>oetingentesimus,</strong></span> <span class='ocrx_word' id='word_1_797' title='bbox 2911 5309 3023 5366; x_wconf 90' lang='lat' dir='ltr'><strong>quo</strong></span> <span class='ocrx_word' id='word_1_798' title='bbox 3071 5296 3341 5352; x_wconf 89' lang='lat' dir='ltr'><strong>salutatus</strong></span> <span class='ocrx_word' id='word_1_799' title='bbox 3364 5306 3449 5352; x_wconf 90' lang='lat' dir='ltr'><strong>est</strong></span> <span class='ocrx_word' id='word_1_800' title='bbox 3503 5297 3811 5366; x_wconf 86' lang='lat' dir='ltr'><strong>imperator</strong></span> 
     </span>
    </p>
   </div>
   <div class='ocr_carea' id='block_1_114' title="bbox 2209 5365 3810 5436">
    <p class='ocr_par' dir='ltr' id='par_1_114' title="bbox 2209 5365 3810 5436">
     <span class='ocr_line' id='line_1_115' title="bbox 2209 5365 3810 5436; baseline 0.002 -16"><span class='ocrx_word' id='word_1_801' title='bbox 2209 5365 2529 5422; x_wconf 89' lang='lat' dir='ltr'><strong>indictionis</strong></span> <span class='ocrx_word' id='word_1_802' title='bbox 2555 5375 2761 5421; x_wconf 60' lang='lat' dir='ltr'><strong>octavae</strong></span> <span class='ocrx_word' id='word_1_803' title='bbox 2801 5375 2931 5420; x_wconf 90' lang='lat' dir='ltr'><strong>nota</strong></span> <span class='ocrx_word' id='word_1_804' title='bbox 2977 5368 3310 5436; x_wconf 86' lang='lat' dir='ltr'><strong>conspicuos</strong></span> <span class='ocrx_word' id='word_1_805' title='bbox 3340 5365 3610 5422; x_wconf 87' lang='lat' dir='ltr'><strong>habeatur</strong></span> <span class='ocrx_word' id='word_1_806' title='bbox 3642 5388 3656 5422; x_wconf 91' lang='lat'><strong>:</strong></span> <span class='ocrx_word' id='word_1_807' title='bbox 3708 5371 3810 5424; x_wconf 83' lang='lat' dir='ltr'><strong>oh-</strong></span> 
     </span>
    </p>
   </div>
   <div class='ocr_carea' id='block_1_115' title="bbox 2207 5437 3810 5510">
    <p class='ocr_par' dir='ltr' id='par_1_115' title="bbox 2207 5437 3810 5510">
     <span class='ocr_line' id='line_1_116' title="bbox 2207 5437 3810 5510; baseline 0.002 -19"><span class='ocrx_word' id='word_1_808' title='bbox 2207 5445 2407 5510; x_wconf 76' lang='lat' dir='ltr'><strong>servet</strong></span> <span class='ocrx_word' id='word_1_809' title='bbox 2435 5437 2820 5492; x_wconf 89' lang='lat' dir='ltr'><strong>meritissimus</strong></span> <span class='ocrx_word' id='word_1_810' title='bbox 2873 5437 3154 5510; x_wconf 89' lang='lat' dir='ltr'><strong>annalium</strong></span> <span class='ocrx_word' id='word_1_811' title='bbox 3227 5439 3487 5510; x_wconf 68' lang='lat' dir='ltr'><strong>Ecclesia:</strong></span> <span class='ocrx_word' id='word_1_812' title='bbox 3565 5440 3810 5510; x_wconf 88' lang='lat' dir='ltr'><strong>scriptor</strong></span> 
     </span>
    </p>
   </div>
   <div class='ocr_carea' id='block_1_116' title="bbox 2213 5507 3808 5578">
    <p class='ocr_par' dir='ltr' id='par_1_116' title="bbox 2213 5507 3808 5578">
     <span class='ocr_line' id='line_1_117' title="bbox 2213 5507 3808 5578; baseline 0.003 -18"><span class='ocrx_word' id='word_1_813' title='bbox 2213 5508 2442 5563; x_wconf 89' lang='lat' dir='ltr'><strong>rationis</strong></span> <span class='ocrx_word' id='word_1_814' title='bbox 2468 5519 2775 5578; x_wconf 88' lang='lat' dir='ltr'><strong>temporum</strong></span> <span class='ocrx_word' id='word_1_815' title='bbox 2801 5522 2910 5562; x_wconf 90' lang='lat' dir='ltr'><strong>non</strong></span> <span class='ocrx_word' id='word_1_816' title='bbox 2945 5509 3188 5578; x_wconf 58' lang='lat' dir='ltr'><strong>ignarus,</strong></span> <span class='ocrx_word' id='word_1_817' title='bbox 3233 5507 3453 5565; x_wconf 67' lang='lat' dir='ltr'><strong>Graecos</strong></span> <span class='ocrx_word' id='word_1_818' title='bbox 3499 5525 3532 5564; x_wconf 83' lang='lat' dir='ltr'><strong>e</strong></span> <span class='ocrx_word' id='word_1_819' title='bbox 3559 5507 3808 5576; x_wconf 77' lang='lat' dir='ltr'><strong>quorum</strong></span> 
     </span>
    </p>
   </div>
   <div class='ocr_carea' id='block_1_117' title="bbox 2210 5576 3808 5660">
    <p class='ocr_par' dir='ltr' id='par_1_117' title="bbox 2210 5576 3808 5660">
     <span class='ocr_line' id='line_1_118' title="bbox 2210 5576 3808 5660; baseline 0.003 -29"><span class='ocrx_word' id='word_1_820' title='bbox 2210 5593 2372 5660; x_wconf 79' lang='lat' dir='ltr'><strong>grege</strong></span> <span class='ocrx_word' id='word_1_821' title='bbox 2395 5594 2512 5660; x_wconf 62' lang='lat' dir='ltr'><strong>non</strong></span> <span class='ocrx_word' id='word_1_822' title='bbox 2566 5576 2789 5660; x_wconf 71' lang='lat' dir='ltr'><strong>infimus</strong></span> <span class='ocrx_word' id='word_1_823' title='bbox 2819 5578 3020 5660; x_wconf 75' lang='lat' dir='ltr'><strong>prodiit</strong></span> <span class='ocrx_word' id='word_1_824' title='bbox 3053 5576 3438 5660; x_wconf 76' lang='lat' dir='ltr'><strong>Theophanes,</strong></span> <span class='ocrx_word' id='word_1_825' title='bbox 3485 5579 3808 5660; x_wconf 79' lang='lat' dir='ltr'><strong>a_Scptem-</strong></span> 
     </span>
    </p>
   </div>
   <div class='ocr_carea' id='block_1_118' title="bbox 2211 5649 3807 5720">
    <p class='ocr_par' dir='ltr' id='par_1_118' title="bbox 2211 5649 3807 5720">
     <span class='ocr_line' id='line_1_119' title="bbox 2211 5649 3807 5720; baseline 0.003 -18"><span class='ocrx_word' id='word_1_826' title='bbox 2211 5649 2293 5703; x_wconf 88' lang='lat' dir='ltr'><strong>bri</strong></span> <span class='ocrx_word' id='word_1_827' title='bbox 2319 5649 2634 5705; x_wconf 88' lang='lat' dir='ltr'><strong>indictionis</strong></span> <span class='ocrx_word' id='word_1_828' title='bbox 2663 5649 2877 5703; x_wconf 87' lang='lat' dir='ltr'><strong>initium</strong></span> <span class='ocrx_word' id='word_1_829' title='bbox 2900 5649 3187 5720; x_wconf 87' lang='lat' dir='ltr'><strong>desumere</strong></span> <span class='ocrx_word' id='word_1_830' title='bbox 3212 5669 3226 5704; x_wconf 90' lang='lat'><strong>:</strong></span> <span class='ocrx_word' id='word_1_831' title='bbox 3259 5651 3574 5720; x_wconf 88' lang='lat' dir='ltr'><strong>adeoquein</strong></span> <span class='ocrx_word' id='word_1_832' title='bbox 3594 5649 3807 5706; x_wconf 82' lang='lat' dir='ltr'><strong>annum</strong></span> 
     </span>
    </p>
   </div>
   <div class='ocr_carea' id='block_1_119' title="bbox 2212 5719 3807 5791">
    <p class='ocr_par' dir='ltr' id='par_1_119' title="bbox 2212 5719 3807 5791">
     <span class='ocr_line' id='line_1_120' title="bbox 2212 5719 3807 5791; baseline 0.003 -17"><span class='ocrx_word' id='word_1_833' title='bbox 2212 5720 2728 5790; x_wconf 82' lang='lat' dir='ltr'><strong>octingentesimum</strong></span> <span class='ocrx_word' id='word_1_834' title='bbox 2793 5719 3069 5788; x_wconf 66' lang='lat' dir='ltr'><strong>praecipua</strong></span> <span class='ocrx_word' id='word_1_835' title='bbox 3144 5721 3229 5774; x_wconf 90' lang='lat' dir='ltr'><strong>sui</strong></span> <span class='ocrx_word' id='word_1_836' title='bbox 3293 5719 3444 5791; x_wconf 84' lang='lat' dir='ltr'><strong>parte</strong></span> <span class='ocrx_word' id='word_1_837' title='bbox 3493 5723 3807 5779; x_wconf 83' lang='lat' dir='ltr'><strong>indictione</strong></span> 
     </span>
    </p>
   </div>
   <div class='ocr_carea' id='block_1_120' title="bbox 2215 5791 3363 5862">
    <p class='ocr_par' dir='ltr' id='par_1_120' title="bbox 2215 5791 3363 5862">
     <span class='ocr_line' id='line_1_121' title="bbox 2215 5791 3363 5862; baseline 0.002 -18"><span class='ocrx_word' id='word_1_838' title='bbox 2215 5807 2356 5846; x_wconf 77' lang='lat' dir='ltr'><strong>nona</strong></span> <span class='ocrx_word' id='word_1_839' title='bbox 2381 5792 2647 5862; x_wconf 81' lang='lat' dir='ltr'><strong>signatam</strong></span> <span class='ocrx_word' id='word_1_840' title='bbox 2679 5807 2877 5846; x_wconf 79' lang='lat' dir='ltr'><strong>nouant</strong></span> <span class='ocrx_word' id='word_1_841' title='bbox 2903 5791 3067 5846; x_wconf 81' lang='lat' dir='ltr'><strong>etiam</strong></span> <span class='ocrx_word' id='word_1_842' title='bbox 3103 5791 3363 5848; x_wconf 81' lang='lat' dir='ltr'><strong>incidere.</strong></span> 
     </span>
    </p>
   </div>
  </div>
