4060 6226
391 326 502 390 965

1684 319 2259 384 CHRONOGRAPII
2274 321 2363 378 l.\.

3541 315 3654 379 906

391 440 544 508 νήσῳ
577 436 675 507 τῆς
731 433 1062 509 Ηριγκίπου,
1089 434 1146 487 ὲν
1180 435 1244 505 τῇ
1285 436 1441 505 μονῇ,
1464 434 1530 505 ἢν
1578 434 1622 465 ⁸⁸
1657 435 1796 504 αὕτη
1828 434 1970 504 ᾠκο-

2078 442 2142 482 ex
2175 427 2473 496 imperante
2509 426 2644 481 urhe
2685 425 2956 487 nonnulli,
2985 425 3036 478 in
3067 424 3443 495 captivitatem
3479 427 3652 490 misit,

387 529 760 655 iiiﬂiiiim.
822 596 1072 652 Admissa
1134 611 1302 667 porro
1353 594 1549 651 diebus
1617 597 1725 652 illis
1785 598 1855 653 ab
1910 616 1977 657 eo

2080 518 2398 573 universum
2460 527 2643 573 autem
2717 519 3017 573 exercitum
3088 518 3287 574 debitis
3367 521 3653 590 stipendiis

2084 615 2315 674 scelera,
2348 608 2460 665 Deo
2483 619 2705 681 propter
2729 610 2835 665 alia
2870 610 3102 666 crimina
3139 619 3328 667 nostra
3372 611 3462 666 illa
3517 614 3652 666 tole-

389 703 570 754 rante,
646 704 769 761 quae
837 690 1015 745 oratio
1095 689 1273 743 valeat
1365 691 1684 745 enarrare?
1739 692 2010 752 Caeterum
2050 701 2256 757 mensis
2312 702 2548 773 Augusti
2601 703 2690 758 die
2742 718 2934 769 nono,
2993 703 3287 758 indictione
3371 704 3655 765 undecima

389 782 711 854 imperatrix
783 782 939 838 [rene
995 784 1049 838 in
1104 781 1340 838 Lesbum
1416 781 1651 840 insulam
1720 787 1960 860 relegata
2001 794 2145 851 diem
2180 794 2318 851 obiit
2348 812 2364 854 :
2396 797 2452 851 in
2502 797 2738 853 insulam
2783 807 2967 853 autem
3017 795 3256 867 Priueipi
3343 797 3397 853 in
3426 852 3429 859 ,
3460 814 3654 855 mona-

388 876 643 937 sterium,
679 873 825 944 quod
854 874 971 946 ipsa
1012 874 1276 941 condidit,
1319 889 1521 947 corpus
1566 877 1686 947 ejus
1733 882 2060 940 translatum
2090 886 2214 943 fuit.

457 969 522 1022 Δ.
563 966 635 1021 Μ.
663 964 823 1022 6996.
857 995 930 1006 --
967 966 1155 1035 Τούτῳ
1184 968 1264 1040 τῷ
1298 968 1431 1034 ἔτει,
1464 969 1595 1041 μηνὶ
1624 972 1969 1046 Δεκεμϐρίῳ,

392 1059 687 1113 ίνδικτιῶνι
734 1056 822 1129 ιβ’,
873 1058 1102 1130 ἔστεψεν
1150 1062 1465 1135 Νικηφόρος
1508 1063 1601 1119 τὸν
1649 1065 1764 1119 υἱὸν
1806 1067 1973 1121 αὐτοῦ

391 1150 725 1223 Σταυράκιον
753 1150 841 1204 διά
869 1150 1144 1223 Ταρασίου
1169 1151 1261 1206 τοῦ
1295 1155 1601 1222 ἀγιωτάτου
1626 1159 1971 1229 πατριάρχου

397 1247 456 1301 ὲν
493 1243 567 1315 τῷ
590 1241 805 1315 ἀμϐωνι
830 1244 931 1314 τῆς
964 1245 1229 1315 Μεγάλης
1248 1245 1580 1317 Ἐκκλησίας
1612 1251 1693 1312 είς
1721 1249 1970 1320 βασιλέα,

395 1335 654 1407 ἀποίητον
684 1334 809 1393 ὄντα
830 1333 974 1390 κατά
999 1337 1178 1390 πάντα
1203 1337 1269 1409 τῇ
1311 1355 1370 1390 τε
1412 1338 1525 1410 ἰδέᾳ
1557 1341 1649 1393 καὶ
1677 1340 1835 1414 ῥώμῃ
1875 1345 1971 1397 καὶ

388 1427 584 1500 γνώμῃ
640 1428 777 1497 πρὸς
808 1426 905 1498 τὴν
950 1428 1207 1500 τοιαύτην
1263 1428 1441 1497 ἀξίαν.
1482 1431 1543 1483 ’0
1576 1431 1633 1485 δὲ
1664 1433 1873 1504 μήποτε
1911 1435 1970 1487 ὲν

391 1520 583 1593 μηδενὶ
605 1520 844 1589 φυλάξας
870 1519 1130 1587 ἀλήθειαν
1150 1518 1461 1592 Νικηφόρος
1482 1522 1767 1586 Λυκάονάς
1792 1543 1966 1590 τινας,

390 1613 424 1683 ἦ
450 1604 917 1684 λυκανθρώπουςλ,
946 1613 1336 1683 ὁμογνώμονας
1365 1615 1462 1668 καὶ
1489 1614 1796 1687 ὁμόφρονας
1828 1619 1965 1672 ἁπο-

2148 984 2217 1036 A.
2246 979 2305 1036 C.
2346 980 2561 1035 796.—
2589 976 2704 1034 ΙΙοο
2756 994 2899 1035 anno
2938 992 3127 1039 mense
3185 979 3466 1035 Decembri
3518 980 3649 1036 indi-

2078 1070 2259 1127 ctione
2292 1070 2608 1126 dnodecima
2639 1070 2981 1141 Nicephorus
3013 1071 3184 1127 filium
3211 1087 3374 1128 suum
3427 1073 3657 1127 Staura~

2077 1162 2224 1218 cium
2258 1163 2469 1219 Tarasii
2527 1162 2863 1218 sanctissimi
2933 1162 3257 1232 patriarcha:
3305 1164 3562 1220 manibus
3605 1167 3657 1219 iu

2075 1253 2314 1311 amboue
2360 1254 2566 1325 Magnae
2611 1255 2862 1310 ecclesia:
2917 1253 3300 1324 imperatorem
3351 1258 3654 1321 coronavit,

2077 1343 2382 1409 hominem,
2411 1345 2524 1400 sive
2548 1345 2727 1399 vultus
2748 1345 3009 1413 speciem,
3044 1344 3158 1399 sive
3189 1344 3437 1414 Corporis
3466 1347 3654 1411 robur,

2073 1448 2170 1490 seu
2201 1434 2369 1507 406
2395 1436 2631 1505 denique
2684 1436 2884 1489 mentis
2917 1444 3133 1504 captum
3165 1444 3401 1504 spectes,
3437 1434 3502 1489 ad
3535 1451 3658 1490 eam

2071 1526 2387 1597 dignitatem
2425 1528 2584 1596 plane
2613 1526 2878 1595 ineptum.
2911 1526 2962 1581 Is
3015 1532 3195 1579 autem
3242 1525 3335 1594 qui
3385 1541 3654 1594 nusquam

2071 1621 2321 1678 veritatis
2378 1623 2787 1677 observatorem
2838 1634 2897 1675 se
2964 1620 3238 1691 praestitit,
3292 1618 3655 1691 Nicephorus,

390 1702 604 1767 στείλας
661 1704 741 1766 εἰς
785 1703 886 1773 τὴν
912 1703 1146 1776 Πρώτην
1179 1705 1470 1759 ἐκέλευσεν
1500 1708 1694 1772 νυκτὸς
1716 1708 1972 1780 ἐπιϐῆναι

2079 1711 2364 1785 Lycaonas
2430 1713 2747 1778 nonnullos,
2802 1727 2901 1767 ceu
2991 1712 3171 1782 potius
3248 1711 3659 1783 Lycanthropos

387 1798 454 1866 τῇ
489 1796 658 1867 νήσῳ,
688 1795 784 1850 καὶ
813 1797 903 1849 τὸν
948 1796 1328 1869 προρρηθέντα
1354 1798 1706 1867 ἐκτυφλῶσαι
1747 1801 1963 1872 Βαρδά-

389 1880 522 1951 νιον,
554 1887 631 1950 ὡς
658 1886 819 1956 δῆθεν
844 1887 1167 1957 ἀγνοοῦντος
1198 1888 1385 1952 αὐτοῦ,
1412 1890 1506 1944 καὶ
1523 1891 1662 1959 μετὰ
1689 1891 1751 1945 τὸ
1782 1892 1967 1965 δρᾶμα

390 1981 734 2051 προσφυγεῖν
783 1982 848 2051 τῇ
899 1980 1191 2053 ἐκκλησίᾳ.
1253 1980 1457 2034 Τούτου
1510 1981 1566 2035 δὲ
1605 1966 1891 2051 γεγονότος
1939 1986 1968 2038 ὅ

390 2088 450 2123 τε
482 2070 527 2101 ⁸⁸
552 2070 901 2142 πατριάρχης
950 2072 1098 2142 καὶὴ
1147 2070 1452 2141 σύγκλητος
1477 2071 1667 2137 δεινῶς
1695 2074 1964 2146 ἤλγησαν,

388 2163 487 2215 καὶ
530 2160 732 2225 πάντες
775 2163 825 2215 οί
861 2162 1186 2232 φοϐούμενοι
1234 2162 1325 2217 τὸν
1353 2162 1508 2217 Θεόν.
1548 2166 1607 2217 Ὀ
1634 2165 1690 2219 δὲ
1725 2183 1969 2239 παρανο-

394 2253 645 2324 μώτατος
674 2252 930 2324 βασιλεὺς
958 2254 1274 2325 Νικηφόρος
1311 2256 1495 2327 ὅρκοις
1531 2256 1661 2321 τοὺς
1716 2258 1775 2311 ὲν
1821 2258 1965 2312 τέλει

391 2346 703 2409 Λυκάονας.
746 2345 806 2398 τὸ
845 2346 1044 2413 δοκεῖν,
1076 2346 1332 2423 ἐπεζήτει
1383 2347 1617 2412 ἀνελεῖν,
1654 2348 1967 2419 ἀμύνασθαι

394 2437 891 2507 σχηματιζόμενος,
947 2437 976 2489 6
1026 2437 1205 2491 πάντα
1250 2437 1370 2491 κατ’
1404 2438 1665 2505 ἐπίδειξιν
1700 2438 1813 2506 ἀεὶ,
1869 2441 1967 2494 καὶ

395 2529 567 2601 μηδὲν
590 2531 730 2584 κατὰ
752 2528 884 2583 Θεὸν
932 2529 1210 2599 πράττων.
1245 2523 1356 2581 Ἦν
1404 2528 1512 2601 γὰρ
1547 2528 1699 2599 αὐτῷ
1734 2530 1781 2563 ⁸⁸
1831 2532 1969 2602 μετά

391 2623 507 2676 τῶν
529 2620 733 2675 λοιπῶν
759 2621 1121 2692 παρανομιῶν
1147 2620 1326 2675 καὶτὸ
1353 2620 1592 2675 τοιοῦτον
1614 2622 1717 2691 τῆς
1744 2621 1970 2694 γνώμης

392 2714 674 2784 ἐξαίρετον
705 2712 920 2789 ἰδίωμα,
961 2711 1029 2766 δι’
1055 2707 1117 2767 οὗ
1148 2712 1246 2766 καὶ
1262 2711 1370 2783 πρὸ
1402 2712 1501 2783 τῆς
1537 2712 1816 2782 βασιλείας
1842 2714 1972 2766 πολ-

390 2782 532 2869 λοὺς
566 2782 873 2875 ἠπάτησεν.
916 2803 1078 2874 ςΠλὴν
1129 2782 1475 2873 γελοιότατος
1521 2800 1592 2875 ἧν
1624 2807 1739 2869 τοῖς
1771 2805 1970 2859 εἰδόσιν

391 2897 643 2968 ἀκριϐῶς
671 2897 717 2929 ⁸⁷
742 2896 805 2950 τὸ
841 2896 1183 2966 ἐπιτήδευμα
1209 2912 1224 2927 ⁸
1249 2896 1389 2950 ὥστε
1444 2897 1697 2950 κάκεῖνον
1723 2896 1971 2969 ἀναιδείᾳ

392 2991 561 3061 πολλῇ
626 2989 1006 3059 ζεζοφωμὲνον
1056 2989 1118 3043 τὸ
1169 2988 1516 3061 μιαρώτατον
1578 2988 1747 3044 αὐτοῦ
1800 2990 1971 3060 πρόσ-

2075 1806 2307 1874 belluas,
2347 1807 2538 1861 iisdem
2591 1821 2716 1861 cum
2752 1819 2816 1860 eo
2847 1816 3027 1859 mente
3050 1819 3116 1860 ac
3162 1803 3411 1860 moribus
3450 1804 3658 1860 instru-

2076 1907 2196 1954 ctos
2228 1898 2478 1953 homines
2512 1899 2565 1951 in
2602 1897 2803 1952 Proteu
2837 1896 3073 1952 insulam
3108 1897 3336 1961 missos,
3378 1904 3554 1951 noctu
3589 1895 3656 1949 ad

2074 1996 2276 2043 terram
2327 1987 2681 2056 appellenles,
2721 1985 3074 2051 Bardanium,
3125 2001 3286 2056 quem
3335 1986 3658 2040 memoravi-

2073 2095 2217 2143 mus,
2267 2079 2441 2137 oculis
2478 2078 2717 2147 privare,
2756 2085 3015 2146 tanquam
3048 2091 3108 2132 se
3160 2078 3473 2133 nullatenus
3525 2092 3658 2131 con-

2071 2171 2208 2233 scio,
2258 2178 2309 2224 et
2341 2179 2551 2240 patrato
2585 2170 2825 2225 facinore
2881 2172 2945 2225 ad
3014 2168 3301 2225 ecclesiam
3369 2167 3661 2240 confugere

2065 2261 2249 2332 jussit.
2308 2262 2622 2317 Admissum
2672 2262 2854 2317 scelus
2936 2262 3244 2332 patriarcha
3316 2271 3370 2315 et
3424 2271 3658 2317 senatus

2073 2352 2364 2408 universus
2426 2366 2751 2423 omnesque,
2818 2353 2912 2423 qui
2977 2352 3071 2408 Dei
3136 2354 3385 2407 timorem
3445 2368 3558 2423 prce
3600 2368 3659 2408 se

2078 2440 2351 2508 ferebant,
2387 2443 2609 2513 indigne
2635 2444 2897 2499 tulerunt.
2941 2442 3194 2497 Nefarius
3217 2458 3380 2512 porro
3417 2443 3657 2512 impera-

2072 2544 2160 2587 tor
2219 2534 2582 2603 Niecphorus,
2631 2535 2796 2588 homo
2859 2534 2926 2589 ad
2983 2535 3403 2588 ostentationem
3447 2533 3656 2599 omnia,

2077 2626 2214 2680 nihil
2260 2642 2392 2680 vero
2443 2624 2744 2682 secundum
2783 2625 2950 2679 Deum
2978 2640 3166 2695 agens,
3197 2627 3249 2679 in
3299 2639 3492 2681 numcs
3550 2625 3655 2694 Ly-

2070 2728 2304 2773 caonum
2334 2719 2648 2789 eptimatcs,
2672 2719 2829 2789 quasi
2880 2718 3178 2772 Bardanem
3235 2718 3513 2772 vindicare
3556 2732 3661 2787 vo-

2070 2809 2286 2877 luisset,
2311 2823 2407 2879 per
2423 2809 2737 2878 iuramenta
2768 2810 2931 2879 cmpit
2960 2810 3256 2879 inquirere.
3303 2809 3484 2863 luerat
3515 2809 3660 2885 enim

2073 2898 2285 2953 homini
2316 2908 2512 2968 praeter
2544 2899 2647 2952 alia
2703 2908 2909 2952 naturae
2935 2899 3064 2952 vitia
3115 2897 3290 2952 facilis
3351 2898 3417 2950 ad
3485 2900 3659 2951 simu-

2077 2971 2309 3045 landum
2359 2989 2687 3059 propensio;
2746 2989 2850 3043 hoc
2910 2988 3029 3058 ejus
3105 2987 3247 3055 genii
3329 2988 3658 3057 praecipuum

388 3099 544 3137 ωπον
581 3084 690 3151 ἀεὶ,
717 3084 840 3137 τότε
869 3082 1130 3154 ἀπρόῖτον
1156 3081 1413 3150 γενέσθαι
1439 3081 1529 3133 ἐπὶ
1556 3080 1769 3152 ἡμέρας
1810 3080 1854 3142 ζ’
1878 3081 1970 3134 τοῦ

2078 3096 2302 3147 munus,
2334 3096 2448 3150 quo
2477 3080 2640 3134 etiam
2679 3088 2803 3133 ante
2854 3087 3169 3149 susceptum
3225 3078 3513 3146 imperium
3540 3079 3660 3157 plu—

393 3173 679 3246 βασιλικοῦ
715 3172 974 3238 κοιτῶνος
1027 3171 1215 3237 δολίως
1246 3171 1818 3243 κλαυθμυριζόμενος,
1846 3172 1971 3226 ἐπεὶ

2078 3174 2246 3230 rimos
2276 3172 2526 3243 decepit:
2564 3172 2885 3228 simulatum
2914 3180 3099 3227 tamen
3160 3170 3280 3242 ejus
3337 3157 3576 3227 studium
3609 3180 3664 3226 ct

394 3266 492 3321 καὶ
544 3266 788 3334 φυσικῶς
822 3265 973 3336 αύτῷ
1004 3264 1315 3336 γυναικώδη
1343 3264 1391 3295 ⁸⁸
1425 3264 1708 3335 προσῆσαν
1734 3264 1969 3336 δάκρυα,

2078 3266 2466 3323 alfectationem
2498 3264 2742 3336 expertis
2777 3263 3080 3320 deridiculo
3138 3263 3375 3327 exstitit,
3403 3262 3543 3318 adeo
3603 3270 3664 3317 ut

391 3359 430 3414 ἃ
457 3361 572 3422 τοῖς
597 3358 818 3422 πολλοῖς
848 3359 957 3413 τῶν
989 3357 1215 3428 φαύλων
1246 3358 1658 3429 ψευδοχρίστοις
1684 3360 1970 3429 προσεῖναι

2078 3360 2283 3413 vultum
2342 3372 2503 3413 suum
2536 3350 2954 3419 exsecrandum,
3000 3356 3259 3412 continua
3313 3354 3437 3409 licet
3490 3354 3666 3424 impu-

394 3451 662 3519 πέφυκεν.
701 3450 842 3504 Ἀλλ’
895 3451 993 3503 ούκ
1043 3449 1240 3504 ἐλαϐεν
1298 3451 1425 3514 τοὺς
1484 3450 1736 3514 πολλούς.
1786 3448 1877 3521 Τῷ
1912 3449 1968 3504 δὲ

2078 3451 2249 3506 lentia
2308 3451 2682 3517 obscuratum,
2716 3464 2811 3522 per
2865 3450 2980 3505 dies
3045 3458 3251 3520 septem
3304 3448 3663 3518 imperatorio

394 3542 694 3614 Αὐγούστῳ
725 3542 857 3614 μηνὶ
873 3541 1104 3607 ἐξελθὼν
1121 3542 1167 3575 ⁸⁸
1185 3541 1329 3596 κατά
1362 3541 1610 3614 Ἀράϐων
1643 3544 1972 3614 συνήντησεν

2083 3543 2345 3600 οιιιιίευιο
2393 3552 2571 3599 tectus
2610 3550 2665 3599 et
2710 3543 2923 3613 eiulans
2988 3542 3282 3597 reddiderit
3304 3555 3370 3596 eo
3426 3549 3669 3610 tempore

396 3634 584 3698 αὐτοῖς
622 3636 706 3698 εἰς
751 3634 973 3706 Κρασδν
1019 3634 1123 3705 τῆς
1176 3633 1438 3705 Φρυγίας,
1503 3635 1598 3687 καὶ
1656 3634 1972 3705 πολεμήσας

2080 3634 2453 3690 inaccessum.
2489 3634 2731 3689 Aderant
2757 3635 2900 3689 enim
2938 3634 3142 3714 homini
3170 3633 3359 3688 faciles
3392 3640 3444 3687 et
3476 3633 3669 3686 mulie—

376 3727 648 3797 ’ἡττᾶταυ
680 3727 776 3780 καὶ
822 3726 1055 3791 πολλοὺς
1089 3724 1382 3780 ἀποϐαλὼν
1410 3727 1458 3758 ’θ
1494 3723 1693 3795 μικροῦ
1742 3725 1856 3778 δεῖν
1885 3726 1972 3778 καὶ

2084 3727 2212 3782 bres
2271 3742 2301 3781 a
2363 3737 2559 3781 natura
2603 3740 2881 3781 conce5sa:
2944 3726 3216 3795 laerymae,
3274 3726 3418 3796 quod
3481 3724 3669 3778 multis

403 3817 566 3881 αὐτὸς
587 3817 903 3889 κρατεῖσθαι
929 3817 1184 3890 ἤμελλεν,
1215 3817 1263 3870 εί
1289 3816 1365 3887 μὴ
1388 3815 1497 3869 τῶν
1530 3815 1804 3886 ἀρχόντων
1834 3815 1981 3878 τινὲς

401 3909 771 3980 ἀνδρειότατοι
793 3902 980 3965 τούτον
1011 3907 1165 3981 μόλις
1176 3908 1277 3979 τῆς
1295 3907 1545 3979 ἀνάγκης
1563 3904 1975 3977 περισώσασθαι

376 4024 385 4031 ο
402 4002 655 4072 ἴσχυσαν.

2082 3816 2268 3888 pravis
2333 3817 2656 3871 hominibus
2728 3817 2970 3872 christos
3016 3827 3071 3870 et
3099 3817 3390 3885 pr0phetas
3439 3832 3499 3871 se
3529 3816 3670 3870 falso

2078 3907 2462 3979 jactitantibus
2512 3910 2757 3962 innatum
2825 3908 3075 3961 videatur
3133 3922 3147 3958 :
3201 3906 3251 3960 id
3289 3915 3470 3961 tamen
3524 3906 3667 3959 haud

2082 4001 2270 4071 plures
2335 4001 2516 4056 latuit.
2550 3999 2819 4055 Caeterum
2868 4014 3055 4054 mense
3111 3999 3354 4069 Augusto
3410 4000 3671 4056 adversus

397 4095 610 4151 Arabes
644 4094 983 4166 profectione
1034 4100 1308 4162 suscepta,
1376 4091 1443 4148 ad
1490 4089 1721 4146 Crasum
1775 4087 2026 4160 Phrygiae
2097 4091 2314 4146 obviam
2370 4092 2479 4147 illis
2527 4090 2727 4155 factus,
2778 4089 3081 4144 certamine
3160 4087 3320 4142 initio
3381 4096 3672 4156 superatus

398 4199 505 4259 est,
532 4189 892 4258 pluribusque
931 4200 1158 4242 suorum
1208 4184 1500 4255 prostratis
1527 4198 1719 4252 parum
1780 4180 1979 4245 abfuit,
2025 4183 2156 4253 quin
2211 4183 2450 4238 hostium
2522 4183 2575 4236 in
2628 4196 2826 4236 manus
2878 4180 3164 4244 incideret,
3215 4180 3321 4235 nisi
3381 4194 3668 4249 procerum

404 4282 649 4336 nonnulli
709 4282 894 4336 animo
949 4290 1005 4335 et
1060 4280 1258 4336 robore
1310 4287 1630 4350 prmstantes
1693 4292 1819 4330 eum
1874 4291 1980 4329 non
2022 4276 2145 4331 sine
2175 4275 2490 4331 difﬁcultate
2519 4276 2763 4347 periculo
2802 4273 3148 4345 eripuissent.

471 4375 538 4429 Δ.
574 4374 651 4429 Μ.
679 4371 923 4428 6297.-
942 4370 1131 4444 Τούτῳ
1157 4370 1235 4441 τῷ
1265 4370 1378 4423 ἔτει
1409 4370 1653 4432 στάσεως
1677 4367 1972 4438 γενομένης

2155 4369 2220 4420 Α.
2251 4368 2313 4423 C.
2341 4367 2466 4422 797.
2498 4397 2568 4407 —-
2599 4366 2716 4422 lloc
2740 4380 2886 4422 anno
2913 4364 3146 4419 tumultu
3176 4363 3231 4417 in
3273 4360 3460 4419 Persia
3522 4355 3671 4414 exci-

403 4465 546 4519 κατά
590 4467 691 4534 τὴν
739 4464 1040 4535 Περσικὴν,
1075 4462 1343 4532 κατῆλθεν
1364 4463 1392 4515 ὁ
1423 4460 1533 4515 τῶν
1568 4459 1816 4529 Ἀράϐων
1844 4458 1982 4528 ἀρχ-

403 4558 543 4628 ηγὸς
596 4557 1029 4628 εἰρηνοποιήσων
1079 4554 1303 4618 αὐτούς.
1351 4550 1673 4624 Νικηφόρος
1702 4550 1760 4603 δὲ
1797 4549 1984 4603 ἄδειαν

404 4648 625 4720 εὑρὼν,
662 4648 879 4702 ἔκτισεν
930 4647 1032 4718 τὴν
1065 4645 1350 4716 ’Ἄγκυραν
1407 4643 1510 4712 τῆς
1571 4640 1847 4704 Γαλατίας
1892 4640 1987 4694 καὶ

404 4744 507 4813 τὴν
535 4742 795 4815 Θήϐασαν
816 4741 910 4795 καὶ
932 4741 1031 4815 τὴν
1073 4736 1388 4810 Ἀνδρασόν.
1430 4734 1778 4789 ’Δπέστειλεν
1806 4733 1864 4787 δὲ
1892 4733 1986 4787 καὶ

408 4837 467 4888 ὲν
495 4834 669 4906 Συρίᾳ
691 4833 945 4903 κοῦρσον,
972 4814 1068 4886 καὶ
1100 4831 1268 4903 μηδὲν
1303 4827 1509 4883 ἀνύσαν
1540 4826 1884 4898 ὑπέστρεψεν
1908 4827 1977 4893 ⁸⁸,

406 4927 718 4982 τούναντίον
750 4924 809 4979 δὲ
839 4923 1042 4995 μᾶλλον
1072 4922 1169 4976 καὶ
1210 4920 1438 4982 πολλοὺς
1470 4917 1765 4973 ἁποϐαλόν.
1918 4982 1925 4987 ν

476 5022 543 5074 Δ.
577 5019 647 5073 Μ.
678 5017 849 5074 69.98.
881 5046 952 5056 —
977 5012 1675 5079 Κωνσταντινουπόλεως
1729 5009 1979 5065 ἐπισκό·

406 5129 527 5167 που
550 5111 895 5180 Νικηφόρον
923 5108 1061 5175 ἔτος
1095 5104 1168 5162 α’.

474 5206 665 5275 Τούτῳ
692 5203 770 5275 τῷ
810 5203 940 5269 ἔτει,
980 5202 1111 5273 μηνὶ
1168 5197 1519 5272 Φεϐρουαρίῳ
1557 5194 1656 5261 κε’,
1695 5193 1986 5248 ίνδικτιῶνι

411 5297 496 5364 ιδ’,
520 5298 801 5369 Ταράσιος
843 5298 871 5349 6
901 5294 1205 5364 ἁγιώτατος
1236 5290 1665 5364 ἀρχιεπίσκοπος
1696 5289 1987 5342 Κωνσταν-

408 5392 775 5456 τινουπόλεως
832 5387 1062 5454 ἐνδόξως
1118 5385 1355 5450 ἀπεϐίω,
1413 5381 1511 5439 καὶ
1543 5377 1875 5450 ὲξεκομίσθη
1925 5376 1985 5430 τὸ

2085 4466 2199 4512 tato
2219 4459 2457 4513 Arabum
2485 4459 2594 4512 dux
2626 4466 2808 4528 partes
2863 4457 3193 4512 dissidentes
3241 4453 3668 4522 compositurus,

2084 4549 2213 4604 illuc
2261 4565 2322 4605 se
2377 4551 2627 4605 contulit.
2662 4549 2872 4604 Interea
2918 4546 3258 4617 Nicephorius
3318 4554 3474 4613 capta
3506 4557 3669 4598 occa-

2086 4643 2244 4699 sione
2299 4643 2570 4716 Ancyram
2631 4643 2879 4708 Galatite,
2925 4639 3232 4695 Thebasam
3269 4646 3323 4692 ct
3365 4636 3671 4691 Andrasum

2088 4737 2386 4806 reparavit.
2458 4736 2586 4790 Levi
2636 4736 2861 4804 insuper
2889 4742 2947 4787 et
3001 4732 3199 4801 praedis
3225 4728 3488 4800 cogendis
3548 4736 3676 4797 apto

2090 4829 2336 4884 exercitu
2395 4827 2448 4881 iu
2520 4827 2736 4896 Syriam
2790 4824 2984 4889 misso,
3062 4822 3262 4875 milites
3317 4836 3376 4875 re
3448 4818 3672 4883 infecta,

2090 4919 2221 4991 quin
2255 4921 2365 4972 imo
2391 4918 2639 4987 pluribus
2668 4931 2857 4971 eorum
2894 4914 3237 4979 desideratis,
3286 4911 3490 4968 reversi
3524 4920 3670 4965 sunt.

2158 5015 2224 5066 A.
2248 5009 2309 5069 C.
2336 5010 2463 5066 798.
2495 5042 2566 5052 --
2629 5007 2847 5078 Cpoleas
2887 5006 3117 5077 episcopi
3166 5005 3454 5076 Nicepltori
3509 5018 3678 5059 atmiis

2096 5106 2321 5176 primus.

2170 5196 2286 5252 Hoc
2321 5209 2466 5250 anno
2499 5192 2705 5250 mensis
2745 5191 3027 5249 Februarii
3088 5192 3175 5248 die
3198 5191 3359 5265 407
3420 5187 3680 5245 vicesimo

2095 5288 2291 5360 quinto
2322 5287 2618 5342 indictione
2646 5285 2856 5340 decima
2879 5294 3073 5356 quarta
3103 5283 3365 5338 Tarasius
3395 5276 3680 5335 sanctissi-

2091 5395 2220 5436 mus
2272 5377 2504 5449 Cpoleos
2564 5377 3037 5448 archiepiscopus,
3105 5373 3396 5445 gloriosam
3453 5376 3680 5423 mortem

1726 5490 1967 5547 VARUE
2005 5491 2411 5551 LECTlONES.

392 5640 403 5659 ν
458 5622 534 5694 ί⁸⁵
559 5622 631 5693 ἢν
650 5620 716 5686 At
748 5615 953 5694 nmis.-
1014 5619 1062 5653 "
1095 5619 1207 5694 εἶτε
1236 5613 1438 5694 Anz“?!
1470 5611 1676 5694 9.!“8:

409 5693 557 5756 τίδος
586 5689 654 5757 λ,
682 5689 1023 5761 γυναικώδει
1051 5689 1200 5761 vulg.

1774 5608 1822 5642 “
1844 5609 1996 5681 αὐτῷ
2026 5610 2093 5673 Α,
2137 5608 2271 5663 αὐτὸ
2309 5607 2469 5681 vulg._
2510 5606 2577 5681 _'_’
2607 5604 2856 5681 ἀκριϐῶς
2876 5603 3002 5681 add:
3041 5615 3106 5658 ex
3142 5601 3233 5681 A._
3282 5598 3329 5632 ⁸⁸
3355 5612 3682 5681 voeantth-

1308 5686 1356 5719 °’
1379 5680 1724 5747 teneone,
1773 5680 1943 5734 ἐλθὼν
1972 5680 2082 5733 νιιΙ

415 5750 762 5835 ὑπέστρεψεν
789 5790 861 5804 --
884 5750 1253 5825 ἁποϐαλὸννΑ,
1286 5755 1585 5820 ἀνύσαντες
1617 5750 1967 5821 ὑπέστρεψαν
2000 5782 2069 5792 ——

2240 5681 2290 5712 ⁸⁸
2324 5666 2620 5733 ἀποϐαλὼν
2650 5666 2719 5741 Χ,
2767 5666 3093 5731 ἀποϐάλλων
3142 5671 3297 5743 vulg.
3368 5666 3375 5669 ⁷
3403 5672 3444 5703 "
3478 5666 3682 5724 ἀνύσαν

2126 5718 2141 5734 ο
2243 5696 2290 5712 ’⁷
2324 5696 2620 5733 αποοαΑων
2650 5696 2672 5732 1⁵

2087 5696 2495 5815 Ξποϐἀλλοντες
2527 5748 2672 5816 vulg.
