4060 6226
275 324 504 430 ,971

1776 320 2189 382 ἹῊΕΟΡΠΑΝ
2201 319 2269 378 IS

3569 312 3682 378 972

401 439 608 497 annuis
631 437 983 508 vectigalibus
1011 437 1080 492 ab
1131 438 1213 493 eis
1247 436 1457 492 exactis
1517 436 1884 493 collecturum
1928 453 1987 494 se

2104 437 2330 510 ἐτησίων
2361 435 2714 507 τελεσμάτων
2759 435 2788 488 6
2818 430 2999 487 πάντα
3041 431 3132 486 διὰ
3175 429 3304 484 τδν⁸
3346 429 3688 498 φιλούμινον

401 533 722 598 arbitratus.
779 530 872 600 qui
930 529 1117 585 dilecti
1176 529 1282 586 sibi
1336 530 1457 584 auri
1497 531 1819 600 cupiditate,
1875 547 1984 586 non

400 620 605 677 Christi
654 619 944 674 dilectione
999 626 1196 674 cuncta
1241 633 1428 686 gerere
1474 619 1558 673 vel
1602 617 1989 675 administrare

406 715 554 770 visus
587 723 691 770 est.

470 808 540 862 A.
569 806 630 862 (Σ.
662 803 770 861 800
805 835 872 846 --
908 803 1024 862 Hoc
1070 819 1217 862 anno
1247 820 1438 862 mense
1484 805 1798 877 Septembri
1844 806 1988 861 indi-

403 898 587 953 ctione
633 897 833 968 prima,
883 897 1065 954 Aaron
1104 897 1346 954 Arabum
1394 899 1504 952 dux
1557 897 1796 954 Chumid
1859 913 1987 952 cum

404 989 581 1045 valida
640 989 820 1045 classe
877 991 1145 1046 adversus
1189 988 1446 1045 Rhodum
1498 990 1784 1046 instruxit.
1833 989 1885 1044 ιε
1921 1005 1987 1045 ex

407 1081 710 1152 improviso
755 1081 1105 1152 navigatione
1153 1091 1434 1151 suscepta,
1490 1081 1746 1137 Rhodum
1804 1082 1992 1152 appel-

403 1175 524 1229 lens
555 1175 828 1245 ingentem
877 1175 1074 1240 praedae
1125 1175 1337 1245 copiam
1391 1189 1458 1229 ex
1501 1189 1564 1230 ea
1611 1175 1811 1245 abegit,
1864 1189 1991 1230 arce

404 1265 522 1336 sola
555 1265 828 1321 vastitatis
858 1265 1090 1320 immuni
1123 1273 1364 1322 servata.
1392 1263 1461 1319 At
1487 1275 1638 1322 certe
1665 1266 1988 1321 redeuntem

407 1368 632 1414 sanctus
680 1368 736 1412 et
768 1357 1150 1412 mirandorum
1184 1357 1368 1428 opifex
1404 1357 1667 1414 Nicolaus
1701 1357 1990 1415 manifesta

405 1449 620 1506 ultione
669 1451 989 1530 exagitavit.
1040 1452 1194 1522 Myra
1249 1451 1454 1507 etenim
1515 1461 1802 1522 occupata,
1863 1467 1988 1507 cum

409 1555 624 1595 sacram
676 1541 798 1611 ejus
843 1557 1040 1596 urnam
1110 1541 1462 1613 confringere
1523 1551 1781 1608 tentaret,
1827 1552 1883 1598 et
1931 1543 1988 1597 in

410 1631 648 1686 vicinam
683 1648 750 1687 ex
799 1647 987 1687 errore
1048 1633 1156 1688 vim
1201 1641 1256 1689 et
1295 1635 1439 1691 ictus
1481 1633 1730 1698 inferret,
1784 1642 1991 1689 extern-

409 1724 501 1795 plo
536 1725 794 1781 immanis
841 1735 1130 1780 ventorum
1194 1727 1456 1797 procella,
1502 1727 1842 1783 marinorum
1883 1724 1990 1780 ﬂu-

2089 531 2242 603 αὐτῷ
2271 529 2491 601 χρυσὸν,
2527 528 2621 582 καὶ
2641 527 2702 582 οὐ
2738 525 2826 581 διὰ
2854 525 2948 580 τὸν
2973 523 3211 595 Χριστὸν
3240 522 3518 594 πράττων.

2162 788 2227 840 Α.
2261 785 2334 842 Μ.
2379 783 2806 855 6500.-Τούτῳ
2837 783 2916 855 τῷ
2953 785 3086 850 ἔτει,
3119 783 3252 855 μηνὶ
3283 783 3685 854 Σεπτεμϐρίῳ,

2098 879 2391 933 ινδικτιῶνι
2412 875 2482 943 α’,
2525 875 2739 950 Ἀαρὼν
2778 878 2810 930 6
2839 877 2950 931 τῶν
2988 877 3237 947 Ἀράϐων
3261 877 3507 949 ἀρχηγὸς
3533 877 3688 946 μετὰ

2093 971 2282 1025 στόλου
2322 969 2467 1023 κατὰ
2489 969 2592 1039 τῆς
2634 968 2819 1023 Ῥόδου
2859 967 3106 1039 Χουμσῖδ
3135 969 3472 1039 ἐξέπεμψεν.
3503 963 3690 1031 οὗτος

2091 1063 2304 1134 ἁθρόως
2359 1062 2767 1128 καταπλεύσας,
2816 1063 2910 1117 καὶ
2959 1063 3061 1134 τὴν
3115 1062 3299 1116 Ῥόδον
3344 1061 3693 1116 καταλαὸὼν

2093 1153 2299 1224 πολλὴν
2339 1154 2541 1208 ἆλιοσιν
2595 1154 2891 1225 ἐποιήσατο
2926 1154 2985 1208 ὲν
3032 1155 3196 1225 αὐτῇ,
3243 1154 3318 1207 Τὸ
3383 1153 3574 1224 μέντοι
3624 1157 3698 1208 ὲν

2091 1249 2231 1319 αὐτῇ
2265 1249 2526 1320 φρούριον
2549 1248 2882 1320 διεφυλάχθη
2905 1249 3239 1320 ἀπόρθητον.
3275 1250 3364 1302 Ἐν
3393 1248 3453 1302 δὲ
3475 1247 3561 1318 τῷ
3582 1249 3698 1300 ἐπ-

2091 1338 2420 1412 ανέρχεσθαι
2449 1333 2636 1404 αὐτὸν,
2681 1341 2934 1412 φανερῶς
2963 1339 3392 1410 κατεπολεμήθη
3433 1339 3541 1393 ὑπὸ
3580 1337 3695 1392 τοῦ

2093 1435 2251 1503 ἁγίου
2283 1435 2381 1488 καὶ
2429 1433 2852 1505 θαυματουργοῢ
2881 1433 3177 1489 Νικολάου.
3221 1434 3422 1488 Ἐλθὼν
3447 1436 3558 1505 γὰρ
3599 1437 3698 1500 εἰς

2092 1526 2162 1581 τὰ
2195 1525 2360 1596 Μῦρα
2389 1527 2484 1580 καὶ
2533 1527 2629 1598 τὴν
2670 1527 2824 1598 ἱερὰν
2850 1525 3019 1581 αὐτοῦ
3061 1527 3354 1596 συντρίψαι
3385 1528 3697 1598 πειραθεὶς

2091 1619 2562 1690 λάρνακα,.ᾶλλην
2607 1619 2723 1674 ἀντ’
2767 1619 2987 1688 ἐκείνης
3021 1619 3251 1692 πλησίον
3290 1619 3501 1690 αὐτ-ἦς’
3542 1637 3697 1674 κατ-

2091 1711 2354 1765 έκλασεν·
2386 1710 2586 1766 αὐτίκα
2623 1727 2685 1765 τε
2739 1711 2912 1782 πολλὴ
2959 1711 3180 1780 ἀνέμων
3220 1711 3316 1764 καὶ
3367 1711 3694 1766 θαλαττίων

411 1825 599 1872 ctuum
633 1816 857 1888 impelui
893 1819 1200 1873 tonitruum
1244 1817 1636 1890 fulgurumque
1675 1820 1991 1885 promiscua

2104 1804 2378 1874 κυμάτων.
2421 1803 2664 1874 βροντῶν
2703 1821 2766 1856 τε
2799 1805 2896 1858 καὶ
2926 1805 3224 1875 ἀστραπῶν
3253 1804 3545 1874 ἀνωμαλία
3587 1805 3694 1856 τὸν

413 1919 708 1980 tempestas
761 1902 1169 1967 adeoiclassem
1193 1912 1444 1982 jactavit,
1482 1921 1542 1968 ut
1587 1912 1861 1983 pleraeque
1895 1927 1990 1967 na-

411 2016 507 2059 .ves
567 2012 951 2072 conquassatae
1009 2004 1523 2074 submergerentur,
1601 2003 1827 2075 ipseque
1895 2001 1991 2059 Dei

411 2094 590 2150 hostis
632 2094 867 2151 Chumid
911 2097 1088 2150 sancti
1134 2097 1390 2152 virtutem
1443 2109 1729 2167 expertus,
1786 2095 1878 2152 vix
1928 2111 1997 2151 ac

412 2195 608 2260 praeter
641 2201 793 2256 spem
843 2201 961 2241 eam
997 2188 1238 2256 potuerit
1270 2187 1533 2259 eﬂ‘ugere.
1568 2187 1772 2244 Mensis
1806 2197 1992 2243 autem

410 2265 729 2346 Decembris
792 2279 882 2334 die
967 2278 1232 2334 vicesimo
1293 2277 1638 2349 Nicephorus
1705 2277 1996 2334 Slauraeio

413 2370 524 2427 lilio
559 2386 782 2426 uxorem
818 2375 1197 2442 cnpulaturus,
1245 2371 1518 2442 virginum
1564 2371 1828 2425 Romanae
1869 2369 1997 2425 diti-

413 2461 538 2520 onis
594 2470 854 2517 accurata
903 2461 1314 2538 disquisitione
1345 2461 1655 2532 praemissa,
1705 2459 1991 2551 Tlteopha-

417 2568 610 2610 nonem
663 2555 1054 2609 Atheniensem
1110 2554 1283 2608 beata:
1327 2553 1508 2610 lrenes
1563 2554 1804 2620 affinem,
1855 2553 1995 2618 viro,

416 2658 544 2700 cum
573 2658 684 2714 quo
731 2643 1074 2712 frequentius
1109 2643 1469 2709 decubuerat,
1506 2643 1900 2714 desponsatam
1944 2653 2000 2699 et

417 2733 486 2790 ab
512 2748 578 2790 eo
610 2732 940 2802 seiunctam,
974 2731 1177 2788 infelici
1217 2731 1508 2790 Stauracio
1536 2733 1760 2799 locavit,
1812 2743 1872 2788 ut
1903 2735 1998 2804 qui

419 2827 567 2895 leges
629 2840 820 2880 omnes
878 2825 1087 2880 violare
1142 2826 1339 2880 solitus
1389 2833 1532 2891 erat,
1581 2826 1746 2881 etiam
1801 2828 1852 2881 in
1895 2827 2000 2883 hoc

419 2916 898 2987 transgrederetur
963 2915 1333 2987 impudenter.
1401 2915 1549 2972 Duas
1611 2927 1797 2974 autem
1861 2919 2002 2973 alias

419 3009 628 3080 puellas
677 3009 840 3064 istam
893 3007 1070 3063 forma
1118 3009 1279 3079 longe
1325 3016 1670 3078 superantes,
1715 3023 1856 3080 quas
1892 3024 2001 3064 una

2095 1897 2282 1954 στόλον
2315 1896 2640 1964 κατέλαϐεν,
2668 1896 2745 1961 ὡς
2775 1897 2936 1951 ἱκανὰ
2971 1897 3328 1968 συντριϐῆναι
3352 1897 3695 1966 extirpamu-

2092 1991 2186 2046 τόν
2212 2007 2273 2044 τε
2301 1989 2392 2045 τὸν
2411 1991 2454 2022 ¹⁰
2503 1989 2774 2061 θεομάχον
2805 1989 3047 2060 Χουμεῒδ
3107 1989 3412 2058 ἐπιγνῶναι
3440 1990 3542 2060 τὴν
3582 1989 3690 2042 τοῦ

2095 2081 2253 2150 ἁγίου
2281 2080 2536 2151 δύναμιν,
2569 2081 2666 2135 καὶ
2700 2081 2830 2152 παρ’
2853 2080 3046 2134 ὲλπίδα
3095 2081 3190 2134 τὸν
3233 2080 3543 2133 κίνδυνον¹⁸
3586 2082 3695 2132 ἐκ-

2096 2175 2312 2244 φυγεῖν.
2347 2175 2426 2245 Τῇ
2477 2172 2537 2228 δὲ
2575 2180 2627 2228 κ’
2650 2173 2746 2228 τοῦ
2774 2173 3116 2244 Δεκεμϐρίου
3163 2173 3333 2244 μηνὸς
3359 2173 3696 2244 Νικηφόρος

2099 2263 2242 2336 μετὰ
2263 2263 2466 2336 πολλὴν
2488 2262 2719 2335 ἐκλογὴν
2749 2263 3039 2336 παρθένων
3065 2265 3129 2317 ἐκ
3170 2263 3355 2334 πάσης
3373 2264 3415 2296 ⁸³
3460 2264 3564 2334 τῆς
3587 2266 3695 2316 ὑπ’

2097 2357 2265 2413 αὐτοῦ
2295 2356 2546 2424 ἔξουσίας
2599 2358 2682 2420 εἰς
2722 2356 2785 2410 τὸ
2827 2356 3015 2422 ζεῦξαι
3057 2357 3403 2427 Σταυράκιον
3443 2357 3537 2410 τὸν
3568 2358 3695 2410 ιίὺν

2098 2449 2267 2508 αὑτοῦ
2314 2449 2710 2521 ποιησάμενος,
2748 2450 3009 2520 θεοφανὼ
3038 2450 3138 2523 τὴν
3179 2451 3476 2521 Ἀθηναίαν
3507 2468 3695 2521 προσ-

2097 2545 2228 2615 γενη
2262 2542 2362 2614 τῆς
2389 2543 2668 2614 μακαρίας
2695 2544 2933 2614 Εἰρήνης
2955 2544 3452 2616 μεμνηστευμένην
3497 2545 3686 2614 ἀνδρὶ,

2097 2636 2196 2690 καὶ
2229 2635 2495 2701 πολλάκις
2516 2636 2667 2708 αὐτῷ
2701 2639 3219 2705 συγκοιτασθεῐσαν,
3237 2638 3482 2709 χωρίσας
3509 2638 3696 2708 αὐτὴν

2098 2726 2196 2780 ἀπ’
2221 2727 2409 2794 αὐτοῦ,
2439 2728 2520 2800 τῷ
2559 2729 2730 2800 ἀθλίῳ
2753 2731 3076 2800 Σταυρακίῳ
3112 2731 3457 2796 συνέζευξεν,
3500 2731 3580 2792 ὡς
3603 2734 3695 2794 είς

2098 2818 2280 2874 πάντα
2313 2819 2410 2874 καὶ
2443 2822 2523 2883 εἰς
2549 2820 2710 2874 τοῦτο
2729 2822 3191 2893 ¹³παρανομήσας
3221 2821 3478 2886 ἀναιδῶς,
3510 2821 3695 2881 ἄλλας

2099 2912 2196 2967 δύο
2252 2913 2459 2986 ταύτης
2513 2914 2852 2986 ὡραιοτέρας
2921 2915 3324 2986 ἐκλεξάμενοςο
3387 2917 3485 2970 σὺν
3537 2917 3695 2987 αὐτῇ

2102 3005 2401 3074 προφανῶς
2457 3006 2629 3068 αὑτὰς
2660 3006 2915 3079 ἔφθειρεν
2948 3007 3071 3060 κατ’
3101 3007 3272 3071 αὑτὰς
3326 3007 3427 3070 τὰς
3467 3007 3696 3078 ἡμέρας

419 3117 543 3157 eum
591 3116 654 3156 ea
693 3100 992 3171 delegerat,
1045 3099 1100 3156 in
1145 3100 1278 3170 ipsis
1321 3100 1633 3170 nuptiarum
1666 3099 1998 3155 solemnibus

2104 3096 2199 3150 τοῦ
2227 3097 2408 3168 γάμου
2438 3097 2593 3167 παρὰ
2621 3097 2841 3152 πάντων
2863 3099 2892 3150 6
2919 3097 3118 3169 μιαρὸς
3144 3096 3478 3168 γελώμενος.
3501 3097 3597 3167 Τῷ
3629 3097 3694 3150 δὲ

421 3193 619 3249 diebus
647 3192 827 3263 palam
869 3209 975 3248 non
1007 3193 1125 3249 sine
1155 3192 1436 3254 hominum
1467 3191 1583 3246 risu
1611 3190 1693 3245 vir
1711 3205 1998 3247 exsecran-

2105 3167 2462 3261 Φεϐρουαρίῳ
2513 3192 2648 3260 μην)⁸
2700 3191 2894 3246 στάσιν
2941 3167 3304 3262 ἐννοήσαντες
3343 3192 3467 3244 κατ’
3511 3191 3696 3246 αὐτοῦ

420 3288 524 3342 «lus
557 3286 957 3356 constupravit.
987 3286 1258 3341 Craterum
1291 3298 1482 3339 mense
1508 3283 1818 3340 Februario,
1838 3282 2004 3363 409

423 3392 677 3448 proceres
753 3377 898 3430 haud
983 3375 1146 3446 pauci
1227 3375 1693 3446 conspirationem
1759 3375 1815 3430 in
1873 3391 1999 3430 eum

426 3468 718 3524 machinati
779 3468 1108 3524 Arsaberem
1168 3476 1497 3539 quaistorem
1563 3478 1620 3523 et
1684 3469 2000 3539 patricium,

427 3561 604 3616 virum
635 3561 949 3632 religiosum
993 3571 1049 3619 et
1086 3561 1386 3628 eruditum,
1430 3561 1864 3632 designaverunt
1897 3561 2000 3614 im-

428 3664 752 3724 peratorem.
804 3651 906 3709 Ubi
953 3651 1320 3724 Nicephorus,
1374 3653 1518 3709 dolis
1566 3653 1832 3708 adversus
1867 3651 2002 3708 alios

429 3746 690 3820 parandis
717 3745 1236 3813 exercitatissimus,
1265 3744 1490 3802 insidias
1519 3744 1706 3799 habuit
1737 3744 2002 3808 detectas,

428 3837 756 3893 Arsaberem
782 3837 1105 3893 verberibus
1139 3851 1341 3893 caesum
1371 3845 1425 3890 et
1471 3835 1734 3906 capillitio
1770 3837 2003 3890 damna-

430 3937 545 3984 tum
597 3929 740 3985 inter
788 3929 1089 3986 monachos
1139 3929 1411 3999 reliquum
1462 3927 1589 3982 vita:
1639 3938 1894 3983 acturum
1947 3926 2004 3980 in

335 4001 340 4018 ’
430 4023 740 4094 Bithyniam
811 4024 1098 4097 relegavit,
1169 4030 1397 4079 caeteros
1463 4021 1639 4093 plagis
1707 4019 2000 4090 impositis,

428 4114 637 4172 exsiliis
653 4124 716 4171 et
728 4115 1050 4173 facultatum
1071 4112 1583 4184 proscriptionibus,
1603 4127 1710 4167 non
1729 4108 2007 4166 saecularis

437 4207 602 4262 modo
666 4207 951 4262 convictus
1017 4219 1294 4276 proceres,
1357 4202 1456 4258 sed
1513 4213 1570 4258 et
1633 4213 1856 4260 sanctos
1896 4202 2008 4272 epi-

2111 3277 2297 3332 πολλοὶ
2332 3278 2440 3333 τῶν
2469 3280 2526 3333 ὲν
2556 3279 2722 3345 τέλει,
2763 3279 3043 3352 ’Λρσαϐὴρ
3071 3281 3164 3335 τὸν
3211 3281 3549 3352 κοιαίστωρα
3592 3284 3700 3336 καὶ

2109 3371 2401 3439 πατρίκιον
2447 3370 2621 3443 ἄνδρα
2661 3372 2861 3444 εὐσεϐῆ
2905 3374 3002 3426 καὶ
3044 3373 3439 3442 λογιώτατονιδ
3487 3373 3698 3442 ἑψηφί-

2109 3462 2282 3530 ζοντο.
2316 3464 2483 3528 Γνοὺς
2511 3466 2570 3520 δὲ
2610 3465 2830 3521 τοῦτο¹³
2855 3468 2885 3519 6
2911 3467 3296 3538 πολυμήχανος
3340 3467 3694 3537 Νικηφόρος,

2108 3551 2272 3607 αὑτὸν
2307 3551 2408 3622 μὲν
2439 3553 2614 3624 τύψας
2635 3556 2730 3609 καὶ
2757 3556 3083 3628 ἀποκείρας,
3103 3556 3336 3628 μοναχδν
3360 3559 3693 3629 πεποίηκεν,

2108 3642 2166 3697 ὲν
2194 3643 2420 3717 Βιθυνίᾳ
2444 3644 2636 3702 τοῦτον
2666 3646 2938 3719 ὲξορίσας,
2967 3649 3092 3711 τοὺς
3113 3649 3172 3703 δὲ
3198 3649 3420 3713 λοιποὺς
3455 3650 3700 3721 δαρμοῑς

2111 3737 2208 3793 καὶ
2237 3737 2499 3808 ἑξορίαις,
2533 3740 2672 3811 πρὸς
2716 3740 2774 3794 δὲ
2825 3742 2918 3794 καὶ
2955 3739 3254 3810 δημεύσεσι
3277 3741 3698 3808 καθυπὲὁαλεν,

2111 3828 2172 3882 οὐ
2207 3828 2374 3899 μόνον
2411 3828 2540 3894 τοὺς
2577 3829 2638 3883 ὲν
2664 3828 2741 3898 τῷ
2765 3829 3018 3900 κοσμικῷ
3046 3829 3148 3901 βίῳ
3167 3830 3212 3862 ¹⁶
3241 3830 3535 3900 ἄρχοντας,
3550 3831 3702 3885 diu}.

2110 3919 2208 3976 καὶ
2237 3921 2571 3985 ἐπισκόπους
2602 3921 2792 3989 ἁγίους
2831 3923 2925 3976 καὶ
2954 3921 3246 3992 μοναχοὺς,
3269 3922 3394 3976 ’καὶ
3427 3921 3558 3984 τοὺς
3592 3923 3700 3992 τῆς

2107 4011 2367 4084 Μεγάλης
2407 4012 2751 4083 Ἐκκλησίας.
2797 4014 2889 4067 τόν
2933 4030 2994 4066 τε
3019 4013 3316 4083 σύγκελλον
3343 4014 3439 4068 καὶ
3466 4012 3560 4067 τὸν
3592 4031 3700 4067 σα-

2113 4105 2396 4176 κελλάριον
2428 4104 2524 4158 καὶ
2555 4104 2647 4158 τὸν
2679 4105 3094 4176 χαρτοφύλακα,
3121 4105 3326 4177 ἄνδρας
3365 4106 3698 4175 ἐλλογίμους

2113 4197 2458 4270 ὑπάρχοντας
2483 4197 2580 4251 καὶ
2603 4197 2784 4261 αἰδοῦς
2817 4197 3025 4263 ἀξίους.

430 4313 630 4370 scopos
666 4298 1098 4366 monachosque,
1155 4311 1368 4352 necnon
1413 4296 1563 4366 ipsos
1613 4293 1819 4364 Magnae
1859 4291 2106 4348 ecclesiae
2157 4287 2486 4362 tyncellum,
2525 4288 2873 4345 sacellarium
2910 4299 2966 4345 et
3020 4290 3494 4364 chartuphylacem
3543 4293 3701 4348 viros

430 4392 760 4472 spectabiles
784 4390 1050 4461 omnique
1075 4393 1426 4446 veneratione
1453 4389 1649 4461 dignos
1680 4387 1972 4460 supposuit

499 4485 565 4540 A.
596 4484 660 4540 Ο.
693 4481 1158 4541 80L—Arabum
1188 4483 1338 4537 ducis
1387 4481 1634 4536 Muamed
1683 4496 1854 4535 annus
1893 4478 1998 4550 pri-

2186 4473 2253 4531 A.
2315 4472 2388 4528 M.
2441 4472 2603 4530 650i.
2655 4503 2726 4514 —
2771 4472 3035 4543 Ἀράϐων
3079 4473 3355 4545 ἀρχηγυῦ
3408 4475 3705 4544 ﬂammea

431 4594 568 4634 mus.

501 4667 617 4725 Hoc
666 4684 835 4735 anno,
887 4683 1076 4724 mense
1129 4667 1343 4734 Martio,
1395 4667 1696 4724 indictione
1746 4667 2008 4735 secunda,

429 4761 672 4817 Arabum
715 4761 828 4818 dux
866 4764 1048 4816 Aaron
1099 4760 1154 4816 in
1203 4760 1464 4817 interiore
1496 4760 1704 4823 Persia.
1732 4761 2014 4817 Chorasan

431 4851 803 4920 agnominata,
865 4861 1117 4908 mortuus
1174 4861 1293 4919 est;
1349 4850 1601 4908 Muamed
1663 4859 1846 4907 autem
1898 4851 2019 4922 ejus

434 4940 579 4995 illius
609 4939 676 4995 ad
709 4941 894 4996 omnia
925 4957 1150 5012 prorsus
1179 4942 1398 5013 ineptus
1429 4943 1717 5014 imperium
1754 4943 2016 5013 suscepit,

432 5031 697 5088 adversus
727 5045 892 5102 quem
916 5032 1172 5087 Abdellas
1200 5031 1322 5102 eius
1357 5031 1523 5088 frater
1549 5031 1818 5088 seditione
1850 5039 2016 5097 mota,

432 5137 501 5178 ex
578 5121 858 5194 provincia
937 5121 1223 5178 Choratan
1287 5138 1414 5180 cum
1489 5122 1735 5195 paternis
1808 5122 2018 5178 viribus

431 5223 748 5286 erumpens,
775 5212 954 5270 civilis
986 5212 1110 5269 belli
1163 5229 1260 5286 per
1310 5215 1588 5270 nationem
1637 5215 1784 5271 illam
1825 5225 2018 5272 auctor

435 5303 558 5362 fuit.
616 5304 862 5363 Subinde
905 5304 1000 5378 qui
1053 5302 1292 5378 Syriam,
1334 5304 1627 5377 Egyptum
1678 5317 1732 5362 et
1790 5305 2015 5377 Libyam

2113 4568 2250 4636 ἔτος
2297 4569 2392 4622 a'

2186 4659 2372 4732 Τούτῳ
2400 4658 2478 4732 τῷ
2503 4659 2618 4714 ἔτει
2659 4659 2874 4730 Ἀαρὼν
2905 4661 2934 4713 6
2960 4659 3069 4713 τῶν
3088 4660 3130 4692 "
3174 4659 3422 4731 ’Δράὁων
3451 4658 3703 4733 ἀρχηγὸς

2118 4751 2383 4822 τέθνηκεν
2405 4752 2484 4816 είς
2505 4751 2606 4823 τὴν
2635 4750 2926 4824 ἑνδοτὲραν
2947 4750 3210 4824 Περσίδα,
3225 4751 3326 4822 τὴν
3349 4750 3703 4821 καλουμένην

2119 4844 2393 4916 Χωρασὰν
2413 4845 2479 4913 ¹⁸,
2515 4845 2650 4916 μηνὶ
2674 4843 2927 4916 Μαρτίῳ,
2959 4844 3252 4899 ἰνδικτιῶνι
3283 4842 3349 4916 β’.
3391 4843 3505 4900 Καὶ
3532 4844 3704 4898 ause-

2121 4934 2250 5003 ξατο
2275 4935 2374 5008 τὴν
2416 4937 2592 5008 ἀρχὴν
2636 4937 2903 5008 Μουαμὶδ
2927 4938 2956 4990 6
2993 4937 3109 5000 υίὸς
3140 4936 3308 4992 αὑτοῦ
3336 4936 3516 5007 ἀφυὴς
3558 4939 3708 4990 κατὰ

2119 5025 2322 5092 πάντα,
2346 5025 2483 5097 πρὸς
2506 5026 2566 5080 ὃν
2598 5026 2860 5091 Ἀσδελᾶς
2893 5029 2922 5081 6
2943 5027 3174 5096 ἀδελφὸς
3201 5025 3370 5081 αὑτοῦ
3399 5027 3705 5089 στασιάσας

2121 5118 2188 5171 ἐκ
2222 5117 2321 5190 τῆς
2369 5117 2534 5172 αὐτοῦ
2561 5115 2746 5190 χώρας
2774 5117 2866 5172 τοῦ
2913 5118 3188 5192 Χωρασάν
3215 5119 3332 5188 ἅμα
3352 5119 3472 5181 ταῖς
3503 5134 3710 5189 πατρι-

2124 5211 2249 5275 καῖς
2275 5211 2572 5282 δυνάμεσιν
2607 5211 2876 5282 ἐμφυλίου
2909 5211 3149 5282 πολέμου
3203 5210 3284 5282 τῷ
3325 5212 3446 5266 κατ’
3500 5211 3711 5273 αὐτοὺς

2126 5304 2268 5359 ἔθνει
2301 5303 2524 5373 γέγονεν
2552 5305 2744 5369 αίτιος.
2779 5303 3093 5362 Κὰντεῦθεν
3124 5307 3174 5358 σί
3201 5304 3343 5358 κατὰ
3371 5305 3472 5376 τὴν
3500 5303 3711 5375 Συρίαν

1746 5461 1979 5519 νΑιιιλΕ
2010 5459 2416 5520 LECTIONES.

445 5650 452 5656 ’
506 5628 529 5660 ⁸
552 5625 643 5680 διὰ
667 5628 758 5680 τὸν
793 5629 856 5683 Λ.
887 5626 976 5681 διὰ
995 5625 1058 5680 τὸ
1083 5625 1231 5692 vulg.

436 5695 539 5768 τὴν
566 5695 795 5768 δύναμιν
829 5699 991 5768 vulg,
1066 5697 1204 5768 "ﬁt:
1225 5695 1408 5768 πάσης
1443 5695 1602 5768 add._
1631 5712 1696 5750 ex
1717 5697 1794 5768 Α.

437 5763 598 5818 τοῦτο
624 5767 771 5833 vulg.
864 5763 1041 5835 ί⁶⁷βίῳ
1061 5766 1185 5821 add.
1221 5781 1286 5820 ex
1321 5763 1384 5818 Α,

1329 5626 1352 5658 ⁸
1382 5623 1612 5696 πλησίον
1659 5623 1850 5697 αὐτῆς]
1882 5626 2297 5697 παρακειμένην
2323 5625 2389 5681 Α.

2490 5627 2533 5659 ¹⁰
2557 5625 2647 5679 τὸν
2671 5625 2798 5682 add.
2855 5644 2920 5683 ex
2986 5629 3051 5680 Α.
3132 5629 3173 5660 ⁸⁸
3230 5629 3322 5681 τὸν
3368 5628 3610 5681 κίνδυνον
3639 5629 3712 5694 Α,

1901 5695 2036 5749 "sv
2081 5695 2381 5766 coempti,
2425 5695 2467 5728 “
2497 5696 2863 5766 λογικώτατον
2912 5700 2978 5751 Α.
3058 5699 3182 5753 ¹⁸δὲ
3229 5699 3382 5752 τοῦτο
3437 5699 3580 5765 AJK
3609 5701 3713 5754 καὶ

1464 5766 1506 5796 ⁸⁷
1537 5765 1643 5819 τῶν
1664 5764 1782 5820 add.
1811 5781 1874 5820 cx
1911 5767 1976 5821 Λ.
2058 5766 2101 5798 ³⁸
2139 5765 2428 5820 Χουοασὰν
2460 5767 2504 5820 Δ
2533 5784 2562 5820 a
