3894 6218
406 354 541 421 ῙΟθΊ
1405 344 1816 408 ΤΗΕΟΡΗΑΝ
1824 347 1894 408 IS
1934 351 1944 404 4

2093 343 2595 408 ONOGRAPHIA
3514 343 3631 412 una

401 461 1085 528 delerritus.-insidiarum
1132 459 1185 515 in
1230 474 1363 515 suos
1411 468 1778 525 strnctarum,
1835 475 1939 531 quo

2096 461 2293 517 τέκνων
2326 460 2495 516 αὐτοῦ
2535 459 3097 533 περισωθησομένων,
3130 461 3179 513 εἰ
3208 459 3348 513 οὓτω
3385 477 3634 537 προχειρι-

400 559 580 614 oculis
613 555 899 628 probabat,
929 561 1253 624 apparatum
1285 552 1651 618 existimaret,
1678 570 1743 609 ac
1773 568 1843 610 ne
1886 552 1981 608 fu-
2091 554 2244 626 σϐείη
2277 571 2382 619 τις.

400 652 611 721 gientes
646 648 1090 718 insequerentur,
1137 661 1269 703 suos
1297 646 1593 716 aliquando
1624 647 1920 703 detinuerit
1963 666 1977 704 :
2021 647 2109 702 ubi
2141 664 2271 704 vero
2293 647 2599 720 praecipitis
2641 647 2823 721 ‘26
2860 646 3135 717 ejusmodi
3159 646 3302 719 fuga:
3391 646 3639 702 veritatem

398 744 803 812 animadvertit,
839 745 1025 800 hostes
1056 758 1085 796 a
1149 752 1299 814 tergo
1356 744 1689 808 insectatus,
1758 744 1953 799 castris
1989 758 2179 799 eorum
2216 753 2271 799 et
2299 744 2502 815 opimis
2531 745 2726 816 spoliis
2787 744 3039 814 direptis,
3089 752 3337 813 stragem
3376 744 3637 797 maximam

400 836 589 893 edidit.
618 835 922 906 Imperator
945 835 1151 906 pariter
1174 833 1301 905 fuga
1329 834 1550 904 elapsus
1570 850 1759 891 versus
1823 836 2013 890 urbem
2053 836 2245 905 pedem
2292 835 2585 902 referebat,
2638 845 2696 891 et
2770 835 3038 891 militares
3093 834 3318 891 ordines
3372 843 3426 888 et
3480 848 3642 888 eorum

400 927 665 982 ductores
716 926 1026 982 maledictis
1088 925 1395 989 incessens,
1447 925 1660 996 imperii
1695 934 1965 994 potestate
2000 940 2125 983 sese
2143 928 2524 983 abdicaturum
2559 929 2689 984 dato
2717 928 3082 999 jurejurando
3132 928 3419 999 pollicitus
3474 936 3568 992 est,
3600 936 3650 980 ac

402 1019 570 1075 Leoni
605 1017 925 1090 patricio.et
946 1016 1307 1076 Orientalium
1334 1015 1482 1083 duci,
1510 1032 1611 1073 ceu
1681 1018 1802 1074 viro
1860 1019 2059 1089 pietate
2100 1019 2399 1089 conspicuo
2426 1028 2482 1076 et
2511 1020 2737 1076 militari
2772 1020 2976 1076 virtute
3005 1020 3288 1091 praestanti
3328 1035 3403 1076 ac
3436 1021 3540 1090 jam
3564 1018 3649 1073 rei-

401 1114 633 1184 publicae
670 1112 1123 1169 administrandae
1148 1111 1371 1178 idoneo,
1416 1110 1711 1167 confestim
1771 1112 1988 1183 aperuit
2016 1114 2343 1182 consilium,
2376 1114 2472 1172 sed
2506 1129 2573 1170 eo
2612 1114 2936 1185 dignitatem
2976 1116 3118 1173 ultro
3180 1114 3431 1169 delatam
3488 1114 3654 1171 admit-

403 1217 518 1263 tere
567 1212 881 1270 recusante,
942 1202 1247 1257 tbematum
1309 1203 1672 1273 regendorum
1728 1210 2000 1273 potestate
2038 1203 2147 1274 ipsi
2181 1203 2397 1271 relicta,
2428 1202 2580 1260 Junii
2635 1204 2726 1260 die
2766 1204 3028 1261 vicesimo
3091 1213 3289 1272 quarto
3329 1205 3652 1273 imperantem

400 1301 591 1355 urbem
653 1296 915 1368 repetiit:
950 1310 1014 1351 ac
1075 1295 1364 1365 imperium
1413 1295 1632 1366 quidem
1685 1295 1982 1367 deponere,
2021 1297 2303 1369 aliumque
2327 1299 2630 1369 principetn
2674 1299 2732 1353 in
2790 1298 3051 1353 thronum
3094 1296 3400 1366 subrogare
3460 1295 3656 1349 modita-

404 1404 515 1456 tus,
553 1392 621 1445 ab
658 1404 829 1445 uxore
857 1398 911 1444 et
951 1388 1273 1459 proceribus
1314 1403 1585 1444 summam
1617 1396 1739 1459 post
1765 1404 1891 1444 eum
1931 1390 1986 1444 in
2024 1391 2465 1450 administranda
2534 1392 2815 1463 republica
2880 1397 3201 1461 potestatem
3266 1389 3504 1459 adeptis,
3547 1403 3657 1447 con-

403 1492 586 1549 silium
614 1489 840 1560 exsequi
868 1503 977 1543 non
997 1497 1083 1543 est
1106 1486 1432 1558 permissus.
1506 1486 1653 1543 Sane
1719 1487 2061 1558 Nicephorus
2136 1492 2523 1548 sanctissimus
2552 1489 2865 1562 patriarcha
2918 1488 3212 1560 propositis
3266 1486 3656 1550 assentiebatur,

402 1599 526 1639 cum
584 1582 869 1645 nimirum,
904 1581 948 1636 si
984 1595 1050 1636 eo
1080 1590 1240 1651 pacto
1296 1595 1475 1638 novus
1514 1580 1813 1652 imperator
1844 1580 2247 1653 designaretur,
2309 1585 2427 1657 ipse
2486 1584 2722 1641 Michael
2756 1590 2811 1640 et
2840 1583 2994 1639 liberi
3059 1581 3180 1653 ejus
3244 1581 3546 1641 incolumes
3591 1578 3659 1633 fa-

400 1679 507 1735 cile
534 1678 714 1733 forent
740 1675 1009 1732 salvaudi.

471 1793 683 1849 Interea
756 1791 927 1847 duces
1003 1792 1381 1866 militaresque
1443 1794 1612 1865 copia:
1669 1810 1863 1852 omnes
1922 1797 1990 1854 de

2163 1798 2230 1855 Οἱ
2250 1799 2307 1854 δὲ
2346 1801 2640 1872 στρατηγοὶ
2698 1799 2793 1853 καὶ
2817 1799 2885 1853 τὰ
2910 1796 3098 1868 πλήθη
3132 1794 3405 1866 μαθὸντες
3429 1795 3516 1847 τὸν
3532 1792 3658 1864 βασι·

398 1884 752 1970 imperatoris
796 1883 939 1955 ‘fuga
980 1884 1245 1942 certiores
1290 1884 1468 1952 factae,
1522 1888 1594 1942 ab
1653 1888 1933 1959 cjusccmo

2120 1892 2200 1946 teat
2254 1893 2610 1963 πεφευγέναι,
2653 1891 2986 1958 ἀπογνόντες
3013 1889 3074 1942 τὸ
3122 1886 3511 1958 βασιλεύεσθαι
3550 1883 3658 1956 παρ’

401 1976 626 2033 homine
655 1977 915 2048 imperari
947 1992 1054 2032 nou
1084 1979 1322 2048 amplius
1364 1977 1648 2033 ferendum
1685 1989 1836 2046 rataz,
1864 1996 1939 2036 σοι

2122 1986 2291 2052 ιύτοῦ,
2318 1985 2503 2040 λοιπὸν
2531 1987 2628 2039 καὶ
2672 1983 3095 2055 βουλευσάμενοι
3138 1980 3264 2036 καθ’
3296 1980 3540 2043 ἑαυτοὺς,
3564 1979 3660 2031 ἐδυ-

398 2068 523 2123 silio
574 2068 716 2123 inter
757 2081 826 2123 se
889 2067 1048 2133 inito,
1084 2066 1334 2124 Leonem
1378 2066 1741 2125 Grientalium
1799 2072 1936 2127 duce

2122 2076 2322 2130 ῖὼπουν
2339 2076 2546 2130 Λέοντα
2565 2076 2657 2130 τὸν
2691 2075 2996 2147 στρατηγὸν
3024 2072 3134 2129 τῶν
3170 2074 3534 2128 ’Δνατολικῶν
3556 2071 3660 2141 βοη·

400 2158 548 2214 bono
598 2157 819 2229 publico
869 2158 1209 2226 consuleret,
1264 2167 1318 2214 et
1368 2160 1737 2215 Christianam
1775 2178 1938 2232 rempi

2120 2168 2265 2240 ὶῆσαι
2291 2167 2369 2239 τῷ
2395 2168 2581 2239 κοινῷ,
2614 2169 2828 2237 καὶτῆς
2853 2165 3202 2239 Χριστιανῶν
3255 2165 3529 2228 πολιτείας
3549 2162 3658 2217 ἀνθ-

398 2252 600 2308 blicam
639 2251 875 2321 erigeret
927 2262 1284 2323 rogaverunt.
1343 2252 1437 2308 Ille
1491 2254 1705 2309 ruinam
1764 2255 1936 2325 imper

2116 2260 2349 2327 ἑξασοαι.
2396 2260 2454 2313 '0
2475 2260 2530 2315 δὲ
2562 2259 2728 2331 μέχρι
2759 2259 2858 2328 μέν
2886 2275 3027 2322 τινος
3058 2256 3307 2327 σφοδρῶς
3332 2254 3654 2317 ἀνεϐάλλετο,

400 2342 778 2397 imminentem
814 2354 869 2399 et
901 2341 1298 2405 Barbarorum.
1344 2344 1440 2414 qui
1480 2345 1571 2399 vix
1608 2345 1832 2416 reprimi
1866 2362 1938 2417 po

2119 2352 2199 2406 τοῦ
2231 2351 2428 2423 καιροῦ
2485 2351 2888 2423 στοχαζόμενος
2937 2350 2998 2404 τὸ
3021 2350 3376 2419 δυσάντητον,
3432 2348 3520 2403 καὶ
3569 2346 3657 2415 τῆς

401 2444 550 2504 sent,
618 2436 892 2492 violentas
952 2436 1314 2492 excursiones
1377 2448 1561 2493 mente
1625 2440 1939 2508 perpenden

2115 2443 2214 2498 τῶν
2229 2445 2294 2515 βα
2304 2444 2525 2516 ρσὰρων
2554 2444 2869 2516 ἐπιδρομῆς
2892 2444 2954 2497 τὸ
2972 2441 3433 2504 ἀνύποιστονηιαὶ
3461 2441 3513 2493 τὸ
3534 2438 3653 2508 πρὸς

404 2531 643 2598 fideique
699 2544 829 2600 erga
870 2528 1231 2599 imperatores
1264 2530 1547 2585 servanda:
1592 2531 1789 2601 suique
1825 2532 1942 2603 ipsi:

2106 2538 2233 2601 τοὺς
2272 2535 2657 2608 βασιλεύοντας
2683 2536 2971 2605 φυλάττων
2999 2534 3162 2605 ὀρθὸν
3180 2535 3273 2588 καὶ
3300 2531 3644 2587 ἀνεπιϐούλευ-

401 2640 432 2677 a
489 2622 703 2678 fraudis
742 2621 878 2677 ‘lahe
924 2623 1238 2677 ‘immunem
1300 2621 1643 2677 custodiendi
1714 2625 1939 2679 studiosi

2108 2648 2197 2685 τον
2211 2630 2277 2685 ³³.
2320 2630 2475 2684 Ἐπεὶ
2503 2630 2561 2685 δὲ
2593 2629 2734 2683 κατὰ
2756 2631 2857 2699 τῆς
2886 2627 3099 2691 πόλεως
3120 2627 3209 2681 τὸν
3230 2626 3413 2696 ἐχθρὸν
3448 2621 3646 2689 ἐπειγό-

400 2719 589 2789 aliquo
636 2727 883 2787 tempore
936 2716 1204 2783 substitit,
1258 2726 1313 2771 et
1360 2731 1461 2787 pro
1501 2716 1709 2771 viribus
1744 2717 1938 2787 dignita

2121 2738 2269 2787 μενον
2322 2720 2605 2784 ἐθεάσατο,
2651 2720 2857 2788 γράφει
2917 2718 3016 2789 μὲν
3048 2717 3335 2788 Νικηφόρῳ
3362 2716 3438 2786 τῷ
3466 2708 3659 2784 πατρί-λ

400 2809 754 2867 almittendze
808 2823 994 2865 moras
1038 2809 1315 2879 opposuit.
1343 2807 1415 2863 At
1455 2823 1580 2864 cum
1636 2811 1849 2864 hostem
1881 2825 1938 2863 tu:

2123 2815 2248 2888 ἱρχῃ
2274 2816 2343 2870 τὰ
2375 2817 2626 2884 περὶτῆς
2664 2813 2865 2867 ἑαυτοῦ
2911 2812 3231 2885 -ὀρθοδοξὶας
3278 2808 3661 2876 διαϐεϐαιούμε-

401 2905 521 2976 guis
551 2902 838 2958 itineribus
872 2902 939 2956 ad
981 2904 1175 2958 urbem
1219 2900 1554 2957 contendere
1585 2903 1939 2957 animadverti

2128 2926 2215 2973 νος,
2248 2908 2416 2962 αἰτῶν
2470 2907 2610 2977 μετά
2644 2906 2743 2969 τῆς
2790 2905 2960 2975 εὐχῆς
3019 2906 3114 2959 καὶ
3147 2903 3477 2967 ὲπινεύσεως
3514 2899 3666 2956 αὺτοῦ

402 3014 432 3050 a
463 2995 775 3067 patriarcha
804 2994 1133 3064 Nicephoro,
1165 3008 1327 3063 quem
1358 2993 1426 3048 de
1452 3004 1599 3049 recta
1627 3011 1726 3050 sua
1748 2995 1801 3048 in
1826 2995 1935 3050 Deu

2131 3000 2201 3054 τοῦ
2246 2999 2483 3069 κράτους
2514 3012 2515 3015 ‘
2549 2997 2934 3052 ἐπιλαϐέσθαι,
2967 2998 3076 3050 Καὶ
3123 2996 3452 3051 κατα).αὸὼν
3485 2995 3542 3049 τὸ
3575 2992 3669 3061 πρὸ

402 3087 511 3143 fide
548 3087 839 3142 certiorem
888 3084 1036 3152 fecit,
1094 3094 1155 3140 ut
1205 3100 1272 3141 ex
1334 3084 1511 3155 ipsius
1560 3096 1724 3153 nutu,
1773 3096 1830 3142 et
1876 3086 1940 3156 ej:

2132 3093 2205 3163 ῆς
2264 3093 2473 3156 πόλεως
2524 3091 3048 3163 τριόουνὰλιονᾶμα
3074 3093 3189 3155 τοῖς
3232 3092 3555 3162 στρατηγοῖς
3587 3084 3670 3139 καὶ

402 3193 567 3250 prece
624 3177 826 3233 comite
890 3176 1196 3247 projectum
1245 3176 1469 3246 colligat
1527 3176 1846 3246 imperium,
1903 3192 1940 3246 p

2133 3187 2215 3249 οῖς
2252 3184 2657 3257 στρατεύμασιν
2686 3185 3059 3257 ἐννομώτατος
3086 3183 3343 3255 βασιλεὺς
3398 3180 3671 3253 Ῥωμαίων

401 3273 616 3328 litteras
657 3270 906 3341 expetiit.
968 3267 1111 3324 Tum
1158 3283 1287 3324 vero
1338 3268 1573 3324 ducibus
1616 3278 1671 3323 et
1728 3269 1939 3324 univers

2134 3276 2501 3332 ιναδείκνυται.
2541 3276 2652 3331 Καὶ
2685 3275 2964 3348 μεσούσης
2996 3276 3211 3347 ἡμέρας
3240 3276 3301 3329 ὲν
3335 3276 3672 3328 Κωνσταντι-

402 3365 720 3437 agminibus
795 3363 1056 3433 stipatus,
1100 3362 1152 3417 in
1213 3362 1575 3417 tribunalium
1630 3371 1758 3417 ante
1807 3363 1940 3419 urbe

2137 3369 2353 3423 ουπόλει
2408 3369 2498 3423 διὰ
2525 3369 2627 3439 τῆς
2660 3369 2889 3440 Χρυσῆς
2923 3367 3133 3438 πόρτης
3166 3367 3505 3438 εἰσέρχεται,
3526 3381 3675 3421 κατα-

407 3458 643 3527 positum
704 3455 1105 3519 conscendens,
1144 3454 1431 3525 legitimus
1486 3453 1860 3510 Romanorum
1901 3456 1945 3510 in

2137 3461 2286 3518 αὸὼν
2314 3462 2385 3517 τὰ
2430 3461 2703 3533 βασίλεια.
2748 3459 2970 3532 Μιχαὴλ
3004 3460 3061 3512 δὲ
3094 3457 3341 3522 ἀκούσας
3377 3459 3480 3530 τὴν
3506 3456 3671 3511 τούτου

406 3559 625 3621 perator
655 3549 951 3615 salutatur,
980 3549 1273 3618 medioque
1293 3547 1409 3618 jam
1441 3539 1944 3620 die'Crpoleosvport

2132 3554 2469 3627 ιναγόρευσιν
2501 3555 2559 3608 ὲν
2590 3553 2668 3624 τῷ
2690 3552 2967 3624 εὕκτηρίῳ
2988 3550 3084 3605 τοῦ
3116 3552 3287 3622 φόρου
3324 3550 3670 3621 προσδραμὼν

404 3661 528 3717 qua:
573 3643 782 3715 Chryse
813 3644 1046 3706 dicitur,
1084 3644 1393 3711 ingressus,
1428 3642 1483 3697 in
1521 3642 1723 3710 regiam
1770 3659 1831 3698 se
1866 3657 1942 3697 cei

2133 3649 2205 3702 ’ὺν
2252 3649 2550 3719 Προκοπιᾳ
2607 3648 2843 3711 καὶτοῖς
2888 3644 3071 3700 αὐτῶν
3112 3646 3350 3711 τέκνοις,
3392 3642 3671 3713 ἀποκειρά-

406 3737 529 3791 l'crt.
558 3734 793 3790 Michael
824 3734 1022 3789 Leonis
1058 3732 1444 3809 designatione
1470 3733 1678 3799 audita,
1712 3747 1835 3787 cum
1854 3731 1944 3787 *Pri

2137 3755 2260 3791 ιενοι
2301 3737 2402 3802 τὰς
2442 3738 2635 3809 τρίχας
2670 3735 2942 3807 μοναχικὰ
2970 3734 3386 3808 περιεϐάλοντο.
3424 3736 3507 3807 τῇ
3538 3734 3589 3787 δὲ
3618 3749 3675 3785 ια’

405 3829 559 3899 copia
593 3837 647 3883 et
678 3828 865 3883 liberis
908 3829 965 3882 in
1014 3828 1341 3892 oratorium,
1384 3825 1533 3896 quod
1582 3826 1648 3881 ad
1687 3820 1866 3880 forum
1896 3841 1943 3881 et

2131 3830 2201 3884 τοῦ
2241 3830 2465 3883 ’ῐουλίου
2498 3830 2665 3900 μηνὸς
2693 3826 2828 3901 ἕκτῃ
2867 3828 3183 3888 nemnem.
3218 3827 3404 3899 ἡμέρᾳ
3431 3826 3669 3894 δευτέρᾳ.

406 3922 750 3992 tonfugiens,
784 3919 1001 3991 capillis
1030 3919 1297 3987 detonsis,
1330 3933 1439 3973 una
1486 3932 1611 3973 cum
1660 3918 1776 3974 suis
1812 3934 1938 3973 mon

2139 3924 2171 3993 ᾖ
2202 3922 2465 3991 ἐπαύριον
2501 3921 2752 3990 οτεφθεὶς
2784 3921 2889 3974 ὑπὸ
2912 3920 3233 3992 Νικηφόρον
3264 3922 3610 3991 πατριάρχου
3630 3921 3677 3970 ὲν

406 4016 607 4070 sticum
665 4015 910 4076 habitum
967 4013 1167 4069 induit.
1222 4010 1449 4067 Postera
1510 4010 1654 4075 luce,
1715 4027 1836 4082 qua).
1872 4009 1938 4066 Ju

2140 4014 2184 4085 ᾧ
2242 4014 2458 4083 ἄμϐωνι
2522 4014 2622 4084 τῆς
2670 4013 2933 4084 Μεγάλης
2969 4010 3337 4083 Ἐκκλησίας,
3398 4013 3472 4066 τὰ
3554 4007 3678 4065 κατὰ

408 4109 612 4163 mensis
637 4106 745 4161 fuit
765 4106 1074 4170 undecima,
1102 4103 1406 4159 indictione
1429 4115 1604 4169 sexta,
1633 4102 1699 4158 fet
1715 4102 1767 4158 ia
1798 4103 1946 4158 hebdi

2142 4106 2204 4177 ὴν
2237 4106 2392 4157 πόλιν
2447 4105 2773 4181 προστάττει
2809 4104 3183 4182 φρουρηθῆναι
3224 4106 3291 4157 τὰ
3317 4104 3473 4175 τεῐχη
3501 4101 3680 4161 νυκτὸς

410 4199 593 4255 madis
627 4198 889 4264 secunda,
924 4197 980 4252 in
1032 4195 1240 4266 Magnas
1282 4194 1529 4251 ecclesiae
1569 4195 1805 4251 amboue
1854 4210 1884 4249 a
1910 4194 1948 4249 Ν

2144 4200 2201 4251 αἰ
2231 4198 2466 4269 ἡμέρας,
2532 4198 2698 4262 αὐτὸς
2740 4196 2809 4251 δι’
2870 4198 3067 4251 ἑαυτοῦ
3118 4197 3547 4267 περιπολεύων,
3599 4193 3680 4246 καὶ

409 4289 993 4364 cephoropatriarcha
1026 4295 1352 4350 coronatus.
1398 4287 1550 4342 urbis
1596 4302 1784 4342 muros
1818 4288 1885 4343 de
1917 4287 1947 4341 tl

2141 4291 2317 4354 βάντας
2353 4289 2654 4357 διεγείρων,
2706 4289 2994 4353 εὐέλπιδας
3015 4306 3076 4343 τε
3110 4288 3395 4360 παραινῶν
3425 4284 3590 4352 εἶναι,
3617 4282 3679 4345 ὡς

410 4395 467 4441 et
526 4394 688 4439 nocte
720 4381 1040 4451 diligentius
1068 4380 1334 4435 custodiri
1389 4380 1682 4450 praecepit:
1722 4381 1837 4450 ipse
1877 4395 1948 4434 vei

2142 4380 2200 4434 οὗ
2264 4381 2401 4435 Θεοῦ
2433 4380 3058 4455 παραδοξοποιῄβαντος,
3106 4379 3363 4450 τάχιστα,
3410 4379 3494 4432 διὰ
3550 4392 3680 4446 aps:

411 4486 638 4534 cunctos
686 4476 957 4540 excitans,
988 4482 1043 4528 et
1074 4474 1140 4529 ad
1175 4472 1453 4527 meliorem
1501 4487 1652 4541 spem
1685 4472 1949 4543 concipiet

2142 4474 2313 4527 ιὸειῶν
2352 4474 2454 4544 τῆς
2490 4473 2873 4544 παναχράντου
2913 4473 3179 4527 Θεοτὼιου
3215 4473 3315 4525 καὶ
3343 4473 3557 4526 πάντων
3580 4467 3680 4522 τῶν

412 4569 537 4623 dum
573 4569 847 4631 animans,
878 4565 1046 4623 Deum
1078 4562 1444 4624 imtnaculatze
1473 4561 1566 4617 Dei
1588 4561 1751 4639 427
1774 4530 1950 4634 genitr

2138 4564 2303 4633 ιγίων,
2335 4530 2539 4635 καίνμὴ
2570 4530 2747 4635 πάῑτη
2776 4564 3241 4643 καταισχυνθῆναι
3292 4561 3676 4636 παραχωροῦνο

413 4660 494 4714 eis
521 4669 951 4728 sanctorumque
978 4654 1566 4712 omniumiuterventu
1599 4654 1748 4709 brevi
1772 4655 1951 4725 postht

2135 4676 2199 4722 to;
2220 4656 2308 4711 διὰ
2331 4657 2534 4729 πλῆθος
2562 4656 2921 4728 πταισμάτων
2951 4656 3127 4729 ᾑμῶν.
3179 4657 3239 4715 '0
3272 4656 3329 4709 δὲ
3364 4658 3475 4719 νέος
3494 4655 3673 4707 Σεννα-

415 4765 617 4804 novum
655 4760 712 4804 et
746 4750 1089 4818 inepinatum
1138 4746 1360 4817 aliquod
1394 4761 1531 4817 opus
1574 4748 1872 4814 editurum,
1903 4762 1953 4801 nt

2133 4753 2277 4822 εερὶμ
2337 4749 2640 4822 Κροῦμμος
2693 4748 2882 4820 ἀρθεὶς
2928 4752 2995 4820 τῇ
3042 4749 3189 4823 νίκῃ,
3254 4744 3671 4804 καταλιπὼντδν

414 4850 639 4911 propter
696 4850 1045 4911 peccatorum
1100 4849 1419 4896 nostrorum
1461 4839 1952 4895 multitudinemin

2127 4844 2243 4897 διον
2286 4843 2517 4913 ἀδελφὺν
2552 4842 2689 4914 μετὰ
2723 4842 3368 4913 τῆς-οἰκείαςιδννάμεως
3384 4837 3665 4912 πολιορκεῖν

416 4946 663 4987 mensam
719 4946 1112 5001 usquequaque
1168 4945 1268 4986 nos
1329 4931 1538 5000 pudore
1610 4928 1954 4989 sull‘uttdendt

2118 4937 2208 5008 τὴν
2254 4936 2693 5007 Ἀδριανούπολιν
2759 4936 2897 5007 μετά
2923 4935 2984 5001 ἒξ
3014 4936 3228 5011 ἡμέρας
3256 4936 3356 5006 τῆς
3410 4937 3656 5001 αὐτοκραο

412 5024 676 5090 conlisus,
711 5037 900 5078 muros
932 5038 1027 5092 per
1055 5036 1115 5077 se
1148 5022 1331 5091 ipsum
1360 5023 1659 5078 continuus
1685 5023 1950 5094 exploratt

2121 5026 2295 5099 ιορίας
2336 5028 2587 5092 Λέοντος,
2616 5024 2860 5080 ἐπελθὼν
2902 5027 2959 5080 ὲν
2984 5026 3253 5096 ,δυνάμεσι
3280 5025 3375 5080 καὶ
3398 5024 3569 5083 ἵπποις
3599 5018 3659 5087 τῇ

416 5118 625 5173 obibat.
652 5116 826 5174 Porro
843 5114 1145 5171 .Crummus
1176 5114 1369 5185 junior
1394 5115 1788 5172 Senuachcrim
1826 5116 1954 5171 victt

2124 5118 2343 5171 Βασιλίδι
2399 5116 2575 5182 πόλει,
2633 5115 2852 5188 περιῄει
2897 5117 3013 5190 πρὸ
3038 5116 3151 5170 τῶν
3180 5116 3377 5188 τειχῶν
3408 5114 3502 5170 ἀπὸ
3535 5112 3662 5163 Bla-

411 5212 510 5269 riis
547 5212 600 5267 in
640 5208 955 5281 superbiam
1012 5207 1211 5274 elatus,
1253 5208 1475 5279 proprio
1508 5208 1693 5280 .fratre
1726 5207 1802 5264 ad
1834 5209 1949 5266 .obs

2122 5209 2317 5282 (ερνῶν
2338 5209 2443 5274 ἕως
2459 5211 2558 5287 τῇς
2581 5208 2810 5285 Χρυσῇς
2832 5210 3040 5287 πύρτης
3072 5209 3209 5282 (66),
3232 5208 3533 5277 ἑπιδεικνύμ
3548 5218 3660 5269 mi

1703 5342 1936 5404 ἾᾹΒΙᾸΞ
1976 5343 2268 5401 LECTION
2278 5343 2379 5400 ES.

517 5460 564 5494 ⁸³
599 5463 691 5517 ἁνε
700 5460 930 5515 πίῆολον
945 5457 987 5515 f.

1670 5679 1685 5692 θ
1712 5594 2092 5654 1Αο.νοοΛ81
2138 5595 2371 5655 NOTAE.

489 5714 753 5790 (66)_Ejus
792 5718 1035 5790 nominis
1072 5712 1683 5790 porm.l‘nit(‘J?.,quo«l
1747 5717 1994 5790 tyranni-
2104 5734 2353 5790 gressum
2420 5726 2678 5790 agerent._
2720 5712 3064 5790 Njccpliorus
3138 5719 3200 5790 in
3265 5720 3427 5777 altero
3484 5713 3658 5768 Leone

408 5781 531 5842 dent
559 5781 807 5857 adepturi
865 5802 962 5855 per
990 5781 1110 5840 cant
1167 5789 1522 5854 imperatores
1558 5781 1873 5840 solemnem
1902 5789 1978 5842 itt-
2087 5781 2489 5850 icouuclasta»?
2508 5790 2618 5844 Καὶ
2650 5787 2726 5851 ὡς
2760 5781 2826 5859 ἢν
2854 5781 2974 5849 ἔθος
3001 5786 3283 5858 βασιλεῦσι
3307 5791 3390 5844 διὰ
3421 5796 3653 5849 προπομρ
