3986 6232
472 198 607 267 1011

1593 220 1615 246 ο
1707 200 2022 263 INCERTI
2087 202 2469 266 AUCTORIS

3548 212 3680 285 ³1θῆ

466 324 591 391 ejus
620 333 811 381 uxore,
849 327 903 373 et
947 325 1125 372 stante
1155 330 1339 370 coram
1372 314 1557 378 altari,
1594 323 1650 371 et
1677 314 1771 371 lilii
1805 330 2043 373 corona-

2151 319 2462 391 Προκοπίας
2509 322 2651 393 μετὰ
2685 320 2843 391 δόξης
2888 320 3114 393 πολλῆς,
3154 322 3251 377 καὶ
3289 327 3681 403 sapam-dator};

471 414 676 468 tionem
718 418 1019 481 spectante,
1064 407 1381 477 ingentique
1435 407 1655 477 gaudio
1682 407 2039 477 pecuniarum

468 508 790 578 erogatione
817 510 1050 558 cunctos
1100 510 1384 556 recreante
1419 515 1433 551 :
1478 501 1591 569 ipsa
1628 502 1829 571 quippe
1859 500 2044 572 publi-

471 615 597 654 (am
640 595 852 666 imperii
880 610 993 649 rem
1024 592 1444 648 administrabat
1474 612 1488 649 :
1524 594 1610 648 vir
1637 595 1782 650 enim
1811 594 1953 663 ejus,
1982 602 2045 651 ut

467 692 674 754 dicunt,
706 696 827 743 erat
853 686 1020 741 animi
1062 685 1330 756 simplicis
1376 693 1432 741 et
1465 688 1759 743 mansueti.
1792 687 2043 743 Eleemo-

2145 409 2456 481 ἔμπροσθεν
2496 412 2593 467 τοῦ
2627 411 3043 482 θυσιαστηρίου,
3075 413 3167 467 καὶ
3209 413 3419 485 ἰδούσης
3446 417 3503 469 τδ
3530 420 3685 489 στέψι-

2147 519 2249 575 μον
2278 504 2374 557 τοῦ
2395 503 2509 557 υίοῦ
2544 504 2740 575 αὐτῆς,
2768 504 2864 557 καὶ
2898 504 3207 575 ποιησάσης
3241 507 3413 576 χαρὰν
3455 510 3683 582 μεγάλην,

2144 595 2240 650 καὶ
2263 596 2622 666 διανειμάσης
2649 597 2907 666 χρήματα
2938 595 3137 650 πολλά⁹
3159 595 3301 665 αὕτη
3328 598 3435 667 γὰρ
3460 593 3523 669 ἦν
3547 601 3687 657 διατι-

2130 684 2312 739 ηθοῦσα
2342 685 2522 740 πάντα
2549 687 2619 740 τὰ
2647 687 2746 755 τῆς
2801 685 3083 757 βασιλείας
3106 702 3119 715 ·
3163 690 3195 740 δ
3237 688 3348 756 γὰρ
3383 690 3514 759 ἀνὴρ
3545 697 3688 761 πρᾶος

466 792 633 850 syuas
664 792 794 833 vero
824 775 1152 845 dispertiere
1199 775 1485 844 plurimas.
1515 776 1841 845 elargientes
1866 777 2043 833 eccle-

2151 773 2232 849 ἧν,
2265 779 2340 841 ὠς
2365 776 2602 849 εἴρηται.
2639 777 2936 848 Ἐποίησαν
2973 776 3031 830 δὲ
3067 777 3162 831 καὶ
3203 777 3562 848 ἐλεημοσύνας
3586 786 3688 836 πολ.

466 869 566 925 siis
593 879 646 924 et
675 867 1027 924 monasteriis
1058 868 1346 938 pecunias,
1378 883 1515 938 quas
1541 866 1887 938 Nicephorus
1911 884 2042 924 cura

468 975 576 1015 non
619 959 833 1015 modica
866 968 1251 1023 coaeervarat,
1285 960 1682 1015 monachorum
1711 959 2045 1030 spectatissi-

467 1051 593 1117 mis,
623 1050 1061 1122 ptochodochiis,
1089 1050 1344 1121 hospitiis
1375 1066 1677 1121 pauperum
1717 1060 1772 1108 et
1796 1052 2043 1124 peregri-

469 1159 691 1207 norum,
718 1142 972 1214 captivis,
1009 1142 1209 1207 viduis.
1244 1143 1528 1213 orphanis.
1563 1152 1619 1199 et
1664 1143 1923 1199 facultate
1947 1159 2045 1200 sua

468 1237 720 1307 privatis,
752 1236 1186 1306 suppeditantes,
1223 1250 1346 1306 qua:
1368 1236 1568 1306 cuique
1592 1245 1752 1292 erant
1789 1251 2046 1292 necessa-

469 1327 550 1382 ria
582 1340 921 1396 :omnesque
941 1324 1124 1380 laetitia
1163 1339 1319 1394 aeque
1342 1339 1408 1380 ae
1433 1324 1717 1382 beneﬁciis
1756 1326 2045 1381 cumulan-

469 1431 574 1484 tes,
602 1419 704 1487 ipsi
746 1419 815 1473 ab
844 1418 1103 1474 omnibus
1136 1416 1311 1488 gloria
1339 1425 1395 1471 et
1436 1418 1645 1471 honore
1681 1417 2048 1473 reddebantur

469 1513 732 1568 illustres.
764 1510 964 1566 Tribus
996 1509 1159 1565 etiam
1197 1507 1573 1579 [actionesque
1602 1510 1787 1580 populi
1816 1510 2047 1582 cujusli-

471 1604 567 1685 ὺᾳι
587 1603 703 1663 toni
734 1612 989 1675 poemata
1014 1602 1345 1660 adulationis
1374 1610 1429 1657 et
1460 1602 1758 1671 voluptatis
1803 1617 1910 1657 non
1955 1618 2049 1658 ex-

473 1674 648 1766 pertia
712 1674 767 1750 in
818 1694 1082 1751 honorem
1127 1709 1316 1749 eorum
1370 1694 1622 1749 certatim
1666 1693 2046 1750 decantarunt.

2145 870 2243 933 λὰς
2262 870 2755 940 διασκορπίσαντες
2777 869 2845 923 τὰ
2876 869 3160 942 χρήματα,
3194 867 3337 940 ἆπερ
3366 872 3395 924 ὁ
3416 872 3691 945 Nix-neptim;

2145 959 2215 1014 δι’
2246 957 2571 1028 ἐπιμελείας
2605 957 2934 1027 ἐσώρευσεν,
2963 958 3044 1021 είς
3067 956 3166 1020 τὰς
3205 958 3520 1028 ἐκκλησίας,
3548 963 3616 1026 είς
3638 963 3692 1016 τὰ

2148 1051 2512 1121 μοναστήρια,
2546 1050 2641 1103 καὶ
2683 1050 2763 1113 είς
2791 1049 2919 1113 τοὺς
2957 1048 3212 1119 ἀσκητάς
3261 1051 3321 1103 ὲν
3355 1054 3473 1113 ταῖς
3496 1053 3693 1122 ἐρήμοις

2144 1146 2215 1199 τὰ
2236 1143 2373 1215 πρὸς
2397 1142 2496 1214 τὴν
2530 1141 2721 1214 χρείαν
2747 1142 3195 1206 ἀποστέλλοντες,
3224 1144 3319 1197 καὶ
3360 1146 3439 1207 είς
3483 1144 3548 1197 τὰ
3570 1161 3693 1199 πτωρ

2146 1239 2292 1308 χαῖα,
2344 1236 2439 1289 καὶ
2472 1237 2554 1299 είς
2583 1236 2710 1297 τοὺς
2754 1234 3017 1299 ξενῶνας.
3058 1236 3155 1289 καὶ
3182 1237 3264 1299 είς
3296 1239 3423 1299 τοὺς
3450 1237 3694 1307 αἰχμαλὼ-

2147 1343 2297 1390 τους,
2327 1326 2425 1381 καλ⁵
2455 1328 2534 1388 τίς
2557 1327 2657 1389 τὰς
2679 1327 2882 1397 χήρας,
2922 1327 3017 1380 καὶ
3050 1327 3131 1389 είς
3165 1328 3295 1389 τοὺς
3328 1328 3602 1397 ὀρφανοὺς,
3622 1330 3695 1384 καὶ

2148 1419 2232 1480 είς
2263 1420 2392 1482 τοὺς
2411 1417 2521 1471 άπὸ
2549 1417 2739 1482 οὐσίας
2772 1419 3063 1481 πεσόντας,
3092 1420 3188 1473 καὶ
3207 1419 3417 1484 πάντας
3438 1423 3695 1493 χαροποιή-

2149 1523 2346 1573 σαντες
2379 1510 2488 1564 ὑπὸ
2532 1512 2755 1564 πάντων
2809 1510 3150 1575 ὲδοξὲζοντο.
3191 1513 3304 1565 Καὶ
3330 1513 3380 1566 οί
3419 1513 3570 1582 δῆμοι
3594 1515 3697 1583 tuis

2149 1601 2304 1655 λισαν
2351 1603 2634 1673 ποιήματα
2677 1601 2801 1654 καθ’
2830 1601 3065 1656 ἕκαστον
3110 1597 3248 1674 ἦχον
3282 1603 3421 1671 πρὸς
3459 1602 3697 1673 εὐφημίαν

2153 1695 2334 1750 αὐτῶν
2364 1696 2545 1749 πᾶσαν
2569 1694 2765 1765 ἡδονὴν
2798 1693 3093 1759 κολακείας
3121 1695 3457 1766 παρέχοντα.
3484 1695 3585 1749 Καὶ
3610 1697 3697 1749 λοι-

468 1786 678 1843 Omnes
727 1786 893 1840 etiam
952 1785 1006 1840 in
1053 1800 1193 1856 quos
1241 1782 1581 1856 Nicephorus
1626 1786 1840 1842 infenso
1875 1786 2053 1842 fuerat

474 1875 661 1933 animo
688 1891 938 1949 quosque
969 1892 999 1933 e
1029 1876 1229 1947 palatio
1262 1877 1518 1948 ejecerat,
1546 1877 1909 1936 et'l‘heodotze
1943 1878 2054 1936 ira-

470 1980 586 2024 tres
614 1969 706 2041 qui
734 1979 893 2026 erant
923 1970 1160 2040 patricii,
1186 1977 1241 2025 et
1264 1970 1505 2025 Leonem
1550 1971 1725 2027 Scleri
1770 1973 2053 2044 cognomi-

470 2072 685 2128 natum,
716 2080 881 2135 quem
916 2063 1369 2136 Peloponnesiaci
1419 2074 1629 2121 tractus
1661 2065 1855 2121 ducem
1893 2066 2052 2121 insti-

472 2157 597 2222 tuit,
639 2164 695 2211 et
745 2155 983 2213 Leonem
1036 2156 1207 2212 lilium
1262 2156 1456 2213 Bardaa
1503 2157 1753 2223 Armeni,
1786 2157 1879 2228 qui
1914 2159 2054 2215 laesa:

471 2247 774 2317 maiestatis
829 2262 976 2313 reus,
1006 2246 1180 2318 plagis
1210 2247 1487 2317 impositis
1525 2262 1556 2302 a
1581 2245 1892 2318 Nicephoro
1927 2256 2053 2303 ton-

470 2354 569 2397 sus
597 2339 651 2395 in
698 2339 1056 2406 monachum,
1099 2346 1155 2393 et
1202 2337 1257 2393 iu
1291 2338 1546 2393 exsilium
1595 2337 1805 2407 ejectus
1850 2336 2050 2403 fuerat,

471 2448 636 2504 quem
662 2433 762 2503 ipsi
791 2432 1014 2487 demum
1042 2439 1397 2495 revocarunt,
1418 2438 1472 2485 et
1497 2430 1820 2500 patriciatus
1843 2430 2056 2485 honore

472 2522 795 2579 decoratum
830 2521 1112 2578 orientalis
1134 2521 1413 2575 exercitus
1430 2528 1690 2576 crearunt
1711 2520 1930 2585 ducem;
1958 2521 2053 2590 qui

475 2626 691 2679 tamen,
726 2622 787 2668 ut
835 2624 1176 2681 exponemus
1211 2610 1466 2677 inferius,
1516 2610 1681 2666 homo
1730 2625 1968 2681 nequam
2001 2620 2057 2667 et

477 2706 763 2776 improbus
793 2703 1138 2776 tyrannidem
1171 2703 1226 2757 in
1254 2717 1350 2757 eos
1373 2702 1642 2758 exercuit.

546 2800 644 2855 llis
692 2798 767 2854 ita
793 2797 995 2869 gestis,
1032 2796 1262 2852 victoria
1293 2795 1362 2849 de
1391 2794 1702 2865 Nicephoro
1737 2804 1889 2866 parta
1929 2794 2057 2853 Bul:

474 2892 586 2963 gari
620 2890 674 2945 in
704 2889 1017 2959 superbiam
1057 2888 1188 2944 elati
1232 2890 1436 2945 bellum
1483 2899 1748 2943 renovare
1797 2889 2051 2943 consilia-

2156 2892 2318 2960 γαροι
2340 2888 2434 2941 ἐπὶ
2462 2890 2530 2960 τῇ
2554 2887 2681 2962 νίκῃ
2701 2890 2766 2959 τῇ
2791 2887 2935 2942 κατὰ
2960 2889 3055 2942 τοῦ
3087 2889 3437 2961 Νικηφόρον,
3462 2886 3695 2941 ἐϐούλοντο

476 2986 696 3048 hantur,
726 2980 874 3051 quod
921 2978 1291 3035 subodoratus
1346 2977 1577 3036 Michael
1636 2976 1773 3031 inito
1822 2977 2051 3032 consilio

2158 2979 2415 3035 ἀπελθεῖν
2459 2979 2596 3051 πρὸς
2628 2980 2887 3050 πόλεμον.
2915 2979 3104 3035 Ταῦτα
3152 2982 3321 3050 γνοὺς
3350 2979 3574 3049 Μιχαὴλ,
3602 2976 3695 3045 βου-

476 3074 718 3146 legiones
742 3087 937 3128 omnes
968 3072 1164 3143 coegit,
1196 3070 1465 3142 novisque
1501 3072 1834 3128 militaribus
1878 3071 2051 3141 copiis

2157 3074 2257 3147 λὴν
2312 3074 2678 3147 ποιησάμενος
2704 3116 2720 3140 ,
2776 3080 3086 3143 συνήγαγεν
3139 3076 3328 3130 πάντα
3380 3075 3446 3128 τὰ
3492 3072 3692 3142 θέματα,

473 3162 775 3218 deletarum
803 3160 958 3232 prius
981 3162 1147 3235 439
1172 3163 1225 3216 in
1255 3162 1398 3217 bello
1421 3163 1539 3219 vice
1566 3162 1916 3233 conscriptis,
1934 3163 2051 3217 clu-

2158 3166 2495 3239 στρατεύσας
2520 3166 2613 3219 καὶ
2630 3167 2821 3239 ἄλλους
2834 3166 3066 3231 πολλοὺς
3096 3168 3229 3221 ἀντὶ
3253 3167 3364 3221 τῶν
3386 3162 3694 3231 άπολειφθένο

474 3265 729 3305 surarum
774 3250 940 3306 etiam
972 3265 1069 3320 per
1109 3250 1324 3321 Syriam
1358 3251 1682 3309 custodibus
1712 3252 2051 3318 convocatis,

2155 3275 2263 3313 των
2292 3258 2350 3311 ὲν
2378 3256 2458 3327 τῷ
2486 3257 2733 3329 πολέμῳ,
2762 3259 2854 3311 καὶ
2884 3260 3013 3322 τοὺς
3057 3258 3439 3331 φυλάσσοντας
3472 3258 3559 3319 τὰς
3582 3257 3695 3307 κλει·

2158 3352 2361 3421 σούρας
2416 3349 2517 3420 τῆς
2572 3350 2773 3421 Συρίας
2833 3351 3243 3421 συναθροίσας,
3303 3352 3587 3410 Λυκάονας,
3622 3341 3695 3398 καὶ

2156 3440 2409 3504 Κίλικας,
2434 3440 2530 3493 καὶ
2561 3440 2862 3510 Ἰσαὺρους,
2897 3444 2993 3495 καὶ⁹
3017 3443 3417 3505 Καππαδόκας,
3446 3440 3532 3494 καὶ
3558 3435 3693 3491 Γαλά-

2156 3547 2276 3598 τας,
2310 3531 2405 3585 καὶ
2443 3530 2655 3596 πάντας
2708 3532 3040 3603 παραλύων
3081 3532 3314 3604 ἐξῆλθεν
3357 3532 3574 3600 δευτέρῳ
3608 3528 3692 3579 ἔτει

2156 3623 2256 3694 τῆς
2284 3623 2451 3678 αὐτοῦ
2481 3623 2784 3694 βασιλείας,
2812 3626 3001 3679 ίνδικτ.
3031 3623 3108 3691 ς’,
3139 3627 3237 3681 καὶ
3265 3627 3365 3696 τῆς
3385 3624 3574 3685 πόλεως
3593 3633 3691 3671 συν·

2157 3715 2559 3788 ακολουθοὼης
2604 3716 2775 3787 αὐτῷ,
2806 3717 2901 3771 καὶ
2938 3717 3263 3789 Προκοπίας
3300 3716 3401 3786 τῆς
3424 3712 3691 3782 Αὐγούστης

2157 3806 2257 3877 τῆς
2308 3806 2475 3861 αὑτοῦ
2532 3809 2817 3876 γυναικὸς,
2867 3808 3091 3878 ἐξῆλθεν
3135 3810 3244 3872 ἓως
3288 3809 3334 3862 τ’
3386 3803 3690 3861 ἁκιδοὺκτουι

2161 3896 2442 3961 ποιοῦντες
2478 3897 2825 3969 μαιουμάδας
2857 3898 2958 3970 (5),
3002 3899 3100 3953 καὶ
3146 3899 3385 3961 διδόντες
3428 3882 3691 3967 χαρίσματα

2158 3991 2287 4056 τοὺς
2314 3992 2585 4063 ἄρχοντας
2602 3990 2748 4063 Ῑτοίς
2770 3990 3022 4064 ἄρχουσι]
3059 3990 3157 4044 τοῦ
3190 3990 3421 4064 στρατοῦ
3442 4004 3456 4019 ·
3484 3996 3691 4055 rapam-

2159 4076 2360 4156 λούσης
2385 4083 2582 4148 αὐτοὺς
2616 4084 2718 4153 τῆς
2757 4066 3094 4155 Προκοπίας,
3132 4084 3230 4137 καὶ
3253 4082 3381 4154 περὶ
3401 4076 3596 4149 Μιχαὴλ
3617 4068 3689 4125 τοῦ

2154 1803 2256 1841 πον
2309 1786 2518 1849 πάντας
2577 1785 2950 1839 ἀνεκαλέσατο
3010 1787 3091 1849 εἰς
3155 1783 3368 1856 οὕσπερ
3426 1786 3694 1856 Νικηφόρος

2153 1877 2439 1949 ἐχθρωδῶς
2463 1877 2725 1939 διέκειτο,
2761 1877 2857 1931 καὶ
2891 1875 3148 1943 ἐξέϐαλεν
3199 1875 3296 1930 τοῦ
3327 1877 3596 1939 παλατίου,
3619 1878 3695 1947 τῆς

2153 1971 2417 2041 Θεοδότης
2433 1970 2559 2033 τοὺς
2580 1968 2843 2039 ἀδελφοὺς
2864 1969 3029 2031 ὄντας
3050 1970 3399 2039 πατρικίους,
3422 1970 3509 2024 καὶ
3526 1971 3693 2025 Λέοντα

2153 2063 2245 2117 τὸν
2282 2061 2678 2132 ἐπιλεγόμενον
2716 2063 2813 2116 τοῦ
2844 2062 3117 2131 Σκληροῦ,
3154 2065 3255 2117 καὶ
3281 2063 3527 2133 ἐποίησεν
3561 2063 3694 2117 αὐτὸν

2154 2154 2462 2226 στρατηγὸν
2504 2155 2585 2218 εἰς
2636 2152 3070 2223 Πελοπόννησον,
3111 2155 3208 2207 καὶ
3253 2154 3455 2226 Λέοντα
3480 2154 3570 2225 (ε’)
3603 2152 3693 2206 υίδν

2154 2247 2335 2316 Βάρδα
2381 2245 2478 2300 τοῦ
2534 2245 2821 2317 ’Δρμενίου
2876 2246 3215 2310 πταίσαντα,
3280 2248 3375 2302 τὸν
3406 2246 3691 2316 Νικηφόρον,

2152 2340 2245 2393 τὸν
2271 2338 2507 2411 δαρέντα
2538 2339 2636 2392 καὶ
2684 2336 3059 2408 κουρευθέντα
3088 2337 3184 2393 ὑπ’
3237 2338 3403 2393 αὑτοῦ
3444 2340 3531 2393 καὶ
3552 2338 3694 2409 ἐξορι-

2156 2427 2383 2494 σθὲντα,
2434 2422 2580 2484 οὗτοι
2633 2429 3057 2492 ἀνεκαλέσαντο,
3115 2431 3216 2485 καὶ
3264 2431 3520 2501 ἐποίησαν
3565 2428 3693 2484 αὐτὸν

2154 2520 2449 2589 πατρίκιον
2476 2520 2572 2573 καὶ
2616 2519 2924 2590 στρατηγὸν
2968 2519 3077 2572 τῶν
3114 2520 3499 2584 Ἀνατολικῶν,
3536 2517 3587 2583 ὃς
3620 2516 3693 2572 καὶ

2156 2611 2526 2684 ἐτυράννησεν
2570 2611 2769 2676 αὐτοὺς
2818 2610 3053 2680 πονηρὸς
3094 2608 3197 2678 ὢν,
3235 2612 3309 2676 ὡς
3345 2610 3557 2683 ὕστερον
3577 2610 3694 2675 λέξο-

2158 2722 2279 2776 μεν.

2226 2796 2430 2851 Λοιπὸν
2451 2789 2544 2850 οὖν
2564 2794 2771 2849 τούτων
2793 2796 3124 2865 γενομένων,
3152 2794 3486 2867 ἐπαρθέντες
3503 2788 3555 2847 οῑί
3569 2790 3695 2845 Boil-

473 3342 774 3414 lycaones,
806 3340 1034 3409 Cilices,
1058 3340 1300 3407 Isauros,
1328 3342 1700 3413 Cappadoces,
1735 3342 1979 3413 Galatas,
2001 3351 2057 3398 et

472 3434 612 3489 alios
634 3447 827 3488 omnes
869 3446 1058 3488 secum
1111 3430 1374 3497 educens,
1430 3446 1577 3488 anno
1598 3432 1821 3504 imperii
1849 3433 1936 3489 sui
1968 3449 2055 3490 se-

473 3525 681 3592 eundo,
709 3523 1013 3582 indictione
1049 3532 1225 3591 sexta,
1258 3524 1395 3579 urbe
1440 3523 1721 3607 profectus
1748 3535 1854 3592 est,
1884 3524 2055 3581 eiiusa

474 3619 639 3676 simul
676 3618 947 3674 universa
977 3617 1219 3683 civitate,
1239 3627 1294 3673 et
1339 3616 1609 3687 Procopia
1649 3617 1897 3690 Augusta
1926 3633 2056 3674 con-

465 3710 599 3780 juge
645 3716 933 3779 sequente,
1001 3714 1274 3763 venerunt
1306 3721 1483 3778 usque
1525 3707 1593 3762 ad
1648 3706 2056 3777 aquaeductum,

473 3802 623 3858 velut
641 3800 841 3858 festum
859 3800 1105 3857 solemne
1122 3799 1485 3867 celebrantes,
1507 3800 1891 3871 exercitusque
1911 3800 2060 3871 prin-

472 3894 626 3965 cipes
660 3892 852 3965 gratiis
884 3901 938 3948 et
970 3892 1294 3950 muneribus
1317 3892 1691 3957 cumulantes,
1731 3907 1828 3949 eos
1854 3892 2058 3948 adhor-

475 3996 629 4043 tante
679 3985 949 4057 Procopia
996 3986 1391 4059 imperatorem
1444 3984 1767 4043 Michaelem
1815 3985 2060 4044 studiose

474 4079 776 4144 custodire,
812 4093 1051 4149 eumque
1089 4077 1144 4133 in
1197 4077 1342 4134 bello
1370 4084 1656 4149 protegere
1682 4086 1738 4134 et
1767 4092 1866 4149 pro
1900 4076 2059 4133 Chri-

471 4173 667 4230 stianis
709 4168 1029 4239 decertare;
1067 4178 1123 4227 et
1173 4171 1298 4225 inde
1356 4186 1577 4227 reversa
1618 4180 1702 4228 est
1754 4172 1809 4226 in
1843 4172 2051 4227 urbem.

2163 4174 2429 4249 βασιλέως
2482 4174 2866 4244 διαφυλάττειν
2908 4174 3106 4239 αὐτὸν,
3163 4175 3260 4228 καὶ
3307 4174 3529 4232 σκέπειν,
3563 4160 3689 4232 ἐντῷ

474 4268 747 4323 Caeterum
782 4265 912 4322 inde
955 4265 1231 4322 solventes
1264 4263 1567 4334 imperator
1596 4273 1650 4320 et
1672 4264 1855 4320 omnis
1888 4279 2051 4335 popu-

2165 4266 2409 4337 πολέμῳ.
2465 4266 2560 4319 καὶ
2597 4261 2960 4334 ἀγωνίζεσθαι
3013 4264 3157 4335 ὑπὲρ
3200 4263 3311 4318 τῶν
3357 4255 3685 4333 Χριστιανῶν·

474 4361 564 4416 lus
586 4358 1099 4431 appropinquarunt
1120 4369 1299 4425 usque
1329 4354 1398 4410 ad
1429 4354 1660 4410 limitem
1695 4365 1750 4411 et
1776 4357 2051 4427 angustia-

2166 4357 2420 4414 κάκεῖθεν
2459 4356 2625 4411 πάλιν
2668 4356 2808 4427 αὐτὴ
2838 4356 3184 4426 ὑπέστρεψεν
3224 4356 3284 4410 ὲν
3317 4357 3380 4425 τῇ
3424 4351 3577 4405 πόλει.
3603 4340 3687 4397 Καὶ

479 4467 601 4509 rum
656 4466 836 4509 arces.
896 4448 1115 4521 Bulgari
1185 4447 1349 4504 etiam
1418 4446 1641 4502 stabant
1710 4447 1947 4503 ordinati
1989 4464 2051 4504 ex

2159 4451 2347 4506 λοιπὸν
2367 4450 2679 4520 ἀπάραντες
2701 4449 2953 4504 ἐκεῖθενὸ
2967 4466 3026 4504 τε
3042 4448 3299 4521 βασιλεὺς
3317 4445 3412 4501 καὶ
3432 4446 3530 4507 πᾶς
3550 4436 3687 4497 diu"

477 4548 709 4603 adverso
737 4560 950 4612 eorum,
987 4545 1214 4616 visaque
1230 4540 1506 4598 exercitus
1557 4540 1912 4598 multitudine
1945 4557 2051 4597 non

2160 4543 2550 4615 ὲγγυτόμησαν
2571 4543 2676 4605 ἕως
2708 4542 2817 4596 τῶν
2851 4542 3207 4612 κλεισουρῶν.
3244 4542 3355 4596 Καὶ
3383 4540 3444 4610 δὴ
3483 4537 3529 4589 σί
3555 4529 3684 4616 Βούλέ

473 4649 604 4695 sunt
634 4641 753 4696 ausi
783 4654 881 4697 eos
910 4614 1158 4711 aggredi,
1191 4635 1287 4694 sed
1316 4635 1539 4693 stabant
1569 4633 1842 4691 instructa
1879 4634 1998 4691 acie
2034 4649 2049 4688 :

2159 4614 2351 4706 γαρεις
2370 4614 2719 4706 [Βούλγαροι]
2742 4631 3124 4705 παρετάξαντο
3139 4632 3401 4685 ἀπέναντι
3418 4623 3595 4686 αὐτῶν,
3612 4614 3684 4673 καὶ

471 4730 725 4789 similiter
755 4740 813 4789 et
833 4734 1008 4804 copia:
1038 4729 1392 4803 imperatoris
1420 4729 1643 4787 stabant
1672 4727 2051 4798 ordinateper

2160 4726 2500 4798 θεωροῦντες
2532 4726 2595 4779 τδ
2623 4724 2830 4796 πλῆθος
2861 4724 2955 4779 τοῦ
2995 4723 3129 4778 λαοῦ
3152 4723 3254 4778 οὐκ
3281 4723 3569 4792 ἐτόλμησαν
3591 4716 3684 4804 itif

474 4823 788 4895 quindecim
821 4826 959 4893 dies,
1006 4841 1117 4883 non
1163 4838 1314 4882 ansae
1344 4824 1580 4880 invicem
1627 4835 1827 4878 manus
1855 4835 2051 4877 conse-

2160 4820 2438 4892 χειρῆσαι,
2463 4820 2580 4874 ἀλλ’
2607 4818 2826 4874 ἵσταντο
2860 4816 3356 4891 παρατεταγμένοι.
3400 4810 3606 4883 Ὁμοίως
3641 4798 3681 4854 δδ

475 4932 615 4974 rere.
653 4916 884 4974 Demum
929 4921 1196 4978 aerumnis
1234 4920 1493 4986 confecti,
1549 4919 1760 4976 aestatis
1807 4927 2051 4990 tempore

2160 4914 2256 4970 καὶ
2283 4915 2312 4967 ὀ
2358 4913 2487 4978 λαὸς
2533 4912 2628 4969 τοῦ
2660 4911 2927 4985 βασιλέως
2967 4912 3205 4974 ἵσταντο,
3237 4910 3332 4965 καὶ
3368 4905 3511 4961 αὐτοὶ
3545 4912 3682 4965 παρι-

473 5008 758 5067 caloribus
787 5011 1100 5068 immodicis
1132 5012 1223 5068 dln
1252 5022 1531 5085 noctuque
1551 5011 1785 5083 expositi
1803 5011 2051 5068 homines

2160 5006 2489 5076 τεταγμένοι
2516 5006 2621 5070 ἓως
2651 5004 2876 5078 ἡμερῶν
2906 5002 2989 5068 ιε’,
3029 5004 3103 5076 μὴ
3134 5001 3437 5072 τολμῶντες
3480 4990 3678 5091 ἀλλήλας

473 5100 683 5171 pariter
709 5109 764 5157 et
803 5100 1053 5173 iumenta
1102 5111 1404 5160 extremam
1462 5118 1603 5175 pene
1645 5105 1701 5159 in
1753 5102 2051 5175 perniciem

2164 5098 2349 5172 βαλεῖν
2372 5102 2548 5171 χεῖρα.
2562 5098 2675 5152 Καὶ
2689 5096 2874 5151 λοιπὸν
2893 5094 3419 5165 ὲταλαιπωρήθησαν
3430 5092 3483 5142 ὲν
3496 5085 3563 5155 τῷ
3582 5085 3679 5175 κιιῠ-

467 5191 700 5259 redacti,
746 5171 984 5249 Romani
1013 5192 1069 5250 in
1116 5193 1383 5267 Bulgaros
1412 5171 1831 5267 impressionem
1875 5195 2051 5251 factu-

2163 5171 2298 5250 σωνι
2326 5194 2628 5265 στήκοντες
2646 5190 2741 5245 τοῦ
2775 5192 2970 5261 θέρους
3004 5189 3217 5261 ἡμέρας
3237 5186 3333 5239 καὶ
3357 5179 3552 5278 νυκτὸς.
3578 5171 3677 5278 of“:

456 5290 581 5353 τοο,
608 5295 664 5344 et
693 5284 918 5361 Bulga’ri
945 5288 1185 5346 vicissim
1220 5288 1497 5347 Romanos
1549 5290 1602 5346 in
1636 5304 1699 5347 se
1734 5289 2048 5362 irrupturos

2163 5288 2445 5361 ἄνθρωποι
2487 5287 2583 5355 καὶ
2618 5285 2687 5342 τά
2719 5284 2914 5361 κτήνη,
2954 5284 3049 5339 καὶ
3076 5278 3252 5356 ,ἦλθον
3296 5279 3374 5343 εἰς
3428 5273 3679 5357 aqua.hW

1655 5447 1908 5507 FRANC.
1946 5440 2337 5505 COMBEFISII
2362 5442 2595 5503 NOTAE.

545 5569 645 5641 (εί)
675 5568 733 5625 In
794 5580 1006 5641 mam,
1060 5561 1230 5634 ὒῦτὸς
1280 5569 1431 5625 ἐστιν
1469 5571 1496 5624 ὁ
1530 5564 1886 5641 Χαμαιλέων,
1940 5565 2039 5624 llic

2219 5566 2295 5641 (5)
2334 5563 2467 5619 Maii
2499 5560 3049 5641 Kalendastripudio
3092 5558 3403 5641 celebrantes
3432 5570 3449 5641 ς
3480 5548 3540 5605 de
3583 5551 3664 5614 qua

473 5630 560 5720 est
588 5630 955 5697 C'hantmlcon'.
990 5630 1002 5635 ⁷
1213 5630 1225 5634 ⁷
1623 5630 1636 5641 ’
1874 5630 1882 5637 ’
2165 5630 2390 5711 profana
2432 5636 2749 5694 celebritate
2786 5630 3076 5701 Meursius,
3123 5630 3376 5695 Lacerda,
3401 5637 3496 5678 etc-
