3894 6218
360 280 363 281 ν
410 228 546 295 1019

1655 227 1972 288 INCERTI
2007 227 2392 290 AUCTORIS

3512 219 3625 285 Ῑθῖθ

408 344 569 400 vertit
596 342 859 408 Crumus,
904 347 961 395 et
980 339 1171 394 animo
1204 351 1527 409 percussus.
1554 339 1782 395 exsiliit.
1820 337 1888 394 Et
1933 339 1985 393 in

2113 339 2277 407 ιόγον,
2308 330 2537 404 ἐξῆλθον
2569 330 2662 386 τοῦ
2688 328 2986 404 καραόίου.
3015 329 3125 385 Καὶ
3163 330 3633 397 ὰποκαδαλικεύσας

408 452 614 507 equum
667 436 782 504 jam
838 440 1089 501 paratum
1150 445 1180 484 a
1229 430 1398 486 sociis
1453 438 1681 487 evectus
1739 431 1994 500 eguitare

409 528 573 598 erepit
606 543 621 580 :
653 540 778 579 mox
811 521 1045 593 populus
1083 536 1117 576 e
1144 521 1421 577 omnibus
1449 522 1503 576 in
1537 522 1835 578 clamorem
1865 537 1994 577 eru-

412 623 488 694 pit
521 636 538 675 :
571 619 716 675 Crux
748 617 900 670 vicit.
941 617 1067 686 lpso
1098 614 1282 685 fugam
1314 616 1633 686 arripiente,
1663 617 1859 672 annali
1889 616 1993 671 viri

409 729 475 768 ex
492 709 832 765 domunculis
851 709 1077 779 egressi,
1106 718 1251 763 retro
1277 708 1504 765 insecuti
1524 716 1673 774 sunt,
1692 717 1745 764 et
1779 709 1997 765 emissis

409 805 531 861 telis
562 803 787 857 vulnera
811 800 1015 856 inferre
1066 801 1495 857 meditabantur.
1520 800 1570 857 ls
1594 802 1821 858 omnino
1846 802 1997 857 solus

412 898 468 952 in
508 895 812 951 exercitum
844 910 904 950 se
928 894 1155 963 recepit,
1192 893 1281 947 alii
1314 903 1425 949 tres
1477 894 1573 964 qui
1635 894 1689 948 in
1746 892 1996 949 navicula

411 998 797 1045 remanserant
826 987 1029 1042 detenti
1057 996 1207 1040 sunt.
1243 986 1542 1055 Logotheta
1569 984 1865 1041 confestim
1894 1000 1993 1041 oc-

413 1084 563 1139 cisus
605 1092 710 1146 est,
761 1080 1158 1137 Constantinus
1204 1091 1384 1134 autem
1431 1090 1485 1134 et
1520 1080 1640 1149 ejus
1685 1079 1829 1135 illius
1886 1079 1997 1134 vivi

414 1177 637 1233 servati.
678 1175 773 1231 His
807 1177 878 1230 ita
908 1178 1098 1245 gestis,
1129 1174 1303 1228 iratus
1342 1174 1581 1229 Crumus
1618 1173 1834 1229 incendi
1867 1174 1998 1229 sub-

416 1268 665 1338 vertique
710 1269 891 1322 locum
935 1282 1152 1322 onmem
1188 1277 1408 1336 postero
1451 1268 1539 1322 die
1565 1267 1751 1334 jussit.
1782 1266 1999 1323 Posito-

416 1375 525 1429 que
561 1359 833 1425 incendio,
867 1369 1097 1414 cunctas
1125 1359 1392 1413 ecclesias
1424 1367 1577 1413 trans
1604 1359 1843 1413 civitatis
1870 1375 2000 1430 por-

420 1461 530 1506 tam
573 1453 861 1522 praeclaras
892 1452 1136 1521 quasvis,
1160 1454 1309 1506 etab
1342 1452 1518 1517 lrene,
1562 1451 1894 1523 Nicephoro.
1943 1460 1999 1508 et

419 1545 688 1600 Michaele
753 1553 1058 1615 reparatas,
1116 1560 1327 1599 necnon
1369 1543 1725 1608 monasteria,
1778 1544 1997 1613 palatia,

419 1636 636 1701 domos,
701 1636 1018 1690 suburbana
1088 1635 1533 1690 combusserunt.
1605 1634 1684 1688 Ad
1753 1644 1997 1691 sanctum

2095 436 2125 487 6
2172 431 2430 505 Κροῦμος
2467 430 2725 485 ἐκάθισεν
2771 428 2863 483 ἐπὶ
2910 428 3007 483 τοῦ
3055 428 3307 497 ἐδάφους,
3337 428 3431 482 καὶ
3455 431 3537 481 τὸν
3560 430 3639 482 ἶπ-

2096 544 2199 582 πον
2232 525 2398 581 αὐτοῦ
2433 525 2658 595 ἐκράτει
2691 524 2720 576 6
2773 522 2890 588 υἱδς
2921 521 3334 577 Κωνσταντίνου
3364 524 3643 591 στρωμένον

2096 616 2493 689 χαλινωμένον.
2541 615 2653 669 Kal
2698 613 3100 684 διαλεγομένων
3144 612 3325 666 αὐτῶν
3352 612 3643 682 ἐποίησενό

2098 706 2180 774 εἷς
2228 709 2413 765 αὐτῶν
2457 710 2523 763 ἐκ
2552 707 2653 778 τῆς
2686 705 2903 769 πόλεως
2945 704 3009 758 τὸ
3055 705 3305 775 σημεῖον,
3327 703 3387 767 ὃς
3406 698 3473 774 ἦν
3496 704 3523 754 6
3549 702 3644 768 Ἔξ-

2098 802 2359 872 αϐούλης,
2400 804 2467 872 τῇ
2520 800 2669 872 χειρὶ
2712 801 2813 872 τὴν
2844 801 3090 872 κεφαλὴν
3128 797 3539 862 άποσκεπάσας.
3568 799 3647 851 Ὃν

2103 896 2228 951 ἰδὼν
2257 897 2285 948 ὁ
2306 894 2569 967 Κροῦμος
2601 893 2697 947 καὶ
2746 892 3163 956 σκανδαλισθεὶς
3189 884 3548 961 ἀνεπήδησεν,
3573 892 3650 943 καὶ

2103 987 2247 1057 ἔχων
2283 985 2506 1055 ἕτοιμον
2535 983 2628 1037 τὸν
2669 983 2860 1049 ἵππον,
2891 980 3246 1052 σηκὼσαντις
3276 980 3446 1035 αὑτὸν
3481 982 3527 1034 oi
3558 981 3651 1050 μετ’

2102 1076 2269 1133 αὐτοῦ
2328 1074 2813 1141 ἐκαὸαλλίκευσεν,
2871 1076 2966 1129 καὶ
2999 1072 3306 1143 ἀνέκραξεν
3338 1075 3370 1126 6
3401 1071 3524 1135 λαὸς
3566 1069 3656 1125 ἀπὸ

2100 1169 2210 1223 τῶν
2236 1168 2454 1240 τειχῶνο
2486 1167 2728 1238 Σταυρὸς
2779 1168 3053 1239 ἐνίκησεν.
3117 1167 3229 1220 Kal
3275 1165 3445 1229 αὐτὸς
3483 1164 3658 1235 ἦρξατο

2103 1262 2350 1331 φεύγειν.
2408 1261 2520 1313 Kal
2569 1260 2882 1325 ἐξελθόντες
2929 1260 2980 1313 oi.
3027 1257 3431 1329 ἐνωπλισμένοι
3471 1257 3529 1308 ἐκ
3569 1255 3659 1308 τῶν

2101 1354 2373 1425 δωμάτων
2404 1351 2744 1419 κατεδίωξαν
2772 1351 2952 1406 ὀπίσω
2985 1350 3081 1404 τοῦ
3113 1351 3159 1402 Κ
3170 1348 3407 1420 ρούμου,
3431 1348 3517 1400 καὶ
3542 1347 3659 1399 ἀπο-

2100 1446 2367 1511 λύσαντες
2413 1445 2596 1500 αύτῶν
2644 1446 2713 1499 τά
2749 1444 2900 1516 βέλη,
2930 1444 3007 1508 ὡς
3036 1443 3300 1515 ᾠήθησαν
3338 1443 3427 1495 ὅτι
3447 1440 3660 1509 ἐπλήγω-

2104 1554 2204 1591 σαν
2239 1537 2423 1591 αὐτόν.
2456 1536 2629 1600 Ᾱύτδς
2656 1534 2714 1588 δέ
2747 1534 3061 1607 μονώτατος
3094 1534 3300 1603 ἔφυγεν
3327 1533 3416 1596 εἰς
3444 1532 3527 1585 τὸν
3557 1530 3663 1583 λαῦν

2105 1626 2295 1685 αὐτοῦ.
2320 1630 2384 1683 Οἱ
2414 1627 2472 1683 δέ
2507 1628 2658 1683 ἄλλοι
2686 1628 2838 1700 τρεῖς
2880 1623 3228 1696 ἐπιάσθησαν
3255 1624 3369 1678 ὑπὸ
3397 1622 3502 1677 τῶν
3522 1622 3662 1676 όντων

421 1725 752 1779 Mamantem
784 1725 990 1795 pariter
1038 1725 1338 1794 progressi,
1382 1724 1598 1794 palatiis
1637 1723 1837 1779 ibidem
1873 1740 2003 1780 con-

2113 1723 2163 1775 iv
2183 1722 2261 1791 τῷ
2287 1720 2570 1792 χελανδίῳ.
2591 1720 2703 1773 Καὶ
2729 1720 2757 1772 6
2782 1718 2881 1789 μὲν
2912 1716 3208 1786 λογοθέτης
3232 1716 3495 1787 πάραυτα
3520 1712 3663 1781 ἐσφά-

425 1818 653 1880 stitutis,
706 1817 1054 1887 geminisque
1080 1816 1352 1871 cubiculis
1383 1815 1739 1886 subiecerunt
1796 1816 2000 1887 ignem,

422 1910 711 1965 columnas
761 1909 1169 1981 conlregerunt,
1224 1919 1277 1963 et
1310 1908 1589 1977 plumbum
1624 1906 1785 1978 533
1818 1922 2004 1977 reper-

426 2013 540 2057 tum
604 2012 930 2073 rapuerunt,
974 2001 1445 2071 animantiumque
1487 2008 1699 2055 statuas
1741 2000 1797 2053 in
1845 1996 2005 2055 Circo

423 2093 634 2161 positas
682 2093 926 2148 tulerunt
970 2106 1181 2157 secum,
1216 2091 1462 2161 captivos
1495 2103 1690 2145 omnes
1734 2087 2006 2143 dederunt

424 2183 568 2247 neci,
598 2184 984 2253 necjumentis
1017 2183 1151 2253 ipsis
1201 2192 1256 2237 et
1295 2181 1627 2236 animalibus
1684 2194 2001 2251 pepercere.

429 2276 566 2330 llinc
605 2285 818 2346 portus,
857 2276 945 2331 cui
1000 2274 1150 2330 Steni
1186 2289 1409 2339 nomen,
1459 2273 1661 2336 littore.
1716 2282 2008 2344 tractuque

425 2366 711 2435 superiore
744 2374 1036 2436 peragrato
1088 2364 1303 2419 navalia
1352 2365 1780 2430 succenderunt,
1821 2366 2009 2420 subla-

427 2461 607 2528 tisque
652 2464 839 2515 seCum
872 2460 1065 2529 spoliis
1110 2459 1353 2527 pluribus
1412 2459 1804 2515 discesserunt.
1841 2458 2006 2537 .Tum

424 2560 693 2619 occupata
754 2552 977 2605 dextera
1038 2550 1276 2606 civitatis
1349 2561 1524 2620 parte,
1605 2553 1673 2606 ad
1739 2552 2007 2608 orientem

429 2641 607 2711 ignem
644 2657 675 2696 a
714 2649 873 2710 porta
902 2640 1113 2710 Chryse
1136 2640 1203 2694 ad
1232 2640 1461 2708 [legium
1492 2656 1671 2711 usque
1714 2643 2007 2697 miserunt.

428 2734 633 2804 Athyra
659 2733 857 2788 deinde
887 2732 1140 2803 profecti,
1170 2742 1412 2786 castrum
1438 2732 1511 2786 ibi
1546 2743 1789 2788 erectum
1823 2734 2011 2788 demo-

431 2824 752 2878 litisuntzet
778 2821 1100 2891 praeclarum
1129 2820 1281 2875 illum
1304 2828 1521 2890 pontem
1542 2821 1796 2889 quamvis
1812 2819 2012 2874 lii-mis-

429 2917 630 2970 simum
666 2913 1007 2985 dejeeerunt.
1041 2912 1347 2984 Selybriam
1376 2913 1726 2982 postmodum
1758 2910 2007 2981 profecti,

2103 1830 2196 1886 γηο
2224 1816 2637 1878 Κωνσταντῖνος
2659 1814 2721 1868 δὲ
2752 1814 2847 1868 καὶ
2880 1814 2909 1867 6
2935 1813 3051 1876 υἱὸς
3080 1810 3247 1866 αὐτοῦ
3287 1811 3497 1877 ζῶντες
3522 1808 3654 1864 ἐπιό-

2107 1905 2338 1978 σθησαν.
2379 1905 2599 1959 Λοιπῶν
2655 1901 2751 1960 οὖν
2796 1904 3006 1960 τούτων
3050 1904 3393 1976 γενομένων,
3425 1901 3664 1974 θυμωθεὶς

2104 1998 2134 2051 6
2159 1996 2422 2070 Κροῦμος
2452 1997 2740 2051 ἐκέλευσεν
2790 1996 3057 2069 ἐπαύριον
3088 1996 3403 2068 ἐμπυρίσαι
3460 1996 3544 2049 καὶ
3586 2010 3665 2046 xa-

2105 2088 2415 2161 ταστρέψαι
2449 2088 2631 2142 πάντα
2661 2088 2853 2143 τόπον.
2890 2089 3000 2143 Kal
3029 2088 3331 2160 ἀρξάμενοι
3368 2086 3664 2159 ἐμπυρίζειν

2107 2181 2458 2237 κατέκαυσαν
2493 2181 2675 2244 πάσας
2724 2181 2825 2246 τὰς
2881 2180 3182 2250 ἐκκλησίας
3234 2177 3339 2245 τὰς
3396 2180 3664 2248 ἁντὲπεραν

2107 2266 2210 2337 τῆς
2242 2267 2451 2331 πόλεως
2500 2268 2742 2339 μεγάλας
2783 2266 2973 2333 οὔσας,
3015 2268 3083 2332 ἃς
3106 2268 3459 2323 ἀνεκαίνισεν
3488 2266 3662 2338 Εἰρήνη

2108 2359 2206 2414 καὶ
2231 2359 2549 2432 Νικηφόρος
2597 2361 2692 2415 καὶ
2731 2361 2975 2432 Μιχαήλο
3025 2361 3231 2432 ὁμοίως
3283 2361 3381 2415 καὶ
3412 2360 3483 2415 τὰ
3523 2373 3664 2431 μονα-

2111 2452 2333 2523 στήρια,
2366 2452 2560 2506 καὶτὰ
2597 2452 2853 2517 παλάτια,
2908 2454 3006 2507 καὶ
3055 2453 3185 2516 τοὺς
3226 2453 3433 2519 οἴκους,
3476 2454 3556 2505 καὶ
3598 2447 3658 2501 τὰ

2110 2545 2429 2615 προάστεια.
2466 2546 2575 2600 Kal
2622 2545 2870 2611 ἐλθόντες
2923 2547 3003 2610 εἰς
3036 2546 3131 2599 τὸν
3153 2546 3346 2614 Ἀγιον
3404 2545 3645 2613 Μάμαντα

2111 2638 2441 2711 ἐνεπύρισαν
2470 2639 2539 2692 τὰ
2562 2642 2741 2693 ἐκεῖσε
2778 2640 3041 2705 παλάτια,
3082 2640 3179 2692 καὶ
3207 2640 3326 2702 τοὺς
3351 2637 3441 2691 δύο
3474 2634 3650 2690 κοιτῶο

2112 2749 2233 2794 νας,
2266 2734 2363 2786 καὶ
2411 2732 2538 2795 τοὺς
2590 2732 2780 2795 κίονας
2834 2731 3204 2797 κατέκλασαν,
3233 2732 3318 2784 καὶ
3361 2732 3481 2793 τοὺς
3508 2724 3661 2799 μολύ-

2112 2824 2271 2888 ϐδους
2299 2826 2536 2896 ἐπῆραν.
2588 2826 2686 2880 καὶ
2736 2827 2803 2880 τά
2839 2825 3007 2891 {eam
3034 2825 3130 2880 τοῦ
3183 2825 3550 2896 ίπποδρομὶευ,
3581 2821 3670 2876 καὶ

2116 2919 2297 2970 πᾶσαν
2343 2918 2444 2988 τὴν
2494 2918 2877 2989 αἰχμαλωσίαν
2926 2918 3298 2991 κατέσφαξαν,
3344 2918 3441 2973 καὶ
3495 2916 3675 2988 ὁμοίως

429 3010 496 3061 ad
523 3006 699 3061 solum
745 3021 924 3077 usque
957 3013 1205 3062 castrum
1241 3004 1444 3059 ibidem
1479 3011 1860 3059 constructum
1911 3001 2009 3055 de-

2118 3011 2213 3064 atal
2239 3009 2310 3063 τά
2362 3011 2555 3083 κτήνη.
2589 3012 2702 3066 Kal
2728 3011 3034 3078 διελθόντες
3083 3016 3267 3067 πᾶσαν
3302 3012 3402 3084 τὴν
3453 3009 3677 3082 παραθα-

429 3100 745 3164 turbarunt,
779 3114 883 3155 nec
911 3112 1022 3153 non
1050 3098 1315 3153 ecclesias
1363 3096 1672 3167 domosque
1714 3095 2015 3151 succende-

432 3200 579 3248 runt.
606 3191 737 3248 Post
764 3192 880 3246 haec
905 3199 1149 3247 castrum
1184 3189 1454 3245 Daonium
1484 3189 1914 3253 destruxerunt;
1960 3196 2014 3242 et

431 3284 748 3340 Heracleam
773 3282 1026 3352 profecti,
1050 3296 1174 3336 cum
1204 3296 1316 3335 non
1344 3290 1566 3350 possent
1594 3294 1888 3349 occupare,
1916 3279 2016 3334 do-

433 3392 552 3432 mos
600 3381 835 3431 cunctas
892 3373 960 3429 ad
1015 3373 1166 3427 littus
1222 3372 1451 3442 positas,
1502 3369 1841 3440 aediﬁciaque
1890 3370 2014 3425 urbi

432 3468 612 3524 vicina
637 3466 881 3521 ﬂammis
908 3471 1283 3520 vastaverunt.
1357 3461 1455 3517 llis
1494 3463 1837 3532 perpetratis,
1889 3462 2014 3516 Rae-

432 3561 651 3621 destum
688 3564 983 3620 venerunt,
1021 3564 1075 3611 et
1108 3563 1354 3611 castrum
1385 3555 1529 3610 istud
1563 3553 1830 3615 demoliti,
1873 3567 2012 3609 con-

435 3655 628 3710 fertam
659 3650 869 3723 plebem
897 3649 1273 3705 internecione
1298 3647 1616 3704 deleverunt
1648 3664 1661 3701 :
1698 3662 1933 3718 cumque
1961 3647 2014 3701 in

432 3746 710 3804 civitatem
732 3759 844 3800 non
885 3742 1306 3807 invalescerent,
1333 3754 1525 3812 sparso
1554 3739 1731 3797 ubivis
1761 3739 2015 3796 incendio

430 3838 732 3896 intulerunt
744 3836 1075 3894 vastitatem.
1094 3834 1221 3891 Inde
1238 3837 1439 3904 Aprum
1455 3847 1669 3897 versus,
1689 3833 1832 3903 quod
1850 3833 2015 3888 etiam

432 3941 673 3990 castrum
687 3939 793 3994 est.
816 3929 1267 3995 direxerantiter,
1281 3942 1456 3998 eoque
1470 3941 1663 3983 everso
1685 3937 1739 3981 et
1767 3925 2012 3993 incenso,

432 4036 497 4083 ut
544 4026 666 4080 aliis
720 4023 969 4095 pluribus
1022 4022 1240 4085 castris,
1302 4019 1514 4075 dierum
1579 4019 1766 4074 decem
1820 4018 2016 4073 itinere

433 4118 775 4175 diverterunt
807 4116 937 4171 inde
964 4114 1030 4170 ad
1062 4114 1199 4170 Gani
1241 4122 1477 4179 montes,
1513 4113 1567 4167 in
1597 4113 1795 4184 quibus
1822 4111 2017 4167 delite-

432 4222 676 4270 scentem
708 4208 1047 4280 plebeculam
1076 4208 1368 4278 plurimam
1422 4207 1762 4277 reperientes
1790 4214 1847 4260 et
1896 4204 2017 4259 ani—

434 4304 600 4359 malia
640 4300 892 4357 Thracia:
922 4298 1093 4354 ferme
1129 4305 1349 4361 cuncta,
1386 4296 1641 4352 homines
1680 4305 1733 4351 et
1766 4296 2014 4365 iumenta

2120 3101 2348 3155 λασσίαν
2376 3102 2470 3156 τοῦ
2502 3102 2695 3156 Στενοῦ
2718 3104 2814 3157 καὶ
2844 3104 2943 3175 τὴν
2986 3105 3120 3172 ἄνω,
3155 3107 3333 3159 πάντα
3360 3104 3429 3158 τὰ
3462 3103 3683 3177 ἐμπόρια

2122 3194 2504 3248 κατέκαυσαν
2552 3195 2646 3251 καὶ
2698 3195 2936 3266 ἄραντες
2983 3195 3159 3251 σκῦλα
3214 3196 3419 3262 πολλὰ,
3476 3197 3678 3268 ᾤχοντο.

2122 3284 2233 3337 Καὶ
2285 3285 2582 3349 πιάσαντες
2642 3286 2704 3339 τδ
2761 3285 2939 3351 δεξιὸν
2973 3288 3141 3359 μέρος
3171 3288 3267 3359 τῆς
3317 3288 3531 3352 πόλεως
3566 3286 3683 3357 πρὸς

2121 3376 2413 3441 ἀνατολὰς,
2441 3378 2794 3433 κατέκαυσαν
2838 3380 2900 3432 τὸ
2943 3378 3145 3444 ἔξωθεν
3177 3381 3280 3451 τῆς
3310 3382 3536 3453 Χρυσῆς
3570 3379 3685 3450 πόρ-

2121 3484 2248 3538 της,
2276 3468 2384 3532 ἕως
2404 3468 2500 3522 τοῦ
2534 3468 2779 3540 Ῥηγίου·
2828 3470 2925 3523 καὶ
2959 3469 3206 3535 ἐλθόντες
3249 3473 3332 3535 είς
3363 3470 3458 3525 τὸν
3504 3468 3686 3541 Ἀθύρει

2122 3558 2504 3632 κατέστρεψαν
2542 3560 2604 3614 τὸ
2635 3562 2817 3615 ἐκεῖσε
2864 3564 3128 3634 κάστρον,
3167 3565 3267 3619 καὶ
3304 3564 3410 3635 τὴν
3438 3565 3683 3634 γέφυραν,

2124 3651 2428 3723 παράξενον
2470 3653 2638 3707 οὖσαν
2688 3654 2787 3707 καὶ
2843 3654 2985 3709 πάνυ
3049 3654 3125 3726 (9)
3185 3656 3565 3726 ὀχυρωτάτην.
3595 3651 3688 3706 Kal

2121 3745 2371 3810 ἐλθόντες
2413 3747 2494 3808 εἰς
2540 3743 2837 3818 Σιλυόρίαν
2872 3744 3054 3818 [Σηλ.]
3085 3747 3469 3818 κατέστρεψαν
3515 3746 3583 3799 τὸ
3607 3744 3688 3797 αὖ·

2122 3837 2238 3891 Ιιτόθι
2268 3838 2504 3910 κάστρον
2538 3839 2644 3904 ἕως
2693 3840 2789 3894 τοῦ
2831 3840 3085 3909 ἐδάφους,
3121 3840 3217 3893 καὶ
3260 3839 3362 3903 τὰς
3392 3836 3687 3907 ἐκκλησίας,

2122 3926 2381 3991 καὶτοὺς
2426 3928 2614 3992 οἴκους
2665 3931 3041 3983 κατέκαυσανο
3081 3930 3178 3983 καὶ
3231 3930 3373 4001 μετὰ
3432 3928 3592 3982 τοῦτο
3640 3925 3691 3977 τὸ

2122 4018 2315 4074 Δαόνιν
2344 4020 2583 4093 κάστρον
2613 4022 2860 4094 ὑπάρχον
2886 4021 3287 4093 κατέστρεψαν.
3326 4024 3439 4077 Kal
3464 4021 3692 4082 ἐλθόντες

2123 4113 2203 4177 εἰς
2230 4113 2333 4182 τὴν
2376 4112 2534 4167 πόλιν
2576 4114 2932 4187 Ἡρακλείας,
2972 4115 3049 4187 μὴ
3087 4115 3381 4186 δυνάμενοι
3408 4117 3486 4178 εἰς
3537 4113 3695 4180 αὐτὴν

2123 4204 2410 4271 εἰσελθεῖν,
2440 4206 2774 4279 ἐνεπύρισαν
2820 4207 3003 4262 πάντα
3036 4207 3105 4261 τὰ
3147 4206 3431 4279 οἰκήματα
3467 4207 3531 4260 τὰ
3574 4207 3689 4258 ὅντα

2124 4298 2207 4361 εἰς
2261 4296 2355 4352 τὸν
2410 4298 2628 4368 λιμένα,
2667 4301 2765 4354 καὶ
2807 4301 2876 4355 τὰ
2906 4299 3073 4372 πέριξ
3120 4300 3221 4371 τῆς
3277 4300 3449 4370 αὐτῆς
3478 4299 3688 4359 πόλεως.

434 4398 721 4454 innumera
771 4391 1217 4464 jugulaverunt:
1272 4398 1486 4459 partem
1553 4403 1685 4443 vero
1746 4388 2009 4459 reliquam

2125 4390 2234 4443 Kal
2257 4391 2396 4462 μετὰ
2420 4390 2581 4446 τοῦτο
2609 4394 2859 4457 ἐλθόντες
2887 4396 2967 4458 εἰς
2993 4393 3307 4448 Ῥαίδεστον
3331 4390 3689 4462 κατέστρεψαν

432 4504 561 4549 cum
604 4488 899 4546 mulierum
926 4498 1338 4558 puerorumque
1372 4482 1727 4538 multitudine
1778 4481 1835 4536 in
1890 4481 2021 4537 Bul-

436 4585 648 4657 gariam
695 4585 1125 4654 deportaverunt
1165 4576 1458 4647 captivam.
1514 4574 1643 4631 Inde
1687 4574 2025 4631 transierunt

433 4677 500 4731 ad
533 4675 890 4739 Examilium,
942 4680 996 4728 et
1024 4669 1274 4742 Abydum
1325 4682 1502 4738 usque
1530 4685 1543 4721 :
1573 4682 1907 4738 rursumque
1953 4666 2023 4723 ad

432 4767 661 4823 Eurinm
688 4766 922 4838 regressi
955 4774 1010 4821 et
1045 4763 1385 4834 superiorem
1417 4760 1693 4833 regionem
1722 4801 1736 4826 ,
1790 4769 2023 4818 cunctas

434 4861 599 4917 urbes
624 4875 655 4916 a
679 4862 907 4915 minima
943 4858 1009 4914 ad
1036 4858 1332 4913 maximam
1367 4852 1779 4926 Adrianopolim
1844 4869 2022 4925 usque

434 4955 850 5011 destruxerunt.
888 4951 1303 5021 Adrianopolim
1352 4964 1517 5020 porro
1560 4948 1828 5004 munitam
1866 4963 2018 5019 repe-

434 5046 636 5103 rientes
686 5044 1025 5101 obsederunt
1062 5059 1076 5096 :
1110 5058 1276 5112 quam
1329 5058 1457 5098 cum
1526 5057 1845 5113 expugnare
1905 5056 2018 5096 non

434 5147 689 5213 possent,
758 5136 1059 5209 protractis
1115 5134 1422 5192 obsidionis
1480 5134 1678 5190 diebus
1732 5134 2019 5190 machinas

434 5236 854 5297 instruxerunt,
910 5239 966 5287 et
1021 5238 1266 5286 castrum
1331 5235 1803 5299 Oppugnaverunt.
1863 5227 2022 5283 Cives

435 5331 597 5386 malis
643 5325 943 5393 coarctati,
1003 5337 1109 5395 ope
1153 5321 1424 5389 destituti,
1459 5332 1515 5377 et
1541 5321 1687 5377 fame
1732 5328 2025 5391 pereuntes

434 5420 688 5481 hostibus
716 5422 897 5480 fecere
924 5415 1279 5477 deditionem.
1304 5413 1525 5489 Bulgari
1561 5413 1794 5485 captivis
1823 5412 1893 5469 ad
1924 5428 2027 5466 nn-

2120 4487 2400 4542 καὶτοῦτο
2428 4486 2489 4542 τὸ
2534 4488 2798 4561 κάστρον,
2840 4489 3254 4563 ἐμπυρίσαντες
3307 4490 3484 4545 πάντα
3519 4489 3585 4539 τὰ
3634 4484 3689 4535 ἐν

2122 4580 2260 4651 αὐτῇ
2291 4580 2572 4652 οἰκήματα
2602 4581 2698 4635 καὶ
2751 4582 2851 4647 τὰς
2887 4581 3224 4652 ἐκκλησίας,
3259 4577 3687 4649 κατασφάξαντες

2122 4671 2312 4727 αὐτόθι
2340 4672 2471 4728 λαὸν
2508 4671 2698 4728 πολύν.
2729 4675 2838 4727 Kal
2877 4672 3045 4745 μηδὲν
3087 4672 3416 4744 ἰσχύσαντες
3444 4672 3518 4735 είς
3548 4666 3681 4728 αὑτὸν

2121 4766 2189 4819 τὰ
2230 4764 2338 4831 ἔξω
2370 4766 2551 4821 πάντα
2582 4767 3012 4839 ἐμπυρίσαντες,
3064 4766 3160 4820 καὶ
3207 4761 3677 4836 καταστρέψαντα.

2124 4857 2361 4930 ἀνῆλθον
2392 4860 2472 4925 είς
2505 4859 2598 4914 τὸν
2631 4861 2845 4933 ’Δπρον
2870 4900 2885 4923 ,
2935 4860 3177 4931 κάστραν
3206 4858 3269 4912 ὃν
3303 4861 3401 4912 καὶ
3433 4854 3569 4911 αὑτόυ
3599 4849 3678 4903 καὶ

2124 4951 2611 5022 καταστρέψαντες
2664 4953 2761 5006 καὶ
2818 4952 2978 5007 τοῦτο
3024 4952 3122 5005 καὶ
3155 4951 3570 5023 ἐμπυρίσαντες,
3597 4941 3675 4995 καὶ

2122 5043 2288 5115 ἕτερα
2310 5044 2540 5098 πλείστα
2571 5046 2812 5117 κάστρα,
2847 5043 3120 5116 κατῆλθον
3150 5045 3363 5098 ἐκεῖθεν
3392 5043 3458 5097 δι’
3487 5034 3674 5111 ἡμερῶν

2123 5136 2282 5204 δέκα,
2319 5139 2415 5193 καὶ
2443 5138 2699 5209 εἰσῆλθον
2745 5140 2827 5203 εἰς
2861 5137 2932 5192 τὰ
2970 5138 3073 5210 ὅρη
3122 5137 3219 5193 τοῦ
3265 5138 3459 5193 Γάνον·
3497 5127 3674 5188 καὶεῦ-

2131 5231 2318 5301 ράντες
2367 5233 2487 5287 ἐκεῖ
2525 5232 2655 5286 λαὸν
2710 5232 2878 5287 πολὺν
2929 5231 3340 5303 κρυπτόμενον,
3378 5230 3470 5283 καὶ
3518 5220 3671 5294 σχεδω

2131 5323 2312 5377 πάντα
2348 5323 2421 5377 τὰ
2455 5324 2631 5397 κτήνη
2661 5325 2761 5395 τῆς
2784 5324 3035 5397 Θρᾴκης,
3068 5322 3425 5391 κατέσφαξαν
3454 5318 3565 5378 τοὺς
3596 5311 3673 5364 ἀν’

2131 5415 2388 5488 θρώπους
2414 5418 2511 5472 καὶ
2533 5418 2603 5472 τὰ
2630 5419 2803 5491 κτήνη
2828 5396 2959 5473 ὅντα
2988 5418 3070 5483 εἰς
3096 5415 3305 5488 πλήθη,
3336 5396 3670 5485 αἰχμαλωτεῦ’

1628 5530 1877 5587 FRANC.
1912 5528 2301 5590 COMBEFISII
2326 5534 2560 5596 ΝΟΤιΕ.

512 5629 587 5701 (9)
615 5630 871 5701 Τδνπάνυ
893 5629 1030 5687 nihil
1062 5641 1146 5689 est
1171 5644 1268 5688 cur
1301 5626 1605 5685 redundare
1631 5626 2011 5682 existimetur:
2049 5640 2149 5683 nec
2179 5629 2325 5686 enim
2356 5646 2582 5701 novum,
2652 5638 2709 5687 ut
2780 5638 2831 5686 ct
2884 5626 3235 5701 superlativis
3270 5622 3513 5684 adverbia
3564 5616 3668 5687 ejus

438 5698 583 5758 modi
624 5700 1013 5772 adiunguntur.
