3894 6218
258 395 384 463 1029

1434 395 1613 458 νΙΤΑ
1651 393 1930 457 LEONIS
1958 393 2277 456 ARMENI.

3371 389 3505 455 1030

255 529 344 568 στα
362 511 418 564 δὲ
452 509 553 564 καὶ
593 509 669 582 μή
707 509 1087 581 πειθομένους.
1143 511 1250 565 Καί
1286 528 1474 582 φασινο
1509 511 1570 566 '0
1606 514 1825 587 ’Ἄρειος

1931 521 2112 567 tamen
2180 509 2360 581 colligi
2414 509 2591 582 coegit
2637 521 2838 564 :uune
2904 523 3033 564 vero
3080 523 3205 565 cum
3257 513 3504 567 omnium

255 601 550 675 μονώτατος
574 601 814 673 λαλήσας
838 604 1094 673 ἐποίησεν
1118 603 1335 658 σύνοδον
1377 606 1823 677 συγκροτηθῆναι

251 695 308 747 δι’
336 695 539 747 αὐτόν·
595 698 689 746 καὶ
725 695 948 748 πάντων
981 695 1493 764 σκανδαλιζομὲνων
1537 695 1669 766 περὶ
1721 697 1824 768 τῆς

250 783 494 846 πίστεως,
530 782 679 846 τίνος
710 782 897 836 ἕνεκεν
920 784 1078 855 ὑμεῖς
1107 784 1169 838 οὐ
1195 783 1452 856 βούλεσθε
1477 786 1827 858 διαλεχθῆναι

249 876 333 930 καὶ
353 875 781 947 πληῳφορῆσαι
822 876 1054 943 πάντας,
1079 877 1164 932 ὅτι
1184 877 1360 943 καλῶς
1393 880 1825 951 προσκυνοῦνται

249 968 296 1020 ul
325 967 570 1031 είκόνες;
625 967 735 1020 Καὶ
763 965 1152 1035 ἔξουδενώσας,
1185 970 1282 1023 καὶ
1309 970 1827 1042 ὲπαπσιλησάμενος

248 1059 431 1121 αὐτοὺς
461 1057 763 1122 ἀπέλυσεν,
792 1058 982 1130 μείνας
1008 1063 1390 1132 κατασυρίζων
1411 1060 1510 1134 τῆς
1539 1063 1707 1135 ὀρθῆς
1739 1065 1827 1117 πί-

252 1166 429 1214 στεως,
457 1150 691 1219 ποιῆσαι
725 1149 1050 1221 βουλόμενος
1079 1154 1218 1221 ὅπερ
1252 1154 1468 1225 ἢθελεν.
1500 1155 1565 1211 Oi
1603 1155 1660 1210 δὲ
1689 1158 1826 1209 ἀπο-

253 1241 488 1304 λυθέντες
513 1241 820 1312 συνείχοντο
841 1241 994 1316 λύπῃ
1020 1244 1113 1298 καὶ
1136 1243 1362 1317 άθϐμίᾳ,
1392 1247 1826 1316 ἀπαγγείλαντες

245 1335 314 1404 τῷ
340 1334 668 1407 πατριάρχῃ
718 1336 903 1389 πᾶσαν
935 1335 1034 1407 τὴν
1075 1335 1271 1408 βουλὴν
1303 1338 1469 1394 αὒτοῦ
1516 1342 1616 1411 τὴν
1656 1358 1824 1412 πονη-

237 1429 351 1498 ράν.
393 1427 512 1482 Καὶ
554 1427 742 1481 λοιπὸν
799 1426 1161 1499 συναχθέντες
1206 1429 1409 1493 πάντες
1455 1433 1506 1485 οί
1555 1431 1825 1503 ὀρθόδοξοι

231 1519 491 1590 κληρικοί
521 1537 580 1573 τε
639 1519 736 1573 καὶ
765 1521 1016 1592 μοναχοὶ,
1046 1521 1143 1575 καὶ
1169 1521 1373 1589 λαῖκοὶ,
1404 1524 1666 1597 ἐποίησαν
1689 1542 1827 1580 παν-

226 1612 422 1682 νυχίδα
450 1611 728 1674 ὁλονυκτὶ,
768 1613 1223 1683 παρακαλοῦντες
1271 1614 1364 1669 τδν
1393 1615 1528 1671 Θεὸν
1579 1617 1664 1672 ἵνα
1705 1617 1826 1672 δια-

226 1701 474 1772 σκεδάσῃ
505 1701 603 1773 τὴν
630 1700 829 1772 βουλὴν
862 1703 1054 1756 αὑτοῦ.
1085 1703 1191 1758 Τοῦ
1220 1705 1278 1760 δὲ
1305 1708 1644 1778 πατριάρχου
1666 1707 1826 1762 τοῦτο

222 1791 569 1862 πράξαντος,
619 1792 758 1864 ὅπερ
788 1791 978 1862 μαθὼν
1011 1795 1040 1846 ὁ
1093 1793 1392 1866 άλητήριος
1425 1795 1575 1867 δηλοῖ
1608 1798 1700 1854 τὸν
1727 1799 1825 1872 ἀρ-

220 1885 456 1956 χωρέιν
525 1883 592 1936 Τί
623 1882 786 1936 τοῦτο
814 1885 1118 1954 Eminus“
1150 1885 1322 1950 Δύτὺς
1357 1885 1415 1940 δὲ
1443 1882 1628 1940 εἷπεν·
1661 1888 1826 1943 Οὐδὲν

219 1975 402 2030 κακὸν
433 1975 780 2045 ἐποιήσαμεν
805 1990 820 2007 ο
863 1975 958 2028 τὸν
1002 1973 1140 2030 Θεὸν
1171 1975 1555 2048 ίκετεύσαμεν,
1600 1979 1687 2032 ἴνα
1729 1980 1826 2053 τὴν

232 2065 584 2139 Ἐκκλησίαν
635 2065 935 2122 ἀσάλευτον
982 2067 1217 2141 φυλάξῃ.
1253 2070 1320 2122 sl
1349 2069 1645 2140 εὐάρεστον
1676 2070 1827 2143 αὐτῷ

217 2162 400 2215 ἔστιν.
435 2156 628 2212 Ταῦτα
672 2158 730 2212 δὲ
761 2159 1006 2223 ἀκούσας
1060 2159 1224 2216 πλέον
1252 2161 1508 2232 ἐμαίνετο
1551 2162 1694 2218 κατά
1725 2163 1826 2233 τῆς

217 2249 522 2321 ἀληθείας.
557 2247 715 2320 Εῐχεν
737 2251 799 2305 δὲ
843 2251 935 2304 καί
964 2268 1120 2316 τινας
1148 2252 1369 2317 ἀσεϐεῖς
1405 2252 1606 2324 ἄνδρας
1635 2271 1827 2326 συνερ-

215 2344 469 2414 γοῦντας
535 2343 704 2414 αὐτῷ,
761 2343 834 2397 δι’
888 2338 963 2398 ὧν
1019 2345 1114 2398 καὶ
1143 2346 1274 2408 τοὺς
1325 2345 1510 2409 δόλους
1567 2347 1828 2412 κρυπτῶς

215 2433 576 2493 ιὲἑκταινεν.
591 2438 702 2490 Καὶ
726 2437 1220 2509 παρασκευάζειδι⁹
1240 2437 1442 2501 αὐτοὺς
1461 2437 1587 2502 τοὺς
1605 2439 1824 2503 ἀσεϐεῖς

216 2529 585 2604 στρατιώτας
614 2529 709 2583 τοῦ
738 2529 956 2584 λιθάσαι
979 2530 1078 2601 τὴν
1103 2531 1290 2584 είκύνα
1331 2529 1429 2584 τοῦ
1456 2529 1696 2600 Χριστοῦ
1726 2531 1826 2600 τὴν

211 2619 399 2677 οὖσαν
438 2621 501 2673 ὲν
528 2623 595 2690 τῇ
622 2620 1056 2690 Χαλκεπωνὺμῳ
1091 2620 1238 2692 πύλῃ
1267 2618 1361 2672 τοῦ
1390 2617 1677 2672 παλατίου.
1714 2617 1827 2670 Καὶ

210 2712 423 2767 λοιπὸν
441 2709 683 2782 ἤρξαντο
717 2710 936 2782 βάλλειν
964 2710 1107 2765 κατὰ
1134 2712 1234 2783 τῆς
1255 2711 1462 2774 είκονυς
1502 2708 1705 2774 λίθους,
1732 2707 1826 2760 καὶ

211 2805 400 2876 regia,
441 2803 698 2870 λέγοντες
751 2804 974 2875 ῥήματα
1003 2803 1184 2872 πάσης
1211 2803 1528 2874 ἀφροσύνης
1561 2802 1655 2855 καὶ
1697 2801 1828 2853 ἀσε-

211 2896 384 2956 ϐείας
423 2893 625 2964 μεστά.
659 2893 792 2965 ᾅδην
845 2893 1249 2956 ἀποκαλοῦντες
1278 2892 1374 2946 καὶ
1417 2891 1685 2955 διάϐολον,
1732 2886 1826 2942 καὶ

211 2987 364 3043 ἄλλα
395 2985 548 3050 τινὰ,
582 2983 619 3038 ἃ
650 2985 725 3055 μὴ
759 2983 917 3054 θέμις
945 2987 1027 3048 είς
1053 2982 1217 3052 μέσον
1239 2984 1491 3051 ἀγαγεῖν.
1521 2981 1628 3035 Καί
1660 2995 1827 3051 φησιν

212 3083 246 3134 ό
276 3079 562 3150 τύραννος
598 3079 733 3148 πρὸς
764 3077 859 3130 τὸν
886 3077 1016 3129 λαόν
1038 3091 1055 3108 ο
1083 3071 1188 3138 τΛς
1243 3074 1650 3144 καταϐάσωμεν
1677 3072 1826 3125 ἐκεῖ·

214 3171 322 3226 θεν
354 3169 467 3241 τήν
500 3170 710 3234 εἰκόνα,
755 3169 842 3222 ἳνα
877 3168 956 3240 μὴ
987 3170 1016 3222 ὁ
1055 3167 1286 3239 στρατὸς
1315 3163 1561 3236 ἀτιμάζῃ
1617 3163 1821 3233 αὐτήν·

225 3263 590 3337 μιμούμενος
629 3264 684 3315 ὲν
721 3264 897 3333 τούτῳ
922 3263 1128 3317 Λέοντα
1154 3263 1247 3316 τὸν
1281 3261 1558 3330 Ἰσαυρον,
1593 3255 1670 3319 ὡς
1697 3253 1824 3326 βου-

223 3357 468 3425 λόμενος
497 3354 626 3417 τοὺς
646 3353 870 3424 χρόνους
891 3352 1056 3407 αὐτοῦ
1091 3352 1428 3424 βασιλεῦσαι.
1474 3347 1694 3418 Ἐπειδὴ
1719 3346 1828 3417 γὰρ

224 3451 557 3518 ἐγέγραπτο
593 3446 778 3499 ἐπάνω
799 3447 898 3516 τῆς
928 3446 1160 3509 εἰκόνος,
1190 3446 1274 3500 ὅτι
1311 3447 1428 3498 Ἦν
1445 3441 1685 3497 καθεῖλε
1713 3437 1828 3491 πά-

223 3545 335 3595 λαι
394 3540 566 3596 Λέων
601 3543 634 3594 ὀ
689 3538 1034 3605 δεσπόζων,
1084 3538 1347 3594 ἐνταῦθα
1394 3534 1830 3602 ἁνεστήλωσεν

225 3630 489 3700 Εἰρήνη.
531 3622 702 3693 Οὗτος
730 3628 842 3700 γάρ
879 3630 908 3682 ὀ
942 3628 1096 3682 Λέων
1124 3628 1296 3700 αὐτὴν
1319 3625 1561 3689 καθεῖλε,
1585 3623 1708 3675 ἐπεὶ
1733 3621 1828 3687 ἀφ’

220 3719 290 3777 οὗ
326 3725 362 3792 ἡ
417 3721 573 3783 πόλις
606 3720 854 3790 ἐκτίσθη,
891 3720 1032 3792 αὐτὴ
1063 3723 1097 3792 ὴ
1155 3718 1318 3772 εἰκὼν
1364 3713 1456 3790 ἦν.
1508 3713 1618 3768 Καὶ
1666 3711 1827 3766 τοῦτο

229 3814 479 3884 ποιήσας
514 3811 716 3865 ἔδωκεν
745 3812 1062 3884 παρρησίαν
1097 3813 1224 3874 τοὺς
1249 3809 1412 3883 ίτοῖς]
1449 3809 1544 3861 τοῦ
1574 3804 1825 3859 διαϐόλου

1847 3215 1894 3282 C

1928 604 2097 659 animi
2137 605 2284 659 circa
2318 603 2478 658 iidem
2505 602 2878 666 oll‘endantur,
2903 602 3062 671 cujus
3087 618 3254 658 causa
3280 619 3380 658 vos
3403 606 3510 659 alis-

1929 694 2284 750 sertationem
2327 693 2628 748 habendam
2665 693 3002 757 detrectatis,
3054 701 3109 746 et
3141 707 3300 762 aequo
3353 695 3506 748 cultu

1927 785 2184 840 colendas
2221 785 2490 856 imagines
2528 784 2710 854 palam
2733 797 2921 838 coram
2945 783 3206 839 omnibus
3227 784 3507 839 declarare

1927 876 2201 932 reunitis?
2237 875 2369 929 Eant
2401 875 2474 930 ob
2505 890 2620 929 rem
2649 873 2756 929 illis
2805 873 3154 944 contemptis,
3188 874 3344 943 plura
3395 873 3512 929 Leo

1926 971 2189 1035 minatus,
2223 969 2510 1024 discedere
2556 967 2861 1038 imperavit,
2894 976 2948 1022 et
2977 968 3244 1024 adversus
3299 977 3504 1022 rectam

1929 1061 2088 1116 ﬁdem
2119 1061 2414 1118 essibilare
2441 1075 2814 1129 perseverans,
2851 1074 2973 1130 quae
2993 1060 3180 1116 animo
3221 1059 3507 1130 concepis-

1928 1162 2034 1216 set,
2080 1153 2312 1224 exsequi
2376 1152 2722 1207 moliebatur.
2778 1151 2862 1206 Illi
2914 1152 3128 1208 dimissi
3178 1167 3416 1208 merere
3452 1163 3506 1207 et

1929 1243 2149 1300 tristitia
2173 1243 2564 1300 detinebantur
2580 1284 2592 1307 ,
2623 1258 2857 1313 nequam
2885 1243 3009 1313 ejus
3031 1259 3194 1299 omne
3211 1246 3502 1300 consilium

1935 1336 2261 1406 patriarcha:
2317 1335 2724 1390 renuntiantes.
2785 1336 3144 1390 Postmodum
3208 1337 3503 1392 orthodoxi

1926 1426 2112 1482 cuncti
2144 1427 2350 1493 clerici,
2381 1427 2714 1483 monachiet
2748 1427 2872 1482 laici
2925 1428 3140 1499 vigilias
3187 1444 3284 1498 per
3333 1439 3502 1484 totam

1927 1528 2146 1574 noctem
2183 1519 2514 1584 habuerunt,
2569 1527 2625 1574 ut
2659 1517 2804 1575 Deus
2823 1534 3014 1574 eorum
3061 1520 3352 1575 consilium
3388 1521 3506 1576 dis-

1927 1611 2154 1680 siparet,
2208 1611 2587 1682 deprecantes.
2650 1611 2778 1669 Haec
2828 1613 2900 1668 ita
2949 1615 3060 1683 geri
3116 1629 3145 1668 a
3195 1615 3506 1684 patriarcha

1927 1702 2146 1758 discens
2182 1703 2372 1759 infelix
2404 1705 2722 1774 imperator,
2763 1705 3041 1776 signiﬁcat
3073 1705 3319 1775 pontiﬁci
3363 1724 3376 1760 :
3411 1704 3506 1760 Ut-

1927 1793 2061 1862 quid
2093 1796 2196 1849 hoc
2226 1795 2387 1864 agis?
2415 1793 2732 1865 Respondet
2759 1795 2848 1850 ille
2877 1812 2892 1849 :
2921 1793 3066 1848 Nihil
3098 1794 3223 1848 mali
3247 1792 3503 1854 fecimus.

1860 1867 1902 1923 Β
1929 1883 2099 1940 Deum
2124 1894 2335 1940 tantum
2354 1887 2689 1957 rogavimus.
2722 1897 2780 1940 ut
2810 1886 3108 1942 Ecclesiam
3134 1901 3317 1950 suam.
3345 1888 3508 1941 modo

1930 1976 2030 2048 ipsi
2061 1977 2296 2048 placeat,
2337 1979 2790 2047 imperturbatam
2821 1987 3134 2035 conservet.
3165 1979 3262 2035 llis
3299 1979 3506 2034 auditis

1927 2070 2196 2126 adversus
2247 2072 2534 2127 veritatem
2589 2072 2766 2143 magis
2819 2089 2885 2129 ac
2937 2076 3112 2143 magis
3169 2074 3502 2130 insaniebat.

1927 2162 2169 2218 Aderant
2199 2179 2366 2234 porro
2395 2163 2648 2220 homines
2685 2165 2860 2234 impii,
2899 2181 3134 2237 quorum
3170 2181 3333 2236 opera
3360 2165 3503 2221 clam

1926 2255 2090 2310 dolos
2109 2256 2350 2322 texebat,
2381 2256 2478 2326 qui
2508 2257 2705 2327 emptis
2741 2255 3020 2324 favebant,
3051 2267 3106 2313 et
3156 2272 3346 2312 eorum
3401 2272 3507 2326 ope

1928 2349 2130 2403 milites
2153 2349 2517 2419 irreligiosos,
2548 2350 2642 2419 qui
2665 2349 2870 2405 Christi
2901 2351 3192 2423 imaginem
3220 2351 3287 2406 ad
3319 2349 3505 2420 palatii

1925 2451 2160 2509 portam,
2195 2441 2279 2496 eui
2311 2442 2563 2506 Clialces,
2604 2442 2720 2496 sive
2751 2441 2932 2498 Eme
2969 2459 3188 2508 nomen,
3234 2444 3508 2512 lapidibus

1929 2532 2244 2596 tuuderent,
2270 2544 2428 2603 parat
2449 2546 2502 2588 et
2537 2535 2785 2606 impellit.
2821 2536 3122 2604 Coeperunt
3151 2538 3338 2604 itaque
3367 2534 3509 2604 lapi-

1926 2622 2022 2678 des
2049 2631 2106 2677 et
2155 2624 2328 2677 lutum
2383 2626 2436 2679 in
2489 2627 2783 2696 imaginem
2828 2629 3064 2692 mittere,
3120 2627 3284 2681 verba
3342 2627 3507 2681 totius

1927 2714 2172 2768 stultitia:
2197 2714 2606 2786 impietatisque
2625 2719 2782 2786 plena
2814 2718 3175 2788 prolereutes,
3206 2729 3261 2772 et
3313 2729 3504 2773 ereum

1927 2803 2335 2874 diabolumque,
2369 2815 2424 2860 et
2448 2807 2554 2860 alia
2589 2808 2768 2876 plura,
2817 2823 2938 2876 quae
2977 2809 3031 2861 in
3090 2808 3329 2860 medium
3383 2821 3482 2877 pro

1926 2896 2124 2951 ducere
2143 2897 2297 2952 nefas
2322 2907 2425 2958 est.
2448 2899 2890 2966 pronuntiantes.
2933 2899 3223 2968 Tyrannus
3245 2899 3505 2968 populum

1925 2985 2346 3052 allocutus,ait:
2381 2987 2677 3056 Imaginem
2709 2989 2836 3042 inde
2871 2989 3234 3057 deponamus,
3274 3005 3342 3042 ne
3365 2987 3508 3045 forte

1928 3075 2127 3132 milites
2155 3091 2278 3132 eam
2310 3077 2712 3142 dehonestent;
2751 3079 2806 3132 in
2840 3079 2942 3132 hoc
2974 3077 3212 3132 Leonem
3246 3078 3497 3133 lsaurum

1928 3167 2196 3232 imitatus,
2228 3179 2282 3224 et
2329 3170 2566 3239 aequales
2617 3170 2832 3239 imperii
2881 3169 3004 3238 ejus
3057 3185 3231 3224 antios
3279 3169 3512 3226 studens

1929 3261 2220 3330 consequi.
2267 3261 2349 3316 Ad
2398 3270 2562 3330 caput
2589 3262 2734 3316 enim
2779 3252 3032 3332 imaginis
3065 3263 3346 3332 legebatur
3371 3263 3510 3320 scri-

1932 3359 2127 3420 ptum:
2163 3351 2336 3416 Quam
2365 3352 2608 3423 deposuit
2651 3355 2918 3423 quondam
2982 3353 3088 3407 Leo
3149 3357 3508 3426 principatum

1928 3449 2224 3506 assecutus,
2251 3441 2353 3496 huc
2381 3445 2614 3498 restituit
2646 3441 2821 3500 Irene.
2858 3445 3008 3500 Illam
3034 3447 3236 3517 quippe
3273 3448 3384 3502 Leo
3407 3449 3508 3502 de-

1931 3543 2207 3602 posuerat,
2235 3546 2290 3590 et
2321 3537 2390 3590 ab
2421 3538 2540 3607 ipso
2574 3537 2724 3593 urbis
2757 3540 2982 3595 conditu
3015 3541 3088 3594 ibi
3121 3543 3302 3611 imago
3328 3541 3510 3596 fuerat

1919 3625 2188 3692 reposita.
2229 3625 2341 3680 lloe
2369 3636 2590 3696 peracto
2629 3630 2830 3685 diaboli
2860 3633 3190 3695 auxiliariis,
3241 3633 3506 3698 Antonio,

1933 3711 2181 3780 inquam,
2216 3727 2271 3770 et
2296 3717 2520 3781 Joauui,
2575 3730 2630 3774 ct
2662 3721 2967 3775 facinorum
3018 3723 3207 3788 sociis,
3244 3724 3506 3792 quidquid

1933 3809 2276 3873 perpetraudi
2313 3807 2632 3865 facultatem
2661 3811 2926 3880 permisit.

232 3910 546 3978 συνεργοὺς
575 3907 931 3981 [συνεργοῖς],
961 3908 1106 3978 λέγω
1132 3907 1196 3980 δὴ
1239 3904 1520 3960 ’Λντώνιον
1547 3893 1900 3974 [’Λντωνίῳ],
1956 3900 2052 3950 καὶ
2088 3899 2338 3974 Ἰωάννην
2362 3903 2665 3977 [Ἰωάννῃ.
2694 3907 2935 3968 καὶτοὺς
2965 3904 3122 3978 [τοῖς]
3157 3905 3276 3976 μετ’
3305 3906 3508 3963 αὐτῶν.

299 4006 423 4059 Καὶ
477 4005 665 4057 λοιπὸν
698 4005 903 4058 τούτων
952 4003 1263 4075 γενομένων
1293 4003 1590 4072 συνήγοντο
1622 3999 1823 4057 πάντες

225 4101 279 4152 οἱ
337 4098 656 4164 ἐπίσκοποι,
703 4099 797 4153 καὶ
829 4099 879 4151 oi
937 4099 1164 4170 μοναχοὶ
1200 4101 1280 4162 είς
1308 4097 1370 4150 τὸ
1412 4095 1823 4166 πατριαρχεῖον,

225 4190 334 4244 καὶ
387 4191 760 4258 ἀνεγίνωσκον
791 4177 988 4254 ⁴πάσεις
1027 4191 1127 4255 τὰς
1149 4190 1378 4262 χρήσεις
1399 4187 1510 4242 τῶν
1541 4187 1822 4258 Πατέρων,

225 4279 426 4351 ἇσπερ
457 4283 506 4334 οἱ
546 4281 778 4334 ἐναντίοι
812 4280 1132 4352 κακούργως
1165 4281 1260 4334 καὶ
1311 4276 1542 4351 ἀμαθῶς
1589 4276 1826 4347 προέφε-

230 4385 359 4444 ρον,
384 4371 787 4442 ἑρμηνεύοντος
811 4371 982 4436 αὒτάς
1015 4371 1107 4425 τοῦ
1127 4372 1492 4444 πατριάρχου,
1514 4367 1610 4424 καὶ
1638 4367 1827 4436 λέγον-

221 4479 330 4525 τος
368 4464 512 4532 πρὸς
542 4462 748 4526 πάντας
768 4479 784 4494 ⁸
809 4463 904 4534 Μὴ
934 4463 1087 4533 ἔχετέ
1109 4480 1191 4526 τις
1217 4463 1511 4534 λεγόμενόν
1542 4478 1596 4515 τι
1625 4462 1682 4514 ὲν
1707 4457 1830 4513 τού-

218 4572 376 4622 τοις,
393 4555 616 4623 ἀδελφοί
637 4573 652 4623 ;
686 4556 798 4610 Καὶ
826 4553 1154 4626 ἀνέκραξαν·
1190 4555 1397 4619 Πάντες
1418 4555 1599 4625 ίσμεν,
1622 4552 1716 4606 καὶ
1735 4568 1833 4604 πε-

2000 3992 2098 4051 His
2147 3997 2219 4051 ita
2272 4000 2462 4068 gestis,
2523 4000 2766 4068 episcopi
2819 4012 2875 4054 et
2921 4000 3176 4056 monachi
3220 4001 3404 4055 cuncti
3453 4000 3509 4056 in

1925 4087 2321 4158 patriarchium
2351 4089 2770 4157 conveniebant,
2820 4099 2873 4146 et
2922 4091 3065 4145 dicta
3121 4089 3344 4150 Patrum
3389 4106 3512 4146 om-

1931 4181 2018 4234 nia
2048 4180 2415 4251 perlegelianl,
2440 4195 2564 4251 quae
2592 4181 2890 4238 adversarii
2919 4182 3189 4239 malitiose
3215 4192 3272 4237 et
3321 4183 3513 4238 ineru-

1930 4272 2041 4329 dite
2107 4273 2626 4343 interpretabantur.
2708 4273 3029 4330 Patriarcha
3097 4290 3226 4330 vero
3283 4289 3510 4332 sensum

1915 4382 2118 4423 eorum
2178 4368 2458 4432 reddente,
2531 4377 2586 4423 et
2647 4369 2715 4424 ad
2779 4383 2972 4426 omnes
3013 4385 3326 4426 sermonem
3373 4369 3511 4426 diri-

1929 4467 2089 4530 gente
2124 4476 2139 4514 :
2165 4459 2308 4514 Num
2339 4459 2554 4516 habetis
2584 4459 2754 4532 5.39
2779 4461 2986 4532 aliquid
3009 4464 3153 4534 quod
3185 4463 3367 4519 verbis
3389 4461 3510 4518 istis

1927 4552 2285 4623 exprimatur,
2308 4553 2530 4609 fratres?
2546 4552 2938 4609 Exclamavere
2967 4555 3150 4610 cuncti
3180 4553 3506 4619 :Novimus,

222 4646 678 4718 πληφορήμεθα,
702 4649 784 4702 ὅτι
820 4648 1028 4720 ἀληθής
1058 4631 1180 4702 ἑστῖ
1205 4651 1239 4718 ἡ
1282 4647 1464 4708 πίστις
1502 4646 1692 4719 ἡμῶν·
1733 4644 1826 4699 καὶ

1933 4661 1989 4703 ει
2012 4647 2147 4703 certi
2177 4663 2371 4704 sumus
2415 4664 2600 4703 veram
2644 4663 2766 4704 esse
2808 4648 2969 4702 ﬁdem
3001 4659 3281 4716 nostram;
3324 4649 3379 4704 in
3410 4652 3510 4704 hac

221 4741 453 4804 πάντες
481 4743 562 4805 είς
592 4741 750 4795 τοῦτο
801 4743 1244 4813 ἀποθνήσκομεν.
1269 4741 1380 4796 Καὶ
1415 4741 1444 4792 ὁ
1481 4743 1830 4810 πατριάρχης

215 4834 377 4904 πρὸς
409 4832 649 4896 αὐτούς·
679 4834 884 4887 Λοιπὸν
910 4830 1026 4896 οὖν,
1060 4833 1299 4902 ἀδελφοὶ,
1343 4835 1400 4887 ὲν
1441 4833 1665 4904 ὁμονοίᾳ
1701 4833 1830 4887 tad-

217 4924 384 4996 μεθα
415 4925 516 4979 καὶ
543 4925 883 4997 συνημμένος
913 4927 972 4978 ὲν
994 4926 1095 4998 μιᾷ
1113 4924 1260 4997 ψυχῇ
1285 4927 1343 4979 ὲν
1361 4925 1532 4998 ταύτῃ
1551 4924 1832 4996 τῇρμολο-

213 5019 329 5091 γία
348 5017 704 5089 ἀδιαιρετως,
724 5019 820 5072 καὶ
852 5016 927 5090 μὴ
940 5018 1174 5089 εῦρωσίν
1203 5035 1324 5072 τινα
1354 5018 1412 5084 ἐξ
1436 5017 1595 5088 ⁴ἡμῶν
1613 5017 1833 5086 ἀποχω-

217 5110 392 5181 ρίσαι
419 5109 473 5164 oi
518 5109 615 5180 τῆς
666 5111 913 5174 ἐναντίας
940 5109 1154 5181 μοίρας,
1187 5111 1280 5164 καὶ
1306 5110 1367 5165 οὐ
1407 5109 1484 5182 μὴ
1514 5109 1830 5182 ἰσχύσωσιν.

217 5204 479 5268 Πλείους
527 5205 637 5276 γάρ
689 5205 872 5259 αὐτῶν
915 5205 1083 5274 ἐσμεν
1130 5203 1314 5275 χάριτι
1369 5203 1630 5275 Χριστοῦ.
1656 5203 1722 5259 01.
1773 5203 1831 5258 δὲ

221 5298 409 5351 πάλιν
438 5296 743 5369 ἀνέκραξαν
772 5297 1245 5365 διαϐεϐαιούμενοι
1266 5297 1370 5360 ἕως
1404 5297 1636 5352 θανάτου
1700 5299 1830 5352 ἀντ-

215 5393 496 5464 έχεσθαι,
523 5395 616 5449 καὶ
649 5395 991 5466 ὑπερμαχεῖν
1005 5394 1146 5466 ὑπὲρ
1174 5395 1270 5465 τῆς
1311 5393 1639 5467 Ἐκκλησίας
1670 5395 1829 5468 ποιή-

215 5501 442 5550 σαντες
471 5487 764 5559 σταυροὺς,
788 5485 885 5540 καὶ
912 5484 1166 5555 ἐγγραφα
1196 5485 1276 5550 είς
1301 5484 1590 5554 ἀλλήλους,
1619 5485 1716 5539 τοῦ
1753 5485 1829 5556 μὴ

213 5576 600 5648 χωρίζεσθαι.
630 5577 819 5631 Ταῦτα
856 5577 1110 5648 ἐπράχθη
1141 5577 1248 5648 πρὸ
1273 5575 1386 5630 τῶν
1415 5577 1639 5648 ἑορτῶν.
1680 5579 1825 5634 diba-

215 5668 461 5723 σάντων
491 5668 550 5723 ϐὶ
581 5667 690 5723 τῶν
721 5670 926 5740 ἑορτῶν
961 5668 1076 5743 (16)
1105 5669 1257 5742 δηλοί
1287 5671 1314 5724 ὁ
1357 5671 1702 5743 πατριάρχης
1733 5671 1824 5725 τὸν

1936 4740 2207 4795 morimur
2261 4754 2475 4795 omnes.
2527 4739 2607 4793 Ad
2653 4738 2774 4793 illos
2823 4739 3137 4808 patriarcha
3177 4756 3190 4793 :
3224 4739 3507 4808 Superest,

1930 4833 2151 4900 fratres,
2187 4844 2249 4888 ut
2278 4833 2582 4889 concordes
2605 4845 3042 4902 perseveremus,
3073 4839 3130 4886 et
3151 4831 3352 4887 animis
3379 4847 3515 4887 eon-

1924 4924 2103 4995 juncti
2128 4925 2231 4979 hac
2251 4922 2306 4977 in
2331 4920 2680 4978 confessione
2699 4921 2908 4992 absque
2929 4919 3200 4979 dissensu
3227 4930 3512 4978 remanea-

1930 5031 2058 5072 mus
2085 5032 2097 5068 :
2135 5023 2196 5071 ut
2230 5014 2471 5071 adversa:
2500 5013 2672 5085 partis
2697 5013 2948 5070 homines
2975 5015 3186 5071 nullum
3213 5017 3511 5087 reperiant,

1932 5121 2095 5179 quem
2139 5115 2394 5177 separent
2439 5119 2469 5160 a
2511 5105 2693 5171 nobis,
2755 5120 2855 5161 nec
2905 5104 2962 5161 id
3013 5106 3238 5176 exsequi
3272 5107 3510 5161 valeant.

1933 5197 2120 5255 Gratia
2149 5197 2296 5254 enim
2327 5194 2533 5251 Christi
2567 5196 2753 5266 plures
2790 5196 2899 5252 illis
2944 5212 3159 5253 sumus.
3205 5195 3282 5250 llli
3313 5208 3510 5248 rursus

1932 5308 2059 5347 cum
2094 5293 2334 5345 clamore
2359 5287 2716 5344 ﬁrmaverunt
2753 5289 2819 5342 ad
2861 5297 3094 5343 mortem
3137 5301 3312 5357 usque
3337 5285 3511 5339 obsti-

1933 5397 2109 5450 turos.
2164 5393 2220 5440 et
2254 5399 2351 5451 pro
2403 5382 2645 5438 Ecclesia
2700 5383 3082 5446 dimicaturos,
3135 5377 3512 5450 appositisque

1934 5477 2194 5535 crucibus
2227 5476 2296 5534 ad
2324 5474 2783 5545 subscriptiones,
2825 5473 3045 5542 scriptis
3075 5469 3180 5526 sibi
3220 5476 3412 5523 mutuo
3446 5471 3511 5522 li~

1932 5575 2056 5630 dem
2109 5573 2308 5636 fecere,
2346 5582 2634 5638 nunquam
2673 5568 2742 5622 ab
2793 5565 3028 5621 invicem
3059 5581 3120 5622 se
3152 5561 3512 5636 separandos.

1933 5665 2060 5722 Ηιεε
2092 5677 2216 5722 ante
2257 5663 2395 5720 festa
2445 5668 2665 5736 peracta
2699 5667 2850 5717 sunt.
2887 5657 3304 5716 lmmincutibus
3353 5671 3517 5730 porro

1407 5780 1658 5838 FBANC.
1701 5781 2097 5839 COMBEFlSll
2129 5779 2358 5837 NOTAE.

299 5872 433 5947 (16)
467 5874 655 5934 Amica
689 5875 901 5934 auctori
937 5889 1062 5944 vox,
1094 5889 1199 5946 qua
1241 5874 1447 5945 ubique
1487 5875 1690 5935 Christi
1720 5877 1968 5934 Natalem
1998 5874 2291 5941 signiticet.
