3986 6232
352 268 500 338 1033
1544 264 1723 328 νιΤΑ
1757 261 1926 324 ιΕΟῙ

2075 261 2342 322 ARMEN
2348 261 2396 320 Ι.
3484 256 3620 320 1034

348 385 534 442 πάντα
565 378 823 452 εὐμαρῶς
879 377 1107 448 ποιῆσαι
1156 375 1291 448 ἔχει,
1346 375 1489 447 ἅπερ
1523 375 1790 446 βούλεται.
1827 374 1922 427 Καπ

2042 372 2249 428 lnntate
2274 370 2492 425 facilius
2514 377 2905 424 exsecuturum
2934 365 3198 434 cegitans.
3226 363 3494 421 Caeterum
3521 366 3616 422 Dei

351 474 543 531 λοιπὸν
585 467 785 545 ἀθρόον
832 473 899 525 ὲκ
941 470 1037 523 τοῦ
1081 466 1514 541 παραδοξοποιοῦ
1554 467 1688 521 Θεοῦ
1743 465 1925 538 μικρὸι

2054 481 2213 520 manu
2264 463 2656 518 miraculorum
2704 459 2977 514 etI'ectrice
3005 457 3255 513 nonnihil
3301 458 3628 535 sublevatus

351 564 653 639 διεφορήθη
696 563 830 633 (20).
860 563 1039 633 Ὅπερ
1100 560 1286 632 μαθὼν
1326 562 1354 613 6
1394 559 1722 630 Χαμαιλέων
1763 576 1925 630 παρα-

2048 566 2133 612 est
2176 556 2521 625 patriarcha;
2571 553 2716 623 quod
2771 566 2895 606 cum
2954 551 3209 605 rescisset
3254 550 3619 616 Chamzeleon,

324 682 329 691 -
357 657 619 722 σκευάζει
651 654 828 725 λάθρα
852 652 943 706 διά
973 670 1136 705 τινων
1165 652 1293 714 τοὺς
1320 649 1659 722 στρατιώτας
1700 648 1898 704 ἁνελθεῖ

2050 643 2411 716 quorumdam
2450 658 2551 713 ope
2597 642 2795 696 milites
2835 643 2886 694 in
2934 639 3325 710 patriarchium
3359 641 3497 694 clam
3528 656 3623 710 ρο·-

356 753 439 815 είς
452 748 516 804 τὸ
531 764 734 819 πατρια
744 749 942 819 ρχείον,
968 744 1065 798 atal
1086 744 1260 815 συρτά
1279 742 1393 815 (21)
1424 742 1732 799 καταϐᾶσαι
1758 742 1930 797 αὐτόν.

2052 744 2271 792 netrarc
2299 734 2596 803 disposuit,
2636 743 2691 788 ct
2739 732 2967 787 silenter
3000 747 3125 786 eum
3166 730 3457 786 abducere.
3494 730 3625 787 Erat

354 839 468 899 Ἦν
485 844 542 897 δὲ
565 844 598 913 ἠ
620 838 984 911 παρείσὸασις
998 837 1107 890 τῶν
1129 836 1434 905 Νηστειῶν.
1455 836 1566 891 Καὶ
1588 834 1928 905 συναχθέντες

2054 844 2216 900 porro
2240 827 2580 898 Jejuniorum
2613 825 2850 879 initium.
2885 822 3142 879 Conferta
3167 824 3352 894 itaque
3384 823 3628 877 multitu-

358 931 689 1006 παμπληθεὶ
745 929 938 1001 ὥσπερ
993 930 1043 981 οί
1114 927 1362 981 Ἰουδαῖοι
1414 927 1508 978 ἐπὶ
1567 925 1673 978 τοῦ
1706 922 1932 994 Χριστοί

2055 920 2180 975 dine
2226 919 2425 984 coacti,
2462 917 2610 971 velut
2656 913 2832 969 Judaei
2875 914 2926 968 in
2972 913 3250 968 Christum
3302 913 3629 979 insilientes,

320 1056 328 1061 ς
365 1029 508 1102 μετά
568 1024 853 1097 μαχαιρῶν
889 1022 985 1075 καὶ
1019 1021 1213 1088 ξύλων,
1267 1020 1534 1090 ἐγέμισαν
1571 1020 1640 1072 τὰ
1679 1018 1889 1090 προαύλ

2054 1029 2179 1068 cum
2234 1012 2432 1083 gladiis
2467 1020 2520 1066 et
2550 1009 2714 1079 lignis
2754 1007 3003 1063 ecclesia:
3032 1009 3228 1062 atrium
3263 1007 3628 1076 repleverunt,

362 1098 464 1192 ⁸τῆς
490 1118 811 1188 ἐκκλησίας,
836 1114 1134 1186 κράζοντες
1156 1113 1251 1167 καὶ
1280 1112 1514 1182 βοῶντες
1538 1112 1793 1176 ἀτάκτως
1811 1128 1827 1144 ·
1854 1112 1936 1165 xal

2055 1106 2376 1168 clamantes,
2399 1112 2453 1158 et
2495 1103 2832 1157 tumultuose
2877 1098 3239 1154 vociferantes
3273 1109 3629 1167 :cmpcrunt-

364 1213 554 1268 λοιπὸν
583 1211 819 1283 ἧρξαντο
841 1208 1215 1262 ἀνασκάπτειν
1242 1206 1336 1259 καὶ
1374 1204 1797 1273 ἀναθεματίζειν
1821 1204 1938 1267 τοὺς

2057 1214 2160 1269 que
2186 1196 2570 1262 exsecrari,.et
2602 1194 2737 1249 diris
2758 1192 3026 1248 devovere
3056 1196 3244 1248 sancta
3276 1192 3330 1246 in
3363 1193 3631 1249 memoria

367 1308 428 1359 ἐν
475 1279 724 1375 ὁσία-’τῇ
779 1302 968 1371 μνήμῃ
1018 1298 1336 1370 Γερμανὸν,
1375 1299 1473 1350 καὶ
1510 1297 1806 1367 Ταράσιον,
1853 1297 1941 1349 καὶ

2056 1287 2346 1343 defunctos
2379 1285 2709 1340 Germanum
2733 1323 2748 1348 ,
2801 1282 3089 1336 Tarasium
3125 1289 3180 1335 et
3229 1279 3624 1352 Nicephorum:

368 1374 683 1464 Νικηφόρον
701 1410 714 1423 υ
733 1392 878 1461 ἅπερ
903 1388 1145 1453 ἀκούσας
1166 1391 1194 1443 ὁ
1219 1388 1567 1459 πατριάρχης
1578 1386 1942 1458 ηὐχαρίστησε

2057 1396 2177 1451 quae
2200 1379 2418 1450 quidem
2455 1377 2683 1433 audiens
2728 1375 3039 1446 patriarcha
3070 1374 3178 1428 Deo
3220 1389 3344 1428 cum
3376 1374 3631 1446 lacrymis

365 1487 448 1560 τῷ
478 1486 597 1555 Θεῷ
624 1484 763 1555 μετά
790 1481 1066 1553 δακρύων,
1111 1482 1193 1534 ὅτι
1235 1479 1441 1550 ἠξιώθη
1488 1479 1628 1549 ὑπὲρ
1669 1477 1939 1541 εὐσεϐείας

2059 1473 2260 1543 gratias
2276 1473 2408 1543 egit,
2426 1471 2570 1541 quod
2590 1471 2809 1542 pietatis
2835 1471 3186 1526 defendendae
3211 1485 3377 1526 causa
3399 1471 3516 1525 haec
3534 1485 3633 1528 au-

367 1581 545 1634 ταῦτα
577 1579 830 1632 ἀκοῦσαι.
867 1578 976 1630 Kal
999 1575 1065 1647 δὴ
1100 1575 1363 1645 ὥρμησεν
1400 1575 1428 1627 6
1456 1573 1583 1635 λαδς
1609 1571 1941 1643 ὁμοθυμαδὸν

2060 1565 2175 1619 dire
2206 1572 2528 1619 mereretur.
2582 1564 2883 1620 Confestim
2929 1564 3264 1635 conspiranti
3295 1565 3497 1633 impetu
3531 1579 3634 1634 po-

371 1673 509 1744 πρδς
521 1672 582 1724 τὸ
610 1670 853 1725 ἀνελθεῖν
873 1670 953 1731 εἰς
974 1668 1037 1721 τὸ
1063 1669 1473 1738 πατριαρχεῖον.
1509 1664 1619 1718 Καί
1647 1681 1731 1727 τις
1751 1663 1945 1732 Θωμᾶς

2059 1655 2220 1725 pnlus
2242 1655 2453 1722 insiliit,
2484 1655 2622 1710 utin
2649 1656 3045 1725 patriarchium
3071 1656 3468 1726 ingrederetur.
3508 1654 3632 1710 Mox

375 1742 669 1833 πατρίκιος
699 1760 1124 1815 ἀποδισυπάτων
1155 1757 1286 1831 [ἀπὸ
1318 1758 1400 1820 δὶς
1445 1755 1690 1827 ὑπάτων]
1727 1756 1949 1826 γενόμε-

2060 1748 2303 1803 Thomas
2349 1747 2575 1819 quidam
2606 1748 2897 1817 patricius,
2934 1748 3020 1804 bis
3058 1749 3344 1814 esconsul,
3373 1748 3467 1816 qui
3502 1757 3632 1804 tunc

373 1874 486 1922 νος,
513 1855 570 1918 ὃς
590 1854 712 1907 τότε
739 1853 837 1923 τὴν
860 1850 1158 1922 ἐκκλησίαν
1200 1849 1508 1920 παρέλαϐεν
1538 1846 1657 1920 [ὡς]
1708 1847 1813 1900 ύπδ
1858 1845 1947 1900 τοῦ

2061 1839 2211 1893 velut
2235 1838 2586 1908 imperatoris
2621 1839 2777 1908 jussu
2811 1839 3097 1894 ecclesiam
3127 1839 3406 1893 tutandam
3442 1855 3631 1895 susce-

378 1948 666 2018 βασιλέως,
718 1943 1029 2014 ἀσφαλίσας
1056 1941 1156 2006 τὰς
1214 1941 1393 2003 πύλας
1422 1940 1519 1993 τοῦ
1558 1941 1952 2011 πατριαρχείου

2062 1939 2235 2001 perat,
2260 1931 2429 2000 portis
2454 1930 2771 2000 patriarchii
2800 1930 3059 1995 occlusis,
3091 1946 3184 1985 cos
3215 1933 3463 1996 removit,
3484 1932 3636 1988 velut

374 2036 677 2102 ἁπεδίωξεν
729 2035 948 2098 αὐτοὺς,
996 2033 1073 2096 ὼς
1122 2031 1284 2101 δῆθεν
1320 2030 1415 2084 τοῦ
1464 2029 1728 2101 βασιλέως
1785 2031 1948 2100 χωρὶς

2062 2022 2236 2076 inscio
2266 2022 2598 2091 imperatore
2622 2021 2933 2076 istiusmodi
2956 2019 3201 2075 facinora
3231 2023 3473 2078 molitos.
3500 2022 3634 2079 Pro-

374 2125 551 2179 ταῦτα
580 2122 887 2185 ποιοῦντας.
940 2122 1052 2175 Kal
1100 2121 1286 2174 λοιπὸν
1324 2122 1353 2173 6
1393 2118 1791 2191 προειρημένος
1815 2119 1948 2190 ἀνὴρ

2062 2114 2208 2168 tinus
2257 2113 2324 2167 ad
2380 2113 2837 2175 Chamaeleontem
2890 2113 3147 2184 praefatus
3204 2115 3287 2169 vir
3334 2115 3634 2185 profectus,

376 2212 629 2270 ἀπελθὼν
652 2219 788 2284 πρὸς
813 2213 905 2266 τὸν
926 2210 1327 2283 Χαμαιλέοντα,
1358 2206 1512 2266 εἶπεν
1545 2209 1695 2280 αὐτῷ
1720 2209 1812 2263 τοῦ
1823 2207 1950 2262 λαοῦ

2063 2206 2433 2262 inordinatum
2474 2206 2654 2276 populi
2724 2215 2934 2261 motum
2985 2205 3352 2261 denuntiavit.
3393 2205 3489 2263 Ille
3535 2223 3634 2279 pro

376 2305 479 2375 τὴν
494 2303 729 2358 ἄτακτον
758 2304 956 2375 ῥύμην.
1001 2303 1058 2356 Ὀ
1082 2302 1141 2360 δὲ
1173 2301 1262 2356 ἀεὶ⁸
1280 2301 1521 2371 ψεύστης
1549 2299 1645 2365 ῶν,
1680 2301 1950 2372 ἠρνήσατο

2063 2298 2226 2354 solito
2253 2300 2508 2366 mendax,
2536 2315 2637 2354 nec
2665 2300 2963 2369 quidquam
2991 2304 3154 2363 scire,
3190 2300 3272 2355 vel
3304 2316 3634 2371 quemquam

378 2394 600 2460 ειδέναι,
633 2393 769 2464 μηδὲ
794 2390 1133 2447 ἀπεστᾶλθαι
1160 2390 1292 2462 παρ’
1329 2389 1517 2445 αὐτοῦ.
1553 2389 1736 2455 Ἀλλὰ,
1769 2391 1952 2461 φησιν,

2063 2406 2094 2446 a
2121 2406 2183 2446 se
2220 2391 2448 2448 missum
2495 2407 2716 2462 negare.
2768 2392 2971 2447 Verum
2998 2432 3014 2459 ,
3060 2391 3259 2461 inquit,
3312 2395 3635 2449 necessitate

380 2488 630 2556 ἀνάγκην
664 2485 878 2555 ἔχουσιν
931 2486 1025 2538 καὶ
1077 2484 1238 2538 πόνον
1288 2485 1338 2538 οί
1372 2482 1514 2547 λαοὶ,
1548 2482 1642 2535 καὶ
1676 2480 1767 2535 διὰ
1799 2482 1954 2535 τοῦτο

2065 2484 2401 2554 compulsus,
2454 2493 2509 2538 et
2565 2485 2733 2538 animi
2782 2499 3019 2539 mmrore
3068 2493 3247 2539 tactus
3298 2485 3531 2554 populus
3580 2484 3636 2537 in

377 2578 555 2641 οὕτως
581 2576 871 2646 ἐποίησαν.
902 2577 1012 2629 Kal
1032 2575 1225 2643 λέγειό
1255 2575 1478 2644 Θωμᾶς,
1508 2572 1591 2626 ὅτι
1622 2572 1686 2627 Ei
1713 2573 1951 2637 κελεύεις

2066 2576 2382 2644 hujusmodi
2407 2575 2609 2630 factum
2641 2578 2909 2646 prorupit.
2940 2575 3221 2631 Subinfert
3251 2576 3494 2631 Thomas
3526 2593 3541 2629 :
3578 2575 3636 2630 Si

380 2670 568 2735 αὐτὸν,
605 2671 876 2734 δέσποτα,
934 2667 1187 2735 ὲξεῶσαι,
1233 2667 1294 2720 ού
1348 2666 1561 2721 πολλῶν
1607 2668 1726 2720 ὲστι
1775 2667 1954 2737 χρεία.

2064 2670 2434 2740 eumjusseris
2461 2669 2676 2740 expelli,
2702 2669 2941 2733 domine,
2968 2684 3076 2722 non
3107 2683 3246 2739 opus
3265 2669 3471 2723 multis.
3491 2668 3637 2723 Tan-

382 2761 489 2814 Δύο
521 2760 762 2831 ὀνόματα
783 2758 1121 2824 ἀπόστειλον,
1147 2758 1241 2812 καί
1263 2758 1390 2823 τοὺς
1423 2757 1645 2828 ἔχοντας
1669 2758 1832 2811 αὐτὸν
1858 2756 1956 2827 βα-

2068 2770 2178 2815 ιυιη
2212 2762 2463 2815 homines
2497 2761 2637 2816 duos
2694 2762 2871 2828 mitte,
2928 2762 3178 2831 aliosque
3214 2763 3307 2833 qui
3357 2763 3585 2819 efferant
3619 2781 3636 2820 :

386 2854 619 2908 στάσαι·
665 2854 725 2906 ού
760 2852 869 2923 γὰρ
921 2850 1144 2904 δύναται
1212 2852 1591 2921 περιπατῆσαι
1632 2851 1726 2919 ἀφ’
1761 2850 1958 2903 ἑαυτοῦ

2067 2867 2177 2908 non
2211 2854 2355 2907 cutim
2394 2854 2809 2923 ingravescente
2843 2854 3151 2909 valetudine
3171 2870 3201 2909 a
3229 2870 3288 2909 se
3310 2864 3487 2925 potest
3516 2870 3641 2925 pro-

382 2946 450 2999 ικ
474 2943 576 3012 τῆς
600 2943 781 3005 νόσου,
809 2944 905 2996 καλ⁸
943 2941 1117 3005 οὓτως
1148 2939 1431 3012 ἐξέρχεται
1453 2957 1467 2971 ·
1492 2940 1521 2994 ὃ
1543 2940 1607 3011 δὴ
1641 2941 1735 2996 καὶ
1768 2941 1956 3013 ἐποίη-

2067 2944 2263 2999 cederc
2294 2960 2309 2996 :
2347 2953 2508 3012 atque
2540 2944 2612 2997 ita
2640 2944 2901 2998 discedet.
2943 2942 3000 2998 Id
3039 2945 3112 2998 ita
3144 2944 3291 3008 fecit,
3346 2944 3641 3000 submissis

383 3051 500 3088 σεν.
537 3033 616 3105 Τῇ
642 3035 798 3086 νυκτὶ
827 3030 981 3105 [γὰρ]
1011 3030 1339 3094 ἀποστείλας
1361 3031 1516 3096 τινὰς
1546 3030 1776 3096 ἐξέωσεν
1794 3032 1957 3086 αὐτὸν

2068 3042 2249 3098 nocte,
2293 3035 2386 3103 qni
2429 3034 2797 3103 patriarcham
2829 3033 3090 3103 ejicerent
3142 3036 3399 3090 ecclesia.
3458 3035 3642 3102 Quare

381 3125 486 3196 τῆς
518 3101 847 3196 ἐκκλησίας,
1032 3123 1440 3191 καταγαγόντες
1477 3124 1543 3175 ἐκ
1566 3122 1657 3179 τοῦ
1688 3140 1955 3194 πατριαρ-

2068 3124 2161 3193 qui
2196 3124 2350 3179 missi
2385 3123 2604 3178 fuerant
2646 3124 2837 3179 lvctica
2891 3125 3255 3195 patriarcham
3288 3128 3642 3194 abducentes,

382 3215 535 3288 χείου
567 3216 704 3285 μετά
744 3215 914 3285 φόρου
959 3210 1234 3285 ιφορείου]
1273 3213 1324 3265 οί
1361 3213 1784 3277 ἀποσταλέντες,
1808 3212 1956 3284 έστη-

2066 3216 2247 3272 mcdio
2276 3216 2412 3271 Milii
2447 3214 2605 3287 44],
2637 3214 2756 3270 foro
2798 3224 3088 3283 steterunt,
3123 3226 3185 3272 ut
3226 3234 3351 3272 enm
3401 3218 3638 3285 militum

385 3324 486 3365 σαν
510 3307 673 3377 μέσον
702 3308 801 3377 τῆς
819 3306 1026 3375 ἀγορᾶς
1054 3303 1149 3356 τοῦ
1187 3301 1423 3373 Μηλίου,
1480 3302 1629 3367 ὅπως
1673 3304 1819 3367 τινὲς
1858 3303 1959 3356 τῶν

2067 3309 2286 3380 quidam
2313 3309 2647 3363 occiderent.
2685 3306 2816 3362 Erat
2854 3323 3020 3379 porro
3044 3308 3312 3378 profunda
3334 3324 3463 3375 nox,
3492 3326 3641 3365 som~

386 3398 738 3472 στρατιωτῶν
790 3394 1185 3454 ἀποκτείνωσιν
1233 3394 1419 3448 αὐτόν.
1469 3396 1580 3448 Kal
1613 3395 1801 3465 ἐπειδὴ
1834 3394 1960 3466 βρά-

2068 3417 2250 3471 nnqne
2281 3401 2499 3457 cunctis
2546 3401 2823 3471 depressis
2855 3441 2870 3467 ,
2911 3401 3097 3457 nullus
3147 3402 3389 3471 seipsnm
3452 3402 3641 3461 movit.

380 3494 494 3549 διον
519 3489 609 3565 ἦν,
640 3493 738 3546 καὶ
777 3489 978 3552 πάντες
1010 3487 1163 3559 ῦπνῳ
1200 3487 1590 3559 κατεφέροντο,
1633 3487 1813 3552 οὐδεὶς
1846 3491 1948 3542 ὲσα

2070 3491 2199 3550 Post
2242 3495 2477 3548 mediam
2516 3495 2730 3559 horam,
2759 3494 2814 3548 in
2848 3493 3019 3559 nullo,
3061 3509 3298 3564 quorum
3333 3503 3451 3548 erat
3480 3495 3644 3550 moli-

384 3586 575 3657 λεύθη.
592 3585 701 3640 Kal
725 3582 1048 3650 ποιήσαντες
1064 3581 1195 3634 ὡσεὶ
1219 3580 1417 3652 μιῶριν
1436 3578 1532 3653 [ὡς
1552 3579 1837 3653 ἠμιῶριν],
1870 3580 1958 3634 καὶ

2068 3600 2215 3648 men,
2256 3584 2626 3653 proﬁcientes,
2673 3585 2914 3639 tulerunt
2959 3600 3085 3639 eum
3128 3585 3253 3641 inde
3281 3593 3335 3640 et
3366 3587 3418 3639 in
3458 3600 3642 3644 arcem

392 3674 559 3745 μηδὲν
600 3671 909 3734 ἀνύσαντες
957 3670 1087 3739 περὶ
1134 3665 1196 3722 οῦ
1261 3668 1564 3731 ἐϐούλοντο,
1615 3664 1758 3740 ἦραν
1804 3668 1966 3722 αὐτὸν

2071 3673 2447 3740 abduxerunt;
2504 3673 2780 3744 lintreque
2810 3673 3128 3743 impositum
3171 3684 3323 3728 trans
3355 3674 3553 3730 fretum
3577 3676 3645 3730 ad

390 3764 621 3829 ἐκεῖθεν,
653 3764 746 3819 καὶ
774 3762 1089 3833 κατήγαγον
1113 3760 1194 3822 εἰς
1223 3758 1519 3829 ἀκρόπολιν
1538 3773 1553 3791 '
1586 3761 1679 3812 καὶ
1715 3758 1964 3828 βαλόντες

2071 3764 2452 3834 Chrysopolim
2480 3764 2781 3833 proiecere.
2804 3763 2959 3819 Mane
2986 3765 3223 3819 comitiis
3248 3766 3466 3827 habitis,
3500 3767 3645 3821 ﬁlius

390 3856 450 3909 ιν
475 3855 702 3925 ἀκατίῳ,
748 3851 989 3924 ἔρριψαν.
1014 3851 1189 3922 πέραν
1224 3852 1303 3911 είς
1342 3848 1704 3920 Χρυσόπολιν.
1759 3848 1869 3901 Καὶ
1908 3848 1964 3901 τὸ

2070 3852 2396 3924 perditionis
2421 3853 2488 3907 ad
2523 3854 2785 3923 populum
2814 3868 3123 3908 sermonem
3158 3855 3345 3909 habuit
3370 3871 3383 3906 :
3413 3852 3644 3919 Videtis.

391 3945 539 4020 πρωῒ
569 3947 801 4015 ποιήσας
845 3942 1116 3997 σελέντιον
1161 3942 1190 3993 6
1226 3940 1341 4004 υίὸς
1371 3940 1469 4011 τῆς
1501 3939 1798 4005 ἀπωλείας,
1816 3937 1965 3993 εἶπεν

2069 3945 2289 4010 fratres,
2327 3953 2387 4000 ut
2417 3945 2728 4017 patriarcha
2759 3946 2990 4001 ecclesia
3021 3946 3279 4000 derelicta
3306 3946 3643 4014 discesserit,

387 4040 530 4112 πρὸς
559 4040 652 4097 τὸν
689 4036 818 4092 λαόν
843 4053 857 4068 ο
910 4034 1126 4100 υίδατε,
1176 4033 1418 4102 ἀδελφοὶ,
1450 4034 1534 4087 ὅτι
1558 4034 1586 4087 ό
1621 4032 1961 4104 πατριάρχης

2074 4035 2216 4105 quod
2252 4050 2377 4090 cum
2418 4049 2484 4090 eo
2514 4035 2584 4091 de
2614 4035 2948 4105 imaginibus
2981 4034 3248 4091 fuerimus
3282 4037 3558 4102 collocuti.
3591 4048 3648 4094 et

385 4131 673 4203 παρεάσας
698 4127 796 4197 τῆς
825 4126 1122 4197 ἐκκλησίας
1149 4112 1497 4196 ἀνεχώρησεν
1516 4141 1530 4156 ο
1553 4124 1687 4183 διότι
1710 4126 1959 4197 ἐλέγομεν

2074 4127 2496 4196 exposuerimus
2521 4136 2743 4197 propter
2767 4141 2861 4183 eas
2892 4143 2923 4182 a
2956 4128 3213 4198 gentibus
3243 4144 3343 4182 nos
3378 4129 3561 4202 allligi.
3599 4131 3648 4187 Is

385 4222 540 4292 αύτῷ
571 4220 701 4292 περὶ
732 4219 840 4273 τῶν
885 4218 1129 4284 εἰκόνων,
1159 4220 1240 4271 ὅτι
1283 4216 1470 4281 κακῶς
1511 4216 1959 4285 προσκυνοῦνται,

2072 4235 2232 4283 vero,
2282 4220 2533 4289 responsi
2567 4219 2796 4290 congrui
2844 4221 3066 4291 penitus
3110 4219 3351 4291 ignarus,
3393 4223 3472 4277 ira
3502 4238 3646 4292 pra:-

387 4316 484 4370 καὶ
533 4315 615 4372 ὅτι
668 4313 754 4367 διὰ
800 4310 957 4365 τοῦτο
989 4310 1058 4363 τὰ
1094 4308 1222 4380 ἔθνη
1269 4308 1558 4379 κυριεύουν
1588 4309 1766 4380 ἡμῶν.
1797 4309 1961 4372 Αὐτὸς

2076 4325 2221 4382 ceps,
2246 4321 2300 4366 et
2331 4312 2491 4367 nobis
2522 4312 2807 4384 neglectis,
2834 4313 2989 4367 abiit.
3022 4312 3203 4368 Alium
3230 4313 3397 4383 igitur
3420 4314 3650 4382 patriar-

384 4408 450 4464 δὲ
481 4406 558 4477 μὴ
591 4405 729 4476 ἔχων
759 4400 979 4472 εὔλογόν
1006 4420 1060 4455 τι
1085 4401 1551 4471 ἀπολογήσασθαι,
1575 4401 1852 4472 ὀργισθεὶς
1876 4402 1958 4455 καὶ

2074 4403 2233 4460 cha'm
2276 4406 2493 4459 institui
2532 4420 2759 4461 necesse
2795 4413 2901 4461 est.
2931 4407 3010 4460 Ita
3048 4405 3336 4472 mentitus,
3374 4406 3648 4475 persuasit

387 4498 667 4570 ἀτιμάσας
729 4497 879 4566 ἡμᾶς
920 4492 1287 4565 ἀνεχώρησεν,
1343 4495 1456 4549 Καὶ
1501 4494 1685 4548 λοιπὸν
1724 4495 1961 4567 ἀνάγκην

2075 4499 2278 4567 populo
2325 4498 2612 4553 abdicasse
2662 4513 2722 4553 se
2780 4498 3093 4568 dignitate:
3146 4496 3412 4553 Joannem
3447 4498 3649 4570 quippe

387 4591 587 4663 ἔχομεν
620 4590 806 4661 ἕτερον
838 4588 1186 4658 πατριάρχην
1224 4587 1466 4659 ποιῆσαι.
1502 4587 1614 4641 Καὶ
1641 4587 1811 4643 ταῦτα
1839 4589 1961 4658 ψευ-

2075 4589 2350 4646 Pancratii
2390 4589 2583 4656 lilium,
2631 4590 2775 4660 quod
2817 4590 2920 4645 sibi
2970 4590 3329 4657 adhaesisset,
3361 4590 3428 4645 ad
3458 4591 3648 4646 istius-

390 4685 624 4755 σάμενος
658 4681 878 4736 ἔπεισεν
916 4680 1008 4736 τὸν
1046 4679 1200 4745 λαὸν,
1250 4678 1335 4732 ὅτι
1372 4681 1751 4751 παρῃτήσατο,
1782 4683 1876 4733 καὶ
1903 4680 1964 4752 δὴ

2078 4683 2223 4736 modi
2272 4683 2592 4752 dignitatem
2642 4696 2966 4753 promovere
3007 4681 3277 4736 studebat.
3330 4684 3376 4736 A
3406 4682 3650 4753 patriciis

393 4775 721 4849 βουλομένου
781 4772 949 4828 αὐτοῦ
999 4771 1225 4841 ποιῆσαι
1262 4770 1518 4840 Ἰωάννην
1563 4770 1657 4823 τοῦ
1705 4772 1967 4841 Παγκρα-

2077 4786 2254 4830 tamen
2285 4777 2340 4830 in
2370 4776 2517 4831 hunc
2547 4788 2756 4830 morem
2801 4773 3152 4828 monentibus
3185 4774 3491 4843 prohibitus
3524 4783 3646 4832 est:

388 4869 531 4933 τίου,
562 4867 685 4923 καθ’
711 4867 741 4921 ὃ
791 4867 886 4922 καὶ
918 4865 1284 4937 προσυνέθετο
1328 4865 1476 4937 αὐτῷ
1504 4865 1638 4938 (Ξέ),
1671 4866 1962 4936 διεκωλύθη

2078 4865 2302 4923 Iuvenis
2326 4877 2430 4933 est,
2472 4867 2812 4937 inquiebant,
2857 4874 2911 4919 et
2948 4865 3246 4933 ignobilis:
3288 4881 3466 4937 neque
3496 4866 3652 4922 decet

391 4958 546 5031 παρὰ
596 4955 705 5010 τῶν
761 4955 1068 5023 πατρικίων
1113 4954 1402 5022 λεγόντων,
1457 4957 1539 5009 δτι
1567 4956 1703 5018 Νὲος
1730 4956 1846 5008 ἐστὶ
1879 4957 1965 5008 καὶ

2079 4975 2182 5014 nos
2225 4975 2384 5014 senes
2432 4974 2556 5013 enm
2590 4955 2861 5022 venerari,
2909 4965 2963 5010 et
3009 4971 3194 5010 coram
3219 4971 3284 5010 eo
3322 4957 3647 5027 procidere;

390 5049 632 5121 ἀφανὴς,
657 5049 754 5102 καὶ
800 5047 863 5100 οὐ
904 5046 986 5100 δεῖ
1035 5047 1180 5116 ἡμᾶς
1222 5047 1484 5117 γέροντας
1527 5050 1852 5118 προσκυνεῖν
1882 5048 1964 5100 καὶ

2081 5049 2210 5118 quin
2241 5049 2425 5118 potius
2476 5062 2542 5101 ex
2592 5046 2844 5115 ingenuis
2894 5058 2947 5101 et
3002 5047 3199 5102 illustri
3252 5047 3459 5103 familia
3506 5047 3652 5103 natis

390 5142 764 5213 προσπίπτειν
846 5136 1162 5209 ἔμπροσθεν
1229 5137 1437 5194 αὐτοῦ·
1485 5139 1620 5194 ἀλλά
1661 5139 1861 5209 μᾶλλον
1911 5139 1964 5191 ἐκ

2083 5148 2350 5208 maleque
2387 5136 2661 5208 provectis
2697 5138 3004 5207 patriarcha
3056 5149 3459 5208 promereatur.
3514 5137 3649 5191 Eam

389 5236 519 5300 τοὺς
540 5231 801 5303 εὐγενοῦς
850 5230 984 5304 [τῶν
1009 5229 1296 5304 εὐγενῶν],
1360 5232 1454 5287 καὶ
1487 5234 1749 5303 ἐμφανεῖς
1776 5233 1963 5305 [ἐμφα-

2082 5231 2154 5286 ob
2177 5243 2289 5284 rem
2321 5227 2658 5284 Theodomm
2681 5226 2965 5285 Michaelis
2989 5226 3203 5299 patricii
3227 5225 3491 5284 Melissinl
3503 5222 3651 5278 Con-

1580 5322 1833 5379 FRANC.
1866 5320 2256 5380 COMBEFISII
2282 5318 2524 5376 NOTAE.

338 5470 349 5477 .
428 5497 435 5498 ί
467 5421 582 5498 (20)
605 5418 1095 5498 Dimotoﬁumorc,
1125 5425 1220 5469 aut
1268 5415 1553 5471 sudoribus
1580 5417 1816 5472 resaluto
1851 5425 1973 5471 tan-
2080 5421 2375 5498 apertaque
2406 5413 2458 5467 vi
2507 5406 3651 5498 patri-ambioexportat-ennunecdum‘sela

394 5477 887 5555 tisicr'con'valuit.
928 5553 939 5555 _
1079 5477 1088 5481 ⁷
2078 5477 2365 5555 li'cetpe!
2399 5477 2803 5555 aegritudinem
2855 5477 3031 5549 ipsum
3068 5479 3323 5535 incedere
3361 5477 3649 5544 valentem,

466 5550 581 5636 ζει)
618 5558 713 5624 Τό,
753 5553 969 5636 cypri,
1004 5570 1112 5609 non
1137 5556 1363 5636 _silenter
1396 5566 1602 5636 putem,
1636 5556 1738 5636 ,ιιιὶ
1785 5557 1975 5636 reddi-

2150 5550 2286 5626 (22f
2318 5550 2408 5635 Uti
2474 5550 2634 5633 etiam
2660 5552 2834 5636 Δμῖξαι
2860 5566 2983 5636 cuin:
3016 5564 3099 5636 ego;
3116 5559 3503 5636 pactu‘sderatg:
3516 5563 3650 5636 cum

393 5618 512 5692 tum
540 5618 709 5687 z'nou'
734 5618 877 5683 enim
904 5618 976 5679 ita
1004 5626 1270 5695 pergitur,
1301 5618 1449 5695 quod
1475 5618 1832 5682 tumultuaria
1869 5630 1977 5684 mi-
2079 5618 2275 5694 nempe
2301 5625 2537 5696 primum
2571 5618 3190 5696 instaurandae‘lue_re§is
3226 5618 3489 5681 adversus
3515 5619 3653 5683 Ima.

354 5766 361 5773 ,
394 5690 553 5766 litum
582 5714 747 5756 mann
769 5690 1173 5765 exsequendum
1197 5690 1489 5752 maneatur
1520 5716 1536 5752 :
1569 5700 1669 5759 scd
1697 5701 1973 5767 trahendo,
2082 5690 2236 5766 gines
2264 5690 2570 5766 adiutorem
2603 5691 2850 5748 adhibuit
2884 5706 3007 5761 pag.
3034 5690 3158 5745 6'55.

752 5793 1022 5857 ΡΑτιιοι..
1065 5793 1183 5855 Ga.
1228 5793 1440 5858 CVIII.
3224 5783 3300 5855 33
